2296 3316
10 110 16 137 1

10 181 12 195 1

10 204 12 215 <

0 295 11 316 ξ
23 293 66 320 sitio

0 299 73 371 ἤπυε.

705 156 875 186 COMMENT.
898 156 931 185 IN
952 155 1099 184 lOANNEM
1120 155 1149 184 C.
1171 155 1237 184 XXI.

172 240 216 268 12.
239 237 396 268 Secundum
410 236 596 274 spiritualem
610 235 833 273 intelligentiam:
855 235 944 272 pisca-

91 291 166 317 tores
187 289 268 316 nocte
282 285 420 322 piscantes
440 284 511 313 nihil
524 283 743 321 prendiderunt;
761 290 843 312 mane
857 282 943 317 facto,

90 333 220 373 apparuit
241 333 332 367 Iesus,
353 334 381 361 et
402 331 473 360 retia
493 331 694 368 impleverunt,
716 332 744 359 et
770 329 872 358 cubitis
892 329 944 358 du-

90 381 177 412 centis
197 381 331 410 distantes
351 387 368 408 a
382 381 473 413 terra,
495 378 566 407 retia
586 380 746 406 traxerunt.
758 393 797 398 —
811 377 944 406 Piscato-

90 437 137 458 res
168 430 234 457 sunt
264 425 486 464 praedicatores;
519 424 651 453 Ieremiae
681 423 789 453 decimo
820 426 902 452 sexto
917 424 943 451 ²:

91 477 176 510 Ecce,
190 483 240 513 eyo
254 474 369 502 mittam
381 473 544 510 piscatores
564 471 688 505 mattos,
709 474 734 499 et
745 470 945 508 piscabuntur

89 531 154 556 eos,·
175 524 202 551 et
223 520 351 550 Matthaei
374 523 490 558 quarto:
523 518 618 547 Venite
637 521 705 556 post
724 526 790 551 me;
811 516 943 555 faciam,

89 578 141 600 vos
153 568 222 607 fieri
238 569 402 606 piscatores
416 566 577 596 hominum.
591 582 628 587 —
650 566 775 603 Tempus
796 564 889 593 noctis
903 567 946 593 est

90 620 201 654 tempus
212 615 290 653 Legis
308 617 423 653 propter
441 613 570 643 umbram
593 613 702 642 litterae
721 613 877 649 figurarum
896 612 946 640 Le-

91 664 146 703 gis;
160 663 194 693 ad
209 663 347 692 Hebraeos
360 661 468 691 decimo
479 661 506 689 2;
532 660 673 689 Umbram
694 658 803 688 liabens
817 660 875 687 Lea:
896 658 945 696 fu-

91 715 230 742 turorum
245 710 405 743 bonorum,
420 717 479 737 non
493 709 590 746 ipsam
604 707 765 745 imayz'nem
779 715 890 735 rerum.
907 722 944 728 -

90 759 143 797 Qui
169 761 267 791 nocte,
295 757 323 786 id
347 759 389 786 est
417 759 542 793 tempore
563 754 657 792 Legis,
677 754 850 791 piscantur,
875 754 945 783 nihil

90 805 245 843 accipiunt,
267 803 349 841 quia,
364 803 437 832 sicut
450 802 554 831 dicitur
575 801 608 830 ad
630 800 769 830 Hebraeos
791 801 909 838 septimo
924 801 945 836 ³,

90 853 149 882 Lex
175 851 321 880 neminem
342 850 384 879 ad
400 848 563 887 perfectum
583 848 678 877 duxit.
691 864 729 870 —
745 848 830 876 Marte
849 846 945 885 facto,

90 896 117 928 id
139 901 181 928 est
208 901 335 935 tempore
356 896 474 934 gratiae,
496 898 613 933 apparet
640 895 784 929 Christus;
807 895 945 924 secundae

90 946 125 975 ad
146 945 303 974 Corinthios
325 944 445 973 tertio4:
473 943 566 981 Usque
581 942 664 971 hodie
685 942 814 971 velamen
834 944 875 970 est
894 950 945 970 su-

87 1001 143 1031 per
165 1001 216 1022 cor
236 1000 348 1021 eorum.
372 991 432 1020 Nos
453 994 553 1020 autem
574 990 703 1019 revelata
723 988 801 1027 facie
814 989 945 1027 yloriam

91 1040 212 1070 Domini
237 1039 436 1077 spec-alaniae,
463 1039 494 1067 iu
515 1038 635 1067 eandem
665 1037 824 1075 imayinem
847 1040 945 1065 trans-

90 1087 264 1126 formamur
285 1096 305 1116 a
326 1087 462 1116 claritate
489 1086 521 1114 in
543 1085 727 1119 claritatem,
756 1089 901 1123 tanquam
925 1093 946 1113 a

91 1135 212 1165 Domini
224 1135 343 1172 Spiritu.
360 1150 396 1155 —
412 1134 490 1162 Tunc
510 1133 587 1162 retia
608 1133 780 1170 implentur,
802 1132 869 1169 quia
883 1134 945 1168 post

91 1183 241 1212 adventum
262 1181 364 1211 Christi
387 1181 415 1209 in
437 1187 549 1209 carnem
566 1180 668 1208 veritas
682 1179 893 1213 manifestatur,
919 1181 947 1208 et

87 1230 184 1268 pisces
204 1229 232 1258 111
262 1231 321 1258 rete
342 1228 479 1257 Ecclesiae
507 1226 801 1264 comprehenduntur3
830 1228 945 1263 propter

91 1276 166 1315 quod
187 1276 322 1305 Dominus
343 1275 452 1304 dicebat
473 1282 560 1311 supra
580 1273 783 1302 duodecimo⁵:
807 1273 840 1302 Si
866 1273 946 1301 escal—

92 1327 172 1353 tatus
192 1323 279 1362 fuero
300 1332 320 1352 a
342 1327 438 1357 terra,
460 1322 561 1350 omnia
576 1320 695 1349 traham
718 1320 758 1348 ad
778 1328 823 1348 me
837 1320 944 1357 ipsum.

93 1387 130 1392 —
155 1371 209 1400 Hos
235 1371 345 1408 pisces,
378 1370 483 1399 scilicet
513 1369 623 1402 fideles,
656 1367 862 1405 praedicatores
884 1370 946 1395 tra-

92 1418 182 1453 hunt,
204 1418 270 1455 quia
291 1425 340 1454 per
361 1417 434 1446 bona
454 1416 585 1453 exempla
604 1415 639 1444 ad
661 1414 745 1443 vitam
771 1414 945 1451 perducunt;

92 1465 126 1495 de
146 1474 203 1503 quo
218 1465 299 1493 modo
314 1464 442 1493 trahendi
456 1464 559 1492 dicitur
581 1463 608 1491 in
624 1462 803 1491 Canticorum
818 1461 909 1498 primo
920 1461 945 1489 ⁶:

99 1511 196 1541 Trahe
216 1520 260 1540 me
278 1515 345 1549 post
366 1514 406 1545 te,
428 1511 460 1540 in
481 1511 599 1540 odorem
614 1517 771 1538 curremus
785 1512 946 1546 unquento-

92 1568 163 1589 rum
185 1562 314 1588 tuorum.
331 1574 367 1579 —
383 1555 415 1587 Et
434 1558 488 1587 hoc
509 1557 651 1586 distantes
671 1556 805 1585 ducentis
822 1555 946 1590 cubitis,

93 1607 121 1636 in
142 1614 198 1644 quo
220 1606 324 1635 scilicet
345 1605 472 1634 innuitur
486 1605 592 1642 duplex
608 1603 756 1641 perfectio,
772 1612 844 1646 quae
865 1603 948 1632 debet

93 1662 154 1684 esse
174 1654 202 1683 in
223 1653 429 1691 praedicatore,
451 1651 653 1681 scilicet.vitae
674 1653 702 1680 et
725 1651 892 1684 doctrinae;
914 1650 948 1679 de

93 1701 197 1740 quibus
225 1700 353 1729 Matthaei
381 1700 479 1737 quinto
494 1700 518 1727 ⁷:
550 1699 609 1735 Qui
634 1697 737 1736 fecerit
764 1702 790 1726 et
816 1698 949 1727 docuerit

93 1748 137 1778 sic
157 1747 303 1781 homines,
325 1746 372 1776 hic
393 1755 522 1784 maynus
542 1745 697 1774 vocabitur
718 1745 749 1774 in
771 1754 861 1783 reyno
883 1754 947 1775 cae-

95 1795 201 1824 lorum.

419 1889 623 1926 Quassnonus.

177 1984 220 2013 13.
244 1984 354 2021 Quaest.
384 1983 402 2012 1.
431 1983 482 2012 Sed
507 1982 655 2020 quaeritur
680 1982 725 2011 hic
752 1982 858 2019 primo:
883 1989 948 2011 cum

96 2033 223 2069 stagnum
245 2030 414 2060 Genesareth
436 2030 472 2059 sit
492 2038 566 2067 aqua
585 2029 675 2058 dulcis
703 2032 730 2058 et
752 2037 839 2067 parva
862 2029 948 2072 *etiam

96 2078 124 2107 in
138 2081 267 2116 respectu
288 2078 373 2107 maris
384 2077 405 2112 ⁸,
420 2085 508 2115 quare
524 2077 695 2114 Evangelista
709 2077 829 2114 appellat
843 2076 948 2105 mare?

1794 159 1846 187 521

1079 233 1249 269 Dicendum,
1275 233 1349 271 quod
1370 234 1451 263 iuxta
1478 241 1584 262 morem
1613 233 1776 263 ludaeorum
1800 235 1852 266 hoc

1000 281 1080 316 facit,
1102 281 1150 319 qui
1177 289 1305 319 magnam
1333 280 1573 318 congregationem
1603 289 1741 318 aquarum
1769 290 1853 312 mare

1000 329 1156 366 appellant,
1178 328 1331 358 secundum
1353 328 1422 357 illud
1443 327 1556 357 Genesis
1576 327 1705 364 primo⁹:
1730 328 1854 366 Conyrc-

999 376 1188 414 yatiortesque
1209 384 1361 414 aquarum
1381 375 1540 413 appellavit
1559 375 1670 404 maria.

1083 423 1127 451 14.
1143 423 1254 459 Quaest.
1267 423 1296 451 ll.
1309 423 1390 457 ltem,
1403 430 1467 451 cum
1480 422 1620 451 scribatur
1632 423 1721 451 Lucae
1732 430 1805 452 nono
1817 423 1853 452 1⁰:

1002 469 1092 498 Nemo
1124 470 1238 498 mittens
1268 478 1392 498 manum
1421 470 1462 498 ad
1489 473 1630 498 aratrum
1657 472 1682 498 et
1709 469 1854 507 aspiciens

1001 520 1081 545 retro
1102 519 1191 554 aptus
1211 519 1252 545 est
1276 525 1366 554 reyno
1390 516 1441 545 Dei
1447 527 1458 550 ,·
1479 516 1546 554 quid
1567 520 1622 551 est,
1643 516 1718 554 quod
1740 517 1853 552 Petrus,

1002 563 1049 600 qui
1066 563 1137 592 retia
1150 563 1320 600 reliquerat,
1339 571 1440 593 rursus
1453 563 1487 592 ad
1504 564 1664 600 piscandum
1679 564 1851 593 revertitur?

1082 610 1237 647 Respondet
1257 610 1408 648 Gregorius
1423 611 1456 645 ¹¹,
1478 611 1553 647 quod
1577 622 1591 636 «
1606 611 1763 648 negotium,
1778 610 1852 648 quod

1001 659 1065 686 ante
1079 657 1288 686 conversionem
1304 657 1363 686 sine
1377 660 1490 694 peccato
1504 657 1624 693 exstitit,
1639 658 1692 687 hoc
1713 661 1776 695 post
1789 665 1854 686 con-

1002 704 1158 733 versionem
1173 707 1300 742 repetere
1315 705 1397 742 culpa
1408 704 1565 733 nonfuit».
1578 705 1653 734 Unde
1668 705 1854 742 Augustinus:

1006 751 1245 789 «Intelligendum
1267 755 1324 786 est,
1346 751 1497 789 discipulos
1517 759 1572 780 non
1594 752 1679 781 fuisse
1700 752 1855 789 prohibitos

1002 801 1063 827 arte
1084 806 1135 827 sua
1156 798 1231 827 licita
1245 801 1272 827 et
1286 807 1417 828 concessa
1437 799 1541 828 victum
1563 799 1751 828 necessarium
1769 806 1854 836 quae-

1003 853 1082 880 rere,
1104 846 1126 874 si
1148 846 1239 880 aliud,
1259 847 1334 875 unde
1355 847 1497 881 viverent,
1519 855 1574 875 non
1596 846 1732 875 haberent
1745 857 1773 874 ».

1084 894 1128 921 15.
1158 893 1269 930 Quaest.
1300 894 1339 922 111.
1370 894 1435 923 Item
1464 894 1611 931 quaeritur
1638 893 1672 922 de
1701 893 1753 922 hoc
1780 893 1855 930 quod

1001 939 1083 969 dicit:
1107 940 1188 969 Stetit
1220 940 1300 968 lesus
1322 940 1352 969 in
1384 940 1477 970 littore
1485 951 1495 974 ,·
1516 941 1626 978 quaerit
1654 940 1806 977 Gregorius
1823 940 1855 973 ¹⁵³,

1002 995 1066 1016 cum
1090 987 1224 1016 Dominus
1248 999 1263 1013 «
1284 990 1348 1017 ante
1369 988 1523 1025 passionem
1545 996 1638 1017 coram
1659 987 1803 1025 discipulis
1828 987 1854 1015 in

1001 1035 1140 1072 fluctibus
1160 1036 1257 1064 maris
1277 1035 1478 1070 ambulaverit,
1493 1043 1579 1072 supra
1593 1038 1690 1069 sext0;
1711 1034 1780 1072 quid
1801 1036 1856 1068 est,

1002 1083 1076 1121 quod
1098 1085 1160 1120 post
1188 1083 1422 1112 resurrectionem
1452 1090 1530 1111 suam
1552 1082 1695 1120 discipulis
1722 1082 1750 1110 in
1779 1089 1857 1110 mare

1002 1130 1194 1159 laborantibus
1215 1130 1242 1159 in
1264 1130 1359 1158 littore
1377 1130 1452 1159 stetit
1464 1132 1499 1157 »2

1082 1177 1237 1214 Respondet
1251 1177 1402 1214 Gregorius
1415 1177 1450 1204 ¹³:
1468 1188 1481 1201 (ι
1493 1176 1543 1205 Per
1555 1185 1639 1205 mare
1650 1183 1782 1213 praesens
1796 1183 1855 1204 sae-

1002 1225 1097 1254 culum
1120 1225 1306 1262 significatur,
1329 1232 1379 1262 per
1396 1224 1571 1253 soliditatem
1586 1223 1693 1252 littoris
1714 1223 1856 1260 perpetui-

1002 1276 1045 1302 tas
1058 1276 1188 1302 aeternae
1209 1272 1318 1309 quietis.
1335 1272 1406 1309 Quia
1426 1279 1493 1308 ergo
1507 1270 1674 1308 Redemptor
1692 1273 1786 1299 noster
1800 1269 1854 1298 iam

1002 1320 1211 1357 corruptionem
1233 1320 1325 1348 carnis
1346 1322 1522 1353 excesserat,
1537 1321 1600 1355 post
1621 1317 1854 1347 resurrectionem

1003 1374 1083 1395 suam
1104 1366 1131 1394 in
1154 1366 1246 1395 littore
1267 1366 1398 1395 stabat».

1086 1414 1130 1441 16.
1152 1414 1263 1450 Quaest.
1286 1414 1328 1441 lV.
1350 1413 1431 1448 item,
1454 1421 1518 1442 cum
1546 1412 1682 1441 Dominus
1709 1414 1773 1440 ante
1795 1419 1857 1448 pas-

1003 1460 1108 1489 sionem
1129 1460 1255 1494 iusserit,
1278 1463 1337 1489 rete
1358 1460 1429 1488 mitti
1444 1460 1473 1488 in
1487 1467 1578 1493 mare,
1600 1460 1689 1487 Lucae
1710 1459 1808 1496 quinto
1824 1459 1856 1493 ¹⁴,

1003 1516 1058 1536 non
1079 1507 1253 1544 distinguens
1274 1510 1398 1544 partem,
1421 1506 1488 1544 quid
1510 1509 1568 1540 est,
1589 1505 1664 1543 quod
1679 1508 1741 1542 post
1762 1513 1858 1534 resur-

1004 1554 1155 1584 rectionem
1176 1554 1267 1589 iuhet,
1287 1554 1359 1582 mitti
1380 1554 1408 1582 in
1427 1554 1577 1582 dexteram
1591 1552 1708 1590 namqu
1728 1554 1858 1589 partem?

1083 1601 1238 1639 Respondet
1265 1601 1417 1639 Gregorius
1429 1601 1468 1629 ¹⁶:
1495 1612 1509 1626 «ι
1525 1601 1572 1629 llla
1598 1600 1729 1637 piscatio,
1752 1599 1779 1628 in
1801 1607 1858 1636 qua

1004 1649 1176 1687 specialiter,
1198 1649 1225 1677 iu
1248 1656 1333 1686 quam
1354 1651 1462 1685 partem
1484 1647 1555 1676 mitti
1577 1649 1637 1676 rete
1661 1646 1775 1681 debeat,
1804 1654 1856 1674 non

1004 1697 1128 1731 iubetur,
1150 1699 1325 1733 praesentem
1348 1695 1495 1724 Ecclesiam
1517 1694 1687 1731 designavit,
1716 1701 1789 1731 quae
1809 1693 1858 1721 ho-

1004 1752 1055 1773 nos
1076 1744 1159 1772 simul
1181 1751 1212 1772 ac
1234 1743 1322 1772 malos
1342 1742 1454 1779 colligit.
1477 1742 1547 1771 Haec
1575 1744 1667 1770 autem
1694 1741 1808 1778 piscatio
1830 1740 1857 1768 in

1004 1791 1092 1820 solam
1112 1790 1264 1819 dexteram
1284 1790 1369 1819 missa
1389 1792 1450 1823 est,
1472 1789 1538 1826 quia
1559 1788 1592 1817 ad
1621 1787 1769 1817 videndum
1798 1787 1858 1816 eius

1004 1838 1138 1867 claritatis
1159 1838 1275 1875 gloriam
1301 1837 1358 1866 sola
1386 1837 1540 1866 electorum
1569 1835 1689 1864 Ecclesia
1710 1834 1857 1872 pertingit,

1004 1893 1077 1923 quae
1097 1885 1131 1914 de
1152 1885 1266 1914 sinistro
1286 1892 1371 1922 opere
1392 1883 1462 1912 nihil
1483 1883 1597 1912 habehit
1612 1894 1638 1911 ».

1039 1958 1041 1960 .
1087 1933 1131 1961 17.
1154 1932 1266 1968 Quaest.
1289 1932 1320 1960 V.
1343 1932 1409 1960 Item
1431 1930 1594 1968 quaeritur:
1616 1929 1683 1967 quid
1705 1931 1762 1963 est,
1783 1928 1858 1966 quod

1004 1981 1119 2009 Ioannes
1141 1980 1185 2008 hic
1205 1979 1286 2008 docet
1306 1979 1436 2013 Petrum,
1458 1986 1522 2007 cun]
1544 1977 1611 2006 dicit
1635 1977 1730 2005 Petro:
1762 1975 1859 2004 Domi-

1870 243 1928 269 Resp.

1872 619 1929 643 Resp.

1873 1181 1931 1206 Resp.

1876 1608 1933 1632 Resp.

1005 2036 1064 2056 nus
1083 2027 1149 2056 est?
1170 2027 1265 2055 Nonne
1287 2027 1386 2055 Petrus
1406 2026 1445 2054 ita
1465 2025 1536 2054 bene
1564 2024 1747 2062 cognoscebat
1766 2023 1858 2052 Domi·
1880 2025 1882 2027 ’

1006 2084 1074 2105 1111111
1084 2099 1091 2111 ,
1113 2078 1145 2104 ut
1165 2075 1279 2104 loannes
1293 2078 1304 2102 ·?
1317 2096 1322 2101 ,

160 2292 168 2306 ¹
186 2294 253 2316 Vers.
273 2294 310 2316 16.
326 2305 358 2310 —
375 2293 485 2322 Sequitur
501 2293 579 2315 Matth.
597 2292 624 2319 4,
643 2292 681 2315 19.

160 2332 169 2345 ²
187 2333 253 2356 Vers.
276 2333 297 2355 1.
315 2345 346 2350 —
369 2332 482 2360 Superius
506 2331 606 2355 vocibus
631 2331 724 2355 litterae
747 2332 888 2362 figurarum
911 2332 950 2355 ed.

97 2378 151 2396 cum
169 2372 249 2401 paucis
265 2372 335 2395 codd.
354 2374 377 2394 et
393 2372 498 2394 Gorrano
515 2371 631 2394 interserit
647 2372 676 2394 et.

160 2409 170 2423 ¹³
187 2411 253 2434 Vers.
272 2411 310 2434 19.
325 2423 357 2428 —
374 2411 550 2439 Theophylact„
571 2410 597 2433 in
620 2410 681 2433 ioan.
701 2411 739 2438 21,
759 2410 831 2433 9-14:
848 2411 950 2439 lntellige

98 2450 192 2479 insuper
208 2451 265 2473 haec
281 2453 304 2473 et
321 2456 363 2478 per
379 2450 523 2478 allegoriam.
540 2449 596 2473 Noa·
614 2450 675 2472 enim
692 2452 754 2477 erat,
773 2450 867 2479 quando
890 2452 949 2472 tene-

97 2488 154 2512 brae
164 2489 307 2512 idololatriae
319 2489 465 2511 invaluerunt
475 2491 528 2510 ante
539 2488 593 2511 solis
604 2487 689 2511 Christi
702 2488 842 2517 adventum,
855 2488 950 2517 quando

98 2529 226 2556 Prophetae
243 2527 414 2551 laboraverunt
430 2530 452 2550 et
468 2526 531 2550 ‘nihil
547 2528 667 2556 ceperunt.
679 2527 736 2550 Nam
754 2527 863 2556 quamvis
881 2533 950 2550 unam

98 2569 192 2595 gentem
216 2566 362 2589 israeliticam
387 2566 529 2588 conclusisse
546 2566 568 2588 in
585 2571 672 2594 sagena
692 2565 840 2595 videbantur,
860 2569 950 2595 tamen,

98 2606 153 2635 quia
170 2608 193 2628 et
209 2606 266 2628 haec
286 2604 386 2628 subinde
411 2605 440 2627 ad
465 2605 620 2627 idololatriam
644 2604 748 2632 redibat,
765 2605 820 2628 nihil
838 2606 896 2628 rorte
912 2612 951 2634 ap-

100 2645 279 2673 prehenderunt.
296 2644 340 2667 Ubi
362 2646 439 2667 autem
457 2643 592 2667 diluculum
616 2644 671 2667 solis
695 2644 795 2667 iustitiae
812 2645 911 2673 infulsit,
928 2647 951 2667 et

99 2684 257 2714 apostolicum
272 2685 321 2707 rete
333 2683 432 2707 eiectum
451 2685 492 2712 est,
505 2683 605 2707 deoetera
616 2686 679 2706 certo
696 2684 815 2713 doctrina,
831 2684 860 2707 ad
878 2691 950 2713 quam

99 2725 144 2747 Lex
161 2727 184 2746 et
199 2724 328 2752 Prophetae
352 2723 481 2751 comparati
496 2722 596 2746 sinistra
612 2723 787 2751 intelliguntur;
805 2726 859 2746 tunc
880 2724 950 2751 igitur

100 2762 206 2786 trahitur
217 2764 277 2790 rete,
289 2765 312 2785 et
328 2761 360 2785 ad
377 2761 499 2785 Christum
510 2761 665 2785 adducuntur
682 2769 727 2785 non
746 2762 830 2785 ethnici
847 2765 949 2790 tantum,

100 2808 159 2831 quos
175 2805 198 2825 et
214 2803 309 2825 centum
326 2802 424 2829 dixeris,
436 2807 519 2824 verum
536 2801 605 2824 etiam
622 2802 749 2829 israelitae,
766 2802 807 2830 qui
824 2808 866 2830 per
883 2801 950 2832 quin-

101 2841 217 2872 quaqinta
233 2840 328 2869 intelligi
345 2843 445 2868 possunt
461 2842 505 2863 etc.

163 2879 173 2892 ⁴
191 2881 257 2903 Vers.
275 2880 313 2903 15.
332 2882 355 2902 et
372 2880 409 2902 18.

163 2918 173 2932 ⁵
190 2920 256 2942 Vers.
274 2920 311 2942 32.
328 2932 360 2936 —
377 2920 489 2948 Superius
506 2919 544 2942 ed.
560 2919 645 2942 omittit
661 2918 759 2943 vetitas-

164 2957 174 2971 ὅ
190 2959 258 2982 Vers.
278 2960 299 2981 3.

196 3005 222 3029 S.
240 3006 331 3030 Bonae.
342 3019 373 3024 —
386 3007 455 3029 Tom.
474 3007 513 3029 Vl.

1070 2290 1078 2304 ⁷
1097 2292 1164 2315 Vers.
1185 2291 1222 2313 19.
1239 2291 1272 2313 De
1283 2291 1327 2313 hac
1338 2289 1426 2318 duplici
1438 2288 1580 2317 perfectione
1591 2288 1631 2310 csr.
1644 2292 1716 2315 supra
1728 2292 1781 2314 pag.
1800 2286 1856 2313 460,

1006 2334 1061 2355 nota
1080 2332 1117 2355 10.
1134 2334 1156 2354 et
1174 2331 1211 2353 11.
1224 2343 1253 2346 —
1265 2331 1371 2358 August,
1388 2329 1412 2351 in
1429 2329 1490 2351 loan.
1508 2329 1597 2355 Evang.
1614 2329 1640 2350 tr.
1660 2327 1711 2349 122.
1729 2332 1753 2348 n.
1769 2325 1797 2348 7:
1812 2326 1859 2348 Du-

1006 2370 1080 2394 centis
1104 2369 1188 2394 cubitis
1213 2369 1318 2392 existimo
1344 2368 1468 2396 figuratum
1497 2368 1593 2395 propter
1619 2365 1740 2393 utriusque
1766 2364 1858 2392 generis

1007 2410 1098 2438 electos,
1112 2412 1136 2432 et
1150 2407 1334 2431 circumcisionis
1350 2409 1373 2429 et
1389 2405 1518 2434 praeputii,
1530 2408 1642 2433 tanquam
1659 2406 1753 2426 centum
1770 2406 1793 2426 et
1809 2409 1859 2426 cen-

1007 2452 1071 2476 tum,
1087 2448 1142 2478 quia
1159 2448 1182 2470 in
1199 2453 1291 2470 summa
1309 2445 1433 2468 centenarii
1452 2450 1564 2467 numerus
1581 2443 1614 2467 ad
1629 2442 1755 2466 dexteram
1771 2442 1858 2465 transit.

1070 2487 1080 2502 8
1097 2487 1141 2510 Csr.
1159 2492 1230 2515 supra
1253 2492 1307 2513 pag.
1325 2485 1384 2513 519,
1401 2486 1453 2507 nota
1479 2484 1501 2506 5.
1527 2483 1600 2506 verba
1617 2482 1708 2510 Bedae,
1724 2482 1748 2504 in
1771 2481 1858 2511 quibus

1008 2527 1078 2550 etiam
1096 2532 1144 2555 seq.
1162 2525 1282 2553 responsio
1299 2524 1436 2546 insinuatur.

1071 2564 1081 2577 ⁹
1099 2566 1164 2588 Vers.
1183 2564 1221 2587 10.
1239 2576 1270 2580 -
1287 2562 1399 2591 Superius
1421 2562 1473 2585 voci
1490 2567 1606 2591 magnam
1623 2561 1660 2583 ed.
1678 2567 1732 2583 cum
1753 2561 1858 2583 Gorrano

1008 2604 1117 2632 praefigit
1133 2608 1318 2633 quamcumque.

1071 2641 1092 2655 ¹⁰
1109 2643 1176 2665 Vers.
1193 2642 1230 2664 62.

1072 2681 1090 2694 ¹¹
1109 2681 1171 2704 Libr.
1189 2682 1213 2704 ll.
1230 2681 1312 2703 Homil.
1329 2681 1352 2702 in
1369 2681 1459 2708 Evang.
1479 2679 1557 2702 homil.
1577 2679 1614 2702 24.
1626 2685 1649 2701 n.
1668 2679 1688 2700 1.
1705 2690 1736 2695 —
1753 2678 1858 2706 August.,

1008 2722 1031 2744 in
1048 2722 1109 2744 loan.
1127 2722 1215 2748 Evang.
1233 2723 1261 2743 tr.
1279 2721 1332 2742 122.
1349 2726 1371 2742 n.
1389 2720 1411 2742 3.

1072 2759 1091 2773 ¹²
1108 2762 1161 2783 Loc.
1174 2761 1196 2783 in
1209 2760 1362 2788 praecedente
1378 2761 1432 2781 nota
1449 2758 1487 2781 cit.
1498 2765 1520 2780 n.
1533 2759 1556 2780 2.
1568 2758 1684 2785 Allegatur
1696 2762 1767 2785 supra
1779 2757 1805 2784 6,
1818 2757 1856 2779 19.

1072 2799 1091 2813 ¹³
1108 2801 1162 2823 Loc.
1173 2800 1210 2822 cit.
1222 2800 1307 2821 Textus
1316 2798 1432 2826 originalis
1442 2798 1508 2826 plura
1518 2797 1570 2819 hinc
1579 2797 1633 2820 inde
1642 2797 1764 2820 interserit.
1774 2797 1831 2820 Cod.
1840 2799 1857 2821 A

1008 2842 1061 2868 post
1077 2838 1161 2869 quietis
1179 2838 1243 2861 addit
1259 2837 1297 2871 vel
1310 2836 1390 2866 potuit
1405 2842 1454 2860 esse
1471 2836 1546 2864 ratio,
1566 2835 1623 2866 quia
1640 2836 1726 2859 Petrus
1737 2835 1857 2865 signatur.

1072 2877 1092 2891 ¹⁴¹
1109 2879 1173 2901 Vers.
1188 2878 1213 2900 4:
1226 2878 1275 2899 Duc
1288 2877 1309 2899 in
1321 2877 1403 2905 altum,
1416 2878 1438 2898 et
1450 2877 1523 2898 laxate
1534 2875 1590 2898 retia
1603 2877 1679 2897 vestra
1695 2875 1718 2897 in
1730 2877 1859 2903 capturam.

1072 2916 1091 2930 ¹⁵
1108 2918 1161 2940 Loc.
1173 2917 1243 2945 paulo
1259 2916 1366 2944 superius
1383 2916 1420 2938 cit.
1437 2922 1460 2937 n.
1479 2915 1501 2937 3.
1517 2915 1614 2942 Gregor.
1631 2914 1736 2943 sequitur
1753 2915 1859 2942 Augusti-

1007 2964 1077 2985 num,
1095 2958 1116 2980 111
1135 2958 1156 2979 lc
1174 2963 1195 2978 n.
1213 2957 1300 2983 Evang.
1319 2958 1346 2977 tr.
1364 2955 1416 2977 122.
1434 2960 1456 2977 11.
1474 2954 1496 2976 6.
1514 2960 1563 2983 seq.

1733 3000 1762 3022 66
