2296 3316
253 1013 309 1032 Lucis
322 1018 364 1037 pro-

267 1037 352 1063 prietatis

265 1065 354 1084 quinque.

383 176 438 205 632

382 254 407 282 id
429 257 470 282 est
491 253 568 281 illum
590 252 637 289 qui
668 254 710 280 est
737 251 880 279 effectivus
907 249 1020 283 salutis,
1049 249 1096 286 qui
1126 248 1230 277 scilicet

385 312 398 325 «ε
410 303 541 336 operatus
562 301 603 327 est
624 298 740 327 salutem
756 298 784 326 in
800 297 890 326 medio
906 299 995 325 terrae
1008 297 1017 313 ¹
1032 307 1059 324 ».
1080 295 1107 324 ln
1123 295 1166 324 his
1180 303 1230 324 au-

381 351 435 375 tem
450 346 559 374 duobus
574 345 697 381 tangitur
711 344 833 381 perlecta
847 343 997 372 consolatio
1007 343 1228 380 exspectantium

380 393 529 421 adventum
550 391 714 425 Salvatoris,
730 394 762 419 ut
776 391 880 419 scilicet
901 390 976 418 salus
997 390 1037 418 eis
1056 390 1181 418 dart-ecm-
1203 393 1230 418 et

380 439 585 468 ostenderetur.
609 438 635 466 Si
657 437 729 466 enim
751 437 875 465 daretur
896 439 923 465 et
944 443 998 464 non
1019 436 1229 470 ostenderetur,

380 494 434 515 non
459 485 656 514 laetificaretur
677 486 771 513 nostra
794 483 912 512 tristitia.
935 483 961 511 Si
983 483 1182 512 ostenderetur
1203 485 1231 512 et

380 540 433 561 non
455 532 585 565 daretur,
608 539 662 559 non
684 530 857 559 relevaretur
875 533 971 558 nostra
992 530 1092 567 inopia.
1115 530 1230 566 Propter

1094 170 1255 199 APPENDIX
1276 168 1370 197 COLL.
1393 169 1410 197 l.

1286 247 1360 284 quod
1372 247 1487 283 rogabat
1498 247 1584 276 David
1596 247 1623 276 2:
1640 259 1653 273 «
1665 247 1784 277 Ostende
1795 249 1883 282 nobis,
1892 248 2016 284 Domine,
2026 249 2134 279 miseri-

1287 293 1408 324 cordiam
1421 296 1496 322 tuam
1507 297 1534 323 et
1546 294 1667 323 salutare
1679 297 1759 323 tuum
1774 294 1809 323 da
1819 295 1898 324 nobis
1910 307 1937 330 υ,
1949 296 2028 333 quasi
2042 296 2132 325 dicat:

1286 341 1343 375 cla,
1365 343 1396 369 ut
1417 340 1586 375 habeamus,
1612 341 1741 376 ostende,
1763 344 1795 370 ut
1815 341 1974 376 videamus,
1996 346 2134 379 quatenus

1286 387 1404 416 videndo
1425 390 1452 416 et
1474 387 1615 422 habendo,
1637 387 1822 425 gaudeamus;
1844 388 1918 426 quod
1933 392 2055 424 notatur,
2070 397 2134 418 cum

1286 434 1407 463 dicitur:
1442 434 1551 464 Videbit
1578 435 1674 464 omnis
1701 443 1772 464 caro
1799 439 1850 464 etc.
1878 436 1946 464 llaec
1968 436 2041 465 enim
2069 440 2135 465 sunt

1287 482 1343 511 duo
1363 482 1435 511 bona
1456 482 1535 511 nobis
1556 483 1681 512 exhibita
1702 482 1730 511 in
1751 482 1871 511 adventu
1897 483 2061 518 Salvatoris,
2082 483 2134 512 sci-

1287 529 1350 558 licet
1370 528 1455 558 salus
1474 529 1598 558 visibilis
1620 533 1646 558 et
1667 529 1741 558 visio
1762 529 1908 560 salutaris
1919 530 1938 558 ³.

1064 698 1451 752 APPENDIX.4

719 868 847 890 ΑΝΝοτΛτιο
864 867 886 889 ι1.

459 963 566 991 Dicitur
594 962 677 991 Filius
705 962 753 991 Dei
782 962 835 990 lux
859 963 973 998 propter
1001 960 1133 997 quinque.
1159 960 1229 997 Quia

380 1009 502 1038 maxime
524 1017 553 1038 se
581 1009 779 1038 communicat
803 1011 830 1037 et
858 1007 940 1036 etiam
970 1007 1093 1035 maxime
1121 1014 1150 1035 se
1177 1005 1229 1034 dis-

380 1055 485 1090 fundit,
516 1055 590 1084 unde
623 1067 636 1081 «
650 1058 678 1084 et
698 1055 726 1083 in
748 1055 870 1083 tenebris
892 1055 966 1083 lucet
980 1054 991 1071 ⁵
1008 1064 1041 1088 »ς
1063 1053 1228 1090 Dionysius:

385 1114 399 1128 «
410 1103 501 1140 Imago
515 1105 556 1131 est
577 1102 707 1131 bonitatis
727 1102 801 1130 illius
816 1113 842 1129 ».
858 1117 894 1122 -—
910 1101 980 1137 Quia
993 1101 1087 1129 omnia
1107 1100 1230 1129 asciscen-

383 1149 424 1178 lia
446 1152 548 1182 ornam
562 1148 674 1178 Genesis
688 1148 795 1185 priino:
816 1160 829 1173 «
845 1148 901 1176 Fiat
917 1148 967 1176 lux
982 1158 1010 1181 »3
1026 1147 1228 1176 Damascenus:

387 1208 400 1222 «
414 1197 452 1225 lbi
474 1196 569 1233 incipit
589 1198 706 1224 ornatus
726 1195 822 1224 mundi
845 1198 872 1224 et
899 1195 982 1223 decor
997 1205 1024 1227 »ς
1047 1194 1174 1223 similiter
1202 1197 1230 1222 et

382 1244 474 1272 lumen
496 1243 674 1279 intelligibile.
697 1259 735 1263 -—
756 1242 826 1279 Quia
845 1242 938 1270 omnia
960 1241 1085 1270 viventia
1105 1240 1228 1278 formal,

381 1295 412 1319 ut
433 1293 508 1328 patet
528 1291 556 1318 in
577 1290 694 1319 floribus
715 1293 742 1318 et
763 1289 879 1326 plantis;
902 1292 1016 1326 propter
1047 1289 1099 1318 hoc
1126 1289 1229 1318 dicitur

382 1337 478 1366 lumen
498 1337 582 1365 vitae.
604 1353 643 1357 —
663 1337 733 1373 Quia
754 1336 902 1365 animalia
927 1335 1079 1372 laetificat,
1102 1339 1134 1365 ut
1155 1338 1231 1373 patet

381 1385 408 1413 in
430 1384 544 1418 avibus,
565 1392 667 1413 aurora
683 1384 830 1418 rutilante,
852 1383 918 1420 quia
939 1383 1054 1420 spiritus
1076 1383 1229 1412 luminosae

382 1434 497 1460 naturae
518 1431 672 1468 congaudet
692 1438 743 1459 suo
758 1430 839 1459 simili
855 1434 882 1459 et
896 1430 1050 1459 delectatur
1064 1430 1092 1458 in
1113 1430 1228 1459 coniun-

382 1479 471 1507 ctione
492 1478 695 1512 convenientis3
719 1478 897 1506 Ecclesiastae
918 1477 1096 1506 undecimo⁶z
1117 1477 1228 1506 «Dulce

382 1525 476 1553 lumen
496 1528 524 1553 et
543 1524 704 1553 delectabile
732 1527 774 1553 est
801 1524 890 1553 oculis
910 1524 1005 1553 videre
1025 1524 1111 1553 solem
1127 1535 1154 1558 »;
1177 1524 1229 1552 To-

382 1572 442 1600 biae
463 1571 573 1608 quinto:
600 1583 613 1597 a
628 1571 714 1607 Quale
734 1570 866 1608 gaudium
888 1570 955 1599 mihi
977 1570 1044 1605 erit,
1058 1571 1125 1608 quia
1145 1571 1173 1599 in
1189 1574 1228 1599 te-

382 1618 475 1648 nebris
501 1618 582 1647 sedeo
609 1621 635 1647 et
662 1618 757 1647 lumen
779 1618 846 1647 caeli
875 1625 929 1646 non
952 1617 1031 1646 video
1046 1620 1078 1646 n?
1099 1634 1138 1638 —
1159 1618 1228 1655 Quia

380 1665 504 1694 volentia
516 1665 684 1694 illuminari
694 1664 856 1698 illuminat,
872 1672 937 1693 suos
952 1664 1112 1701 splendores
1126 1664 1230 1693 immit-

382 1715 458 1747 tens;
479 1712 562 1741 Isaiae
594 1712 825 1749 quinquagesimo
854 1714 963 1740 octavo:
989 1711 1144 1748 «Implebit
1171 1711 1230 1740 ani-

381 1766 453 1788 mam
476 1762 551 1787 tuam
573 1758 768 1795 splendoribus
782 1770 809 1786 n.

445 1949 451 1961 ¹
470 1950 554 1972 Psalm.
571 1949 613 1977 73,
630 1950 669 1972 tlss.

443 1987 453 2001 ²
470 1989 553 2011 Psalm.
572 1988 613 2015 84,
632 1989 653 2010 8.

443 2026 453 2040 ³
470 2027 526 2050 Cod.
544 2027 561 2051 C
578 2027 643 2050 addit
660 2027 762 2051 Finitur.
779 2028 862 2050 Amen.
880 2039 911 2044 —-
927 2027 1016 2050 Deinde
1038 2027 1068 2049 ibi
1094 2027 1230 2056 adiungitur

382 2069 424 2091 hoc
441 2068 547 2090 schema:
566 2067 616 2090 Vita
633 2070 710 2090 nostra
727 2070 891 2095 comparatur:

382 2105 500 2130 Umbrae:
518 2107 572 2135 Sap.
590 2107 616 2134 5,
634 2106 663 2128 9:
681 2107 830 2129 Transierunt
847 2106 923 2129 omnia
941 2109 1051 2136 tanquam
1070 2106 1160 2129 umbra.

381 2146 474 2169 Fumo:
492 2145 575 2168 eodem
594 2145 627 2175 (v.
647 2145 707 2175 l5.):
723 2146 844 2174 Tanquam
863 2147 953 2173 sumus,
968 2146 1009 2175 qui
1026 2152 1038 2168 a
1056 2149 1126 2168 vento
1143 2146 1231 2174 disper-

445 2190 484 2207 sus
501 2187 542 2207 est.

384 2223 490 2251 vapori.-
507 2224 550 2246 lae.
568 2222 596 2251 4,
614 2223 655 2246 ¹¹5:
673 2223 738 2252 Quae
754 2226 789 2246 est
805 2223 852 2246 vita
869 2225 963 2246 nostra?
978 2224 1057 2252 Vapor
1069 2224 1098 2246 ad
1111 2224 1230 2247 modicum

444 2268 538 2290 parens.

381 2301 504 2331 Spumoe:
521 2302 606 2324 eodem
624 2302 687 2331 (Sap.
706 2302 733 2329 5,
748 2302 806 2331 l5.):
823 2302 943 2331 Tanquam
957 2308 1040 2330 spuma
1053 2302 1157 2330 gracilis,
1169 2308 1230 2331 quae

444 2344 514 2363 vento
531 2340 683 2369 dispergitur.

381 2378 488 2403 Somno:
505 2380 588 2402 Psalm.
607 2379 659 2409 (75,
677 2380 723 2409 6.):
740 2380 889 2403 Dormlerunt
905 2386 1013 2403 somnum
1031 2387 1110 2403 suum.

384 2418 474 2442 Vento:
491 2418 532 2442 Iob
548 2419 574 2448 7,
591 2419 619 2441 7:
636 2419 762 2448 Memento,
779 2420 833 2448 quia
851 2422 934 2442 ventus
950 2422 985 2442 est
1001 2419 1048 2442 vita
1066 2426 1125 2442 mea.

384 2457 450 2480 Flore*
459 2465 466 2480 :
484 2458 526 2480 lac.
545 2458 572 2486 1t,
590 2458 631 2481 rlO:
649 2458 712 2481 Sicut
729 2459 772 2481 ssos
789 2458 901 2481 transibit.

380 2496 476 2519 Foeno:
495 2497 561 2520 Eccli.
581 2497 622 2526 Μ,
642 2497 684 2519 18:
701 2497 782 2520 Omnis
799 2503 853 2520 caro
870 2498 929 2520 sicut
946 2499 1040 2520 foenum
1057 2500 1193 2521 veterascet.

381 2536 464 2559 Folio:
484 2536 586 2559 ibidem:
604 2537 630 2559 Et
646 2536 706 2559 sicut
723 2537 802 2559 solium
820 2537 958 2560 fructificans
974 2538 998 2559 in
1015 2537 1099 2560 arbore
1116 2537 1193 2560 viridi.

445 2575 550 2599 Subinde
566 2576 590 2598 in
606 2575 623 2599 C
634 2575 754 2599 exhibetur
772 2575 844 2599 indez
861 2583 945 2600 rerum
962 2576 1127 2604 Collationum,
1144 2577 1185 2606 qui
1202 2580 1232 2599 ta-

382 2620 434 2637 men
447 2615 555 2637 diversus
571 2617 605 2637 est
622 2614 652 2637 ab
668 2615 717 2644 illo,
735 2621 805 2644 quern
823 2615 892 2638 habet
904 2616 957 2638 cod.
968 2616 994 2638 A.
1006 2616 1093 2639 Omnes
1104 2618 1150 2638 tres
1162 2615 1231 2639 codd.

382 2655 425 2676 hoc
442 2655 493 2677 loco
510 2654 580 2677 finem
600 2654 752 2677 Collationum
775 2655 830 2678 satis
853 2655 965 2683 indicant,
987 2656 1045 2678 dum
1068 2655 1161 2684 aliquod
1182 2661 1233 2683 spa-

383 2694 439 2716 tium
457 2693 608 2716 membranae
623 2694 758 2723 relinquunt
775 2700 884 2717 vacuum.

444 2732 454 2745 ⁴
470 2734 494 2756 ln
512 2733 564 2756 cod.
581 2733 611 2759 Α,
629 2736 653 2756 ut
670 2739 741 2761 supra
757 2736 811 2756 nota
828 2734 849 2756 3.
868 2734 913 2757 iam
930 2734 1044 2764 diximus,
1067 2734 1089 2756 in
1113 2735 1159 2757 tine
1184 2734 1233 2757 Col-

383 2772 493 2794 lationum
518 2772 541 2794 in
559 2773 666 2795 loannem
683 2772 777 2795 additur
802 2772 875 2796 indeae
900 2779 997 2801 rerum,
1020 2774 1059 2796 cui
1083 2772 1233 2801 subiungitur

382 2811 498 2840 quaedam
525 2812 653 2840 explanatio
676 2814 698 2834 et
720 2812 844 2840 applicatio
871 2813 1008 2840 sententiae,
1031 2819 1093 2842 quae
1115 2813 1233 2842 sequitur,

383 2851 485 2878 Dionysii
507 2851 530 2873 in
552 2850 610 2873 libro
633 2851 662 2873 de
684 2851 735 2873 Div.
758 2851 824 2873 Nom.
842 2858 863 2874 c.
880 2852 900 2874 4.
919 2852 932 2881 g
950 2852 991 2874 42:
1011 2861 1023 2872 «ι
1035 2851 1110 2875 Habet
1126 2857 1192 2874 amor
1209 2852 1233 2874 in

383 2889 542 2917 superioribus
558 2889 607 2912 vim
624 2889 780 2913 inclinativam
788 2908 794 2919 ,
806 2890 828 2912 in
841 2890 938 2918 paribus
953 2896 994 2913 seu
1006 2890 1089 2913 mediis
1100 2890 1149 2913 vim
1161 2890 1232 2912 socia-

383 2928 467 2957 tivam,
481 2929 503 2950 in
519 2928 665 2951 interioribus
682 2929 730 2951 vim
752 2929 891 2952 elevativam
909 2935 950 2952 seu
967 2929 1104 2952 imitativam
1116 2938 1127 2949 »ι
1137 2936 1142 2957 ;
1154 2932 1177 2952 et
1189 2930 1232 2952 boc

383 2970 458 2995 potest
468 2971 547 2996 patere
557 2971 602 2990 tam
612 2968 636 2990 in
642 2968 797 2992 naturalibus
808 2975 879 2997 qnam
889 2969 911 2991 in
920 2968 1061 2993 colevilariis
1068 2968 1182 2992 etdivinis
1189 2970 1231 2991 etc.

1623 865 1764 888 COLLA'FlO
1783 866 1798 888 l.

1365 959 1453 995 (Cant.
1477 960 1510 994 6,
1535 961 1580 996 l.).
1605 959 1731 988 Dilectus
1752 968 1834 989 meus
1856 959 2001 989 descendit
2021 960 2052 989 in
2067 959 2135 989 lior—

1287 1010 1347 1035 tum
1379 1015 1469 1035 suzim
1490 1007 1530 1035 acl
1558 1006 1689 1035 areolam
1720 1009 1907 1041 aromatum,
1930 1010 1961 1035 ul
1989 1010 2136 1044 pascatur

1286 1054 1318 1082 in
1338 1053 1431 1082 hortis
1451 1057 1476 1082 el
1498 1053 1562 1082 lilia
1584 1053 1708 1091 colliyat.

1369 1102 1393 1129 1.
1416 1101 1518 1129 Hortus
1539 1100 1590 1129 iste
1618 1103 1659 1129 est
1693 1100 1820 1129 Ecclesia
1851 1103 1878 1129 et
1904 1100 1993 1129 fidelis
2013 1100 2135 1134 animm

1287 1151 1314 1177 et
1336 1147 1406 1176 bene
1427 1147 1500 1176 dixit
1516 1156 1619 1181 suum,
1641 1155 1725 1185 quern
1746 1147 1804 1184 ipse
1824 1147 1906 1185 fecit,
1922 1148 1980 1185 ipse
2001 1148 2135 1183 excoluit,

1286 1194 1345 1232 ipse
1366 1195 1503 1224 virtutum
1525 1195 1671 1232 pigmentis
1692 1195 1833 1229 consevit,
1848 1195 1923 1224 sonte
1937 1195 2042 1233 gratiae
2056 1204 2135 1230 suae,

1287 1249 1321 1270 ne
1341 1241 1488 1275 deficeret,
1510 1241 1638 1279 rz‘yavn,
1670 1249 1753 1270 muro
1781 1241 1922 1271 custodiae
1943 1250 2024 1277 suae,
2046 1251 2081 1272 ne
2101 1242 2136 1271 ab

1287 1289 1430 1318 extraneis
1450 1288 1661 1325 profanaretur,
1683 1288 1831 1317 conclusit.
1848 1305 1885 1309 —
1906 1289 2008 1319 Hortus
2029 1290 2080 1319 iste
2094 1292 2136 1319 est

1287 1335 1388 1364 areola
1409 1339 1598 1369 aromatum,
1620 1343 1740 1365 vernans
1759 1335 1857 1364 virore
1876 1336 2065 1373 oratiarum,
2081 1336 2136 1365 sra-

1287 1391 1371 1420 grans
1392 1383 1480 1411 odore
1500 1382 1654 1411 virtutum.
1970 1404 1973 1407 .

1365 1422 1392 1458 '2
1416 1430 1443 1458 ln
1466 1430 1517 1458 hac
1532 1432 1626 1458 autem
1648 1429 1766 1464 areola,
1788 1437 1860 1467 quac
1882 1432 1924 1459 est
1939 1430 2067 1465 Ecclesia,
2081 1438 2136 1468 pa-

1286 1476 1381 1505 setem-
1402 1476 1530 1505 Christus
1544 1476 1576 1505 z'n
1596 1475 1706 1510 nortia,
1728 1476 1756 1504 id
1777 1479 1818 1505 est
1840 1476 1981 1505 mentibus
2002 1476 2135 1511 fidelium,

1287 1524 1378 1552 tribus
1399 1524 1522 1561 pascuis:
1544 1523 1680 1560 operibus
1694 1523 1932 1558 misericordiae,
1947 1524 2062 1552 munda
2075 1524 2136 1553 vir-

1285 1570 1418 1608 9inilate,
1440 1570 1587 1599 devotione
1607 1570 1704 1599 suavi.
1721 1586 1757 1591 —
1774 1570 1813 1599 De
1834 1570 1926 1607 primo
1946 1570 2049 1599 dicitur
2070 1571 2137 1600 Mat-

1287 1617 1359 1646 tbaei
1383 1617 1515 1654 vigesimo
1537 1617 1673 1654 quint0⁷z
1700 1617 1851 1652 «Esurivi,
1877 1621 1904 1647 et
1930 1617 2043 1647 dedistis
2068 1618 2136 1647 mihi

1287 1663 1457 1693 manducare
1472 1676 1498 1692 n.
1521 1681 1559 1685 —
1581 1664 1619 1693 De
1640 1664 1778 1699 secundo,
1800 1664 1976 1694 Canticorum
1998 1665 2136 1694 secundo:

1291 1712 1372 1748 «Qui
1397 1711 1521 1748 pascitur
1553 1711 1626 1740 inter
1656 1711 1728 1746 lilia,
1759 1712 1846 1741 donec
1873 1712 1977 1749 aspiret
2007 1712 2081 1748 dies,
2110 1715 2137 1742 et

1287 1758 1456 1787 inclinentur
1478 1758 1595 1787 umbrae
1607 1771 1633 1787 n.
1650 1775 1686 1779 —
1701 1758 1740 1788 De
1755 1759 1838 1788 tertio
1852 1759 2027 1796 Apocalypsis
2041 1759 2136 1788 tertio:

1350 1950 1398 1972 Hoc
1415 1949 1614 1978 additamentum,
1631 1949 1696 1978 quod
1717 1949 1858 1977 exscriptum
1883 1949 1984 1978 complet
2004 1955 2075 1972 unam
2101 1955 2139 1978 pa·

1287 1988 1365 2017 ginam
1383 1989 1441 2016 solii,
1458 1989 1521 2012 nullo
1538 1991 1677 2017 argumento
1694 1989 1815 2017 seraphico
1837 1989 1930 2012 Doctori
1949 1989 2068 2012 vindicare
2087 1995 2139 2018 pos-

1286 2035 1383 2058 sumus;
1409 2029 1472 2051 unde
1497 2029 1552 2051 illud
1578 2028 1714 2051 omittimus.
1741 2028 1827 2051 Deinde
1851 2033 1981 2057 sequuntur
2003 2028 2033 2051 ab
2055 2028 2138 2051 eadem

1287 2074 1357 2090 manu
1374 2068 1504 2096 descriptae
1521 2070 1621 2097 quatuor
1638 2067 1688 2090 sive
1706 2067 1878 2094 annotationes,
1893 2067 1943 2090 sive
1959 2067 2104 2096 collationes,
2116 2067 2138 2090 in

1286 2107 1363 2136 aliqua
1380 2106 1453 2130 verba
1464 2113 1483 2129 s.
1496 2107 1641 2136 Scripturac,
1653 2112 1715 2136 quae
1726 2109 1803 2130 sumta
1814 2109 1868 2129 sunt
1879 2112 1906 2129 ex
1918 2106 1967 2129 aliis
1979 2106 2052 2135 ipsius
2067 2106 2138 2130 libr1s.

1287 2147 1344 2169 istac
1361 2149 1414 2169 sunt
1430 2145 1625 2174 praecedentibus
1641 2145 1806 2169 Collationibus
1823 2146 1891 2169 valde
1907 2146 2050 2175 conformes,
2065 2147 2088 2168 et
2098 2146 2139 2168 sal-

1287 2188 1332 2208 tem
1358 2185 1461 2208 secunda
1484 2185 1516 2214 (in
1538 2185 1610 2208 verba
1628 2184 1693 2208 Cant.
1712 2185 1737 2213 6,
1759 2184 1789 2213 l.)
1813 2185 1921 2213 spiritum
1943 2184 2016 2207 nostri
2038 2185 2139 2208 auctoris

1288 2230 1343 2252 prae
1360 2231 1386 2247 se
1402 2226 1462 2247 terre
1479 2224 1580 2247 videtur.
1599 2224 1659 2247 Cum
1676 2224 1747 2252 igitur
1763 2230 1809 2247 non
1827 2222 1981 2252 improbabile
1996 2229 2048 2246 esse
2062 2223 2139 2247 videa-

1287 2266 1335 2293 tur,
1350 2265 1444 2287 easdem
1456 2270 1507 2287 esse
1519 2264 1648 2292 genuinum
1666 2264 1860 2286 Bonaventuriani
1878 2263 1963 2291 ingenii
1982 2263 2081 2291 foetum,
2097 2269 2139 2291 per

1287 2304 1384 2326 modum
1401 2302 1538 2333 appendicis
1554 2309 1594 2326 eas
1611 2303 1784 2331 subiungimus.

1351 2343 1423 2366 Etiam
1442 2343 1464 2365 in
1481 2343 1533 2365 cod.
1550 2343 1576 2365 B.
1598 2345 1651 2371 post
1675 2343 1745 2365 ssnem
1771 2342 1924 2365 collationum
1942 2342 1966 2364 in
1981 2343 2090 2365 loannem
2107 2348 2139 2365 se-

1287 2382 1367 2410 quitur
1383 2382 1500 2411 quaedam
1522 2382 1613 2404 collatio
1638 2382 1668 2405 de
1693 2381 1788 2404 verbis:
1816 2381 1916 2411 Viqilate
1940 2380 1965 2404 in
1991 2380 2139 2405 orationibus

1288 2420 1312 2449 (l.
1331 2421 1389 2444 petr.
1408 2421 1429 2443 4.
1445 2420 1491 2449 7.);
1509 2420 1593 2444 deinde
1610 2421 1633 2443 in
1652 2420 1715 2443 initio
1732 2426 1807 2443 novae
1824 2421 1947 2443 columnae
1963 2420 2027 2443 aliud
2041 2426 2139 2449 opuscu-

1287 2460 1348 2488 lum,
1366 2461 1429 2489 quod
1447 2460 1543 2488 incipit:
1563 2469 1574 2480 «
1586 2459 1669 2483 Habito
1687 2459 1716 2482 de
1729 2459 1802 2482 tribus
1814 2459 1915 2482 consiliis
1926 2459 1950 2482 in
1962 2459 2076 2489 generali,
2088 2465 2140 2482 con-

1288 2501 1412 2528 sequenter
1429 2499 1549 2528 quaeritur
1565 2499 1595 2521 de
1612 2504 1756 2528 unoquoque
1768 2498 1863 2521 consilio
1876 2498 1899 2521 in
1911 2498 2018 2527 speciali3
2029 2500 2052 2521 et
2063 2498 2139 2527 primo

1289 2538 1319 2561 de
1335 2541 1493 2566 paupertate»
1514 2540 1557 2560 etc.
1575 2538 1624 2560 Iloe
1641 2538 1748 2560 ultimum
1775 2537 1914 2566 opusculum
1938 2544 1985 2560 non
2010 2540 2045 2560 est
2068 2537 2140 2560 nostri

1288 2578 1402 2605 auctoris,
1419 2580 1441 2599 et
1458 2576 1530 2599 dubia
1546 2579 1581 2599 est
1597 2577 1667 2599 etiam
1684 2576 1827 2604 praecedens
1845 2576 1880 2599 illa
1893 2576 1993 2604 collatio,
2006 2582 2066 2606 quae
2082 2576 2103 2598 in
2115 2582 2140 2598 se

1289 2616 1434 2645 aliquatenus
1450 2616 1533 2639 sterilis
1550 2618 1591 2638 est.
1609 2616 1674 2638 Iuvat
1691 2618 1767 2638 tamen
1785 2616 1882 2638 eandem
1901 2615 1925 2637 in
1941 2618 1994 2638 nota
2012 2610 2120 2638 adiicere.

1351 2655 1361 2667 ‘²
1379 2656 1439 2677 loan.
1459 2656 1484 2682 t,
1502 2655 1524 2677 5.
1542 2667 1574 2671 —
1591 2655 1706 2677 Sententia
1723 2654 1825 2682 Dionysii
1844 2653 1942 2676 habetur
1963 2654 2013 2676 libr.
2037 2654 2066 2677 de
2089 2653 2140 2677 Div.

1289 2695 1355 2717 Noni.
1373 2701 1393 2717 c.
1411 2694 1431 2717 4.
1450 2693 1464 2722 §3
1481 2694 1502 2716 4.
1521 2694 1571 2723 (ct'r.
1584 2695 1637 2722 Sap.
1649 2694 1677 2721 7,
1690 2694 1736 2723 26.)
1751 2696 1885 2722 postquam
1898 2693 2003 2722 sequitur
2014 2694 2071 2716 Gen.
2084 2693 2105 2720 t,
2118 2694 2140 2716 3.

1289 2736 1312 2756 et
1328 2734 1438 2761 allegatur
1455 2733 1543 2756 dictum
1561 2734 1679 2762 Damaso,
1697 2733 1721 2755 ll.
1738 2733 1767 2756 de
1784 2732 1840 2755 Fide
1857 2732 1947 2755 orthod.
1965 2738 1985 2754 c.
2002 2732 2025 2754 7.

1352 2771 1362 2785 ⁰
1380 2773 1445 2795 Vers.
1462 2772 1486 2795 7.
1504 2785 1536 2790 —
1552 2773 1604 2796 Duo
1621 2779 1687 2802 seqq.
1704 2773 1747 2795 loci
1764 2774 1818 2795 sunt
1835 2771 1895 2795 Tob.
1913 2771 1939 2800 5,
1958 2772 1994 2794 ⁴2.
2007 2773 2029 2794 et
2040 2771 2091 2794 lsai.
2102 2771 2140 2798 58,

1290 2812 1328 2835 lt.
1344 2824 1375 2829 —-
1393 2812 1504 2840 Superius
1521 2812 1644 2840 respicitur
1659 2811 1762 2834 definitio
1785 2810 1954 2834 delectationis:
1969 2810 2089 2833 delectatio
2106 2812 2141 2832 est

1289 2850 1421 2874 coniunctio
1438 2851 1596 2874 convenientis
1614 2856 1668 2873 cum
1686 2850 1844 2879 convenienti3
1862 2850 1903 2872 cfr.
1921 2852 1977 2872 tom.
1994 2850 2009 2872 1.
2027 2855 2083 2877 pag.
2097 2849 2139 2875 38,

1289 2892 1342 2912 nota
1360 2889 1381 2912 4.
1398 2893 1421 2912 et
1438 2892 1493 2912 tom.
1512 2890 1549 2912 lV.
1567 2896 1621 2918 pag.
1640 2890 1680 2912 39!
1693 2907 1698 2917 ‚
1715 2892 1768 2912 nota
1787 2890 1809 2912 3.

1352 2927 1361 2941 ⁷
1381 2929 1447 2952 Vers.
1459 2929 1496 2951 35.
1509 2941 1539 2946 —
1551 2929 1685 2958 Sequuntur
1697 2928 1782 2951 Cantic.
1796 2929 1823 2955 2,
1839 2928 1873 2950 16.
1885 2933 1934 2956 seq.
1947 2929 1969 2950 et
1981 2927 2052 2955 Apoc.
2064 2927 2090 2955 3,
2102 2926 2140 2949 20.

2162 1103 2246 1124 Christus
2263 1102 2286 1124 ’Ἷι

2152 1133 2185 1147 sno
2209 1128 2233 1147 du
2253 1127 2258 1132 '
2282 1135 2289 1154 t

2151 1151 2206 1170 horto
2242 1155 2251 1172 ο
2276 1152 2288 1172 t

2151 1175 2240 1199 quinque.
2258 1179 2259 1182 ¹

2266 1203 2273 1216 δ

2263 1219 2271 1239 t
2294 1241 2296 1244 .

2258 1246 2267 1262 ,Ι
2294 1246 2296 1250 ⁴

2152 1433 2180 1452 lbi
2211 1433 2279 1456 ascitur*
2288 1441 2289 1447 π

2161 1457 2199 1481 trip
2208 1457 2273 1478 iciterc.

2153 1574 2223 1593 Primo.

2152 1668 2244 1687 Secundo.

2153 1761 2223 1781 Tertio.
