2296 3316
24 724 27 765 i

23 797 27 853 ’1

6 904 101 930 miduetio.

10 1221 21 1252 Ι41
28 1232 39 1251 5
51 1232 103 1256 pani-

1 1256 103 1283 hybernica-

584 160 810 190 COLLATIONES
832 162 863 190 IN
886 162 1031 191 ΙΟΑΝΝΕΜ
1052 162 1120 191 CAP.
1143 163 1184 192 VI.
1207 163 1299 192 COLL.
1323 164 1412 193 xxvi.

124 239 173 273 tis,
195 239 261 276 quia
282 238 309 267 in
331 238 374 267 his
395 246 466 275 quae
488 239 575 268 Patris
603 239 656 268 mei
685 242 766 274 sunt,
787 242 896 277 oportet
924 248 969 269 me

123 294 181 315 esse
195 288 227 314 n?
242 302 279 307 —
301 285 400 314 Habuit
422 286 510 314 Patris
533 286 630 314 zetum
652 287 709 315 sive
737 287 968 321 aemulationem,

122 341 157 361 cx
173 332 328 361 cuiusmodi
351 332 409 361 zelo
424 333 530 361 loannis
552 333 673 361 secundo
687 333 809 362 dicebat:
830 345 843 358 «
858 333 969 363 Auferte

122 380 173 408 ista
187 380 264 414 hinc,
279 383 307 409 et
328 380 412 409 nolite
433 380 523 409 facere
543 380 656 409 domum
679 381 766 409 Patris
786 381 840 409 mei
855 381 968 410 domum

121 427 320 464 negotiationis.
344 427 485 456 Recordati
507 430 572 456 sunt
586 427 730 463 discipuli,
752 427 818 464 quia
833 428 968 465 scriptum

1816 169 1871 198 565

1025 243 1083 269 est:
1099 241 1181 270 Zelus
1194 241 1295 271 domus
1310 245 1374 272 tuae
1389 244 1507 273 comedit
1522 252 1566 273 me
1581 257 1606 273 n.
1622 262 1661 266 ——
1675 246 1774 275 Habuit
1789 248 1870 276 etiam

1026 288 1113 317 Patris
1134 289 1343 324 imitationem,
1365 290 1398 319 de
1422 300 1478 328 qua
1499 292 1543 321 hic
1557 292 1675 321 dicitur:
1698 293 1762 322 Non
1782 298 1871 331 potest

1025 334 1122 363 Filius
1136 344 1156 364 a
1170 344 1199 364 se
1212 335 1311 373 facere
1325 338 1501 376 quidquam,
1523 339 1584 367 nisi
1596 340 1675 377 quod
1691 340 1797 369 viderit
1814 341 1871 369 Ρα-

1025 385 1099 410 trem
1119 381 1290 419 facientem,
1313 387 1337 411 et
1358 392 1555 423 quaecumque
1576 385 1621 414 itte
1635 385 1719 423 facit,
1742 385 1812 415 llaec
1832 388 1871 415 si-

1025 428 1134 457 militer
1153 432 1177 457 et
1199 429 1295 458 Filius
1315 429 1398 467 facit.

691 544 852 574 CA‘PITULUM
874 546 915 574 Vl.
939 546 1010 574 Post
1031 545 1100 575 baec
1122 547 1195 575 abiit
1215 547 1305 575 Iesus.

424 653 564 676 COLLATlO
583 654 664 676 XXVl.

199 749 288 785 (Vers.
314 749 379 785 ii).
403 749 520 786 Accepit
540 749 623 777 Iesus
640 757 747 785 panes,
769 752 877 777 etcum
896 757 968 786 yra-

120 797 177 826 tt'as
197 797 314 835 episset,
336 796 489 825 distribuit
507 795 764 824 discumbentibus.

201 845 224 872 1.
241 844 366 881 Accepit,
382 844 484 881 inquit,
500 843 590 872 Iesus.
607 843 767 872 Notabiliter
778 843 881 872 dicitur
894 844 968 872 lesus

119 899 204 929 panes
218 891 355 928 accepisse
376 894 404 920 et
416 891 599 920 distribuisse.
618 890 814 919 Distribaeute
830 891 966 924 Domino,

119 939 242 968 abundat
261 939 355 973 cibus;
373 938 562 968 distribuente
576 946 642 967 vero
664 937 794 972 bomine,
817 938 904 967 esurit
919 946 968 975 po-

119 986 211 1023 pulus.
240 986 378 1015 Dicuntur
404 989 496 1015 autem
519 986 573 1015 tria
601 986 660 1020 bic,
690 986 794 1014 scilicet
822 985 895 1022 quod
917 993 966 1013 ae—

119 1033 206 1071 cepit,
229 1034 303 1071 quod
316 1034 434 1072 qratias
454 1034 512 1072 eyit
525 1037 552 1063 et
572 1033 647 1071 quod
666 1033 834 1062 distribuit:
856 1032 966 1069 aceepit

118 1081 152 1110 :td
174 1082 427 1118 multiplicandum,
447 1082 565 1119 gratias
586 1082 642 1119 epit
669 1081 703 1110 ad
733 1080 965 1113 benedicendum,

118 1129 268 1157 distribuit
289 1129 323 1157 ad
341 1129 529 1158 reficiendum.

197 1177 223 1204 02.
246 1176 378 1212 Accepit,
410 1176 516 1213 inquit,
547 1184 646 1213 partes.
680 1176 732 1204 Sed
763 1178 832 1212 quot
858 1177 966 1211 panes?

120 1223 252 1261 Quinque
270 1231 363 1259 panes
378 1221 567 1256 hordeaceos,
582 1223 619 1251 ait
635 1223 806 1260 Evangelista
818 1224 837 1256 ¹,
853 1226 877 1250 et
892 1222 966 1250 duos

0 1279 107 1306 aspiranti·
115 1269 218 1306 pisces.
231 1286 270 1289 —
281 1269 324 1297 lsti
341 1269 465 1306 quinque
480 1277 572 1306 panes,
588 1270 769 1306 spiritualiter
781 1268 966 1305 intelligendo,

0 1302 21 1323 Et*
32 1303 103 1322 intelle-

0 1327 19 1353 0¹³.

21 1699 65 1722 imo,
79 1699 102 1726 ἀρ

0 1728 14 1748 μ
22 1731 24 1740 =
40 1728 103 1747 poeni-

0 1749 14 1766 {t
19 1752 54 1765 iae.

17 1798 49 1820 iae
61 1798 102 1817 pro·

19 1819 61 1836 *leia
64 1819 98 1835 '105-

31 2074 103 2097 Figura.

13 2265 60 2279 mare
72 2260 98 2279 sit

15 2283 107 2303 rdeaceus.

119 1315 274 1352 significant
293 1315 417 1352 quinque
438 1323 537 1352 panes,
559 1316 662 1353 quibus
682 1316 773 1344 anima
794 1316 919 1344 reficitur
938 1315 966 1343 in

119 1362 272 1398 praesenti,
294 1370 392 1398 panem
411 1362 513 1391 scilicet
525 1363 730 1399 poenitentiae,
746 1371 843 1399 panem
859 1362 966 1391 doetri-

119 1417 191 1442 nae,
213 1417 311 1446 panem
339 1409 483 1443 iustitiae,
512 1418 610 1446 panem
630 1410 789 1447 patientiae
814 1412 841 1439 et
866 1418 965 1447 panem

119 1454 323 1484 eucharistiae.
340 1472 376 1476 —
400 1456 478 1484 Panis
496 1456 687 1493 poeniteutiae
715 1457 803 1486 reficit
825 1460 965 1485 reverten—

119 1505 176 1535 tes,·
196 1502 275 1539 panis
295 1502 446 1530 doctrinae
467 1503 555 1531 reficit
576 1503 760 1540 ignorantes,-
782 1504 859 1540 panis
881 1504 965 1532 iusti-

120 1549 177 1576 tiae
205 1548 293 1577 reficit
314 1549 497 1582 laborantes;
519 1550 596 1586 panis
615 1551 775 1587 patientiae.
796 1551 884 1579 reficit
908 1560 965 1588 pu-

118 1599 259 1632 gnantem
281 1596 359 1632 panis
380 1595 577 1624 eucharistiae
598 1597 686 1625 reficit
707 1605 812 1625 omues.

197 1642 222 1671 3.
247 1643 354 1671 Primus
375 1642 460 1679 igitur
480 1643 558 1679 panis
586 1647 627 1672 est
655 1645 733 1680 panis
758 1645 964 1681 poeniteutiae,

119 1689 152 1717 de
173 1697 229 1726 quo
250 1689 278 1717 in
292 1689 398 1718 Psalmo
410 1689 433 1717 2:
460 1701 473 1714 «
485 1689 609 1718 Cinerem
626 1693 757 1727 tanquam
772 1698 870 1727 panem
890 1699 966 1718 man-

119 1736 263 1770 ducabam,
285 1739 312 1765 et
332 1739 428 1773 potum
458 1744 548 1765 meum
578 1745 641 1765 cum
670 1737 737 1765 fletu
769 1738 964 1766 miscebam».

119 1783 192 1812 Cinis
216 1786 258 1812 est
278 1783 411 1812 minutus
438 1786 465 1812 et
486 1786 526 1812 est
548 1792 682 1812 amarus.
712 1784 817 1813 Cineris
841 1784 966 1813 minutio

120 1829 254 1866 significat
285 1833 461 1867 peccatorum
494 1830 728 1865 recordationem,
761 1839 832 1868 quae
867 1831 968 1860 debent

121 1876 267 1905 memorari
289 1885 379 1914 usque
392 1877 427 1905 ad
448 1877 572 1912 minima3
588 1878 688 1907 cineris
703 1879 888 1912 amaritudo,
905 1886 967 1915 pec-

121 1925 246 1952 catorum
267 1924 472 1958 contritionem,
494 1932 565 1961 qnae
586 1925 667 1954 debet
687 1933 747 1954 esse
769 1933 871 1954 amara.
898 1926 967 1955 Haec

120 1973 213 1998 autem
227 1970 283 1998 duo
298 1971 380 1999 habet
400 1971 478 2007 panis
506 1971 704 2008 poenitentiae,
727 1972 880 2001 secundum
899 1973 968 2001 illud

123 2017 205 2045 Isaiae
235 2017 377 2054 trigesimo
408 2018 543 2047 octavo³z
569 2030 583 2043 «
598 2019 761 2056 Recogitabo
793 2019 841 2047 tibi
872 2027 968 2048 omnes

121 2071 208 2092 annos
223 2071 298 2092 meos
313 2064 339 2092 in
355 2064 539 2094 amaritudine
554 2065 661 2094 animae
675 2074 752 2094 meae
767 2078 793 2094 ».
811 2082 847 2086 —-
863 2066 901 2094 De
916 2066 968 2094 isto

122 2110 216 2139 eodem
238 2119 309 2147 pane
330 2111 514 2148 significatum
536 2115 578 2141 est
607 2113 691 2141 Exodi
719 2113 898 2146 duodecimo,
920 2113 967 2141 ubi

123 2158 235 2195 legitur,
257 2159 331 2195 quod
357 2170 370 2183 α
392 2159 439 2187 filii
463 2159 546 2188 lsrael
567 2163 706 2188 coxerunt
729 2160 860 2194 farinam,
883 2168 968 2197 quam

120 2204 226 2233 dudum
249 2213 425 2242 conspersam
448 2206 569 2235 tulerant
590 2207 623 2235 de
644 2208 780 2243 Aegypto,
802 2210 829 2235 et
843 2206 969 2235 fecerunt

121 2252 319 2281 subcinericios
340 2261 424 2289 panes
440 2265 465 2281 u.
488 2269 525 2274 —-
548 2254 599 2282 iste
614 2254 692 2290 panis
713 2252 892 2282 hordeaceus
906 2257 967 2282 est:

117 2298 217 2335 panis,
229 2299 295 2336 qnia
307 2299 389 2328 habet
400 2298 597 2336 refectionem,-
609 2299 797 2333 hordeaceus,
810 2299 875 2336 quia
887 2300 970 2329 habet

119 2346 315 2382 asperitatem.
344 2346 437 2375 Reficit
458 2347 531 2375 enim
560 2347 689 2383 spiritum
711 2349 738 2375 et
766 2349 887 2375 macerat
908 2353 968 2374 car-

120 2400 198 2425 nem;
215 2392 287 2421 unde
308 2393 378 2421 bene
400 2393 571 2430 significatur
587 2394 709 2422 ludicum
725 2393 842 2430 septimo
856 2401 906 2430 per
921 2401 969 2430 pa-

121 2447 181 2468 nem
204 2439 433 2474 subcinericium,
455 2441 503 2477 qui
525 2440 659 2477 confregit
680 2444 771 2469 castra
791 2440 912 2475 Madian,
934 2441 968 2469 de

120 2494 176 2522 quo
197 2486 333 2522 sequitur,
355 2486 421 2523 quia
447 2498 460 2511 ε(
476 2495 529 2515 11011
545 2490 605 2515 erat
626 2486 700 2515 aliud
715 2486 766 2515 nisi
788 2486 896 2523 gladius
917 2486 968 2516 Ge-

120 2532 214 2562 deonis
228 2545 254 2561 ».
278 2533 323 2562 Est
344 2533 417 2562 enim
438 2534 527 2570 panis
549 2534 657 2571 spiritui
687 2537 713 2562 et
733 2534 853 2572 ytacltus
881 2535 966 2563 carni.

995 2394 998 2564 i

1104 656 1131 684 lt.
1155 656 1296 685 Secundus
1326 657 1404 693 panis
1424 660 1466 687 est
1492 659 1570 695 panis
1591 659 1748 689 doctrinae.
1771 661 1871 697 Quem-
1889 671 1981 693 Secundo,
1994 671 2017 697 tie

1025 703 1174 731 admodum
1195 704 1268 732 enim
1296 704 1375 733 cibus
1396 706 1548 742 corporalis
1576 707 1665 736 reficit
1685 715 1812 742 carnem,
1834 709 1871 738 ita
1888 700 1936 737 322?
1950 694 2018 714 ‘mm‘

1024 750 1150 779 doctrina
1171 751 1323 787 spiritualis
1345 752 1434 781 reficit
1460 756 1596 788 mentem,
1626 755 1779 784 secundum
1804 756 1870 785 illud

1024 797 1231 826 Deuteronomii
1246 800 1375 827 octavo4:
1395 811 1409 824 α
1420 799 1478 828 Non
1493 799 1519 828 in
1535 800 1593 829 solo
1608 809 1677 837 pane
1692 801 1759 830 vivit
1774 802 1871 836 homo,

1025 844 1071 873 sed
1093 844 1119 872 in
1142 845 1215 873 omni
1233 846 1331 880 verbo,
1350 846 1424 883 quod
1440 847 1563 883 procedit
1580 848 1613 876 de
1631 856 1680 877 ore
1695 849 1742 877 Dei
1759 860 1790 883 »;
1806 850 1871 879 item

1024 892 1152 921 Matthaei
1174 896 1283 929 quarto.
1306 893 1352 922 Hic
1373 897 1415 922 est
1436 894 1515 931 panis
1529 893 1726 930 scholarium,
1746 897 1794 933 qui
1808 897 1872 926 facit

1023 938 1057 967 ad
1072 939 1255 976 cognitionem
1276 941 1413 976 veritatis,
1434 941 1468 970 de
1489 950 1546 979 quo
1560 942 1648 971 Lucae
1663 943 1776 972 ultimo:
1794 956 1807 969 «
1821 944 1873 972 Co-

1023 989 1180 1021 gnoverunt
1190 986 1338 1017 Dominum
1350 987 1377 1015 in
1389 987 1522 1016 fractione
1536 988 1615 1024 panis
1627 999 1654 1023 »3
1666 998 1774 1026 partem
1785 989 1871 1027 frau-

1021 1040 1089 1069 9ere
1100 1036 1140 1061 est
1152 1033 1323 1069 Scripturam
1336 1042 1485 1071 exponere.
1503 1051 1538 1054 —
1555 1035 1587 1063 Et
1597 1035 1648 1064 iste
1659 1036 1737 1072 panis
1749 1035 1871 1066 hordea·
1888 1047 1949 1070 Quare
1964 1047 2004 1065 nur-

1022 1088 1089 1107 ceas
1103 1084 1151 1108 est.
1167 1080 1233 1108 Nam
1250 1081 1333 1109 habet
1348 1081 1375 1109 in
1390 1080 1543 1118 refectione
1557 1084 1757 1119 asperitatem,
1774 1092 1871 1113 secun·
1901 1070 1989 1089 dmm

1022 1126 1089 1154 dum
1104 1126 1171 1155 illud
1186 1127 1219 1155 ad
1235 1127 1371 1156 Hebraeos
1385 1128 1548 1157 duodecimo
1559 1129 1586 1157 ⁵:
1600 1141 1613 1154 «
1624 1129 1719 1159 Omnis
1729 1130 1871 1168 disciplina

1022 1173 1049 1201 in
1072 1175 1209 1210 praesenti
1232 1175 1342 1203 videtur
1363 1183 1422 1204 esse
1444 1184 1498 1204 non
1519 1176 1626 1213 gaudii,
1649 1177 1695 1205 sed
1723 1178 1871 1212 moeroris;

1023 1223 1117 1257 postea
1138 1223 1231 1248 autem
1252 1221 1375 1250 fructum
1397 1222 1602 1258 pacatissimum
1625 1223 1742 1252 reddit»
1767 1228 1818 1253 etc.

1104 1267 1128 1294 5.
1151 1267 1261 1296 Tertius
1280 1268 1358 1304 panis
1378 1272 1419 1297 est
1441 1269 1519 1305 panis
1540 1270 1678 1300 iustitiae.
1701 1271 1747 1299 Hic
1769 1274 1810 1300 est
1825 1279 1872 1307 pa-
1897 1280 1968 1307 Testis,
1982 1281 2004 1307 tit

1023 1313 1066 1342 nis
1087 1313 1292 1347 servientium,
1307 1314 1341 1343 de
1362 1323 1418 1351 quo
1433 1315 1647 1344 Proverbiorum
1669 1316 1831 1346 duodecimo
1843 1318 1870 1346 6;
1889 1309 1937 1346 ῧῖἓῗ
1953 1307 2006 1322 ‘⁰⁵¹¹'

1027 1372 1041 1385 ιι
1056 1360 1108 1396 Qui
1130 1364 1263 1397 operatur
1282 1364 1385 1389 terram
1407 1369 1486 1390 suam
1509 1362 1655 1391 satiabitur
1670 1363 1803 1399 panibus;
1823 1365 1870 1400 qui

1022 1411 1116 1436 autem
1135 1410 1257 1436 sectatur
1278 1408 1364 1436 otium
1387 1408 1568 1437 stultissimus
1582 1413 1660 1437 est».
1683 1409 1721 1437 De
1736 1410 1788 1438 isto
1804 1418 1873 1446 pane

1023 1455 1071 1492 qui
1101 1463 1154 1483 non
1185 1455 1291 1483 laborat
1319 1463 1372 1483 non
1402 1455 1564 1489 manducet;
1593 1456 1640 1492 qui
1672 1464 1736 1485 vero
1768 1457 1873 1485 laborat

1022 1511 1076 1531 non
1099 1502 1217 1539 indiget,
1240 1501 1393 1530 secundum
1415 1502 1482 1531 illud
1506 1503 1618 1531 Psalmi:
1644 1514 1658 1528 <t
1673 1503 1730 1532 Non
1753 1504 1808 1532 vidi
1832 1504 1873 1532 iu-

1023 1554 1098 1579 stum
1119 1550 1299 1583 derelictum,
1321 1557 1372 1578 nec
1390 1557 1482 1578 semen
1498 1550 1558 1579 eius
1573 1558 1711 1587 quaerens
1732 1559 1830 1588 panem
1846 1563 1873 1580 ».

1023 1615 1061 1619 ——
1077 1599 1127 1626 iste
1142 1598 1221 1634 panis
1236 1595 1415 1625 hordeaceus
1436 1600 1485 1625 est.
1506 1597 1591 1626 Habet
1605 1597 1678 1626 enim
1693 1606 1757 1626 cum
1773 1598 1875 1626 suavi-
1891 1608 1953 1632 Quare
1967 1609 2008 1627 nor-

1023 1649 1079 1674 tate
1101 1645 1259 1674 resectionis
1279 1644 1469 1681 asperitatem
1492 1644 1607 1678 laboris,
1629 1645 1783 1673 secundum
1805 1645 1873 1674 illud
1904 1632 1992 1651 asaneus.

1023 1692 1135 1720 Genesis
1157 1691 1252 1720 tertio:
1280 1691 1334 1719 «ln
1357 1690 1459 1719 sudore
1484 1690 1579 1719 vultus
1600 1690 1640 1719 tui
1663 1691 1783 1720 vesceris
1804 1700 1874 1728 pane

1024 1742 1072 1767 tuo
1083 1751 1109 1766 ».
1126 1755 1165 1759 —
1179 1738 1217 1767 De
1233 1738 1285 1767 isto
1296 1738 1450 1774 figuratum
1465 1739 1507 1765 est
1521 1737 1706 1766 Numerorum
1719 1738 1873 1773 undecimo,
1891 1749 1966 1773 Figura.

1024 1785 1070 1814 ubi
1092 1785 1209 1819 dicitur,
1238 1784 1313 1822 quod
1343 1796 1357 1809 «
1378 1783 1515 1823 circuibat
1542 1784 1662 1820 populus
1690 1788 1717 1813 et
1743 1785 1874 1822 colligens

1023 1840 1138 1866 manna,
1161 1832 1305 1869 frangebat
1329 1832 1417 1865 mola,
1441 1831 1499 1860 sive
1521 1831 1628 1860 terebat
1648 1831 1677 1860 in
1699 1832 1873 1866 mortariolo,

1024 1887 1147 1915 coquens
1174 1879 1201 1907 in
1230 1879 1283 1907 olla
1311 1883 1338 1908 et
1366 1879 1470 1908 faciens
1498 1886 1534 1907 ex
1563 1886 1596 1906 eo
1624 1879 1741 1907 tortulas
1769 1879 1875 1916 saporis

1025 1926 1103 1963 quasi
1126 1926 1204 1962 panis
1224 1926 1304 1954 oleati
1321 1938 1346 1953 ».
1369 1926 1438 1954 Nota
1459 1928 1486 1954 et
1507 1932 1626 1962 expone.

1104 1974 1129 2001 6.
1152 1973 1275 2009 Quartus
1296 1973 1374 2009 panis
1401 1976 1443 2001 est
1464 1972 1543 2009 panis
1563 1972 1731 2009 patientiae.
1761 1973 1808 2001 Hic
1832 1976 1873 2002 est
1905 1984 2019 2011 Quarta-<ie

1025 2019 1104 2055 panis
1121 2019 1339 2056 pugnantium,
1360 2019 1394 2048 de
1415 2027 1471 2056 quo
1494 2018 1644 2048 Ezechielis
1668 2018 1831 2047 duodecimo
1846 2020 1872 2047 ⁷:
1887 2010 2020 2051 memnon-

1031 2076 1044 2090 «
1059 2065 1158 2093 Panem
1173 2073 1256 2093 suum
1272 2066 1298 2093 in
1314 2066 1460 2094 solitudine
1475 2066 1628 2100 comedent,
1640 2069 1668 2095 et
1679 2074 1781 2103 aquam
1795 2074 1873 2094 suam

1026 2111 1053 2139 in
1074 2111 1242 2140 desolatione
1257 2112 1351 2140 bibent
1364 2124 1391 2140 ».
1408 2129 1447 2133 —
1461 2113 1512 2141 Iste
1535 2113 1613 2150 panis
1627 2112 1807 2141 hordeaceas
1822 2116 1919 2144 est-Est
1931 2126 2011 2144 hordea.

1026 2158 1111 2187 Habet
1131 2159 1204 2187 enim
1220 2162 1247 2188 et
1266 2158 1446 2196 refectionem
1470 2163 1497 2188 et
1518 2160 1720 2197 asperitatem.-
1742 2160 1874 2198 refectio·
1924 2155 1975 2168 ΜΒ·

1025 2214 1091 2234 uem
1115 2206 1222 2234 animae
1249 2210 1276 2235 et
1304 2207 1491 2243 asperitatem
1513 2207 1570 2236 sive
1595 2207 1725 2235 duritiam
1753 2215 1872 2244 poenae;

1025 2253 1099 2289 quod
1120 2252 1286 2290 figuratum
1307 2258 1348 2283 est
1370 2254 1447 2283 Iosue
1462 2263 1550 2288 nono,
1572 2255 1618 2283 ubi
1641 2255 1742 2291 legitur
1763 2255 1797 2283 de
1821 2255 1873 2283 Ga-
1890 2267 1964 2291 Figura.

1026 2300 1159 2334 baonitis,
1175 2301 1248 2337 quod
1268 2313 1281 2325 «
1297 2309 1397 2337 panes,
1416 2310 1487 2338 quos
1508 2302 1655 2338 portabant
1669 2302 1704 2330 ob
1725 2302 1872 2336 viaticum,

1026 2346 1089 2375 duri
1119 2351 1198 2375 erant
1220 2350 1247 2376 et
1275 2348 1301 2376 in
1330 2348 1420 2376 frusta
1440 2349 1601 2377 comminuti
1625 2360 1652 2376 ».
1676 2349 1873 2377 Verumtamen

1025 2393 1129 2422 duritia
1151 2394 1243 2430 panis,
1265 2398 1491 2432 quantacumque
1512 2395 1561 2429 sit,
1578 2395 1726 2432 temperari
1742 2398 1831 2432 potest
1846 2395 1872 2424 in

1026 2441 1160 2478 sanguine
1181 2441 1331 2477 passionis,
1353 2442 1505 2470 secundum
1528 2443 1595 2471 illud
1617 2443 1748 2472 Bernardi
1764 2442 1791 2471 ⁸:
1818 2454 1831 2467 «
1847 2443 1872 2471 Si

1026 2488 1117 2525 passio
1131 2488 1232 2516 Christi
1255 2488 1288 2517 ad
1303 2489 1463 2517 memoriam
1486 2489 1645 2523 reducitur,
1661 2490 1729 2518 nihil
1751 2493 1805 2518 tam
1821 2490 1873 2519 du-

1026 2543 1105 2569 rum,
1128 2535 1202 2572 quod
1224 2543 1277 2563 non
1300 2536 1501 2572 aequanimiter
1522 2537 1698 2565 toleretur».

183 2677 190 2690 ¹
210 2678 274 2700 Vei-s.
293 2679 315 2701 9.

182 2715 191 2728 ²
209 2717 290 2739 psalm.
309 2717 365 2744 101,
384 2718 420 2739 10.
439 2730 469 2735 -
485 2705 579 2741 inferius
597 2725 639 2747 pro
656 2719 742 2742 debent
753 2720 886 2743 memora-ri
896 2720 912 2743 C
924 2727 966 2744 nu-

121 2760 218 2778 merari.

182 2792 191 2806 ³
209 2795 275 2817 Vers.
293 2795 330 2817 15.
346 2807 376 2811 ——
394 2796 444 2818 Duo
461 2802 527 2825 seqq.
544 2797 586 2819 loci
604 2800 657 2819 sunt
674 2798 742 2820 Exod.
761 2799 794 2825 ¹2,
812 2799 849 2820 39.
861 2802 883 2821 et
895 2799 967 2822 ludio.
994 2823 996 2833 ‹

120 2833 147 2860 7,
166 2834 203 2856 13.
220 2840 269 2862 seq.

182 2871 192 2884 ⁴
209 2873 275 2895 Vers.
292 2873 312 2895 3.
331 2874 406 2895 Matth.
426 2873 450 2900 4,
470 2874 491 2896 lt.
508 2886 538 2891 ——
556 2875 663 2903 Sequitur
681 2876 735 2897 Luc.
752 2875 793 2903 24,
812 2876 849 2898 35.

183 2910 192 2923 ⁵
210 2912 274 2935 Vers.
297 2913 331 2934 11.

182 2949 191 2963 ‘³
210 2951 274 2974 Vei-s.
297 2952 331 2974 11.
347 2964 378 2968 -
395 2953 488 2975 inferius
505 2953 627 2981 respicitur
644 2954 667 2976 11,
686 2954 766 2977 Thess.
783 2955 809 2982 3,
826 2955 864 2977 10:
876 2954 967 2984 Siquis

1024 2688 1072 2705 uon
1095 2681 1146 2705 vult
1167 2681 1277 2711 operari,
1300 2687 1342 2705 uec
1365 2681 1507 2710 mamlvcet;
1524 2684 1546 2704 et
1568 2682 1696 2710 allegantur
1713 2683 1748 2705 Ps.
1772 2683 1814 2709 36,
1833 2683 1874 2709 25;

1025 2722 1081 2744 Gen.
1099 2722 1124 2749 3,
1144 2722 1180 2743 49.
1199 2724 1221 2743 et
1237 2721 1303 2743 Num.
1323 2721 1363 2748 11,
1381 2721 1403 2743 8.

1087 2759 1095 2772 ⁷
1116 2761 1180 2783 Vers.
1201 2761 1234 2782 19.
1251 2772 1282 2776 -
1300 2760 1408 2789 Sequitur
1425 2761 1490 2783 losue
1508 2761 1533 2787 9,
1552 2760 1573 2782 5.

1087 2798 1097 2811 Β
1113 2799 1158 2823 Cir.
1176 2801 1250 2822 serm.
1268 2800 1290 2821 in
1307 2799 1392 2822 Cantic.
1409 2806 1479 2822 serm.
1497 2800 1534 2822 43.
1552 2807 1572 2822 11.
1592 2800 1619 2827 5,
1636 2800 1676 2822 ubi
1688 2800 1755 2823 dicit:
1771 2809 1781 2820 «
1793 2801 1874 2823 Viden-

1025 2842 1058 2862 tes
1075 2839 1193 2867 angustius
1211 2839 1314 2865 Domini,
1333 2839 1405 2861 levius
1418 2842 1506 2861 vestras
1518 2838 1639 2867 portabitis
1648 2849 1669 2861 n.
1683 2839 1739 2862 [bid.
1752 2846 1821 2862 serm.
1835 2840 1871 2862 61.

1024 2885 1045 2900 n.
1065 2879 1091 2900 3:
1112 2887 1121 2898 «ι
1135 2878 1258 2900 Enimvero
1275 2884 1320 2900 non
1337 2878 1418 2900 sentiet
1433 2884 1488 2906 sua,
1505 2878 1561 2901 dum
1580 2879 1640 2901 iliius
1661 2879 1754 2901 vulnera
1778 2878 1874 2901 intuebi-

1025 2920 1091 2939 tur».
1110 2917 1132 2939 ln
1149 2917 1273 2946 illcnipulo
1290 2916 1377 2945 floram
1397 2917 1500 2939 Thomae
1517 2918 1546 2940 de
1564 2917 1671 2940 Hibernia
1690 2918 1745 2940 Ord.
1757 2918 1872 2943 Praedia,

1024 2955 1068 2977 sub
1086 2955 1178 2977 nominc
1196 2954 1277 2978 Passio
1294 2955 1418 2982 allegatur:
1436 2955 1620 2985 Cla-ysostomus
1632 2962 1701 2984 super
1714 2957 1790 2978 Mattn.
1803 2962 1822 2978 c.
1835 2956 1873 2979 27.
