2296 3316
0 439 102 489 ¹&Quat-tuin.

4 545 33 561 ,uo
44 539 104 558 oeten-

7 1140 108 1169 &Quomodo

14 1172 51 1186 rino
61 1166 108 1185 iudi-

733 125 902 154 COMMENT.
924 125 956 153 IN
977 124 1122 154 IOANNEM
1143 124 1171 153 C.
1194 125 1246 154 XII.

120 205 189 236 to¹z
216 217 230 232 <x
244 205 343 234 Fuistis
363 204 511 242 aliquando
538 203 680 237 tenebrae,
700 210 774 231 nunc
798 205 891 231 autem
912 203 962 230 lux

120 254 147 282 in
162 253 278 282 Domino
293 263 323 287 »;
345 254 372 281 et
392 252 445 280 hoc
466 250 602 279 credendo
623 249 651 277 in
671 257 752 282 eum,
773 249 807 277 de
821 257 877 285 quo
897 248 964 276 dici-

120 302 167 328 tur
181 299 214 327 ad
230 299 365 327 Hebraeos
379 298 484 335 primo:
511 308 525 321 α
536 296 604 324 Cum
621 295 655 324 sit
669 295 799 332 splendor
817 295 920 331 gloriae
937 296 965 322 et

119 346 210 383 figura
231 344 401 373 substantiae
421 343 481 372 eius
496 354 509 368 »
535 344 587 371 etc.

198 392 243 420 66.
266 391 354 426 (Vers.
377 390 445 425 47).
469 390 503 417 Et
515 389 544 417 si
556 388 622 426 quis
636 387 766 416 audierit
783 386 872 415 verba
889 393 963 414 mea.

119 438 252 475 Tangitur
274 437 319 465 hic
333 440 477 473 quartum,
500 435 603 463 scilicet
624 438 729 463 eontra
743 442 801 462 non
822 433 966 461 credentes

119 484 202 522 facta
223 482 428 515 comminatio;
449 485 476 510 et
497 481 580 510 simul
600 481 628 509 in
650 479 861 509 comminatione
875 481 966 508 osten-

119 531 160 560 dit
178 538 266 558 suam
287 528 494 565 beniynitatem
516 530 543 555 et
564 526 669 555 iudicii
694 526 881 554 severitatem.
902 526 966 554 Pro-

120 579 215 614 pterea
234 575 315 604 dicit:
338 574 392 603 Si2
413 574 479 612 quis
500 573 631 602 audierit
650 572 739 601 verba
763 580 828 600 mea
856 576 882 600 et
908 580 966 600 non

121 622 289 652 custodierit
316 629 367 655 ea,
395 629 445 658 eyo
466 629 524 648 non
552 620 649 648 iudico
670 628 753 653 eum,
774 619 801 647 id
829 622 885 653 est,
911 627 965 647 non

121 669 285 703 condemno,
307 671 334 697 et
355 668 407 696 hoc
421 670 535 704 propter
550 674 638 695 meam
659 666 878 703 benignitatem:
902 665 967 693 Non

121 717 198 746 enim
218 715 299 749 veni,
322 715 350 743 in
370 714 520 748 mundum,
543 717 576 742 uc
596 713 721 742 iudicem
735 713 896 747 mundum,
917 713 967 741 sed

121 767 155 792 ut
174 761 332 798 salvificem
352 761 515 793 mundum,-
536 768 622 797 supra
642 760 762 788 tertio-”¹1
789 760 871 788 «Non
893 759 967 787 misit

121 810 196 838 Deus
209 808 307 836 Filium
330 815 413 836 suum
427 807 453 835 in
478 807 626 840 mundum,
648 809 680 834 ut
693 806 796 835 iudicet
816 805 966 840 mundum,

122 855 170 885 sed
190 857 223 883 ut
247 855 369 883 salvetur
390 853 511 882 mundus
539 861 589 890 per
610 853 701 889 ipsum
716 864 747 887 »;
769 854 857 881 Lucae
879 861 966 881 nono:

127 914 141 928 «
158 902 241 931 Filius
262 901 382 930 hominis
403 909 457 929 non
480 901 554 929 venit
574 900 679 929 animas
700 900 830 937 perdere,
851 900 898 929 sed
918 900 968 929 sal-

122 955 188 977 vare
208 959 235 975 ».
267 947 321 976 Nec
351 950 443 975 tamen
471 946 602 983 effugient
632 946 810 974 severitatem
843 946 967 979 iudicii,-

122 997 235 1032 propter
256 993 330 1031 quod
350 993 431 1022 dicit:

203 1041 247 1069 67.
271 1041 359 1077 (Vers.
382 1040 450 1073 48).
474 1040 533 1076 Qui
548 1048 593 1068 me
613 1039 725 1077 spernit
738 1042 763 1067 et
782 1048 841 1067 non
862 1038 970 1075 accipit

123 1087 211 1116 verba
231 1095 296 1115 mea
317 1086 400 1115 habet
420 1087 472 1124 qui
492 1086 599 1115 indicet
622 1095 696 1114 eum.
719 1086 750 1114 Et
771 1086 834 1122 quis
861 1085 896 1113 sit
924 1085 969 1113 ille

124 1133 172 1170 qui
200 1133 315 1167 iudicat,
343 1133 475 1162 ostendit:
504 1132 618 1166 Sermo,
643 1141 725 1170 quem
751 1132 865 1160 locutus
888 1139 969 1164 sum,

124 1181 170 1210 ille
190 1180 333 1209 iudicabit
354 1188 419 1208 eum
440 1180 472 1208 in
492 1179 650 1208 novissimo
664 1179 725 1212 die,·
746 1179 873 1207 Matthaei
895 1178 970 1214 vige-

126 1228 194 1257 simo
215 1227 352 1264 quarto&
379 1238 392 1251 «
407 1226 518 1255 Caelum
540 1230 567 1254 et
588 1230 664 1254 terra
683 1225 856 1258 transibunt,
885 1224 971 1252 verba

126 1277 219 1303 autem
241 1282 303 1302 mea
317 1282 371 1302 nou
386 1273 577 1310 praeteribunt
592 1283 618 1306 »;
640 1272 726 1300 immo
744 1272 897 1305 «stabunt,
919 1271 971 1299 sic—

126 1324 158 1350 ut
182 1321 247 1349 dicit
268 1320 493 1357 Clirysostomus,
515 1319 542 1347 in
557 1319 653 1348 ordine
667 1318 861 1352 accusationis,
877 1317 971 1346 redar-

126 1367 239 1405 guentia
258 1374 305 1395 eos
329 1369 356 1395 et
376 1374 487 1395 omnem
511 1365 698 1394 abscindentia
718 1364 924 1393 excusationem
936 1375 970 1398 »3

127 1414 254 1443 Matthaei
282 1413 391 1450 quinto:
418 1424 431 1437 «
446 1413 508 1441 Esto
539 1412 713 1441 consentiens
737 1411 895 1440 adversario
924 1413 971 1439 tuo

128 1461 193 1495 cito,
208 1461 275 1489 dum
293 1468 323 1489 es
337 1468 399 1488 cum
416 1460 462 1488 illo
477 1459 503 1487 in
526 1459 570 1487 via
581 1471 594 1484 »
613 1461 674 1492 etc,
690 1458 852 1495 intelligitur
866 1457 900 1486 de
914 1465 972 1486 ser-

128 1514 209 1535 mone
230 1506 339 1535 Christi.
363 1506 394 1534 Et
415 1505 489 1542 quod
510 1513 601 1533 sermo
622 1512 691 1533 suus
713 1504 812 1532 habeat
839 1503 971 1532 virtutem

128 1553 266 1583 iudicandi
287 1561 349 1587 eos,
377 1552 547 1581 manifestat:
570 1551 635 1589 quia
662 1559 717 1579 non
738 1553 779 1579 est
807 1558 898 1579 sermo
920 1551 972 1579 hu-

128 1608 242 1634 manus,
264 1600 310 1629 sed
331 1599 441 1628 divinus
462 1602 489 1627 et
510 1606 606 1633 verus;
628 1601 776 1635 propterea
796 1597 875 1626 dicit:

1808 122 1865 151 423

1100 204 1144 231 68.
1167 203 1255 238 (Vers.
1277 203 1345 238 49).
1370 201 1448 237 Quia
1468 209 1518 238 39⁰
1532 208 1552 229 a
1566 209 1611 229 ‘me
1622 200 1633 218 ⁵
1648 200 1710 237 ipso
1724 208 1783 229 non
1796 209 1864 228 sum

1021 249 1147 282 loeium,
1169 249 1241 277 sicut
1260 256 1331 277 vane
1351 247 1504 285 gloriosus,
1525 247 1559 276 de
1580 255 1637 284 quo
1657 255 1757 284 supra:
1784 258 1798 272 α
1812 247 1864 283 Qui

1021 302 1037 322 a
1064 294 1211 330 semetipso
1242 294 1367 331 loquitur
1397 293 1513 331 gloriam
1544 293 1683 330 propriam
1715 294 1865 331 quaerit»;

1021 340 1071 368 sed
1091 340 1143 377 qui
1162 340 1243 368 misit
1263 349 1308 368 me
1328 341 1437 374 Pater,
1458 339 1504 368 ille
1523 338 1598 368 milti
1622 340 1797 368 mandatam
1819 340 1866 368 de-

1022 386 1080 420 dic,
1102 386 1174 424 quid
1193 387 1292 415 dicam
1312 390 1339 415 et
1358 387 1430 424 quid
1450 387 1562 425 loquar.
1579 387 1611 416 Et
1624 386 1685 416 ideo
1699 395 1749 424 ego
1768 387 1867 423 loquor

1022 433 1175 461 secundum
1196 433 1357 462 mandatum
1379 433 1447 462 eius.

1102 480 1147 507 69.
1170 479 1259 515 (Vers.
1282 480 1348 515 50).
1373 481 1407 508 Et
1425 480 1501 515 seio,
1523 480 1594 519 quia
1614 480 1792 509 mandatum
1805 479 1869 507 eius

1022 528 1063 554 est
1082 525 1144 554 vita
1164 527 1302 559 aeterna,·
1322 527 1396 555 unde
1417 527 1544 556 Matthaei
1565 527 1671 556 decimo
1686 526 1794 555 nono⁴³t
1815 537 1829 550 α
1841 525 1868 554 Si

1023 572 1064 600 vis
1085 572 1118 600 ad
1140 572 1223 600 vitam
1246 572 1365 609 ingredi,
1381 581 1461 602 serva
1476 574 1604 602 mandata
1618 585 1645 607 »ς
1663 572 1868 601 Deuteronomii

1024 619 1180 655 trigesimo:
1207 630 1220 643 α
1236 619 1310 656 Elige
1340 627 1406 656 ergo
1437 620 1535 654 vitam,
1557 622 1589 648 ut
1615 623 1643 648 et
1670 622 1701 647 tu
1729 619 1821 652 vivas,
1843 621 1870 647 et

1023 673 1116 694 semen
1137 668 1233 699 tuum,
1255 668 1283 694 et
1303 665 1399 703 diligas
1420 666 1566 695 Dominum
1588 667 1677 694 Deum
1692 668 1772 694 tuum
1787 668 1871 702 atque

1023 712 1134 740 obedias
1161 712 1220 741 voci
1249 712 1309 741 eius
1331 724 1357 747 »;
1386 716 1414 741 et
1441 713 1501 741 ideo
1529 721 1545 741 a
1572 712 1701 741 mandato
1729 711 1789 740 eius
1815 720 1869 741 non

1023 759 1138 788 declino.
1161 760 1275 796 Propter
1297 760 1371 797 quod
1391 759 1469 788 dicit:
1493 760 1574 795 Quae
1594 767 1662 795 erqo
1684 758 1786 795 loquor
1805 767 1868 796 eqo,

1023 806 1101 834 sient
1120 806 1196 834 (lixit
1222 805 1297 834 milti
1324 806 1431 840 Pater,
1452 806 1495 834 sic
1516 805 1635 843 loquor,·
1667 804 1733 840 quia
1753 804 1810 841 ipse
1832 806 1870 834 lo-

1024 861 1112 890 quens
1134 854 1217 881 homo
1238 861 1287 890 per
1308 853 1400 882 omnia
1424 860 1454 881 se
1484 852 1577 881 divino
1608 851 1738 879 mandato
1769 854 1796 880 et
1825 861 1871 881 vo—

1024 900 1122 928 luntati
1145 900 1347 933 eonformabat;
1376 907 1462 936 supra
1492 898 1627 927 octavo⁷:
1655 898 1758 934 «Quae
1777 899 1871 927 audivi

1024 955 1040 975 a
1061 947 1140 975 Patre
1162 947 1260 983 loquor
1282 947 1309 975 in
1333 946 1436 975 mundo
1451 958 1477 973 ».
1500 946 1532 973 Et
1552 945 1613 974 ideo
1627 953 1663 973 ex
1679 945 1731 974 hoc
1747 946 1805 974 vult
1820 946 1870 974 ha-

1025 993 1103 1027 bere,
1125 993 1200 1030 quod
1221 1001 1313 1021 sermo
1334 1001 1402 1021 suus
1423 1001 1476 1021 non
1499 994 1541 1021 est
1562 992 1743 1028 spernendus
1765 993 1812 1022 sed
1827 1000 1872 1020 ac-

1027 1039 1169 1076 cipiendus
1190 1042 1221 1067 ut
1242 1047 1333 1068 sermo
1363 1039 1489 1072 divinus;
1511 1038 1582 1067 sicut
1609 1038 1643 1067 de
1664 1039 1742 1068 bonis
1769 1039 1872 1068 (licitur

1025 1086 1131 1123 primae
1152 1086 1186 1114 ad
1206 1086 1464 1114 Thessalonicenses
1495 1085 1650 1114 secund0⁸2
1677 1097 1690 1111 «
1705 1086 1773 1115 Cum
1795 1093 1873 1114 acce-

1026 1132 1136 1168 pissetis
1164 1132 1281 1160 verbum
1310 1131 1422 1160 auditus
1452 1131 1516 1165 Dei,
1548 1132 1690 1169 accepistis
1717 1133 1785 1162 illud
1816 1140 1873 1161 non

1027 1178 1099 1206 sicut
1119 1178 1236 1206 verbum
1258 1178 1417 1211 hominum,
1433 1177 1496 1211 sed,
1511 1178 1582 1206 sicut
1596 1182 1637 1207 est
1652 1187 1732 1214 vere,
1754 1179 1872 1208 verbum

1027 1224 1091 1258 Dei,
1112 1224 1159 1260 qui
1181 1227 1314 1260 operatur
1335 1224 1362 1252 in
1384 1224 1475 1257 vobis,
1495 1224 1542 1261 qui
1564 1225 1717 1254 credidistis
1732 1238 1758 1253 ».

1348 1316 1548 1352 QUAEsnomzs.

1108 1411 1153 1437 70.
1176 1410 1286 1445 Quaest.
1310 1409 1327 1437 1.
1350 1409 1400 1437 Sed
1422 1394 1567 1446 quaeritur
1588 1411 1633 1439 hic
1654 1411 1746 1447 primo
1767 1410 1801 1438 de
1822 1410 1876 1438 hoc

1029 1456 1103 1494 quod
1124 1456 1206 1490 dicit,
1228 1456 1303 1493 quod
1316 1465 1375 1484 non
1387 1460 1521 1493 poterant
1541 1458 1671 1492 eredere,
1688 1458 1760 1496 qnia
1776 1457 1876 1485 Isaiae

1029 1503 1118 1532 dixit:
1142 1502 1319 1531 Excaecavit
1338 1506 1389 1531 etc.
1405 1519 1444 1523 —
1458 1503 1573 1532 Videtur
1594 1504 1699 1541 primo,
1715 1504 1791 1541 quod
1806 1503 1877 1531 male

1029 1550 1115 1584 dieat,
1131 1549 1210 1586 quia,
1225 1549 1247 1578 si
1262 1557 1317 1577 non
1332 1553 1460 1586 poterant
1474 1551 1596 1586 credere,
1611 1559 1677 1588 ergo
1692 1559 1747 1579 non
1762 1554 1823 1579 erat
1838 1550 1877 1578 eis

1029 1596 1225 1633 imputandum
1246 1596 1274 1624 in
1295 1600 1447 1633 peccatum.

192 1752 200 1765 ¹
218 1753 284 1775 Vers.
301 1753 322 1774 8.
335 1765 365 1769 -
377 1752 485 1780 Sequitur
502 1751 571 1774 Hebr.
585 1752 609 1779 1,
621 1752 648 1779 3,
666 1757 736 1780 quem
754 1751 790 1774 ed.
807 1751 897 1779 integre
912 1751 994 1779 allegat
1011 1753 1033 1773 et
1050 1750 1170 1778 subiungit
1181 1756 1230 1779 seq.
1242 1751 1348 1778 schema,
1366 1750 1429 1779 quod
1446 1751 1515 1773 etiam
1533 1750 1584 1773 cod.
1602 1751 1619 1772 E
1637 1750 1657 1772 in
1676 1756 1751 1777 marg.
1769 1748 1877 1771 exhibet:

192 1795 322 1818 Notandum
339 1797 416 1817 autem
424 1812 430 1822 ‚

342 1840 367 1860 ut
384 1838 420 1860 lux
437 1838 467 1860 ad
484 1837 645 1865 dirigendum,
663 1837 723 1859 loan.
742 1838 783 1865 12,
801 1837 842 1859 46;
864 1838 934 1865 «Ego
951 1838 988 1859 lux
1006 1837 1027 1859 in
1045 1837 1159 1859 mundum
1184 1836 1255 1863 veni,
1272 1839 1297 1859 ut
1313 1837 1401 1864 omnis,
1418 1837 1458 1866 qui
1475 1837 1548 1859 credit
1564 1837 1587 1859 in
1605 1842 1656 1863 me,
1673 1836 1695 1858 in
1714 1835 1814 1858 tenebris
1831 1840 1878 1857 non

389 1879 481 1899 maneat
492 1885 514 1898 ν).

344 1918 368 1938 ut
385 1915 476 1938 salviter
493 1915 521 1937 ad
539 1915 698 1942 liberandum,
716 1915 778 1938 unde
794 1915 870 1938 dictus
886 1918 920 1938 est
937 1916 1001 1938 Iesus
1008 1924 1017 1944 ,·
1035 1916 1110 1938 Lucae
1127 1915 1151 1943 9,
1170 1915 1212 1937 56:
1233 1923 1243 1934 ι(
1256 1915 1304 1937 Non
1322 1915 1385 1937 venit
1401 1915 1470 1937 Filius
1487 1915 1587 1937 hominis
1601 1914 1691 1936 animas
1709 1913 1820 1941 perdere,
1838 1912 1879 1935 sed

391 1955 480 1976 salvare
492 1963 513 1976 n.
530 1955 557 1976 Et
573 1955 634 1976 loan.
655 1955 693 1982 12,
712 1954 754 1976 47ε
775 1963 786 1974 ιι
798 1955 848 1976 Non
864 1954 916 1976 veni
934 1954 957 1976 in
974 1954 1101 1981 muudum,
1119 1957 1143 1976 ut
1160 1953 1261 1976 iudicem
1279 1954 1405 1983 mundum,
1423 1954 1464 1976 sed
1481 1956 1506 1976 ut
1522 1953 1648 1976 salvificem
1667 1952 1782 1975 mundum
1794 1961 1816 1974 n.

344 1996 368 2016 ut
384 1994 473 2016 amicus
489 1993 520 2016 ad
537 1993 736 2021 convescendum,
753 1993 828 2016 Lucae
847 1994 869 2015 11
880 2011 885 2020 ,
903 1993 925 2016 5.
947 1999 1009 2022 serp:
1029 2001 1040 2013 ιι
1052 1993 1143 2020 Amice,
1160 1993 1284 2015 commoda
1301 1992 1357 2015 mibi
1375 1995 1420 2015 tres
1441 1999 1524 2020 panes,
1541 1992 1651 2021 quoniam
1670 1991 1758 2013 amicus
1775 1996 1879 2017 meus»,

132 2039 196 2069 quod
207 2038 311 2062 Christus
391 2031 415 2054 id
432 2034 477 2060 est,
495 2031 608 2060 Christus,
629 2040 640 2051 α
653 2032 715 2054 venit
731 2032 761 2054 ad
778 2038 815 2054 me
832 2032 862 2054 de
878 2032 916 2054 via
927 2040 950 2054 n.

194 2071 258 2093 venit

344 2073 369 2093 ut
385 2076 485 2098 sponsus
501 2070 531 2093 ad
548 2070 740 2097 cohabitandum,
758 2071 834 2093 lllatth.
852 2070 893 2097 25,
911 2071 976 2093 6-10.
997 2071 1080 2093 dicitur
1098 2070 1239 2098 virginibus:
1261 2079 1272 2091 ιι
1283 2071 1352 2099 Ecce,
1368 2076 1468 2099 sponsus
1485 2070 1560 2097 venit,
1577 2069 1636 2091 exite
1658 2068 1753 2091 obviam
1770 2068 1791 2090 ei
1803 2076 1815 2088 ³>
1835 2070 1878 2090 ete.

394 2118 405 2129 α
418 2110 444 2131 Et
460 2115 520 2138 quae
537 2112 631 2137 paratae
647 2112 712 2132 erant
728 2109 871 2132 intraverunt
887 2115 940 2132 cum
958 2115 985 2132 eo
1003 2110 1031 2132 ad
1048 2110 1140 2137 nuptias
1150 2118 1172 2131 n.

345 2151 369 2171 ut
394 2154 433 2170 rex
458 2149 488 2171 ad
512 2148 704 2176 praesidendum,
730 2149 797 2171 Zach.
823 2148 849 2176 9,
867 2149 894 2170 9:
922 2157 933 2168 α
954 2149 1043 2171 Exsulta
1065 2149 1132 2177 satis,
1160 2148 1203 2170 filia
1230 2149 1296 2176 Sion,
1321 2148 1404 2175 iubila,
1431 2148 1476 2170 filia
1505 2147 1643 2170 Ierusalem:
1668 2147 1739 2173 Ecce,
1764 2152 1803 2168 rex
1829 2148 1882 2168 tuus

391 2187 468 2209 veniet
484 2187 524 2209 tibi
537 2196 558 2209 n.

344 2228 369 2248 ut
386 2226 455 2249 iudex
471 2226 501 2249 ad
525 2226 713 2254 retribuendum,
735 2226 785 2248 lsai.
810 2227 835 2253 3,
854 2225 897 2248 lb:
917 2226 1052 2249 «Dominus
1076 2227 1106 2249 ad
1126 2226 1237 2249 iudicium
1264 2227 1341 2249 veniet
1365 2232 1418 2249 cum
1441 2225 1572 2248 senioribus
1597 2224 1677 2252 populi
1702 2224 1737 2246 sui
1754 2226 1777 2246 et
1801 2223 1883 2252 princi-

392 2264 461 2292 pibus
477 2264 527 2286 eius
536 2273 557 2286 n.

195 2314 205 2327 ²
223 2316 321 2344 Vulgata
338 2315 367 2338 Et
383 2315 416 2344 si,
434 2321 494 2344 quae
511 2315 579 2337 etiam
597 2315 696 2338 subinde
712 2315 795 2337 omittit
811 2321 845 2338 ea.

196 2354 205 2368 ¹³
224 2356 288 2378 Vers.
307 2355 342 2378 17.
361 2369 390 2371 -
408 2356 516 2384 Sequitur
533 2356 587 2378 Luc.
605 2356 632 2383 9,
650 2355 687 2377 56.
704 2368 735 2372 —
752 2356 862 2384 August,
881 2355 902 2378 in
919 2356 980 2378 loan.

134 2396 221 2423 Evang.
233 2397 261 2417 tr.
273 2394 310 2417 54.
328 2401 350 2417 n.
369 2395 395 2417 5:
412 2395 477 2417 Nunc
493 2401 550 2423 ergo
568 2398 601 2417 est
618 2397 711 2423 tempus
729 2395 912 2424 misericordiae,
929 2397 982 2423 post

134 2434 177 2456 erit
193 2433 280 2456 iudicii.

197 2471 207 2484 ⁴¹
225 2472 288 2495 Vers.
307 2472 344 2495 35.
361 2485 392 2489 —
408 2472 512 2495 Subinde
534 2473 662 2501 allegantur
678 2472 795 2500 Chrysost.
812 2472 835 2494 in
858 2473 918 2495 loan.
941 2473 982 2495 ho-

135 2511 182 2534 mil.
195 2512 233 2533 69.
245 2511 309 2540 (alIas
321 2511 368 2540 68.)
381 2517 404 2533 n.
418 2512 439 2533 2.
455 2514 477 2533 et
494 2512 570 2533 lllatth.
588 2512 614 2540 5,
630 2511 673 2538 25,
690 2517 760 2540 quem
778 2512 854 2534 locum
871 2512 981 2539 August.,

136 2551 209 2573 Serm.
222 2551 242 2572 9.
256 2549 320 2579 (alias
332 2551 369 2572 96.
382 2550 411 2573 de
429 2551 567 2579 Tempore),
585 2557 605 2572 c.
618 2551 638 2572 3.
651 2557 674 2573 n.
688 2551 715 2577 3;
728 2550 801 2572 Serm.
816 2550 868 2572 109.
882 2550 947 2578 (alias
960 2551 981 2572 1.

135 2589 165 2612 de
175 2589 260 2611 Verbis
271 2589 386 2618 Domini),
398 2595 418 2611 c.
431 2589 453 2611 3.
464 2596 486 2611 n.
499 2590 525 2616 35
543 2590 617 2612 Serm.
635 2589 675 2612 251
684 2608 689 2612 ,
703 2589 768 2618 (alias
782 2589 803 2611 4.
815 2589 844 2612 de
857 2589 981 2618 Diversis),

137 2634 156 2650 e.
174 2629 196 2651 8.
213 2635 236 2650 n.
252 2628 275 2651 7.
292 2631 314 2651 et
331 2629 346 2651 l.
363 2628 393 2651 de
416 2629 527 2651 Sermone
549 2628 642 2650 Domini
658 2628 681 2650 in
703 2631 793 2656 monte,
810 2635 830 2651 c.
848 2629 885 2651 11.
902 2635 925 2651 n.
942 2629 980 2650 311.

137 2673 198 2696 seq.,
216 2667 318 2695 intelligit
335 2667 365 2690 de
381 2673 488 2690 sermone
504 2667 544 2689 Dei
562 2669 584 2689 et
600 2667 729 2695 praeceptis
740 2667 782 2689 Dei
788 2675 795 2693 ;
807 2666 839 2689 sic
851 2667 927 2695 primo
939 2667 982 2689 loc.

137 2706 175 2729 cit.
191 2706 234 2728 ait:
251 2707 311 2734 Ergo
328 2707 381 2735 quis
396 2709 431 2728 est
447 2706 610 2729 adversarius?
628 2706 709 2728 Sermo
726 2706 773 2728 Dei.
792 2707 872 2728 Sermo
890 2706 930 2728 Dei
942 2706 983 2728 ad-

136 2745 253 2767 versarius
270 2747 322 2767 tuus
338 2747 379 2767 est.
398 2745 474 2773 Quare
490 2744 638 2767 adversarius
649 2745 700 2767 est?
712 2744 769 2772 Quia
782 2744 893 2766 contraria
906 2744 982 2772 iubet,

138 2789 208 2812 quam
220 2785 244 2806 tu
257 2783 312 2806 racis
322 2786 365 2806 etc.
378 2783 423 2806 Csr.
434 2784 513 2806 Glossa
525 2782 650 2806 ordinaria
664 2783 699 2811 (ex
711 2783 782 2812 Beda)
795 2783 818 2805 in
827 2784 881 2805 Luc.
892 2783 932 2810 12,
945 2784 982 2810 58,

138 2823 161 2843 et
177 2822 299 2850 Bernard.,
317 2822 390 2844 Serm.
409 2822 462 2844 124,
479 2822 509 2844 de
525 2822 640 2848 Diversis,
657 2827 680 2843 n.
698 2822 718 2843 1.

201 2859 210 2872 ⁵
228 2861 325 2889 Vulgata
342 2867 372 2884 ex
389 2867 437 2889 me,
454 2867 515 2890 quae
531 2861 599 2883 etiam
621 2860 716 2883 interius
733 2861 781 2890 ipse
802 2859 862 2883 milti
882 2866 924 2888 pro
945 2860 984 2883 ille

138 2899 198 2922 mihi
220 2912 251 2916 —
268 2900 376 2929 Sequitur
393 2901 452 2922 ioan.
470 2901 497 2928 7,
516 2900 553 2922 18.

1099 2314 1109 2327 ⁵
1126 2316 1191 2338 Vers.
1210 2315 1247 2338 17.
1263 2329 1294 2333 -
1311 2315 1413 2338 Subinde
1430 2316 1541 2343 allegatur
1557 2314 1623 2337 Deut.
1642 2314 1684 2340 30,
1703 2314 1740 2335 19.
1756 2319 1805 2342 seq.

1100 2352 1108 2366 ⁷
1126 2355 1191 2377 Vers.
1208 2355 1245 2376 26.
1263 2367 1293 2371 -
1311 2355 1332 2377 S.
1353 2355 1449 2381 Thom.,
1467 2354 1490 2376 in
1510 2354 1570 2376 ioan.
1589 2353 1631 2379 12,
1648 2352 1686 2375 50.
1709 2352 1760 2375 lect.
1776 2351 1799 2374 7.
1815 2358 1838 2374 n.
1857 2352 1883 2374 3:

1039 2392 1104 2421 Quae
1120 2400 1177 2423 erqo
1194 2399 1236 2422 eyo
1260 2393 1368 2423 loquor...
1392 2393 1459 2421 Quod
1481 2392 1612 2415 secundum
1634 2390 1825 2419 chrysostomum
1849 2391 1885 2419 [in

1038 2433 1096 2455 loan.
1115 2433 1192 2455 homil.
1209 2433 1246 2455 69,
1264 2432 1318 2454 alias
1336 2432 1373 2454 68.
1389 2439 1404 2454 n
1422 2431 1456 2461 2.]
1469 2431 1564 2459 planum
1575 2433 1622 2457 est3
1635 2433 1659 2452 ut
1671 2430 1700 2452 sit
1712 2436 1805 2452 sensus:
1820 2429 1886 2458 Quae

1037 2478 1079 2501 eqo
1098 2471 1190 2501 loquor,
1207 2471 1305 2494 exterius
1327 2470 1497 2499 praedicando,
1514 2469 1576 2493 sicut
1599 2468 1661 2492 dimit
1677 2467 1737 2491 mihi
1756 2468 1835 2496 Pater,
1852 2467 1886 2491 sic

1038 2510 1130 2540 loquor,
1149 2510 1171 2532 id
1188 2513 1234 2538 est,
1251 2510 1274 2532 in
1290 2511 1402 2538 quantum
1414 2508 1494 2536 accepi
1505 2507 1610 2530 notitIam
1626 2507 1656 2530 ab
1673 2513 1714 2534 e0;
1726 2509 1751 2530 ut
1762 2507 1887 2535 intelligan-

1038 2552 1075 2572 tur
1092 2549 1121 2571 de
1138 2548 1227 2572 Christo
1244 2548 1371 2571 secundum
1389 2548 1452 2576 quod
1478 2548 1556 2569 homo.
1580 2546 1625 2569 Sed
1642 2546 1661 2569 si
1683 2546 1836 2574 intelligantur
1852 2552 1887 2568 se-

1038 2588 1140 2611 cundum
1158 2587 1311 2615 Augustinum
1329 2586 1363 2616 [in
1381 2587 1442 2609 toan.
1459 2587 1546 2614 Evang.
1563 2587 1592 2608 tr.
1609 2585 1647 2607 54.
1664 2591 1687 2607 n.
1705 2584 1739 2614 8.]
1756 2585 1786 2607 de
1797 2584 1886 2607 Christo

1038 2626 1166 2649 secundum
1189 2626 1253 2655 quod
1273 2626 1342 2648 Filius
1358 2625 1412 2652 Dei,
1430 2625 1550 2653 quomodo
1567 2624 1623 2647 dicit
1639 2624 1659 2646 ei
1677 2624 1750 2651 Pater,
1766 2630 1820 2646 cum
1838 2624 1888 2652 ipse

1039 2667 1068 2689 sit
1079 2665 1200 2688 Verbum?
1218 2666 1252 2687 Ad
1269 2665 1333 2694 quod
1350 2664 1490 2691 dicendum,
1507 2663 1571 2693 quod
1589 2669 1634 2686 non
1652 2663 1681 2686 ita
1699 2663 1755 2686 dixit
1771 2663 1804 2692 ei,
1821 2663 1888 2692 quasi

1040 2711 1081 2734 per
1098 2704 1169 2727 verba
1187 2705 1276 2726 locutus
1292 2704 1321 2726 sit
1337 2703 1405 2726 unico
1424 2702 1501 2725 Verbo
1518 2709 1574 2730 suo,
1591 2702 1633 2725 sed
1649 2702 1683 2725 sic
1700 2702 1756 2724 dixit
1772 2702 1837 2724 Pater
1853 2701 1888 2724 Fi-

1040 2743 1081 2770 lio,
1099 2743 1158 2765 sicut
1175 2742 1295 2770 generavit
1308 2747 1362 2763 eum
1376 2742 1441 2763 Pater
1453 2743 1475 2763 et
1492 2741 1551 2763 sicut
1567 2739 1629 2764 dedit
1645 2740 1668 2763 ei
1682 2739 1756 2764 vitam
1767 2739 1851 2763 habere
1863 2739 1887 2762 in

1039 2781 1165 2811 semetipso
1178 2781 1257 2810 [supra
1271 2781 1297 2808 5,
1310 2781 1357 2808 26.]
1370 2781 1452 2802 psalm.
1466 2781 1492 2807 2,
1504 2780 1519 2802 7
1530 2788 1535 2801 :
1547 2779 1664 2803 Dominus
1676 2778 1738 2802 dizit
1749 2778 1781 2802 ad
1797 2785 1833 2802 me
1844 2781 1888 2801 etc.

1041 2821 1086 2844 Ctr.
1104 2826 1175 2848 supra
1192 2826 1247 2848 pag.
1268 2820 1326 2846 311,
1349 2821 1402 2841 nota
1426 2819 1447 2841 1.
1463 2831 1494 2835 -
1511 2818 1624 2847 Superius
1641 2825 1684 2847 pro
1702 2817 1797 2847 loquens
1817 2817 1886 2840 homo

1040 2860 1077 2882 ed.
1094 2861 1120 2882 ut
1137 2859 1208 2882 homo
1225 2858 1331 2888 loquens.

1103 2896 1112 2909 Β
1131 2898 1196 2920 vers.
1213 2897 1250 2919 13.

1889 949 2005 968 Notandum.
