<?xml version="1.0" encoding="UTF-8"?>
<!DOCTYPE html PUBLIC "-//W3C//DTD XHTML 1.0 Transitional//EN"
    "http://www.w3.org/TR/xhtml1/DTD/xhtml1-transitional.dtd">
<html xmlns="http://www.w3.org/1999/xhtml" xml:lang="en" lang="en">
 <head>
  <title>
</title>
<meta http-equiv="Content-Type" content="text/html;charset=utf-8" />
  <meta name='ocr-system' content='tesseract 3.04.00' />
  <meta name='ocr-capabilities' content='ocr_page ocr_carea ocr_par ocr_line ocrx_word'/>
</head>
<body>
  <div class='ocr_page' id='page_1' title='image "./doctorisseraphic06bona_0329.png"; bbox 0 0 2296 3316; ppageno 0'>
   <div class='ocr_carea' id='block_1_1' title="bbox 74 330 131 354">
    <p class='ocr_par' dir='ltr' id='par_1_1' title="bbox 74 330 131 354">
     <span class='ocr_line' id='line_1_1' title="bbox 74 330 131 354; baseline -0.018 -5"><span class='ocrx_word' id='word_1_1' title='bbox 74 330 131 354; x_wconf 76' lang='lat' dir='ltr'>Resp.</span> 
     </span>
    </p>
   </div>
   <div class='ocr_carea' id='block_1_2' title="bbox 6 512 137 631">
    <p class='ocr_par' dir='ltr' id='par_1_2' title="bbox 6 512 135 544">
     <span class='ocr_line' id='line_1_2' title="bbox 6 512 135 544; baseline -0.023 -6"><span class='ocrx_word' id='word_1_2' title='bbox 6 512 86 544; x_wconf 56' lang='lat' dir='ltr'>[Tertio.</span> <span class='ocrx_word' id='word_1_3' title='bbox 98 522 135 536; x_wconf 86' lang='lat' dir='ltr'>ma·</span> 
     </span>
    </p>

    <p class='ocr_par' dir='ltr' id='par_1_3' title="bbox 8 542 137 564">
     <span class='ocr_line' id='line_1_3' title="bbox 8 542 137 564; baseline -0.016 -3"><span class='ocrx_word' id='word_1_4' title='bbox 8 542 98 561; x_wconf 65' lang='lat' dir='ltr'>uitestauo</span> <span class='ocrx_word' id='word_1_5' title='bbox 103 545 137 564; x_wconf 82' lang='lat' dir='ltr'>per</span> 
     </span>
    </p>

    <p class='ocr_par' dir='ltr' id='par_1_4' title="bbox 8 565 135 631">
     <span class='ocr_line' id='line_1_4' title="bbox 8 565 135 588; baseline -0.016 -4"><span class='ocrx_word' id='word_1_6' title='bbox 8 565 135 588; x_wconf 61' lang='lat' dir='ltr'>&lt;regeneratio-</span> 
     </span>
     <span class='ocr_line' id='line_1_5' title="bbox 24 589 128 608; baseline -0.019 0"><span class='ocrx_word' id='word_1_7' title='bbox 24 590 52 608; x_wconf 82' lang='lat' dir='ltr'>uis</span> <span class='ocrx_word' id='word_1_8' title='bbox 63 589 128 607; x_wconf 80' lang='lat' dir='ltr'>Sacra-</span> 
     </span>
     <span class='ocr_line' id='line_1_6' title="bbox 29 613 117 631; baseline -0.011 0"><span class='ocrx_word' id='word_1_9' title='bbox 29 613 117 631; x_wconf 79' lang='lat' dir='ltr'>mentum.</span> 
     </span>
    </p>
   </div>
   <div class='ocr_carea' id='block_1_3' title="bbox 5 705 132 734">
    <p class='ocr_par' dir='ltr' id='par_1_5' title="bbox 5 705 132 734">
     <span class='ocr_line' id='line_1_7' title="bbox 5 705 132 734; baseline -0.016 -8"><span class='ocrx_word' id='word_1_10' title='bbox 5 715 8 730; x_wconf 64' lang='grc' dir='ltr'><strong>ς</strong></span> <span class='ocrx_word' id='word_1_11' title='bbox 32 706 100 734; x_wconf 76' lang='lat' dir='ltr'>Divisio</span> <span class='ocrx_word' id='word_1_12' title='bbox 112 705 132 724; x_wconf 83' lang='lat' dir='ltr'>in</span> 
     </span>
    </p>
   </div>
   <div class='ocr_carea' id='block_1_4' title="bbox 6 940 135 1100">
    <p class='ocr_par' dir='ltr' id='par_1_6' title="bbox 6 940 135 1100">
     <span class='ocr_line' id='line_1_8' title="bbox 12 940 135 965; baseline -0.016 -5"><span class='ocrx_word' id='word_1_13' title='bbox 12 940 99 965; x_wconf 63' lang='lat' dir='ltr'>expositio</span> <span class='ocrx_word' id='word_1_14' title='bbox 106 940 135 959; x_wconf 82' lang='lat' dir='ltr'>lit-</span> 
     </span>
     <span class='ocr_line' id='line_1_9' title="bbox 37 964 106 983; baseline -0.014 0"><span class='ocrx_word' id='word_1_15' title='bbox 37 964 106 983; x_wconf 81' lang='lat' dir='ltr'>tei-alis.</span> 
     </span>
     <span class='ocr_line' id='line_1_10' title="bbox 27 987 131 1010; baseline 0 -4"><span class='ocrx_word' id='word_1_16' title='bbox 27 988 95 1010; x_wconf 82' lang='lat' dir='ltr'>Primo,</span> <span class='ocrx_word' id='word_1_17' title='bbox 108 987 131 1006; x_wconf 79' lang='lat' dir='ltr'>de</span> 
     </span>
     <span class='ocr_line' id='line_1_11' title="bbox 6 1011 130 1038; baseline -0.008 -8"><span class='ocrx_word' id='word_1_18' title='bbox 6 1011 130 1038; x_wconf 62' lang='lat' dir='ltr'>duplicipuri-</span> 
     </span>
     <span class='ocr_line' id='line_1_12' title="bbox 12 1035 99 1053; baseline 0 0"><span class='ocrx_word' id='word_1_19' title='bbox 12 1035 99 1053; x_wconf 62' lang='lat' dir='ltr'>filiatione.</span> 
     </span>
     <span class='ocr_line' id='line_1_13' title="bbox 28 1058 132 1077; baseline -0.01 0"><span class='ocrx_word' id='word_1_20' title='bbox 28 1058 55 1077; x_wconf 80' lang='lat' dir='ltr'>Ba</span> <span class='ocrx_word' id='word_1_21' title='bbox 68 1058 132 1076; x_wconf 81' lang='lat' dir='ltr'>tismus</span> 
     </span>
     <span class='ocr_line' id='line_1_14' title="bbox 42 1081 116 1100; baseline 0 0"><span class='ocrx_word' id='word_1_22' title='bbox 42 1081 56 1100; x_wconf 89' lang='lat' dir='ltr'>C</span> <span class='ocrx_word' id='word_1_23' title='bbox 69 1081 116 1100; x_wconf 86' lang='lat' dir='ltr'>risti.</span> 
     </span>
    </p>
   </div>
   <div class='ocr_carea' id='block_1_5' title="bbox 6 963 8 1032">
    <p class='ocr_par' dir='ltr' id='par_1_7' title="bbox 6 963 8 1032">
     <span class='ocr_line' id='line_1_15' title="bbox 6 963 8 1032; baseline 0 0"><span class='ocrx_word' id='word_1_24' title='bbox 6 963 8 1032; x_wconf 95' lang='lat' dir='ltr'> </span> 
     </span>
    </p>
   </div>
   <div class='ocr_carea' id='block_1_6' title="bbox 32 1503 135 1546">
    <p class='ocr_par' dir='ltr' id='par_1_8' title="bbox 32 1503 135 1546">
     <span class='ocr_line' id='line_1_16' title="bbox 32 1503 135 1528; baseline -0.01 -6"><span class='ocrx_word' id='word_1_25' title='bbox 32 1503 135 1528; x_wconf 79' lang='lat' dir='ltr'>Baptismus</span> 
     </span>
     <span class='ocr_line' id='line_1_17' title="bbox 44 1526 122 1546; baseline 0 -1"><span class='ocrx_word' id='word_1_26' title='bbox 44 1526 122 1546; x_wconf 82' lang='lat' dir='ltr'>Ioannis.</span> 
     </span>
    </p>
   </div>
   <div class='ocr_carea' id='block_1_7' title="bbox 771 102 1274 132">
    <p class='ocr_par' dir='ltr' id='par_1_9' title="bbox 771 102 1274 132">
     <span class='ocr_line' id='line_1_18' title="bbox 771 102 1274 132; baseline 0.002 -1"><span class='ocrx_word' id='word_1_27' title='bbox 771 103 940 132; x_wconf 88' lang='lat' dir='ltr'>COMMENT.</span> <span class='ocrx_word' id='word_1_28' title='bbox 963 103 995 131; x_wconf 94' lang='lat' dir='ltr'>IN</span> <span class='ocrx_word' id='word_1_29' title='bbox 1016 102 1162 132; x_wconf 74' lang='lat' dir='ltr'>IOANNEM</span> <span class='ocrx_word' id='word_1_30' title='bbox 1183 103 1210 132; x_wconf 93' lang='lat' dir='ltr'>C.</span> <span class='ocrx_word' id='word_1_31' title='bbox 1234 104 1274 132; x_wconf 89' lang='lat' dir='ltr'>Ill.</span> 
     </span>
    </p>
   </div>
   <div class='ocr_carea' id='block_1_8' title="bbox 147 182 999 2046">
    <p class='ocr_par' dir='ltr' id='par_1_10' title="bbox 147 182 992 258">
     <span class='ocr_line' id='line_1_19' title="bbox 147 182 992 219; baseline -0.002 -8"><span class='ocrx_word' id='word_1_32' title='bbox 147 183 224 212; x_wconf 82' lang='lat' dir='ltr'>venit</span> <span class='ocrx_word' id='word_1_33' title='bbox 243 183 283 211; x_wconf 86' lang='lat' dir='ltr'>ad</span> <span class='ocrx_word' id='word_1_34' title='bbox 304 182 411 211; x_wconf 82' lang='lat' dir='ltr'>lucem:</span> <span class='ocrx_word' id='word_1_35' title='bbox 433 190 499 219; x_wconf 84' lang='lat' dir='ltr'>ergo</span> <span class='ocrx_word' id='word_1_36' title='bbox 520 182 614 211; x_wconf 82' lang='lat' dir='ltr'>nullus</span> <span class='ocrx_word' id='word_1_37' title='bbox 635 189 759 218; x_wconf 87' lang='lat' dir='ltr'>unquam</span> <span class='ocrx_word' id='word_1_38' title='bbox 780 184 908 218; x_wconf 88' lang='lat' dir='ltr'>peccator</span> <span class='ocrx_word' id='word_1_39' title='bbox 928 188 992 209; x_wconf 91' lang='lat' dir='ltr'>con-</span> 
     </span>
     <span class='ocr_line' id='line_1_20' title="bbox 150 229 434 258; baseline -0.004 0"><span class='ocrx_word' id='word_1_40' title='bbox 150 229 268 258; x_wconf 88' lang='lat' dir='ltr'>vertitur</span> <span class='ocrx_word' id='word_1_41' title='bbox 288 229 322 258; x_wconf 86' lang='lat' dir='ltr'>ad</span> <span class='ocrx_word' id='word_1_42' title='bbox 343 229 434 258; x_wconf 87' lang='lat' dir='ltr'>fidem.</span> 
     </span>
    </p>

    <p class='ocr_par' dir='ltr' id='par_1_11' title="bbox 148 274 992 453">
     <span class='ocr_line' id='line_1_21' title="bbox 226 274 992 313; baseline -0.004 -8"><span class='ocrx_word' id='word_1_43' title='bbox 226 275 470 313; x_wconf 87' lang='lat' dir='ltr'>Respondendum‚</span> <span class='ocrx_word' id='word_1_44' title='bbox 485 275 559 312; x_wconf 92' lang='lat' dir='ltr'>quod</span> <span class='ocrx_word' id='word_1_45' title='bbox 580 275 712 312; x_wconf 79' lang='lat' dir='ltr'>quamdiu</span> <span class='ocrx_word' id='word_1_46' title='bbox 733 274 821 311; x_wconf 82' lang='lat' dir='ltr'>diligit</span> <span class='ocrx_word' id='word_1_47' title='bbox 838 282 950 303; x_wconf 85' lang='lat' dir='ltr'>manere</span> <span class='ocrx_word' id='word_1_48' title='bbox 964 274 992 302; x_wconf 92' lang='lat' dir='ltr'>in</span> 
     </span>
     <span class='ocr_line' id='line_1_22' title="bbox 149 320 992 359; baseline -0.002 -8"><span class='ocrx_word' id='word_1_49' title='bbox 149 322 219 351; x_wconf 90' lang='lat' dir='ltr'>malo</span> <span class='ocrx_word' id='word_1_50' title='bbox 239 330 336 359; x_wconf 87' lang='lat' dir='ltr'>opere,</span> <span class='ocrx_word' id='word_1_51' title='bbox 351 321 385 350; x_wconf 87' lang='lat' dir='ltr'>ad</span> <span class='ocrx_word' id='word_1_52' title='bbox 401 322 488 350; x_wconf 90' lang='lat' dir='ltr'>lucem</span> <span class='ocrx_word' id='word_1_53' title='bbox 508 330 562 350; x_wconf 90' lang='lat' dir='ltr'>non</span> <span class='ocrx_word' id='word_1_54' title='bbox 583 321 672 354; x_wconf 79' lang='lat' dir='ltr'>venit:</span> <span class='ocrx_word' id='word_1_55' title='bbox 692 321 739 350; x_wconf 91' lang='lat' dir='ltr'>sed</span> <span class='ocrx_word' id='word_1_56' title='bbox 760 321 781 350; x_wconf 92' lang='lat' dir='ltr'>si</span> <span class='ocrx_word' id='word_1_57' title='bbox 804 320 915 357; x_wconf 81' lang='lat' dir='ltr'>incipiat</span> <span class='ocrx_word' id='word_1_58' title='bbox 935 328 992 349; x_wconf 86' lang='lat' dir='ltr'>ma-</span> 
     </span>
     <span class='ocr_line' id='line_1_23' title="bbox 148 367 991 405; baseline -0.004 -7"><span class='ocrx_word' id='word_1_59' title='bbox 148 370 205 398; x_wconf 93' lang='lat' dir='ltr'>lum</span> <span class='ocrx_word' id='word_1_60' title='bbox 227 369 319 403; x_wconf 87' lang='lat' dir='ltr'>odire,</span> <span class='ocrx_word' id='word_1_61' title='bbox 341 371 406 397; x_wconf 88' lang='lat' dir='ltr'>tunc</span> <span class='ocrx_word' id='word_1_62' title='bbox 431 371 521 405; x_wconf 84' lang='lat' dir='ltr'>potest</span> <span class='ocrx_word' id='word_1_63' title='bbox 541 368 574 397; x_wconf 88' lang='lat' dir='ltr'>ad</span> <span class='ocrx_word' id='word_1_64' title='bbox 596 368 685 397; x_wconf 90' lang='lat' dir='ltr'>lucem</span> <span class='ocrx_word' id='word_1_65' title='bbox 707 367 817 402; x_wconf 89' lang='lat' dir='ltr'>venire;</span> <span class='ocrx_word' id='word_1_66' title='bbox 839 371 866 396; x_wconf 89' lang='lat' dir='ltr'>et</span> <span class='ocrx_word' id='word_1_67' title='bbox 887 367 926 396; x_wconf 90' lang='lat' dir='ltr'>sic</span> <span class='ocrx_word' id='word_1_68' title='bbox 946 375 991 396; x_wconf 88' lang='lat' dir='ltr'>ve-</span> 
     </span>
     <span class='ocr_line' id='line_1_24' title="bbox 148 415 701 453; baseline -0.002 -9"><span class='ocrx_word' id='word_1_69' title='bbox 148 416 228 445; x_wconf 90' lang='lat' dir='ltr'>niunt</span> <span class='ocrx_word' id='word_1_70' title='bbox 248 419 405 453; x_wconf 79' lang='lat' dir='ltr'>peccatores</span> <span class='ocrx_word' id='word_1_71' title='bbox 431 423 480 452; x_wconf 89' lang='lat' dir='ltr'>per</span> <span class='ocrx_word' id='word_1_72' title='bbox 501 415 701 444; x_wconf 79' lang='lat' dir='ltr'>contritionem.</span> 
     </span>
    </p>

    <p class='ocr_par' dir='ltr' id='par_1_12' title="bbox 148 460 993 874">
     <span class='ocr_line' id='line_1_25' title="bbox 226 460 992 490; baseline -0.001 0"><span class='ocrx_word' id='word_1_73' title='bbox 226 462 271 490; x_wconf 84' lang='lat'>39.</span> <span class='ocrx_word' id='word_1_74' title='bbox 296 462 364 490; x_wconf 86' lang='lat' dir='ltr'>Post</span> <span class='ocrx_word' id='word_1_75' title='bbox 384 460 454 490; x_wconf 83' lang='lat' dir='ltr'>ltaee</span> <span class='ocrx_word' id='word_1_76' title='bbox 474 461 551 490; x_wconf 79' lang='lat' dir='ltr'>venit</span> <span class='ocrx_word' id='word_1_77' title='bbox 574 462 655 490; x_wconf 85' lang='lat' dir='ltr'>Iesus</span> <span class='ocrx_word' id='word_1_78' title='bbox 676 465 726 490; x_wconf 90' lang='lat' dir='ltr'>etc.</span> <span class='ocrx_word' id='word_1_79' title='bbox 756 461 936 490; x_wconf 80' lang='lat' dir='ltr'>Manifestavit</span> <span class='ocrx_word' id='word_1_80' title='bbox 964 468 992 489; x_wconf 91' lang='lat' dir='ltr'>se</span> 
     </span>
     <span class='ocr_line' id='line_1_26' title="bbox 148 507 991 545; baseline -0.002 -8"><span class='ocrx_word' id='word_1_81' title='bbox 148 509 281 537; x_wconf 91' lang='lat' dir='ltr'>Dominus</span> <span class='ocrx_word' id='word_1_82' title='bbox 302 508 406 537; x_wconf 86' lang='lat' dir='ltr'>ludaeis</span> <span class='ocrx_word' id='word_1_83' title='bbox 427 508 538 537; x_wconf 91' lang='lat' dir='ltr'>virtutis</span> <span class='ocrx_word' id='word_1_84' title='bbox 559 509 636 545; x_wconf 83' lang='lat' dir='ltr'>signo</span> <span class='ocrx_word' id='word_1_85' title='bbox 657 511 684 537; x_wconf 87' lang='lat' dir='ltr'>et</span> <span class='ocrx_word' id='word_1_86' title='bbox 707 507 870 537; x_wconf 90' lang='lat' dir='ltr'>eruditionis</span> <span class='ocrx_word' id='word_1_87' title='bbox 891 507 976 535; x_wconf 88' lang='lat' dir='ltr'>verbo</span> <span class='ocrx_word' id='word_1_88' title='bbox 984 517 991 542; x_wconf 81' lang='lat'>;</span> 
     </span>
     <span class='ocr_line' id='line_1_27' title="bbox 148 553 992 592; baseline -0.002 -8"><span class='ocrx_word' id='word_1_89' title='bbox 148 555 193 584; x_wconf 85' lang='lat' dir='ltr'>hic</span> <span class='ocrx_word' id='word_1_90' title='bbox 213 555 368 584; x_wconf 85' lang='lat' dir='ltr'>manifestat</span> <span class='ocrx_word' id='word_1_91' title='bbox 390 563 418 584; x_wconf 88' lang='lat' dir='ltr'>se</span> <span class='ocrx_word' id='word_1_92' title='bbox 440 554 666 592; x_wconf 61' lang='lat' dir='ltr'>regenerationis</span> <span class='ocrx_word' id='word_1_93' title='bbox 695 555 901 587; x_wconf 82' lang='lat' dir='ltr'>Saeramento,</span> <span class='ocrx_word' id='word_1_94' title='bbox 923 553 992 582; x_wconf 87' lang='lat' dir='ltr'>reci-</span> 
     </span>
     <span class='ocr_line' id='line_1_28' title="bbox 148 600 993 639; baseline -0.004 -8"><span class='ocrx_word' id='word_1_95' title='bbox 148 601 246 639; x_wconf 87' lang='lat' dir='ltr'>piendo</span> <span class='ocrx_word' id='word_1_96' title='bbox 268 602 380 631; x_wconf 89' lang='lat' dir='ltr'>Iudaeos</span> <span class='ocrx_word' id='word_1_97' title='bbox 401 601 434 630; x_wconf 89' lang='lat' dir='ltr'>ad</span> <span class='ocrx_word' id='word_1_98' title='bbox 450 601 626 638; x_wconf 89' lang='lat' dir='ltr'>baptismum.</span> <span class='ocrx_word' id='word_1_99' title='bbox 649 601 681 629; x_wconf 89' lang='lat' dir='ltr'>Et</span> <span class='ocrx_word' id='word_1_100' title='bbox 701 601 768 638; x_wconf 87' lang='lat' dir='ltr'>quia</span> <span class='ocrx_word' id='word_1_101' title='bbox 782 604 837 629; x_wconf 85' lang='lat' dir='ltr'>tam</span> <span class='ocrx_word' id='word_1_102' title='bbox 860 600 993 629; x_wconf 86' lang='lat' dir='ltr'>Dominus</span> 
     </span>
     <span class='ocr_line' id='line_1_29' title="bbox 148 647 993 686; baseline -0.002 -9"><span class='ocrx_word' id='word_1_103' title='bbox 148 656 232 686; x_wconf 87' lang='lat' dir='ltr'>quam</span> <span class='ocrx_word' id='word_1_104' title='bbox 254 649 366 677; x_wconf 88' lang='lat' dir='ltr'>loannes</span> <span class='ocrx_word' id='word_1_105' title='bbox 391 648 561 685; x_wconf 87' lang='lat' dir='ltr'>baptizabat,</span> <span class='ocrx_word' id='word_1_106' title='bbox 592 650 619 676; x_wconf 90' lang='lat' dir='ltr'>et</span> <span class='ocrx_word' id='word_1_107' title='bbox 640 651 730 676; x_wconf 88' lang='lat' dir='ltr'>tamen</span> <span class='ocrx_word' id='word_1_108' title='bbox 763 647 838 676; x_wconf 89' lang='lat' dir='ltr'>solus</span> <span class='ocrx_word' id='word_1_109' title='bbox 859 647 993 675; x_wconf 84' lang='lat' dir='ltr'>Dominus</span> 
     </span>
     <span class='ocr_line' id='line_1_30' title="bbox 149 694 993 733; baseline -0.004 -9"><span class='ocrx_word' id='word_1_110' title='bbox 149 695 342 733; x_wconf 84' lang='lat' dir='ltr'>regenerabat;</span> <span class='ocrx_word' id='word_1_111' title='bbox 364 695 425 723; x_wconf 89' lang='lat' dir='ltr'>ideo</span> <span class='ocrx_word' id='word_1_112' title='bbox 443 695 532 731; x_wconf 91' lang='lat' dir='ltr'>primo</span> <span class='ocrx_word' id='word_1_113' title='bbox 552 694 738 723; x_wconf 78' lang='lat' dir='ltr'>introducitur</span> <span class='ocrx_word' id='word_1_114' title='bbox 753 694 853 722; x_wconf 83' lang='lat' dir='ltr'>Christi</span> <span class='ocrx_word' id='word_1_115' title='bbox 876 697 903 722; x_wconf 92' lang='lat' dir='ltr'>et</span> <span class='ocrx_word' id='word_1_116' title='bbox 918 694 993 722; x_wconf 91' lang='lat' dir='ltr'>loan-</span> 
     </span>
     <span class='ocr_line' id='line_1_31' title="bbox 148 741 993 780; baseline -0.002 -9"><span class='ocrx_word' id='word_1_117' title='bbox 148 743 191 772; x_wconf 88' lang='lat' dir='ltr'>nis</span> <span class='ocrx_word' id='word_1_118' title='bbox 210 742 396 780; x_wconf 77' lang='lat' dir='ltr'>purifieatio;</span> <span class='ocrx_word' id='word_1_119' title='bbox 427 742 562 776; x_wconf 85' lang='lat' dir='ltr'>secundo,</span> <span class='ocrx_word' id='word_1_120' title='bbox 591 742 625 770; x_wconf 90' lang='lat' dir='ltr'>de</span> <span class='ocrx_word' id='word_1_121' title='bbox 657 741 848 778; x_wconf 82' lang='lat' dir='ltr'>praecellentia</span> <span class='ocrx_word' id='word_1_122' title='bbox 878 748 993 769; x_wconf 87' lang='lat' dir='ltr'>nascens</span> 
     </span>
     <span class='ocr_line' id='line_1_32' title="bbox 149 788 992 827; baseline -0.002 -9"><span class='ocrx_word' id='word_1_123' title='bbox 149 789 286 827; x_wconf 76' lang='lat' dir='ltr'>quaestio,</span> <span class='ocrx_word' id='word_1_124' title='bbox 303 789 338 818; x_wconf 91' lang='lat' dir='ltr'>ibi</span> <span class='ocrx_word' id='word_1_125' title='bbox 352 790 374 817; x_wconf 92' lang='lat'>¹:</span> <span class='ocrx_word' id='word_1_126' title='bbox 399 790 491 817; x_wconf 84' lang='lat' dir='ltr'>Facta</span> <span class='ocrx_word' id='word_1_127' title='bbox 512 792 551 817; x_wconf 88' lang='lat' dir='ltr'>est</span> <span class='ocrx_word' id='word_1_128' title='bbox 572 797 639 826; x_wconf 69' lang='lat' dir='ltr'>erqo</span> <span class='ocrx_word' id='word_1_129' title='bbox 654 788 798 826; x_wconf 84' lang='lat' dir='ltr'>quaestio;</span> <span class='ocrx_word' id='word_1_130' title='bbox 813 788 895 817; x_wconf 90' lang='lat' dir='ltr'>tertio</span> <span class='ocrx_word' id='word_1_131' title='bbox 913 796 992 822; x_wconf 78' lang='lat' dir='ltr'>vero,</span> 
     </span>
     <span class='ocr_line' id='line_1_33' title="bbox 148 835 932 874; baseline -0.001 -10"><span class='ocrx_word' id='word_1_132' title='bbox 148 836 326 874; x_wconf 72' lang='lat' dir='ltr'>quaestionis</span> <span class='ocrx_word' id='word_1_133' title='bbox 347 836 527 869; x_wconf 83' lang='lat' dir='ltr'>terminatio,</span> <span class='ocrx_word' id='word_1_134' title='bbox 549 835 602 864; x_wconf 91' lang='lat' dir='ltr'>ibi:</span> <span class='ocrx_word' id='word_1_135' title='bbox 624 835 781 872; x_wconf 75' lang='lat' dir='ltr'>Respondit</span> <span class='ocrx_word' id='word_1_136' title='bbox 801 835 932 863; x_wconf 79' lang='lat' dir='ltr'>loannes.</span> 
     </span>
    </p>

    <p class='ocr_par' dir='ltr' id='par_1_13' title="bbox 148 881 996 1436">
     <span class='ocr_line' id='line_1_34' title="bbox 226 881 993 919; baseline -0.001 -8"><span class='ocrx_word' id='word_1_137' title='bbox 226 883 272 911; x_wconf 76' lang='lat' dir='ltr'>ltO.</span> <span class='ocrx_word' id='word_1_138' title='bbox 295 883 383 919; x_wconf 90' lang='lat' dir='ltr'>(Vers.</span> <span class='ocrx_word' id='word_1_139' title='bbox 406 882 472 916; x_wconf 74' lang='lat'>22).</span> <span class='ocrx_word' id='word_1_140' title='bbox 495 882 746 919; x_wconf 84' lang='lat' dir='ltr'>Describiturergo</span> <span class='ocrx_word' id='word_1_141' title='bbox 763 881 872 910; x_wconf 76' lang='lat' dir='ltr'>Christi</span> <span class='ocrx_word' id='word_1_142' title='bbox 886 881 993 919; x_wconf 81' lang='lat' dir='ltr'>purifi-</span> 
     </span>
     <span class='ocr_line' id='line_1_35' title="bbox 148 929 993 966; baseline 0 -9"><span class='ocrx_word' id='word_1_143' title='bbox 148 930 224 958; x_wconf 82' lang='lat' dir='ltr'>catio</span> <span class='ocrx_word' id='word_1_144' title='bbox 245 937 294 966; x_wconf 88' lang='lat' dir='ltr'>per</span> <span class='ocrx_word' id='word_1_145' title='bbox 323 929 491 966; x_wconf 84' lang='lat' dir='ltr'>baptismum</span> <span class='ocrx_word' id='word_1_146' title='bbox 518 929 621 966; x_wconf 85' lang='lat' dir='ltr'>primo,</span> <span class='ocrx_word' id='word_1_147' title='bbox 652 936 701 966; x_wconf 89' lang='lat' dir='ltr'>per</span> <span class='ocrx_word' id='word_1_148' title='bbox 723 937 806 966; x_wconf 84' lang='lat' dir='ltr'>quam</span> <span class='ocrx_word' id='word_1_149' title='bbox 838 929 943 957; x_wconf 87' lang='lat' dir='ltr'>ludaeis</span> <span class='ocrx_word' id='word_1_150' title='bbox 965 936 993 957; x_wconf 90' lang='lat' dir='ltr'>se</span> 
     </span>
     <span class='ocr_line' id='line_1_36' title="bbox 149 974 993 1012; baseline 0 -8"><span class='ocrx_word' id='word_1_151' title='bbox 149 976 317 1010; x_wconf 85' lang='lat' dir='ltr'>manifestat;</span> <span class='ocrx_word' id='word_1_152' title='bbox 340 976 400 1004; x_wconf 89' lang='lat' dir='ltr'>ideo</span> <span class='ocrx_word' id='word_1_153' title='bbox 421 975 501 1005; x_wconf 90' lang='lat' dir='ltr'>dicit:</span> <span class='ocrx_word' id='word_1_154' title='bbox 525 976 594 1004; x_wconf 79' lang='lat' dir='ltr'>Post</span> <span class='ocrx_word' id='word_1_155' title='bbox 615 974 700 1010; x_wconf 72' lang='lat' dir='ltr'>liaeo,</span> <span class='ocrx_word' id='word_1_156' title='bbox 723 975 749 1004; x_wconf 87' lang='lat' dir='ltr'>id</span> <span class='ocrx_word' id='word_1_157' title='bbox 770 978 812 1004; x_wconf 89' lang='lat' dir='ltr'>est</span> <span class='ocrx_word' id='word_1_158' title='bbox 832 979 893 1012; x_wconf 89' lang='lat' dir='ltr'>post</span> <span class='ocrx_word' id='word_1_159' title='bbox 914 983 993 1012; x_wconf 86' lang='lat' dir='ltr'>prae-</span> 
     </span>
     <span class='ocr_line' id='line_1_37' title="bbox 148 1022 994 1060; baseline -0.001 -9"><span class='ocrx_word' id='word_1_160' title='bbox 148 1022 235 1051; x_wconf 89' lang='lat' dir='ltr'>dictas</span> <span class='ocrx_word' id='word_1_161' title='bbox 257 1022 500 1056; x_wconf 80' lang='lat' dir='ltr'>manifestationes,</span> <span class='ocrx_word' id='word_1_162' title='bbox 522 1023 597 1051; x_wconf 84' lang='lat' dir='ltr'>venit</span> <span class='ocrx_word' id='word_1_163' title='bbox 620 1023 700 1051; x_wconf 85' lang='lat' dir='ltr'>lesus</span> <span class='ocrx_word' id='word_1_164' title='bbox 721 1026 745 1051; x_wconf 88' lang='lat' dir='ltr'>et</span> <span class='ocrx_word' id='word_1_165' title='bbox 772 1022 911 1060; x_wconf 79' lang='lat' dir='ltr'>discipuli</span> <span class='ocrx_word' id='word_1_166' title='bbox 931 1022 994 1050; x_wconf 79' lang='lat' dir='ltr'>eius</span> 
     </span>
     <span class='ocr_line' id='line_1_38' title="bbox 149 1069 993 1104; baseline 0.001 -7"><span class='ocrx_word' id='word_1_167' title='bbox 149 1069 181 1097; x_wconf 81' lang='lat' dir='ltr'>in</span> <span class='ocrx_word' id='word_1_168' title='bbox 203 1069 344 1097; x_wconf 81' lang='lat' dir='ltr'>Iudaeam</span> <span class='ocrx_word' id='word_1_169' title='bbox 364 1073 491 1104; x_wconf 82' lang='lat' dir='ltr'>terram,</span> <span class='ocrx_word' id='word_1_170' title='bbox 514 1073 545 1098; x_wconf 91' lang='lat' dir='ltr'>ut</span> <span class='ocrx_word' id='word_1_171' title='bbox 566 1069 669 1098; x_wconf 90' lang='lat' dir='ltr'>scilicet</span> <span class='ocrx_word' id='word_1_172' title='bbox 691 1070 796 1098; x_wconf 87' lang='lat' dir='ltr'>Iudaeis</span> <span class='ocrx_word' id='word_1_173' title='bbox 824 1077 853 1098; x_wconf 89' lang='lat' dir='ltr'>se</span> <span class='ocrx_word' id='word_1_174' title='bbox 881 1069 993 1097; x_wconf 85' lang='lat' dir='ltr'>manife—</span> 
     </span>
     <span class='ocr_line' id='line_1_39' title="bbox 150 1115 994 1153; baseline -0.001 -8"><span class='ocrx_word' id='word_1_175' title='bbox 150 1120 222 1145; x_wconf 87' lang='lat' dir='ltr'>stum</span> <span class='ocrx_word' id='word_1_176' title='bbox 239 1115 340 1145; x_wconf 85' lang='lat' dir='ltr'>faceret</span> <span class='ocrx_word' id='word_1_177' title='bbox 356 1124 404 1153; x_wconf 89' lang='lat' dir='ltr'>per</span> <span class='ocrx_word' id='word_1_178' title='bbox 419 1116 595 1153; x_wconf 86' lang='lat' dir='ltr'>baptismum.</span> <span class='ocrx_word' id='word_1_179' title='bbox 617 1117 693 1145; x_wconf 82' lang='lat' dir='ltr'>Unde</span> <span class='ocrx_word' id='word_1_180' title='bbox 714 1120 742 1145; x_wconf 88' lang='lat' dir='ltr'>et</span> <span class='ocrx_word' id='word_1_181' title='bbox 756 1116 864 1145; x_wconf 83' lang='lat' dir='ltr'>subdit:</span> <span class='ocrx_word' id='word_1_182' title='bbox 890 1117 922 1144; x_wconf 87' lang='lat' dir='ltr'>Et</span> <span class='ocrx_word' id='word_1_183' title='bbox 936 1116 994 1144; x_wconf 80' lang='lat' dir='ltr'>illie</span> 
     </span>
     <span class='ocr_line' id='line_1_40' title="bbox 150 1162 994 1200; baseline 0 -9"><span class='ocrx_word' id='word_1_184' title='bbox 150 1162 359 1191; x_wconf 76' lang='lat' dir='ltr'>demorabatur</span> <span class='ocrx_word' id='word_1_185' title='bbox 380 1172 447 1192; x_wconf 83' lang='lat' dir='ltr'>cum</span> <span class='ocrx_word' id='word_1_186' title='bbox 464 1163 522 1192; x_wconf 66' lang='lat' dir='ltr'>iltis</span> <span class='ocrx_word' id='word_1_187' title='bbox 533 1164 554 1197; x_wconf 80' lang='lat'>2,</span> <span class='ocrx_word' id='word_1_188' title='bbox 570 1164 673 1192; x_wconf 89' lang='lat' dir='ltr'>scilicet</span> <span class='ocrx_word' id='word_1_189' title='bbox 687 1163 842 1200; x_wconf 82' lang='lat' dir='ltr'>discipulis,</span> <span class='ocrx_word' id='word_1_190' title='bbox 858 1167 882 1191; x_wconf 85' lang='lat' dir='ltr'>et</span> <span class='ocrx_word' id='word_1_191' title='bbox 902 1163 994 1200; x_wconf 85' lang='lat' dir='ltr'>bapti-</span> 
     </span>
     <span class='ocr_line' id='line_1_41' title="bbox 150 1209 995 1247; baseline -0.002 -8"><span class='ocrx_word' id='word_1_192' title='bbox 150 1209 255 1244; x_wconf 55' lang='lat' dir='ltr'>zaban</span> <span class='ocrx_word' id='word_1_193' title='bbox 276 1210 428 1239; x_wconf 87' lang='lat' dir='ltr'>secundum</span> <span class='ocrx_word' id='word_1_194' title='bbox 449 1210 523 1247; x_wconf 88' lang='lat' dir='ltr'>quod</span> <span class='ocrx_word' id='word_1_195' title='bbox 546 1211 658 1239; x_wconf 85' lang='lat' dir='ltr'>loannes</span> <span class='ocrx_word' id='word_1_196' title='bbox 678 1210 701 1238; x_wconf 92' lang='lat' dir='ltr'>ei</span> <span class='ocrx_word' id='word_1_197' title='bbox 724 1210 911 1239; x_wconf 86' lang='lat' dir='ltr'>testimoninm</span> <span class='ocrx_word' id='word_1_198' title='bbox 933 1217 995 1246; x_wconf 91' lang='lat' dir='ltr'>per—</span> 
     </span>
     <span class='ocr_line' id='line_1_42' title="bbox 152 1256 995 1294; baseline -0.004 -8"><span class='ocrx_word' id='word_1_199' title='bbox 152 1257 280 1286; x_wconf 88' lang='lat' dir='ltr'>hibuerat</span> <span class='ocrx_word' id='word_1_200' title='bbox 301 1266 387 1294; x_wconf 89' lang='lat' dir='ltr'>supra</span> <span class='ocrx_word' id='word_1_201' title='bbox 408 1258 513 1294; x_wconf 87' lang='lat' dir='ltr'>primo:</span> <span class='ocrx_word' id='word_1_202' title='bbox 539 1269 552 1282; x_wconf 87' lang='lat'>«</span> <span class='ocrx_word' id='word_1_203' title='bbox 568 1257 657 1294; x_wconf 87' lang='lat' dir='ltr'>Super</span> <span class='ocrx_word' id='word_1_204' title='bbox 678 1264 761 1294; x_wconf 90' lang='lat' dir='ltr'>quem</span> <span class='ocrx_word' id='word_1_205' title='bbox 782 1256 884 1284; x_wconf 88' lang='lat' dir='ltr'>videris</span> <span class='ocrx_word' id='word_1_206' title='bbox 911 1256 995 1292; x_wconf 89' lang='lat' dir='ltr'>Spiri-</span> 
     </span>
     <span class='ocr_line' id='line_1_43' title="bbox 151 1302 996 1341; baseline -0.004 -7"><span class='ocrx_word' id='word_1_207' title='bbox 151 1308 209 1333; x_wconf 90' lang='lat' dir='ltr'>tum</span> <span class='ocrx_word' id='word_1_208' title='bbox 230 1305 456 1337; x_wconf 83' lang='lat' dir='ltr'>descendentem,</span> <span class='ocrx_word' id='word_1_209' title='bbox 485 1305 530 1333; x_wconf 87' lang='lat' dir='ltr'>hic</span> <span class='ocrx_word' id='word_1_210' title='bbox 551 1307 593 1333; x_wconf 87' lang='lat' dir='ltr'>est</span> <span class='ocrx_word' id='word_1_211' title='bbox 613 1304 659 1341; x_wconf 89' lang='lat' dir='ltr'>qui</span> <span class='ocrx_word' id='word_1_212' title='bbox 687 1304 807 1340; x_wconf 84' lang='lat' dir='ltr'>baptizat</span> <span class='ocrx_word' id='word_1_213' title='bbox 822 1314 851 1336; x_wconf 83' lang='lat'>»;</span> <span class='ocrx_word' id='word_1_214' title='bbox 873 1310 924 1331; x_wconf 89' lang='lat' dir='ltr'>nec</span> <span class='ocrx_word' id='word_1_215' title='bbox 939 1302 996 1339; x_wconf 88' lang='lat' dir='ltr'>ipse</span> 
     </span>
     <span class='ocr_line' id='line_1_44' title="bbox 151 1350 996 1389; baseline -0.004 -8"><span class='ocrx_word' id='word_1_216' title='bbox 151 1352 225 1381; x_wconf 91' lang='lat' dir='ltr'>solus</span> <span class='ocrx_word' id='word_1_217' title='bbox 240 1352 407 1389; x_wconf 84' lang='lat' dir='ltr'>baptizabat,</span> <span class='ocrx_word' id='word_1_218' title='bbox 422 1352 506 1380; x_wconf 91' lang='lat' dir='ltr'>immo</span> <span class='ocrx_word' id='word_1_219' title='bbox 520 1352 602 1380; x_wconf 88' lang='lat' dir='ltr'>etiam</span> <span class='ocrx_word' id='word_1_220' title='bbox 617 1352 677 1380; x_wconf 88' lang='lat' dir='ltr'>eius</span> <span class='ocrx_word' id='word_1_221' title='bbox 693 1359 866 1388; x_wconf 80' lang='lat' dir='ltr'>praecursor.</span> <span class='ocrx_word' id='word_1_222' title='bbox 883 1350 996 1387; x_wconf 84' lang='lat' dir='ltr'>Propter</span> 
     </span>
     <span class='ocr_line' id='line_1_45' title="bbox 150 1399 325 1436; baseline 0 -9"><span class='ocrx_word' id='word_1_223' title='bbox 150 1399 223 1436; x_wconf 87' lang='lat' dir='ltr'>quod</span> <span class='ocrx_word' id='word_1_224' title='bbox 245 1399 325 1427; x_wconf 81' lang='lat' dir='ltr'>dicit:</span> 
     </span>
    </p>

    <p class='ocr_par' dir='ltr' id='par_1_14' title="bbox 152 1445 998 1904">
     <span class='ocr_line' id='line_1_46' title="bbox 229 1445 997 1482; baseline -0.001 -8"><span class='ocrx_word' id='word_1_225' title='bbox 229 1445 275 1474; x_wconf 68' lang='lat'>41.</span> <span class='ocrx_word' id='word_1_226' title='bbox 291 1446 379 1482; x_wconf 83' lang='lat' dir='ltr'>(Vers.</span> <span class='ocrx_word' id='word_1_227' title='bbox 396 1445 464 1481; x_wconf 86' lang='lat'>23.).</span> <span class='ocrx_word' id='word_1_228' title='bbox 483 1446 555 1474; x_wconf 81' lang='lat' dir='ltr'>Erat</span> <span class='ocrx_word' id='word_1_229' title='bbox 569 1449 666 1474; x_wconf 85' lang='lat' dir='ltr'>autem</span> <span class='ocrx_word' id='word_1_230' title='bbox 680 1446 801 1474; x_wconf 78' lang='lat' dir='ltr'>loannes</span> <span class='ocrx_word' id='word_1_231' title='bbox 813 1445 823 1462; x_wconf 75' lang='lat'><strong>³</strong></span> <span class='ocrx_word' id='word_1_232' title='bbox 839 1445 997 1482; x_wconf 70' lang='lat' dir='ltr'>baptizans</span> 
     </span>
     <span class='ocr_line' id='line_1_47' title="bbox 153 1491 997 1529; baseline 0.001 -9"><span class='ocrx_word' id='word_1_233' title='bbox 153 1491 183 1520; x_wconf 82' lang='lat' dir='ltr'>in</span> <span class='ocrx_word' id='word_1_234' title='bbox 204 1493 325 1520; x_wconf 80' lang='lat' dir='ltr'>Aennon</span> <span class='ocrx_word' id='word_1_235' title='bbox 345 1492 430 1520; x_wconf 75' lang='lat' dir='ltr'>iuxta</span> <span class='ocrx_word' id='word_1_236' title='bbox 460 1492 568 1527; x_wconf 73' lang='lat' dir='ltr'>Setini,</span> <span class='ocrx_word' id='word_1_237' title='bbox 594 1492 621 1521; x_wconf 90' lang='lat' dir='ltr'>id</span> <span class='ocrx_word' id='word_1_238' title='bbox 648 1496 690 1521; x_wconf 91' lang='lat' dir='ltr'>est</span> <span class='ocrx_word' id='word_1_239' title='bbox 718 1493 822 1526; x_wconf 86' lang='lat' dir='ltr'>Salem,</span> <span class='ocrx_word' id='word_1_240' title='bbox 850 1492 925 1529; x_wconf 88' lang='lat' dir='ltr'>quod</span> <span class='ocrx_word' id='word_1_241' title='bbox 945 1492 997 1520; x_wconf 83' lang='lat' dir='ltr'>fuit</span> 
     </span>
     <span class='ocr_line' id='line_1_48' title="bbox 153 1539 996 1577; baseline 0 -10"><span class='ocrx_word' id='word_1_242' title='bbox 153 1541 274 1568; x_wconf 79' lang='lat' dir='ltr'>castrum</span> <span class='ocrx_word' id='word_1_243' title='bbox 296 1539 507 1574; x_wconf 79' lang='lat' dir='ltr'>Melchisedech,</span> <span class='ocrx_word' id='word_1_244' title='bbox 525 1540 559 1568; x_wconf 88' lang='lat' dir='ltr'>ad</span> <span class='ocrx_word' id='word_1_245' title='bbox 580 1540 715 1569; x_wconf 89' lang='lat' dir='ltr'>Hebraeos</span> <span class='ocrx_word' id='word_1_246' title='bbox 730 1540 853 1577; x_wconf 90' lang='lat' dir='ltr'>septimo.</span> <span class='ocrx_word' id='word_1_247' title='bbox 877 1539 908 1567; x_wconf 91' lang='lat' dir='ltr'>Et</span> <span class='ocrx_word' id='word_1_248' title='bbox 926 1539 996 1567; x_wconf 88' lang='lat' dir='ltr'>ratio</span> 
     </span>
     <span class='ocr_line' id='line_1_49' title="bbox 152 1585 997 1625; baseline 0 -11"><span class='ocrx_word' id='word_1_249' title='bbox 152 1585 296 1615; x_wconf 85' lang='lat' dir='ltr'>subditur:</span> <span class='ocrx_word' id='word_1_250' title='bbox 320 1586 398 1622; x_wconf 80' lang='lat' dir='ltr'>Quia</span> <span class='ocrx_word' id='word_1_251' title='bbox 418 1590 503 1615; x_wconf 83' lang='lat' dir='ltr'>erant</span> <span class='ocrx_word' id='word_1_252' title='bbox 524 1586 581 1615; x_wconf 83' lang='lat' dir='ltr'>illie</span> <span class='ocrx_word' id='word_1_253' title='bbox 603 1595 698 1625; x_wconf 86' lang='lat' dir='ltr'>aquae</span> <span class='ocrx_word' id='word_1_254' title='bbox 718 1586 834 1615; x_wconf 77' lang='lat' dir='ltr'>multae.</span> <span class='ocrx_word' id='word_1_255' title='bbox 856 1586 929 1614; x_wconf 86' lang='lat' dir='ltr'>Bona</span> <span class='ocrx_word' id='word_1_256' title='bbox 954 1594 997 1614; x_wconf 87' lang='lat' dir='ltr'>ra-</span> 
     </span>
     <span class='ocr_line' id='line_1_50' title="bbox 154 1632 997 1670; baseline -0.001 -9"><span class='ocrx_word' id='word_1_257' title='bbox 154 1632 205 1667; x_wconf 88' lang='lat' dir='ltr'>tio,</span> <span class='ocrx_word' id='word_1_258' title='bbox 227 1632 292 1670; x_wconf 86' lang='lat' dir='ltr'>quia</span> <span class='ocrx_word' id='word_1_259' title='bbox 313 1633 468 1670; x_wconf 83' lang='lat' dir='ltr'>baptizabat</span> <span class='ocrx_word' id='word_1_260' title='bbox 490 1634 601 1662; x_wconf 87' lang='lat' dir='ltr'>loannes</span> <span class='ocrx_word' id='word_1_261' title='bbox 623 1636 729 1662; x_wconf 87' lang='lat' dir='ltr'>tantum</span> <span class='ocrx_word' id='word_1_262' title='bbox 751 1634 777 1661; x_wconf 90' lang='lat' dir='ltr'>in</span> <span class='ocrx_word' id='word_1_263' title='bbox 799 1641 887 1670; x_wconf 84' lang='lat' dir='ltr'>aqua;</span> <span class='ocrx_word' id='word_1_264' title='bbox 915 1632 997 1660; x_wconf 82' lang='lat' dir='ltr'>Marci</span> 
     </span>
     <span class='ocr_line' id='line_1_51' title="bbox 153 1680 998 1718; baseline -0.002 -9"><span class='ocrx_word' id='word_1_265' title='bbox 153 1680 280 1717; x_wconf 76' lang='lat' dir='ltr'>primo4:</span> <span class='ocrx_word' id='word_1_266' title='bbox 307 1692 321 1705; x_wconf 84' lang='lat'>«</span> <span class='ocrx_word' id='word_1_267' title='bbox 336 1681 390 1718; x_wconf 85' lang='lat' dir='ltr'>Ego</span> <span class='ocrx_word' id='word_1_268' title='bbox 417 1681 552 1718; x_wconf 84' lang='lat' dir='ltr'>baptizavi</span> <span class='ocrx_word' id='word_1_269' title='bbox 575 1688 623 1709; x_wconf 86' lang='lat' dir='ltr'>vos</span> <span class='ocrx_word' id='word_1_270' title='bbox 651 1689 764 1717; x_wconf 82' lang='lat' dir='ltr'>aqua»,</span> <span class='ocrx_word' id='word_1_271' title='bbox 786 1680 894 1708; x_wconf 88' lang='lat' dir='ltr'>dicebat</span> <span class='ocrx_word' id='word_1_272' title='bbox 922 1680 998 1707; x_wconf 86' lang='lat' dir='ltr'>Ioan—</span> 
     </span>
     <span class='ocr_line' id='line_1_52' title="bbox 153 1726 998 1764; baseline -0.002 -8"><span class='ocrx_word' id='word_1_273' title='bbox 153 1735 208 1756; x_wconf 87' lang='lat' dir='ltr'>nes.</span> <span class='ocrx_word' id='word_1_274' title='bbox 226 1728 260 1756; x_wconf 86' lang='lat' dir='ltr'>Et</span> <span class='ocrx_word' id='word_1_275' title='bbox 280 1728 443 1761; x_wconf 79' lang='lat' dir='ltr'>veniebant,</span> <span class='ocrx_word' id='word_1_276' title='bbox 459 1728 492 1756; x_wconf 89' lang='lat' dir='ltr'>ad</span> <span class='ocrx_word' id='word_1_277' title='bbox 514 1735 592 1762; x_wconf 80' lang='lat' dir='ltr'>cum,</span> <span class='ocrx_word' id='word_1_278' title='bbox 611 1731 637 1756; x_wconf 85' lang='lat' dir='ltr'>et</span> <span class='ocrx_word' id='word_1_279' title='bbox 651 1726 894 1764; x_wconf 80' lang='lat' dir='ltr'>baptizabantur,</span> <span class='ocrx_word' id='word_1_280' title='bbox 916 1726 998 1754; x_wconf 89' lang='lat' dir='ltr'>etiam</span> 
     </span>
     <span class='ocr_line' id='line_1_53' title="bbox 153 1772 997 1811; baseline -0.002 -9"><span class='ocrx_word' id='word_1_281' title='bbox 153 1773 262 1803; x_wconf 91' lang='lat' dir='ltr'>Christo</span> <span class='ocrx_word' id='word_1_282' title='bbox 284 1774 452 1811; x_wconf 82' lang='lat' dir='ltr'>baptizante;</span> <span class='ocrx_word' id='word_1_283' title='bbox 468 1775 595 1803; x_wconf 80' lang='lat' dir='ltr'>Matthaei</span> <span class='ocrx_word' id='word_1_284' title='bbox 618 1774 715 1803; x_wconf 87' lang='lat' dir='ltr'>tertio:</span> <span class='ocrx_word' id='word_1_285' title='bbox 741 1773 865 1802; x_wconf 83' lang='lat' dir='ltr'>«Exibat</span> <span class='ocrx_word' id='word_1_286' title='bbox 886 1772 920 1801; x_wconf 86' lang='lat' dir='ltr'>ad</span> <span class='ocrx_word' id='word_1_287' title='bbox 934 1780 997 1801; x_wconf 90' lang='lat' dir='ltr'>eum</span> 
     </span>
     <span class='ocr_line' id='line_1_54' title="bbox 154 1819 998 1857; baseline -0.001 -9"><span class='ocrx_word' id='word_1_288' title='bbox 154 1820 318 1857; x_wconf 85' lang='lat' dir='ltr'>lerosolyma</span> <span class='ocrx_word' id='word_1_289' title='bbox 338 1823 366 1849; x_wconf 87' lang='lat' dir='ltr'>et</span> <span class='ocrx_word' id='word_1_290' title='bbox 385 1821 474 1850; x_wconf 89' lang='lat' dir='ltr'>omnis</span> <span class='ocrx_word' id='word_1_291' title='bbox 497 1820 594 1849; x_wconf 86' lang='lat' dir='ltr'>Iudaea</span> <span class='ocrx_word' id='word_1_292' title='bbox 608 1823 635 1849; x_wconf 88' lang='lat' dir='ltr'>et</span> <span class='ocrx_word' id='word_1_293' title='bbox 655 1820 745 1849; x_wconf 89' lang='lat' dir='ltr'>omnis</span> <span class='ocrx_word' id='word_1_294' title='bbox 759 1820 835 1857; x_wconf 81' lang='lat' dir='ltr'>regio</span> <span class='ocrx_word' id='word_1_295' title='bbox 856 1819 929 1848; x_wconf 87' lang='lat' dir='ltr'>circa</span> <span class='ocrx_word' id='word_1_296' title='bbox 944 1819 998 1847; x_wconf 91' lang='lat' dir='ltr'>lor-</span> 
     </span>
     <span class='ocr_line' id='line_1_55' title="bbox 153 1867 696 1904; baseline 0 -9"><span class='ocrx_word' id='word_1_297' title='bbox 153 1867 266 1902; x_wconf 86' lang='lat' dir='ltr'>danem,</span> <span class='ocrx_word' id='word_1_298' title='bbox 288 1871 315 1896; x_wconf 92' lang='lat' dir='ltr'>et</span> <span class='ocrx_word' id='word_1_299' title='bbox 336 1868 547 1904; x_wconf 77' lang='lat' dir='ltr'>baptizabantur</span> <span class='ocrx_word' id='word_1_300' title='bbox 568 1868 603 1896; x_wconf 88' lang='lat' dir='ltr'>ab</span> <span class='ocrx_word' id='word_1_301' title='bbox 624 1875 656 1896; x_wconf 92' lang='lat' dir='ltr'>eo</span> <span class='ocrx_word' id='word_1_302' title='bbox 671 1879 696 1895; x_wconf 94' lang='lat'>».</span> 
     </span>
    </p>

    <p class='ocr_par' dir='ltr' id='par_1_15' title="bbox 155 1913 999 2046">
     <span class='ocr_line' id='line_1_56' title="bbox 232 1913 998 1951; baseline -0.003 -8"><span class='ocrx_word' id='word_1_303' title='bbox 232 1914 277 1943; x_wconf 73' lang='lat'>42.</span> <span class='ocrx_word' id='word_1_304' title='bbox 300 1915 389 1951; x_wconf 85' lang='lat' dir='ltr'>(Vers.</span> <span class='ocrx_word' id='word_1_305' title='bbox 412 1915 479 1950; x_wconf 54' lang='lat'>24).</span> <span class='ocrx_word' id='word_1_306' title='bbox 509 1914 646 1943; x_wconf 69' lang='lat' dir='ltr'>Nomium</span> <span class='ocrx_word' id='word_1_307' title='bbox 670 1914 745 1943; x_wconf 82' lang='lat' dir='ltr'>enim</span> <span class='ocrx_word' id='word_1_308' title='bbox 773 1914 882 1942; x_wconf 83' lang='lat' dir='ltr'>missus</span> <span class='ocrx_word' id='word_1_309' title='bbox 910 1913 998 1941; x_wconf 81' lang='lat' dir='ltr'>erat⁵</span> 
     </span>
     <span class='ocr_line' id='line_1_57' title="bbox 155 1960 999 1998; baseline -0.002 -8"><span class='ocrx_word' id='word_1_310' title='bbox 155 1961 278 1990; x_wconf 78' lang='lat' dir='ltr'>Ioannes</span> <span class='ocrx_word' id='word_1_311' title='bbox 305 1961 337 1990; x_wconf 84' lang='lat' dir='ltr'>in</span> <span class='ocrx_word' id='word_1_312' title='bbox 361 1970 526 1995; x_wconf 82' lang='lat' dir='ltr'>careerem;</span> <span class='ocrx_word' id='word_1_313' title='bbox 547 1962 613 1998; x_wconf 87' lang='lat' dir='ltr'>quia</span> <span class='ocrx_word' id='word_1_314' title='bbox 633 1964 699 1990; x_wconf 87' lang='lat' dir='ltr'>tunc</span> <span class='ocrx_word' id='word_1_315' title='bbox 727 1961 844 1990; x_wconf 73' lang='lat' dir='ltr'>cessavit</span> <span class='ocrx_word' id='word_1_316' title='bbox 865 1961 925 1989; x_wconf 87' lang='lat' dir='ltr'>eius</span> <span class='ocrx_word' id='word_1_317' title='bbox 952 1960 999 1989; x_wconf 85' lang='lat' dir='ltr'>ba.-</span> 
     </span>
     <span class='ocr_line' id='line_1_58' title="bbox 155 2007 999 2046; baseline -0.002 -9"><span class='ocrx_word' id='word_1_318' title='bbox 155 2007 286 2044; x_wconf 85' lang='lat' dir='ltr'>ptismus,</span> <span class='ocrx_word' id='word_1_319' title='bbox 308 2009 420 2037; x_wconf 87' lang='lat' dir='ltr'>absente</span> <span class='ocrx_word' id='word_1_320' title='bbox 441 2009 588 2046; x_wconf 83' lang='lat' dir='ltr'>magistro;</span> <span class='ocrx_word' id='word_1_321' title='bbox 610 2008 756 2037; x_wconf 83' lang='lat' dir='ltr'>eratenim</span> <span class='ocrx_word' id='word_1_322' title='bbox 778 2008 944 2045; x_wconf 86' lang='lat' dir='ltr'>temporalis.</span> <span class='ocrx_word' id='word_1_323' title='bbox 962 2007 999 2036; x_wconf 91' lang='lat' dir='ltr'>De</span> 
     </span>
    </p>
   </div>
   <div class='ocr_carea' id='block_1_9' title="bbox 154 2145 1003 2918">
    <p class='ocr_par' dir='ltr' id='par_1_16' title="bbox 154 2145 1002 2761">
     <span class='ocr_line' id='line_1_59' title="bbox 155 2145 999 2176; baseline -0.002 -7"><span class='ocrx_word' id='word_1_324' title='bbox 155 2146 246 2176; x_wconf 72' lang='lat' dir='ltr'>Evany.</span> <span class='ocrx_word' id='word_1_325' title='bbox 263 2148 292 2169; x_wconf 89' lang='lat' dir='ltr'>tr.</span> <span class='ocrx_word' id='word_1_326' title='bbox 313 2145 352 2171; x_wconf 66' lang='lat'>42.</span> <span class='ocrx_word' id='word_1_327' title='bbox 369 2153 393 2169; x_wconf 79' lang='lat' dir='ltr'>u.</span> <span class='ocrx_word' id='word_1_328' title='bbox 411 2145 452 2175; x_wconf 70' lang='lat'>15,</span> <span class='ocrx_word' id='word_1_329' title='bbox 469 2146 508 2169; x_wconf 91' lang='lat' dir='ltr'>ubi</span> <span class='ocrx_word' id='word_1_330' title='bbox 526 2147 595 2169; x_wconf 86' lang='lat' dir='ltr'>dicit:</span> <span class='ocrx_word' id='word_1_331' title='bbox 610 2155 621 2167; x_wconf 85' lang='lat'>«</span> <span class='ocrx_word' id='word_1_332' title='bbox 633 2147 723 2169; x_wconf 78' lang='lat' dir='ltr'>Fratres</span> <span class='ocrx_word' id='word_1_333' title='bbox 740 2147 798 2175; x_wconf 80' lang='lat' dir='ltr'>mei,</span> <span class='ocrx_word' id='word_1_334' title='bbox 812 2152 912 2175; x_wconf 87' lang='lat' dir='ltr'>quorum</span> <span class='ocrx_word' id='word_1_335' title='bbox 930 2151 999 2173; x_wconf 86' lang='lat' dir='ltr'>opera</span> 
     </span>
     <span class='ocr_line' id='line_1_60' title="bbox 154 2185 1000 2213; baseline -0.002 -5"><span class='ocrx_word' id='word_1_336' title='bbox 154 2185 215 2208; x_wconf 86' lang='lat' dir='ltr'>bona</span> <span class='ocrx_word' id='word_1_337' title='bbox 231 2186 320 2208; x_wconf 88' lang='lat' dir='ltr'>invenit</span> <span class='ocrx_word' id='word_1_338' title='bbox 336 2186 465 2208; x_wconf 79' lang='lat' dir='ltr'>Dominus?</span> <span class='ocrx_word' id='word_1_339' title='bbox 478 2186 604 2208; x_wconf 89' lang='lat' dir='ltr'>Nullorum.</span> <span class='ocrx_word' id='word_1_340' title='bbox 615 2186 724 2208; x_wconf 87' lang='lat' dir='ltr'>Omnium</span> <span class='ocrx_word' id='word_1_341' title='bbox 742 2186 801 2208; x_wconf 87' lang='lat' dir='ltr'>mala</span> <span class='ocrx_word' id='word_1_342' title='bbox 819 2191 889 2213; x_wconf 89' lang='lat' dir='ltr'>opera</span> <span class='ocrx_word' id='word_1_343' title='bbox 906 2185 1000 2207; x_wconf 82' lang='lat' dir='ltr'>invenit.</span> 
     </span>
     <span class='ocr_line' id='line_1_61' title="bbox 155 2224 1001 2254; baseline -0.001 -7"><span class='ocrx_word' id='word_1_344' title='bbox 155 2225 277 2253; x_wconf 88' lang='lat' dir='ltr'>Quomodo</span> <span class='ocrx_word' id='word_1_345' title='bbox 295 2231 351 2253; x_wconf 84' lang='lat' dir='ltr'>ergo</span> <span class='ocrx_word' id='word_1_346' title='bbox 368 2225 463 2254; x_wconf 86' lang='lat' dir='ltr'>quidam</span> <span class='ocrx_word' id='word_1_347' title='bbox 487 2226 589 2247; x_wconf 82' lang='lat' dir='ltr'>fecerunt</span> <span class='ocrx_word' id='word_1_348' title='bbox 611 2225 731 2247; x_wconf 85' lang='lat' dir='ltr'>veritatem</span> <span class='ocrx_word' id='word_1_349' title='bbox 749 2228 771 2247; x_wconf 89' lang='lat' dir='ltr'>et</span> <span class='ocrx_word' id='word_1_350' title='bbox 787 2227 900 2247; x_wconf 84' lang='lat' dir='ltr'>venerunt</span> <span class='ocrx_word' id='word_1_351' title='bbox 921 2224 950 2247; x_wconf 88' lang='lat' dir='ltr'>ad</span> <span class='ocrx_word' id='word_1_352' title='bbox 970 2225 1001 2246; x_wconf 94' lang='lat' dir='ltr'>lu-</span> 
     </span>
     <span class='ocr_line' id='line_1_62' title="bbox 155 2262 1000 2294; baseline 0 -9"><span class='ocrx_word' id='word_1_353' title='bbox 155 2270 204 2286; x_wconf 88' lang='lat' dir='ltr'>cem</span> <span class='ocrx_word' id='word_1_354' title='bbox 215 2265 248 2286; x_wconf 70' lang='grc' dir='ltr'>ἲ)...</span> <span class='ocrx_word' id='word_1_355' title='bbox 267 2264 312 2286; x_wconf 86' lang='lat' dir='ltr'>Sed</span> <span class='ocrx_word' id='word_1_356' title='bbox 334 2264 482 2293; x_wconf 63' lang='lat' dir='ltr'>dilexerunt,</span> <span class='ocrx_word' id='word_1_357' title='bbox 500 2265 585 2294; x_wconf 86' lang='lat' dir='ltr'>inquit,</span> <span class='ocrx_word' id='word_1_358' title='bbox 603 2264 709 2287; x_wconf 81' lang='lat' dir='ltr'>tenebras</span> <span class='ocrx_word' id='word_1_359' title='bbox 732 2263 809 2293; x_wconf 72' lang='lat' dir='ltr'>maqis</span> <span class='ocrx_word' id='word_1_360' title='bbox 826 2269 900 2293; x_wconf 80' lang='lat' dir='ltr'>quam</span> <span class='ocrx_word' id='word_1_361' title='bbox 917 2262 1000 2286; x_wconf 74' lang='lat' dir='ltr'>lucem.</span> 
     </span>
     <span class='ocr_line' id='line_1_63' title="bbox 155 2301 1001 2331; baseline -0.001 -6"><span class='ocrx_word' id='word_1_362' title='bbox 155 2301 187 2325; x_wconf 85' lang='lat' dir='ltr'>lbi</span> <span class='ocrx_word' id='word_1_363' title='bbox 205 2303 282 2331; x_wconf 83' lang='lat' dir='ltr'>posuit</span> <span class='ocrx_word' id='word_1_364' title='bbox 297 2303 360 2331; x_wconf 84' lang='lat' dir='ltr'>vim,</span> <span class='ocrx_word' id='word_1_365' title='bbox 379 2303 443 2325; x_wconf 90' lang='lat' dir='ltr'>multi</span> <span class='ocrx_word' id='word_1_366' title='bbox 460 2303 522 2325; x_wconf 89' lang='lat' dir='ltr'>enim</span> <span class='ocrx_word' id='word_1_367' title='bbox 539 2303 665 2325; x_wconf 84' lang='lat' dir='ltr'>dilexerunt</span> <span class='ocrx_word' id='word_1_368' title='bbox 682 2306 774 2331; x_wconf 79' lang='lat' dir='ltr'>peccata</span> <span class='ocrx_word' id='word_1_369' title='bbox 792 2309 846 2329; x_wconf 80' lang='lat' dir='ltr'>sua,</span> <span class='ocrx_word' id='word_1_370' title='bbox 865 2302 929 2324; x_wconf 88' lang='lat' dir='ltr'>multi</span> <span class='ocrx_word' id='word_1_371' title='bbox 950 2308 1001 2324; x_wconf 79' lang='lat' dir='ltr'>cou-</span> 
     </span>
     <span class='ocr_line' id='line_1_64' title="bbox 155 2342 1001 2371; baseline -0.001 -7"><span class='ocrx_word' id='word_1_372' title='bbox 155 2342 208 2364; x_wconf 78' lang='lat' dir='ltr'>sessi</span> <span class='ocrx_word' id='word_1_373' title='bbox 224 2345 278 2364; x_wconf 90' lang='lat' dir='ltr'>sunt</span> <span class='ocrx_word' id='word_1_374' title='bbox 295 2344 388 2370; x_wconf 81' lang='lat' dir='ltr'>peccata</span> <span class='ocrx_word' id='word_1_375' title='bbox 408 2348 464 2369; x_wconf 87' lang='lat' dir='ltr'>sua;</span> <span class='ocrx_word' id='word_1_376' title='bbox 482 2343 536 2371; x_wconf 86' lang='lat' dir='ltr'>quia</span> <span class='ocrx_word' id='word_1_377' title='bbox 553 2343 592 2371; x_wconf 87' lang='lat' dir='ltr'>qui</span> <span class='ocrx_word' id='word_1_378' title='bbox 611 2342 731 2364; x_wconf 85' lang='lat' dir='ltr'>confitetur</span> <span class='ocrx_word' id='word_1_379' title='bbox 752 2344 846 2370; x_wconf 76' lang='lat' dir='ltr'>peccata</span> <span class='ocrx_word' id='word_1_380' title='bbox 869 2347 911 2364; x_wconf 90' lang='lat' dir='ltr'>sua</span> <span class='ocrx_word' id='word_1_381' title='bbox 928 2343 950 2364; x_wconf 90' lang='lat' dir='ltr'>et</span> <span class='ocrx_word' id='word_1_382' title='bbox 967 2347 1001 2363; x_wconf 88' lang='lat' dir='ltr'>ac-</span> 
     </span>
     <span class='ocr_line' id='line_1_65' title="bbox 155 2380 1000 2409; baseline -0.001 -6"><span class='ocrx_word' id='word_1_383' title='bbox 155 2384 220 2403; x_wconf 86' lang='lat' dir='ltr'>cusat</span> <span class='ocrx_word' id='word_1_384' title='bbox 235 2383 329 2409; x_wconf 85' lang='lat' dir='ltr'>peccata</span> <span class='ocrx_word' id='word_1_385' title='bbox 353 2387 395 2403; x_wconf 88' lang='lat' dir='ltr'>sua</span> <span class='ocrx_word' id='word_1_386' title='bbox 418 2381 462 2403; x_wconf 87' lang='lat' dir='ltr'>iam</span> <span class='ocrx_word' id='word_1_387' title='bbox 480 2387 533 2403; x_wconf 86' lang='lat' dir='ltr'>cum</span> <span class='ocrx_word' id='word_1_388' title='bbox 551 2382 599 2404; x_wconf 87' lang='lat' dir='ltr'>Deo</span> <span class='ocrx_word' id='word_1_389' title='bbox 615 2381 668 2404; x_wconf 73' lang='lat' dir='ltr'>facit</span> <span class='ocrx_word' id='word_1_390' title='bbox 679 2390 690 2401; x_wconf 76' lang='lat' dir='ltr'>n</span> <span class='ocrx_word' id='word_1_391' title='bbox 710 2383 753 2404; x_wconf 91' lang='lat' dir='ltr'>etc.</span> <span class='ocrx_word' id='word_1_392' title='bbox 770 2382 793 2403; x_wconf 91' lang='lat' dir='ltr'>ln</span> <span class='ocrx_word' id='word_1_393' title='bbox 810 2380 939 2404; x_wconf 90' lang='lat' dir='ltr'>Comment.</span> <span class='ocrx_word' id='word_1_394' title='bbox 956 2380 1000 2402; x_wconf 87' lang='lat' dir='ltr'>sub</span> 
     </span>
     <span class='ocr_line' id='line_1_66' title="bbox 155 2419 1002 2448; baseline 0 -6"><span class='ocrx_word' id='word_1_395' title='bbox 155 2420 248 2442; x_wconf 89' lang='lat' dir='ltr'>nomine</span> <span class='ocrx_word' id='word_1_396' title='bbox 264 2421 350 2443; x_wconf 89' lang='lat' dir='ltr'>Bouav.</span> <span class='ocrx_word' id='word_1_397' title='bbox 367 2421 390 2442; x_wconf 89' lang='lat' dir='ltr'>in</span> <span class='ocrx_word' id='word_1_398' title='bbox 418 2420 456 2443; x_wconf 91' lang='lat' dir='ltr'>ed.</span> <span class='ocrx_word' id='word_1_399' title='bbox 474 2421 581 2443; x_wconf 87' lang='lat' dir='ltr'>Vaticana</span> <span class='ocrx_word' id='word_1_400' title='bbox 604 2421 697 2448; x_wconf 83' lang='lat' dir='ltr'>vulgato</span> <span class='ocrx_word' id='word_1_401' title='bbox 719 2420 818 2448; x_wconf 85' lang='lat' dir='ltr'>legitur:</span> <span class='ocrx_word' id='word_1_402' title='bbox 836 2421 889 2442; x_wconf 89' lang='lat' dir='ltr'>ltem</span> <span class='ocrx_word' id='word_1_403' title='bbox 912 2419 1002 2448; x_wconf 84' lang='lat' dir='ltr'>quaeri-</span> 
     </span>
     <span class='ocr_line' id='line_1_67' title="bbox 156 2458 1001 2489; baseline 0 -8"><span class='ocrx_word' id='word_1_404' title='bbox 156 2462 207 2482; x_wconf 87' lang='lat' dir='ltr'>tur:</span> <span class='ocrx_word' id='word_1_405' title='bbox 224 2459 272 2487; x_wconf 87' lang='lat' dir='ltr'>Qui</span> <span class='ocrx_word' id='word_1_406' title='bbox 286 2459 348 2482; x_wconf 75' lang='lat' dir='ltr'>mate</span> <span class='ocrx_word' id='word_1_407' title='bbox 364 2459 415 2489; x_wconf 73' lang='lat' dir='ltr'>aqit</span> <span class='ocrx_word' id='word_1_408' title='bbox 429 2465 478 2483; x_wconf 78' lang='lat' dir='ltr'>nou</span> <span class='ocrx_word' id='word_1_409' title='bbox 494 2459 555 2482; x_wconf 77' lang='lat' dir='ltr'>vertit</span> <span class='ocrx_word' id='word_1_410' title='bbox 571 2459 603 2482; x_wconf 82' lang='lat' dir='ltr'>ad</span> <span class='ocrx_word' id='word_1_411' title='bbox 621 2459 704 2483; x_wconf 75' lang='lat' dir='ltr'>lucem.</span> <span class='ocrx_word' id='word_1_412' title='bbox 723 2460 824 2488; x_wconf 85' lang='lat' dir='ltr'>Qualiter</span> <span class='ocrx_word' id='word_1_413' title='bbox 840 2460 900 2482; x_wconf 71' lang='lat' dir='ltr'>hoc?</span> <span class='ocrx_word' id='word_1_414' title='bbox 912 2458 1001 2488; x_wconf 83' lang='lat' dir='ltr'>quaerit</span> 
     </span>
     <span class='ocr_line' id='line_1_68' title="bbox 157 2498 1001 2528; baseline -0.002 -6"><span class='ocrx_word' id='word_1_415' title='bbox 157 2498 339 2528; x_wconf 69' lang='lat' dir='ltr'>chrysostomus</span> <span class='ocrx_word' id='word_1_416' title='bbox 358 2498 393 2528; x_wconf 89' lang='lat' dir='ltr'>[in</span> <span class='ocrx_word' id='word_1_417' title='bbox 411 2499 470 2521; x_wconf 89' lang='lat' dir='ltr'>loan.</span> <span class='ocrx_word' id='word_1_418' title='bbox 493 2499 572 2521; x_wconf 87' lang='lat' dir='ltr'>homil.</span> <span class='ocrx_word' id='word_1_419' title='bbox 593 2499 631 2521; x_wconf 85' lang='lat'>28.</span> <span class='ocrx_word' id='word_1_420' title='bbox 653 2499 708 2522; x_wconf 84' lang='lat' dir='ltr'>alias</span> <span class='ocrx_word' id='word_1_421' title='bbox 730 2499 768 2521; x_wconf 93' lang='lat'>27.</span> <span class='ocrx_word' id='word_1_422' title='bbox 789 2505 811 2521; x_wconf 89' lang='lat' dir='ltr'>n.</span> <span class='ocrx_word' id='word_1_423' title='bbox 834 2498 879 2528; x_wconf 88' lang='lat'>2.]:</span> <span class='ocrx_word' id='word_1_424' title='bbox 899 2499 1001 2520; x_wconf 68' lang='lat' dir='ltr'>«Nonne</span> 
     </span>
     <span class='ocr_line' id='line_1_69' title="bbox 157 2537 1000 2566; baseline -0.001 -6"><span class='ocrx_word' id='word_1_425' title='bbox 157 2537 271 2566; x_wconf 86' lang='lat' dir='ltr'>publicani</span> <span class='ocrx_word' id='word_1_426' title='bbox 288 2541 310 2560; x_wconf 88' lang='lat' dir='ltr'>et</span> <span class='ocrx_word' id='word_1_427' title='bbox 326 2541 459 2566; x_wconf 86' lang='lat' dir='ltr'>peccatores</span> <span class='ocrx_word' id='word_1_428' title='bbox 476 2541 589 2560; x_wconf 88' lang='lat' dir='ltr'>venerunt</span> <span class='ocrx_word' id='word_1_429' title='bbox 605 2538 635 2561; x_wconf 88' lang='lat' dir='ltr'>ad</span> <span class='ocrx_word' id='word_1_430' title='bbox 652 2538 724 2560; x_wconf 89' lang='lat' dir='ltr'>Deum</span> <span class='ocrx_word' id='word_1_431' title='bbox 738 2547 759 2565; x_wconf 84' lang='lat'>»,</span> <span class='ocrx_word' id='word_1_432' title='bbox 777 2540 799 2560; x_wconf 90' lang='lat' dir='ltr'>et</span> <span class='ocrx_word' id='word_1_433' title='bbox 816 2538 879 2560; x_wconf 90' lang='lat' dir='ltr'>multi</span> <span class='ocrx_word' id='word_1_434' title='bbox 896 2537 946 2565; x_wconf 80' lang='lat' dir='ltr'>alii,</span> <span class='ocrx_word' id='word_1_435' title='bbox 960 2538 1000 2566; x_wconf 88' lang='lat' dir='ltr'>qui</span> 
     </span>
     <span class='ocr_line' id='line_1_70' title="bbox 157 2576 1002 2605; baseline -0.001 -6"><span class='ocrx_word' id='word_1_436' title='bbox 157 2577 331 2605; x_wconf 78' lang='lat' dir='ltr'>poenituerunt,</span> <span class='ocrx_word' id='word_1_437' title='bbox 348 2580 373 2600; x_wconf 90' lang='lat' dir='ltr'>ut</span> <span class='ocrx_word' id='word_1_438' title='bbox 390 2577 471 2600; x_wconf 88' lang='lat' dir='ltr'>mulier</span> <span class='ocrx_word' id='word_1_439' title='bbox 493 2577 626 2605; x_wconf 76' lang='lat' dir='ltr'>peccatrix?</span> <span class='ocrx_word' id='word_1_440' title='bbox 643 2577 733 2599; x_wconf 89' lang='lat' dir='ltr'>Falsum</span> <span class='ocrx_word' id='word_1_441' title='bbox 756 2582 813 2604; x_wconf 82' lang='lat' dir='ltr'>ergo</span> <span class='ocrx_word' id='word_1_442' title='bbox 835 2576 877 2604; x_wconf 84' lang='lat' dir='ltr'>ait,</span> <span class='ocrx_word' id='word_1_443' title='bbox 895 2578 920 2598; x_wconf 90' lang='lat' dir='ltr'>ut</span> <span class='ocrx_word' id='word_1_444' title='bbox 936 2576 1002 2598; x_wconf 84' lang='lat' dir='ltr'>vide—</span> 
     </span>
     <span class='ocr_line' id='line_1_71' title="bbox 157 2614 1001 2645; baseline -0.002 -7"><span class='ocrx_word' id='word_1_445' title='bbox 157 2619 200 2645; x_wconf 79' lang='lat' dir='ltr'>tur,</span> <span class='ocrx_word' id='word_1_446' title='bbox 217 2616 281 2645; x_wconf 92' lang='lat' dir='ltr'>quod</span> <span class='ocrx_word' id='word_1_447' title='bbox 298 2615 340 2645; x_wconf 84' lang='lat' dir='ltr'>qui</span> <span class='ocrx_word' id='word_1_448' title='bbox 355 2615 418 2639; x_wconf 81' lang='lat' dir='ltr'>male</span> <span class='ocrx_word' id='word_1_449' title='bbox 434 2615 485 2645; x_wconf 73' lang='lat' dir='ltr'>uqit</span> <span class='ocrx_word' id='word_1_450' title='bbox 505 2614 554 2638; x_wconf 81' lang='lat' dir='ltr'>non</span> <span class='ocrx_word' id='word_1_451' title='bbox 577 2615 640 2639; x_wconf 83' lang='lat' dir='ltr'>venit</span> <span class='ocrx_word' id='word_1_452' title='bbox 655 2615 688 2638; x_wconf 84' lang='lat' dir='ltr'>ad</span> <span class='ocrx_word' id='word_1_453' title='bbox 704 2615 787 2638; x_wconf 83' lang='lat' dir='ltr'>lucem.</span> <span class='ocrx_word' id='word_1_454' title='bbox 804 2616 831 2637; x_wconf 89' lang='lat' dir='ltr'>Et</span> <span class='ocrx_word' id='word_1_455' title='bbox 853 2615 882 2637; x_wconf 90' lang='lat' dir='ltr'>ad</span> <span class='ocrx_word' id='word_1_456' title='bbox 905 2616 948 2637; x_wconf 86' lang='lat' dir='ltr'>hoc</span> <span class='ocrx_word' id='word_1_457' title='bbox 968 2620 1001 2636; x_wconf 90' lang='lat' dir='ltr'>re-</span> 
     </span>
     <span class='ocr_line' id='line_1_72' title="bbox 157 2652 1001 2685; baseline -0.002 -7"><span class='ocrx_word' id='word_1_458' title='bbox 157 2655 267 2683; x_wconf 86' lang='lat' dir='ltr'>spondet¹</span> <span class='ocrx_word' id='word_1_459' title='bbox 284 2656 347 2685; x_wconf 88' lang='lat' dir='ltr'>quod</span> <span class='ocrx_word' id='word_1_460' title='bbox 368 2664 379 2676; x_wconf 73' lang='grc' dir='ltr'>«ι</span> <span class='ocrx_word' id='word_1_461' title='bbox 391 2662 435 2678; x_wconf 90' lang='lat' dir='ltr'>non</span> <span class='ocrx_word' id='word_1_462' title='bbox 452 2656 497 2678; x_wconf 86' lang='lat' dir='ltr'>ait:</span> <span class='ocrx_word' id='word_1_463' title='bbox 514 2652 557 2684; x_wconf 81' lang='lat' dir='ltr'>Qui</span> <span class='ocrx_word' id='word_1_464' title='bbox 576 2655 634 2677; x_wconf 87' lang='lat' dir='ltr'>male</span> <span class='ocrx_word' id='word_1_465' title='bbox 651 2655 699 2683; x_wconf 86' lang='lat' dir='ltr'>egit</span> <span class='ocrx_word' id='word_1_466' title='bbox 720 2661 765 2677; x_wconf 88' lang='lat' dir='ltr'>uon</span> <span class='ocrx_word' id='word_1_467' title='bbox 782 2655 858 2683; x_wconf 74' lang='lat' dir='ltr'>veuit,</span> <span class='ocrx_word' id='word_1_468' title='bbox 877 2654 963 2677; x_wconf 84' lang='lat' dir='ltr'>scilicet</span> <span class='ocrx_word' id='word_1_469' title='bbox 979 2655 1001 2676; x_wconf 90' lang='lat' dir='ltr'>in</span> 
     </span>
     <span class='ocr_line' id='line_1_73' title="bbox 157 2694 1002 2724; baseline -0.002 -7"><span class='ocrx_word' id='word_1_470' title='bbox 157 2695 292 2723; x_wconf 84' lang='lat' dir='ltr'>praeterito,</span> <span class='ocrx_word' id='word_1_471' title='bbox 310 2695 351 2717; x_wconf 86' lang='lat' dir='ltr'>sed</span> <span class='ocrx_word' id='word_1_472' title='bbox 368 2694 410 2724; x_wconf 84' lang='lat' dir='ltr'>qui</span> <span class='ocrx_word' id='word_1_473' title='bbox 425 2694 488 2717; x_wconf 85' lang='lat' dir='ltr'>male</span> <span class='ocrx_word' id='word_1_474' title='bbox 503 2694 565 2724; x_wconf 65' lang='lat' dir='ltr'>aqu,</span> <span class='ocrx_word' id='word_1_475' title='bbox 584 2695 627 2717; x_wconf 88' lang='lat' dir='ltr'>hoc</span> <span class='ocrx_word' id='word_1_476' title='bbox 646 2698 692 2722; x_wconf 82' lang='lat' dir='ltr'>est,</span> <span class='ocrx_word' id='word_1_477' title='bbox 709 2694 749 2723; x_wconf 91' lang='lat' dir='ltr'>qui</span> <span class='ocrx_word' id='word_1_478' title='bbox 765 2700 858 2722; x_wconf 79' lang='lat' dir='ltr'>semper</span> <span class='ocrx_word' id='word_1_479' title='bbox 875 2694 924 2716; x_wconf 93' lang='lat' dir='ltr'>vult</span> <span class='ocrx_word' id='word_1_480' title='bbox 941 2694 1002 2716; x_wconf 89' lang='lat' dir='ltr'>volu-</span> 
     </span>
     <span class='ocr_line' id='line_1_74' title="bbox 157 2731 1002 2761; baseline -0.001 -6"><span class='ocrx_word' id='word_1_481' title='bbox 157 2733 200 2755; x_wconf 86' lang='lat' dir='ltr'>tari</span> <span class='ocrx_word' id='word_1_482' title='bbox 211 2733 300 2761; x_wconf 87' lang='lat' dir='ltr'>peccati</span> <span class='ocrx_word' id='word_1_483' title='bbox 311 2733 415 2761; x_wconf 79' lang='lat' dir='ltr'>gurgite;</span> <span class='ocrx_word' id='word_1_484' title='bbox 424 2733 474 2755; x_wconf 76' lang='lat' dir='ltr'>talis</span> <span class='ocrx_word' id='word_1_485' title='bbox 482 2733 544 2755; x_wconf 91' lang='lat' dir='ltr'>enim</span> <span class='ocrx_word' id='word_1_486' title='bbox 554 2739 600 2755; x_wconf 91' lang='lat' dir='ltr'>non</span> <span class='ocrx_word' id='word_1_487' title='bbox 609 2733 659 2755; x_wconf 88' lang='lat' dir='ltr'>vult</span> <span class='ocrx_word' id='word_1_488' title='bbox 670 2739 695 2755; x_wconf 89' lang='lat' dir='ltr'>se</span> <span class='ocrx_word' id='word_1_489' title='bbox 706 2731 819 2755; x_wconf 88' lang='lat' dir='ltr'>subiicere</span> <span class='ocrx_word' id='word_1_490' title='bbox 831 2731 922 2760; x_wconf 84' lang='lat' dir='ltr'>legibus</span> <span class='ocrx_word' id='word_1_491' title='bbox 934 2731 1002 2754; x_wconf 70' lang='lat' dir='ltr'>Dein.</span> 
     </span>
    </p>

    <p class='ocr_par' dir='ltr' id='par_1_17' title="bbox 160 2771 1003 2841">
     <span class='ocr_line' id='line_1_75' title="bbox 221 2771 1002 2800; baseline -0.003 -5"><span class='ocrx_word' id='word_1_492' title='bbox 221 2771 228 2784; x_wconf 89' lang='lat'>¹</span> <span class='ocrx_word' id='word_1_493' title='bbox 248 2772 313 2795; x_wconf 87' lang='lat' dir='ltr'>Vers.</span> <span class='ocrx_word' id='word_1_494' title='bbox 330 2773 368 2795; x_wconf 84' lang='lat'>25.</span> <span class='ocrx_word' id='word_1_495' title='bbox 385 2773 415 2795; x_wconf 84' lang='lat' dir='ltr'>lta</span> <span class='ocrx_word' id='word_1_496' title='bbox 432 2772 500 2794; x_wconf 82' lang='lat' dir='ltr'>etlam</span> <span class='ocrx_word' id='word_1_497' title='bbox 518 2773 623 2800; x_wconf 68' lang='lat' dir='ltr'>August„</span> <span class='ocrx_word' id='word_1_498' title='bbox 634 2772 657 2794; x_wconf 92' lang='lat' dir='ltr'>in</span> <span class='ocrx_word' id='word_1_499' title='bbox 669 2773 731 2794; x_wconf 80' lang='lat' dir='ltr'>loen.</span> <span class='ocrx_word' id='word_1_500' title='bbox 745 2772 833 2800; x_wconf 83' lang='lat' dir='ltr'>Evang.</span> <span class='ocrx_word' id='word_1_501' title='bbox 847 2774 874 2794; x_wconf 87' lang='lat' dir='ltr'>tr.</span> <span class='ocrx_word' id='word_1_502' title='bbox 889 2771 926 2793; x_wconf 65' lang='lat'>43.</span> <span class='ocrx_word' id='word_1_503' title='bbox 937 2777 961 2793; x_wconf 81' lang='lat' dir='ltr'>n.</span> <span class='ocrx_word' id='word_1_504' title='bbox 973 2771 1002 2798; x_wconf 85' lang='lat'>8;</span> 
     </span>
     <span class='ocr_line' id='line_1_76' title="bbox 160 2810 1003 2841; baseline 0 -9"><span class='ocrx_word' id='word_1_505' title='bbox 160 2811 254 2839; x_wconf 80' lang='lat' dir='ltr'>Vulgata</span> <span class='ocrx_word' id='word_1_506' title='bbox 269 2811 341 2835; x_wconf 86' lang='lat' dir='ltr'>Facta</span> <span class='ocrx_word' id='word_1_507' title='bbox 357 2812 391 2834; x_wconf 87' lang='lat' dir='ltr'>est</span> <span class='ocrx_word' id='word_1_508' title='bbox 406 2813 486 2834; x_wconf 85' lang='lat' dir='ltr'>autem</span> <span class='ocrx_word' id='word_1_509' title='bbox 497 2810 609 2841; x_wconf 80' lang='lat' dir='ltr'>quaestio.</span> <span class='ocrx_word' id='word_1_510' title='bbox 622 2823 653 2827; x_wconf 96' lang='lat'><strong>—</strong></span> <span class='ocrx_word' id='word_1_511' title='bbox 665 2811 718 2839; x_wconf 83' lang='lat' dir='ltr'>Seq.</span> <span class='ocrx_word' id='word_1_512' title='bbox 732 2811 795 2833; x_wconf 87' lang='lat' dir='ltr'>locus</span> <span class='ocrx_word' id='word_1_513' title='bbox 811 2813 846 2833; x_wconf 85' lang='lat' dir='ltr'>est</span> <span class='ocrx_word' id='word_1_514' title='bbox 862 2810 917 2833; x_wconf 86' lang='lat' dir='ltr'>ibid.</span> <span class='ocrx_word' id='word_1_515' title='bbox 930 2817 953 2832; x_wconf 85' lang='lat' dir='ltr'>v.</span> <span class='ocrx_word' id='word_1_516' title='bbox 965 2810 1003 2832; x_wconf 84' lang='lat'>27.</span> 
     </span>
    </p>

    <p class='ocr_par' dir='ltr' id='par_1_18' title="bbox 159 2848 1003 2918">
     <span class='ocr_line' id='line_1_77' title="bbox 220 2848 1003 2878; baseline -0.003 -5"><span class='ocrx_word' id='word_1_517' title='bbox 220 2848 229 2862; x_wconf 86' lang='lat'><strong>²</strong></span> <span class='ocrx_word' id='word_1_518' title='bbox 247 2850 352 2873; x_wconf 88' lang='lat' dir='ltr'>Nonnulli</span> <span class='ocrx_word' id='word_1_519' title='bbox 369 2851 438 2873; x_wconf 84' lang='lat' dir='ltr'>codd.</span> <span class='ocrx_word' id='word_1_520' title='bbox 455 2853 477 2872; x_wconf 91' lang='lat' dir='ltr'>et</span> <span class='ocrx_word' id='word_1_521' title='bbox 493 2851 590 2878; x_wconf 81' lang='lat' dir='ltr'>Vulgata</span> <span class='ocrx_word' id='word_1_522' title='bbox 608 2849 647 2873; x_wconf 86' lang='lat' dir='ltr'>eis.</span> <span class='ocrx_word' id='word_1_523' title='bbox 668 2863 695 2866; x_wconf 92' lang='lat'>-—</span> <span class='ocrx_word' id='word_1_524' title='bbox 713 2850 822 2878; x_wconf 82' lang='lat' dir='ltr'>Sequitur</span> <span class='ocrx_word' id='word_1_525' title='bbox 843 2850 904 2872; x_wconf 91' lang='lat' dir='ltr'>loan.</span> <span class='ocrx_word' id='word_1_526' title='bbox 922 2850 943 2876; x_wconf 78' lang='lat' dir='ltr'>t,</span> <span class='ocrx_word' id='word_1_527' title='bbox 961 2849 1003 2876; x_wconf 82' lang='lat'>33,</span> 
     </span>
     <span class='ocr_line' id='line_1_78' title="bbox 159 2888 1003 2918; baseline 0 -7"><span class='ocrx_word' id='word_1_528' title='bbox 159 2889 198 2912; x_wconf 91' lang='lat' dir='ltr'>ubi</span> <span class='ocrx_word' id='word_1_529' title='bbox 215 2892 267 2917; x_wconf 86' lang='lat' dir='ltr'>post</span> <span class='ocrx_word' id='word_1_530' title='bbox 283 2888 458 2913; x_wconf 77' lang='lat' dir='ltr'>descendentem</span> <span class='ocrx_word' id='word_1_531' title='bbox 470 2890 567 2917; x_wconf 84' lang='lat' dir='ltr'>Vulgata</span> <span class='ocrx_word' id='word_1_532' title='bbox 584 2889 649 2912; x_wconf 81' lang='lat' dir='ltr'>addit</span> <span class='ocrx_word' id='word_1_533' title='bbox 665 2890 687 2912; x_wconf 84' lang='lat' dir='ltr'>et</span> <span class='ocrx_word' id='word_1_534' title='bbox 702 2890 836 2912; x_wconf 81' lang='lat' dir='ltr'>manentem</span> <span class='ocrx_word' id='word_1_535' title='bbox 852 2894 924 2918; x_wconf 80' lang='lat' dir='ltr'>super</span> <span class='ocrx_word' id='word_1_536' title='bbox 941 2894 1003 2911; x_wconf 84' lang='lat' dir='ltr'>eum.</span> 
     </span>
    </p>
   </div>
   <div class='ocr_carea' id='block_1_10' title="bbox 1020 1023 1027 1567">
    <p class='ocr_par' dir='ltr' id='par_1_19' title="bbox 1020 1023 1027 1567">
     <span class='ocr_line' id='line_1_79' title="bbox 1020 1023 1027 1567; baseline 0 0"><span class='ocrx_word' id='word_1_537' title='bbox 1020 1023 1027 1567; x_wconf 95' lang='lat' dir='ltr'> </span> 
     </span>
    </p>
   </div>
   <div class='ocr_carea' id='block_1_11' title="bbox 1021 1023 1028 1759">
    <p class='ocr_par' dir='ltr' id='par_1_20' title="bbox 1021 1023 1028 1759">
     <span class='ocr_line' id='line_1_80' title="bbox 1021 1023 1028 1759; baseline 0 0"><span class='ocrx_word' id='word_1_538' title='bbox 1021 1023 1028 1759; x_wconf 95' lang='lat' dir='ltr'> </span> 
     </span>
    </p>
   </div>
   <div class='ocr_carea' id='block_1_12' title="bbox 1026 1983 1031 2790">
    <p class='ocr_par' dir='ltr' id='par_1_21' title="bbox 1026 1983 1031 2790">
     <span class='ocr_line' id='line_1_81' title="bbox 1026 1983 1031 2790; baseline 0 0"><span class='ocrx_word' id='word_1_539' title='bbox 1026 1983 1031 2790; x_wconf 95' lang='lat' dir='ltr'> </span> 
     </span>
    </p>
   </div>
   <div class='ocr_carea' id='block_1_13' title="bbox 1836 104 1891 133">
    <p class='ocr_par' dir='ltr' id='par_1_22' title="bbox 1836 104 1891 133">
     <span class='ocr_line' id='line_1_82' title="bbox 1836 104 1891 133; baseline 0 0"><span class='ocrx_word' id='word_1_540' title='bbox 1836 104 1891 133; x_wconf 73' lang='lat'>285</span> 
     </span>
    </p>
   </div>
   <div class='ocr_carea' id='block_1_14' title="bbox 1045 180 1901 1620">
    <p class='ocr_par' dir='ltr' id='par_1_23' title="bbox 1048 180 1892 302">
     <span class='ocr_line' id='line_1_83' title="bbox 1049 180 1892 220; baseline 0.002 -11"><span class='ocrx_word' id='word_1_541' title='bbox 1049 180 1265 210; x_wconf 84' lang='lat' dir='ltr'>incarceratione</span> <span class='ocrx_word' id='word_1_542' title='bbox 1286 182 1392 211; x_wconf 88' lang='lat' dir='ltr'>Ioannis</span> <span class='ocrx_word' id='word_1_543' title='bbox 1409 182 1535 211; x_wconf 87' lang='lat' dir='ltr'>Matthaei</span> <span class='ocrx_word' id='word_1_544' title='bbox 1550 182 1657 211; x_wconf 89' lang='lat' dir='ltr'>decimo</span> <span class='ocrx_word' id='word_1_545' title='bbox 1678 185 1790 220; x_wconf 85' lang='lat' dir='ltr'>quarto:</span> <span class='ocrx_word' id='word_1_546' title='bbox 1816 182 1892 211; x_wconf 88' lang='lat' dir='ltr'>«He-</span> 
     </span>
     <span class='ocr_line' id='line_1_84' title="bbox 1049 226 1892 266; baseline 0.002 -11"><span class='ocrx_word' id='word_1_547' title='bbox 1049 226 1129 255; x_wconf 88' lang='lat' dir='ltr'>rodes</span> <span class='ocrx_word' id='word_1_548' title='bbox 1150 228 1239 256; x_wconf 84' lang='lat' dir='ltr'>tenuit</span> <span class='ocrx_word' id='word_1_549' title='bbox 1266 228 1393 257; x_wconf 86' lang='lat' dir='ltr'>Ioannem</span> <span class='ocrx_word' id='word_1_550' title='bbox 1414 231 1441 257; x_wconf 88' lang='lat' dir='ltr'>et</span> <span class='ocrx_word' id='word_1_551' title='bbox 1471 228 1592 266; x_wconf 81' lang='lat' dir='ltr'>alligavit</span> <span class='ocrx_word' id='word_1_552' title='bbox 1618 236 1682 257; x_wconf 89' lang='lat' dir='ltr'>eum</span> <span class='ocrx_word' id='word_1_553' title='bbox 1703 231 1731 257; x_wconf 89' lang='lat' dir='ltr'>et</span> <span class='ocrx_word' id='word_1_554' title='bbox 1761 228 1836 257; x_wconf 90' lang='lat' dir='ltr'>misit</span> <span class='ocrx_word' id='word_1_555' title='bbox 1863 229 1892 257; x_wconf 90' lang='lat' dir='ltr'>in</span> 
     </span>
     <span class='ocr_line' id='line_1_85' title="bbox 1048 276 1293 302; baseline 0.004 -1"><span class='ocrx_word' id='word_1_556' title='bbox 1048 280 1188 302; x_wconf 85' lang='lat' dir='ltr'>carcerem</span> <span class='ocrx_word' id='word_1_557' title='bbox 1202 285 1216 298; x_wconf 88' lang='lat'>»</span> <span class='ocrx_word' id='word_1_558' title='bbox 1242 276 1293 302; x_wconf 85' lang='lat' dir='ltr'>etc.</span> 
     </span>
    </p>

    <p class='ocr_par' dir='ltr' id='par_1_24' title="bbox 1048 320 1894 544">
     <span class='ocr_line' id='line_1_86' title="bbox 1126 320 1892 360; baseline 0.003 -12"><span class='ocrx_word' id='word_1_559' title='bbox 1126 320 1172 349; x_wconf 73' lang='lat'>43,</span> <span class='ocrx_word' id='word_1_560' title='bbox 1197 321 1290 349; x_wconf 77' lang='lat' dir='ltr'>Facta</span> <span class='ocrx_word' id='word_1_561' title='bbox 1310 325 1351 349; x_wconf 83' lang='lat' dir='ltr'>est</span> <span class='ocrx_word' id='word_1_562' title='bbox 1371 330 1439 359; x_wconf 68' lang='lat' dir='ltr'>erqo</span> <span class='ocrx_word' id='word_1_563' title='bbox 1460 322 1611 360; x_wconf 76' lang='lat' dir='ltr'>quaestio⁶</span> <span class='ocrx_word' id='word_1_564' title='bbox 1633 324 1683 351; x_wconf 92' lang='lat' dir='ltr'>etc.</span> <span class='ocrx_word' id='word_1_565' title='bbox 1706 322 1753 350; x_wconf 90' lang='lat' dir='ltr'>Hic</span> <span class='ocrx_word' id='word_1_566' title='bbox 1767 321 1892 350; x_wconf 88' lang='lat' dir='ltr'>introdu-</span> 
     </span>
     <span class='ocr_line' id='line_1_87' title="bbox 1048 367 1891 406; baseline 0.001 -11"><span class='ocrx_word' id='word_1_567' title='bbox 1048 367 1121 395; x_wconf 87' lang='lat' dir='ltr'>citur</span> <span class='ocrx_word' id='word_1_568' title='bbox 1141 375 1178 396; x_wconf 88' lang='lat' dir='ltr'>ex</span> <span class='ocrx_word' id='word_1_569' title='bbox 1208 367 1311 404; x_wconf 88' lang='lat' dir='ltr'>duplici</span> <span class='ocrx_word' id='word_1_570' title='bbox 1344 368 1534 404; x_wconf 83' lang='lat' dir='ltr'>purificatione</span> <span class='ocrx_word' id='word_1_571' title='bbox 1559 369 1718 406; x_wconf 80' lang='lat' dir='ltr'>procedens</span> <span class='ocrx_word' id='word_1_572' title='bbox 1744 368 1891 406; x_wconf 84' lang='lat' dir='ltr'>quaestio,</span> 
     </span>
     <span class='ocr_line' id='line_1_88' title="bbox 1048 414 1894 451; baseline 0.002 -10"><span class='ocrx_word' id='word_1_573' title='bbox 1048 421 1119 450; x_wconf 91' lang='lat' dir='ltr'>quae</span> <span class='ocrx_word' id='word_1_574' title='bbox 1140 416 1233 442; x_wconf 90' lang='lat' dir='ltr'>ortum</span> <span class='ocrx_word' id='word_1_575' title='bbox 1254 414 1352 443; x_wconf 87' lang='lat' dir='ltr'>habuit</span> <span class='ocrx_word' id='word_1_576' title='bbox 1372 423 1388 442; x_wconf 89' lang='lat' dir='ltr'>a</span> <span class='ocrx_word' id='word_1_577' title='bbox 1408 414 1550 451; x_wconf 89' lang='lat' dir='ltr'>discipulis</span> <span class='ocrx_word' id='word_1_578' title='bbox 1572 415 1677 443; x_wconf 88' lang='lat' dir='ltr'>loannis</span> <span class='ocrx_word' id='word_1_579' title='bbox 1701 414 1894 444; x_wconf 86' lang='lat' dir='ltr'>calumnianti—</span> 
     </span>
     <span class='ocr_line' id='line_1_89' title="bbox 1048 459 1894 498; baseline 0.004 -11"><span class='ocrx_word' id='word_1_580' title='bbox 1048 459 1101 488; x_wconf 91' lang='lat' dir='ltr'>bus</span> <span class='ocrx_word' id='word_1_581' title='bbox 1122 459 1249 494; x_wconf 80' lang='lat' dir='ltr'>ludaeos,</span> <span class='ocrx_word' id='word_1_582' title='bbox 1271 460 1359 497; x_wconf 91' lang='lat' dir='ltr'>quod,</span> <span class='ocrx_word' id='word_1_583' title='bbox 1382 461 1478 489; x_wconf 89' lang='lat' dir='ltr'>relicto</span> <span class='ocrx_word' id='word_1_584' title='bbox 1499 461 1605 490; x_wconf 87' lang='lat' dir='ltr'>loannis</span> <span class='ocrx_word' id='word_1_585' title='bbox 1626 461 1802 498; x_wconf 86' lang='lat' dir='ltr'>baptismate,</span> <span class='ocrx_word' id='word_1_586' title='bbox 1818 461 1894 490; x_wconf 84' lang='lat' dir='ltr'>ibant</span> 
     </span>
     <span class='ocr_line' id='line_1_90' title="bbox 1048 505 1579 544; baseline 0.004 -11"><span class='ocrx_word' id='word_1_587' title='bbox 1048 505 1081 533; x_wconf 90' lang='lat' dir='ltr'>ad</span> <span class='ocrx_word' id='word_1_588' title='bbox 1103 505 1252 534; x_wconf 86' lang='lat' dir='ltr'>Christum.</span> <span class='ocrx_word' id='word_1_589' title='bbox 1275 506 1390 543; x_wconf 88' lang='lat' dir='ltr'>Propter</span> <span class='ocrx_word' id='word_1_590' title='bbox 1411 507 1485 544; x_wconf 89' lang='lat' dir='ltr'>quod</span> <span class='ocrx_word' id='word_1_591' title='bbox 1501 507 1579 536; x_wconf 87' lang='lat' dir='ltr'>dicit:</span> 
     </span>
    </p>

    <p class='ocr_par' dir='ltr' id='par_1_25' title="bbox 1045 552 1896 964">
     <span class='ocr_line' id='line_1_91' title="bbox 1128 552 1895 592; baseline 0.003 -12"><span class='ocrx_word' id='word_1_592' title='bbox 1128 552 1216 588; x_wconf 88' lang='lat' dir='ltr'>(Vers.</span> <span class='ocrx_word' id='word_1_593' title='bbox 1239 554 1306 587; x_wconf 59' lang='lat'>25).</span> <span class='ocrx_word' id='word_1_594' title='bbox 1330 554 1423 582; x_wconf 82' lang='lat' dir='ltr'>Facta</span> <span class='ocrx_word' id='word_1_595' title='bbox 1444 557 1485 582; x_wconf 85' lang='lat' dir='ltr'>est</span> <span class='ocrx_word' id='word_1_596' title='bbox 1505 562 1572 591; x_wconf 66' lang='lat' dir='ltr'>erqo</span> <span class='ocrx_word' id='word_1_597' title='bbox 1594 555 1723 592; x_wconf 82' lang='lat' dir='ltr'>quaestio</span> <span class='ocrx_word' id='word_1_598' title='bbox 1751 563 1786 582; x_wconf 75' lang='lat' dir='ltr'>ea:</span> <span class='ocrx_word' id='word_1_599' title='bbox 1807 554 1895 582; x_wconf 82' lang='lat' dir='ltr'>disei-</span> 
     </span>
     <span class='ocr_line' id='line_1_92' title="bbox 1045 598 1895 637; baseline 0.004 -11"><span class='ocrx_word' id='word_1_600' title='bbox 1045 598 1126 635; x_wconf 84' lang='lat' dir='ltr'>pulis</span> <span class='ocrx_word' id='word_1_601' title='bbox 1141 599 1275 633; x_wconf 83' lang='lat' dir='ltr'>loannis,</span> <span class='ocrx_word' id='word_1_602' title='bbox 1297 600 1375 636; x_wconf 87' lang='lat' dir='ltr'>quasi</span> <span class='ocrx_word' id='word_1_603' title='bbox 1390 600 1425 628; x_wconf 89' lang='lat' dir='ltr'>ab</span> <span class='ocrx_word' id='word_1_604' title='bbox 1446 600 1512 636; x_wconf 86' lang='lat' dir='ltr'>ipsis</span> <span class='ocrx_word' id='word_1_605' title='bbox 1527 600 1640 628; x_wconf 87' lang='lat' dir='ltr'>trahens</span> <span class='ocrx_word' id='word_1_606' title='bbox 1660 600 1793 637; x_wconf 85' lang='lat' dir='ltr'>originem</span> <span class='ocrx_word' id='word_1_607' title='bbox 1801 613 1811 635; x_wconf 40' lang='lat' dir='ltr'>,r</span> <span class='ocrx_word' id='word_1_608' title='bbox 1827 609 1895 629; x_wconf 84' lang='lat' dir='ltr'>eum</span> 
     </span>
     <span class='ocr_line' id='line_1_93' title="bbox 1049 645 1893 684; baseline 0.004 -11"><span class='ocrx_word' id='word_1_609' title='bbox 1049 645 1183 679; x_wconf 82' lang='lat' dir='ltr'>ludaeis,</span> <span class='ocrx_word' id='word_1_610' title='bbox 1205 646 1471 680; x_wconf 86' lang='lat' dir='ltr'>contradicentibus,</span> <span class='ocrx_word' id='word_1_611' title='bbox 1494 647 1597 675; x_wconf 87' lang='lat' dir='ltr'>scilicet</span> <span class='ocrx_word' id='word_1_612' title='bbox 1618 647 1651 675; x_wconf 81' lang='lat' dir='ltr'>(Ze</span> <span class='ocrx_word' id='word_1_613' title='bbox 1669 647 1893 684; x_wconf 78' lang='lat' dir='ltr'>purificatione:</span> 
     </span>
     <span class='ocr_line' id='line_1_94' title="bbox 1049 692 1895 730; baseline 0.004 -10"><span class='ocrx_word' id='word_1_614' title='bbox 1049 692 1096 720; x_wconf 91' lang='lat' dir='ltr'>ubi</span> <span class='ocrx_word' id='word_1_615' title='bbox 1118 692 1221 721; x_wconf 90' lang='lat' dir='ltr'>scilicet</span> <span class='ocrx_word' id='word_1_616' title='bbox 1248 696 1320 721; x_wconf 91' lang='lat' dir='ltr'>esset</span> <span class='ocrx_word' id='word_1_617' title='bbox 1351 694 1438 722; x_wconf 87' lang='lat' dir='ltr'>maior</span> <span class='ocrx_word' id='word_1_618' title='bbox 1470 694 1640 730; x_wconf 83' lang='lat' dir='ltr'>purificatio,</span> <span class='ocrx_word' id='word_1_619' title='bbox 1671 697 1767 724; x_wconf 87' lang='lat' dir='ltr'>utrum</span> <span class='ocrx_word' id='word_1_620' title='bbox 1799 695 1826 722; x_wconf 91' lang='lat' dir='ltr'>in</span> <span class='ocrx_word' id='word_1_621' title='bbox 1848 694 1895 723; x_wconf 85' lang='lat' dir='ltr'>ba-</span> 
     </span>
     <span class='ocr_line' id='line_1_95' title="bbox 1049 739 1895 777; baseline 0.002 -10"><span class='ocrx_word' id='word_1_622' title='bbox 1049 739 1150 775; x_wconf 88' lang='lat' dir='ltr'>ptismo</span> <span class='ocrx_word' id='word_1_623' title='bbox 1170 739 1290 774; x_wconf 85' lang='lat' dir='ltr'>loannis,</span> <span class='ocrx_word' id='word_1_624' title='bbox 1313 740 1356 768; x_wconf 88' lang='lat' dir='ltr'>vel</span> <span class='ocrx_word' id='word_1_625' title='bbox 1377 740 1488 768; x_wconf 90' lang='lat' dir='ltr'>Christi.</span> <span class='ocrx_word' id='word_1_626' title='bbox 1511 740 1543 768; x_wconf 90' lang='lat' dir='ltr'>Et</span> <span class='ocrx_word' id='word_1_627' title='bbox 1563 740 1690 769; x_wconf 87' lang='lat' dir='ltr'>dicebant</span> <span class='ocrx_word' id='word_1_628' title='bbox 1708 740 1835 777; x_wconf 89' lang='lat' dir='ltr'>discipuli</span> <span class='ocrx_word' id='word_1_629' title='bbox 1856 741 1895 769; x_wconf 91' lang='lat' dir='ltr'>Io-</span> 
     </span>
     <span class='ocr_line' id='line_1_96' title="bbox 1049 785 1896 822; baseline 0.002 -9"><span class='ocrx_word' id='word_1_630' title='bbox 1049 786 1143 820; x_wconf 86' lang='lat' dir='ltr'>annis,</span> <span class='ocrx_word' id='word_1_631' title='bbox 1172 785 1339 822; x_wconf 86' lang='lat' dir='ltr'>baptismum</span> <span class='ocrx_word' id='word_1_632' title='bbox 1367 786 1474 815; x_wconf 83' lang='lat' dir='ltr'>Ioannis</span> <span class='ocrx_word' id='word_1_633' title='bbox 1505 794 1565 815; x_wconf 87' lang='lat' dir='ltr'>esse</span> <span class='ocrx_word' id='word_1_634' title='bbox 1592 787 1740 821; x_wconf 88' lang='lat' dir='ltr'>maiorem,</span> <span class='ocrx_word' id='word_1_635' title='bbox 1768 787 1859 816; x_wconf 84' lang='lat' dir='ltr'>Iudaei</span> <span class='ocrx_word' id='word_1_636' title='bbox 1880 794 1896 816; x_wconf 87' lang='lat' dir='ltr'>e</span> 
     </span>
     <span class='ocr_line' id='line_1_97' title="bbox 1049 832 1896 870; baseline 0.002 -10"><span class='ocrx_word' id='word_1_637' title='bbox 1049 832 1196 861; x_wconf 77' lang='lat' dir='ltr'>contrario.</span> <span class='ocrx_word' id='word_1_638' title='bbox 1220 833 1333 870; x_wconf 81' lang='lat' dir='ltr'>Propter</span> <span class='ocrx_word' id='word_1_639' title='bbox 1355 833 1421 867; x_wconf 85' lang='lat' dir='ltr'>hoc,</span> <span class='ocrx_word' id='word_1_640' title='bbox 1443 833 1582 867; x_wconf 83' lang='lat' dir='ltr'>videntes,</span> <span class='ocrx_word' id='word_1_641' title='bbox 1604 841 1632 862; x_wconf 83' lang='lat' dir='ltr'>sc</span> <span class='ocrx_word' id='word_1_642' title='bbox 1647 841 1702 862; x_wconf 88' lang='lat' dir='ltr'>non</span> <span class='ocrx_word' id='word_1_643' title='bbox 1723 841 1802 870; x_wconf 87' lang='lat' dir='ltr'>posse</span> <span class='ocrx_word' id='word_1_644' title='bbox 1817 841 1896 870; x_wconf 88' lang='lat' dir='ltr'>prae-</span> 
     </span>
     <span class='ocr_line' id='line_1_98' title="bbox 1050 880 1896 917; baseline 0.001 -9"><span class='ocrx_word' id='word_1_645' title='bbox 1050 880 1156 914; x_wconf 84' lang='lat' dir='ltr'>valere,</span> <span class='ocrx_word' id='word_1_646' title='bbox 1182 880 1272 917; x_wconf 89' lang='lat' dir='ltr'>ipsum</span> <span class='ocrx_word' id='word_1_647' title='bbox 1297 880 1437 909; x_wconf 86' lang='lat' dir='ltr'>Christum</span> <span class='ocrx_word' id='word_1_648' title='bbox 1454 889 1503 917; x_wconf 87' lang='lat' dir='ltr'>per</span> <span class='ocrx_word' id='word_1_649' title='bbox 1526 880 1655 909; x_wconf 83' lang='lat' dir='ltr'>invidiam</span> <span class='ocrx_word' id='word_1_650' title='bbox 1670 883 1809 909; x_wconf 85' lang='lat' dir='ltr'>accusant.</span> <span class='ocrx_word' id='word_1_651' title='bbox 1832 881 1896 909; x_wconf 89' lang='lat' dir='ltr'>Pro-</span> 
     </span>
     <span class='ocr_line' id='line_1_99' title="bbox 1050 927 1338 964; baseline 0.003 -9"><span class='ocrx_word' id='word_1_652' title='bbox 1050 930 1111 963; x_wconf 89' lang='lat' dir='ltr'>pter</span> <span class='ocrx_word' id='word_1_653' title='bbox 1133 927 1207 964; x_wconf 91' lang='lat' dir='ltr'>quod</span> <span class='ocrx_word' id='word_1_654' title='bbox 1230 927 1338 956; x_wconf 86' lang='lat' dir='ltr'>subdit:</span> 
     </span>
    </p>

    <p class='ocr_par' dir='ltr' id='par_1_26' title="bbox 1049 974 1901 1620">
     <span class='ocr_line' id='line_1_100' title="bbox 1128 974 1896 1010; baseline 0.001 -8"><span class='ocrx_word' id='word_1_655' title='bbox 1128 974 1174 1002; x_wconf 74' lang='grc'>44.</span> <span class='ocrx_word' id='word_1_656' title='bbox 1198 974 1286 1010; x_wconf 87' lang='lat' dir='ltr'>(Vers.</span> <span class='ocrx_word' id='word_1_657' title='bbox 1302 974 1370 1010; x_wconf 57' lang='lat'>26).</span> <span class='ocrx_word' id='word_1_658' title='bbox 1395 975 1427 1002; x_wconf 87' lang='lat' dir='ltr'>Et</span> <span class='ocrx_word' id='word_1_659' title='bbox 1441 978 1579 1003; x_wconf 78' lang='lat' dir='ltr'>venerunt</span> <span class='ocrx_word' id='word_1_660' title='bbox 1600 975 1640 1003; x_wconf 77' lang='lat' dir='ltr'>art</span> <span class='ocrx_word' id='word_1_661' title='bbox 1654 975 1793 1003; x_wconf 82' lang='lat' dir='ltr'>Ioannem</span> <span class='ocrx_word' id='word_1_662' title='bbox 1813 978 1839 1003; x_wconf 86' lang='lat' dir='ltr'>et</span> <span class='ocrx_word' id='word_1_663' title='bbox 1853 974 1896 1002; x_wconf 85' lang='lat' dir='ltr'>di—</span> 
     </span>
     <span class='ocr_line' id='line_1_101' title="bbox 1049 1021 1895 1059; baseline 0 -10"><span class='ocrx_word' id='word_1_664' title='bbox 1049 1024 1158 1049; x_wconf 73' lang='lat' dir='ltr'>xerunt</span> <span class='ocrx_word' id='word_1_665' title='bbox 1176 1022 1218 1049; x_wconf 84' lang='lat' dir='ltr'>ei:</span> <span class='ocrx_word' id='word_1_666' title='bbox 1241 1021 1353 1050; x_wconf 82' lang='lat' dir='ltr'>Rabbi!</span> <span class='ocrx_word' id='word_1_667' title='bbox 1368 1022 1420 1059; x_wconf 83' lang='lat' dir='ltr'>qui</span> <span class='ocrx_word' id='word_1_668' title='bbox 1433 1026 1496 1050; x_wconf 86' lang='lat' dir='ltr'>erat</span> <span class='ocrx_word' id='word_1_669' title='bbox 1512 1026 1595 1050; x_wconf 78' lang='lat' dir='ltr'>trans</span> <span class='ocrx_word' id='word_1_670' title='bbox 1617 1022 1773 1050; x_wconf 73' lang='lat' dir='ltr'>Iordanem</span> <span class='ocrx_word' id='word_1_671' title='bbox 1789 1025 1895 1055; x_wconf 81' lang='lat' dir='ltr'>tecum,</span> 
     </span>
     <span class='ocr_line' id='line_1_102' title="bbox 1051 1068 1896 1105; baseline 0 -9"><span class='ocrx_word' id='word_1_672' title='bbox 1051 1071 1142 1097; x_wconf 91' lang='lat' dir='ltr'>tecum</span> <span class='ocrx_word' id='word_1_673' title='bbox 1156 1071 1216 1097; x_wconf 89' lang='lat' dir='ltr'>erat</span> <span class='ocrx_word' id='word_1_674' title='bbox 1237 1072 1367 1105; x_wconf 88' lang='lat' dir='ltr'>tanquam</span> <span class='ocrx_word' id='word_1_675' title='bbox 1383 1069 1481 1102; x_wconf 90' lang='lat' dir='ltr'>minor,</span> <span class='ocrx_word' id='word_1_676' title='bbox 1502 1068 1567 1105; x_wconf 89' lang='lat' dir='ltr'>quia</span> <span class='ocrx_word' id='word_1_677' title='bbox 1589 1071 1618 1097; x_wconf 95' lang='lat' dir='ltr'>tu</span> <span class='ocrx_word' id='word_1_678' title='bbox 1633 1069 1724 1104; x_wconf 89' lang='lat' dir='ltr'>ipsum</span> <span class='ocrx_word' id='word_1_679' title='bbox 1740 1068 1896 1104; x_wconf 85' lang='lat' dir='ltr'>baptizasti,</span> 
     </span>
     <span class='ocr_line' id='line_1_103' title="bbox 1051 1114 1898 1152; baseline -0.001 -9"><span class='ocrx_word' id='word_1_680' title='bbox 1051 1123 1133 1152; x_wconf 89' lang='lat' dir='ltr'>quem</span> <span class='ocrx_word' id='word_1_681' title='bbox 1155 1115 1237 1143; x_wconf 86' lang='lat' dir='ltr'>etiam</span> <span class='ocrx_word' id='word_1_682' title='bbox 1266 1115 1413 1148; x_wconf 84' lang='lat' dir='ltr'>exaltasti;</span> <span class='ocrx_word' id='word_1_683' title='bbox 1436 1115 1509 1143; x_wconf 88' lang='lat' dir='ltr'>unde</span> <span class='ocrx_word' id='word_1_684' title='bbox 1538 1115 1675 1143; x_wconf 89' lang='lat' dir='ltr'>subdunt:</span> <span class='ocrx_word' id='word_1_685' title='bbox 1700 1114 1755 1142; x_wconf 85' lang='lat' dir='ltr'>Cui</span> <span class='ocrx_word' id='word_1_686' title='bbox 1776 1115 1898 1142; x_wconf 80' lang='lat' dir='ltr'>testimo-</span> 
     </span>
     <span class='ocr_line' id='line_1_104' title="bbox 1051 1160 1897 1198; baseline -0.001 -9"><span class='ocrx_word' id='word_1_687' title='bbox 1051 1162 1135 1189; x_wconf 77' lang='lat' dir='ltr'>nium</span> <span class='ocrx_word' id='word_1_688' title='bbox 1147 1160 1339 1198; x_wconf 78' lang='lat' dir='ltr'>perhibuisti;</span> <span class='ocrx_word' id='word_1_689' title='bbox 1361 1169 1447 1198; x_wconf 88' lang='lat' dir='ltr'>supra</span> <span class='ocrx_word' id='word_1_690' title='bbox 1461 1161 1551 1198; x_wconf 85' lang='lat' dir='ltr'>primo</span> <span class='ocrx_word' id='word_1_691' title='bbox 1563 1161 1589 1189; x_wconf 90' lang='lat'>⁷:</span> <span class='ocrx_word' id='word_1_692' title='bbox 1617 1173 1630 1185; x_wconf 90' lang='lat'>«</span> <span class='ocrx_word' id='word_1_693' title='bbox 1646 1161 1758 1189; x_wconf 85' lang='lat' dir='ltr'>loannes</span> <span class='ocrx_word' id='word_1_694' title='bbox 1776 1161 1897 1188; x_wconf 87' lang='lat' dir='ltr'>testimo-</span> 
     </span>
     <span class='ocr_line' id='line_1_105' title="bbox 1052 1206 1897 1244; baseline -0.001 -8"><span class='ocrx_word' id='word_1_695' title='bbox 1052 1208 1129 1236; x_wconf 90' lang='lat' dir='ltr'>nium</span> <span class='ocrx_word' id='word_1_696' title='bbox 1152 1208 1279 1244; x_wconf 88' lang='lat' dir='ltr'>perhibet</span> <span class='ocrx_word' id='word_1_697' title='bbox 1306 1208 1339 1237; x_wconf 91' lang='lat' dir='ltr'>de</span> <span class='ocrx_word' id='word_1_698' title='bbox 1361 1208 1447 1244; x_wconf 84' lang='lat' dir='ltr'>ipso»</span> <span class='ocrx_word' id='word_1_699' title='bbox 1474 1211 1542 1241; x_wconf 88' lang='lat' dir='ltr'>etc.;</span> <span class='ocrx_word' id='word_1_700' title='bbox 1570 1216 1646 1241; x_wconf 82' lang='lat' dir='ltr'>eece,</span> <span class='ocrx_word' id='word_1_701' title='bbox 1676 1206 1721 1235; x_wconf 79' lang='lat' dir='ltr'>hie</span> <span class='ocrx_word' id='word_1_702' title='bbox 1750 1207 1897 1244; x_wconf 84' lang='lat' dir='ltr'>baptizat,</span> 
     </span>
     <span class='ocr_line' id='line_1_106' title="bbox 1052 1254 1899 1291; baseline 0 -9"><span class='ocrx_word' id='word_1_703' title='bbox 1052 1254 1147 1291; x_wconf 88' lang='lat' dir='ltr'>quasi,</span> <span class='ocrx_word' id='word_1_704' title='bbox 1169 1254 1290 1283; x_wconf 86' lang='lat' dir='ltr'>officium</span> <span class='ocrx_word' id='word_1_705' title='bbox 1309 1258 1388 1283; x_wconf 89' lang='lat' dir='ltr'>tuum</span> <span class='ocrx_word' id='word_1_706' title='bbox 1412 1257 1537 1291; x_wconf 91' lang='lat' dir='ltr'>usurpat.</span> <span class='ocrx_word' id='word_1_707' title='bbox 1555 1254 1585 1282; x_wconf 88' lang='lat' dir='ltr'>Et</span> <span class='ocrx_word' id='word_1_708' title='bbox 1600 1258 1631 1282; x_wconf 90' lang='lat' dir='ltr'>ut</span> <span class='ocrx_word' id='word_1_709' title='bbox 1642 1258 1792 1291; x_wconf 83' lang='lat' dir='ltr'>provocent</span> <span class='ocrx_word' id='word_1_710' title='bbox 1813 1254 1839 1282; x_wconf 90' lang='lat' dir='ltr'>in</span> <span class='ocrx_word' id='word_1_711' title='bbox 1854 1261 1899 1282; x_wconf 86' lang='lat' dir='ltr'>ae-</span> 
     </span>
     <span class='ocr_line' id='line_1_107' title="bbox 1053 1300 1897 1334; baseline 0 -6"><span class='ocrx_word' id='word_1_712' title='bbox 1053 1300 1245 1334; x_wconf 83' lang='lat' dir='ltr'>mulationem,</span> <span class='ocrx_word' id='word_1_713' title='bbox 1266 1300 1389 1329; x_wconf 89' lang='lat' dir='ltr'>addunt:</span> <span class='ocrx_word' id='word_1_714' title='bbox 1424 1302 1459 1328; x_wconf 87' lang='lat' dir='ltr'>Et</span> <span class='ocrx_word' id='word_1_715' title='bbox 1478 1309 1575 1329; x_wconf 80' lang='lat' dir='ltr'>omnes</span> <span class='ocrx_word' id='word_1_716' title='bbox 1606 1300 1726 1328; x_wconf 78' lang='lat' dir='ltr'>veniunt</span> <span class='ocrx_word' id='word_1_717' title='bbox 1756 1300 1796 1328; x_wconf 69' lang='lat' dir='ltr'>aa</span> <span class='ocrx_word' id='word_1_718' title='bbox 1815 1308 1897 1334; x_wconf 86' lang='lat' dir='ltr'>eum,</span> 
     </span>
     <span class='ocr_line' id='line_1_108' title="bbox 1052 1346 1895 1384; baseline 0 -9"><span class='ocrx_word' id='word_1_719' title='bbox 1052 1347 1131 1384; x_wconf 88' lang='lat' dir='ltr'>quasi</span> <span class='ocrx_word' id='word_1_720' title='bbox 1152 1346 1186 1375; x_wconf 89' lang='lat' dir='ltr'>de</span> <span class='ocrx_word' id='word_1_721' title='bbox 1206 1351 1232 1375; x_wconf 88' lang='lat' dir='ltr'>te</span> <span class='ocrx_word' id='word_1_722' title='bbox 1253 1347 1372 1383; x_wconf 86' lang='lat' dir='ltr'>amplius</span> <span class='ocrx_word' id='word_1_723' title='bbox 1394 1355 1446 1375; x_wconf 91' lang='lat' dir='ltr'>non</span> <span class='ocrx_word' id='word_1_724' title='bbox 1470 1350 1607 1375; x_wconf 84' lang='lat' dir='ltr'>curantes.</span> <span class='ocrx_word' id='word_1_725' title='bbox 1630 1346 1816 1375; x_wconf 78' lang='lat' dir='ltr'>Aemulatione</span> <span class='ocrx_word' id='word_1_726' title='bbox 1838 1354 1895 1375; x_wconf 92' lang='lat' dir='ltr'>mo-</span> 
     </span>
     <span class='ocr_line' id='line_1_109' title="bbox 1053 1393 1899 1428; baseline -0.001 -6"><span class='ocrx_word' id='word_1_727' title='bbox 1053 1394 1197 1423; x_wconf 89' lang='lat' dir='ltr'>vebantur.</span> <span class='ocrx_word' id='word_1_728' title='bbox 1220 1394 1313 1423; x_wconf 85' lang='lat' dir='ltr'>Simile</span> <span class='ocrx_word' id='word_1_729' title='bbox 1327 1394 1390 1423; x_wconf 87' lang='lat' dir='ltr'>fecit</span> <span class='ocrx_word' id='word_1_730' title='bbox 1408 1394 1503 1428; x_wconf 86' lang='lat' dir='ltr'>losue;</span> <span class='ocrx_word' id='word_1_731' title='bbox 1524 1394 1709 1422; x_wconf 90' lang='lat' dir='ltr'>Numerorum</span> <span class='ocrx_word' id='word_1_732' title='bbox 1731 1393 1899 1422; x_wconf 80' lang='lat' dir='ltr'>undecimo⁸</span> 
     </span>
     <span class='ocr_line' id='line_1_110' title="bbox 1053 1441 1899 1478; baseline -0.001 -8"><span class='ocrx_word' id='word_1_733' title='bbox 1053 1442 1086 1470; x_wconf 90' lang='lat' dir='ltr'>de</span> <span class='ocrx_word' id='word_1_734' title='bbox 1108 1442 1174 1470; x_wconf 90' lang='lat' dir='ltr'>viris</span> <span class='ocrx_word' id='word_1_735' title='bbox 1201 1442 1432 1478; x_wconf 86' lang='lat' dir='ltr'>prophetantibus</span> <span class='ocrx_word' id='word_1_736' title='bbox 1459 1441 1531 1469; x_wconf 82' lang='lat' dir='ltr'>dixit</span> <span class='ocrx_word' id='word_1_737' title='bbox 1556 1441 1655 1477; x_wconf 89' lang='lat' dir='ltr'>Moysi:</span> <span class='ocrx_word' id='word_1_738' title='bbox 1683 1441 1825 1469; x_wconf 88' lang='lat' dir='ltr'>«Domine</span> <span class='ocrx_word' id='word_1_739' title='bbox 1845 1441 1899 1475; x_wconf 88' lang='lat' dir='ltr'>mi,</span> 
     </span>
     <span class='ocr_line' id='line_1_111' title="bbox 1054 1488 1901 1526; baseline -0.001 -9"><span class='ocrx_word' id='word_1_740' title='bbox 1054 1489 1170 1526; x_wconf 88' lang='lat' dir='ltr'>prohibe</span> <span class='ocrx_word' id='word_1_741' title='bbox 1201 1496 1255 1517; x_wconf 87' lang='lat' dir='ltr'>eos.</span> <span class='ocrx_word' id='word_1_742' title='bbox 1292 1489 1323 1516; x_wconf 90' lang='lat' dir='ltr'>Et</span> <span class='ocrx_word' id='word_1_743' title='bbox 1353 1489 1458 1525; x_wconf 87' lang='lat' dir='ltr'>Moyses</span> <span class='ocrx_word' id='word_1_744' title='bbox 1486 1488 1642 1525; x_wconf 87' lang='lat' dir='ltr'>respondit:</span> <span class='ocrx_word' id='word_1_745' title='bbox 1671 1488 1762 1524; x_wconf 89' lang='lat' dir='ltr'>Quare</span> <span class='ocrx_word' id='word_1_746' title='bbox 1791 1490 1821 1516; x_wconf 89' lang='lat' dir='ltr'>tu</span> <span class='ocrx_word' id='word_1_747' title='bbox 1856 1495 1901 1516; x_wconf 89' lang='lat' dir='ltr'>ae-</span> 
     </span>
     <span class='ocr_line' id='line_1_112' title="bbox 1053 1534 1900 1572; baseline -0.004 -7"><span class='ocrx_word' id='word_1_748' title='bbox 1053 1536 1169 1565; x_wconf 88' lang='lat' dir='ltr'>mularis</span> <span class='ocrx_word' id='word_1_749' title='bbox 1196 1544 1247 1572; x_wconf 91' lang='lat' dir='ltr'>pro</span> <span class='ocrx_word' id='word_1_750' title='bbox 1274 1538 1341 1564; x_wconf 80' lang='lat' dir='ltr'>me?</span> <span class='ocrx_word' id='word_1_751' title='bbox 1366 1535 1433 1571; x_wconf 88' lang='lat' dir='ltr'>Quis</span> <span class='ocrx_word' id='word_1_752' title='bbox 1461 1535 1581 1569; x_wconf 83' lang='lat' dir='ltr'>tribuat,</span> <span class='ocrx_word' id='word_1_753' title='bbox 1610 1537 1642 1563; x_wconf 89' lang='lat' dir='ltr'>ut</span> <span class='ocrx_word' id='word_1_754' title='bbox 1669 1534 1758 1563; x_wconf 88' lang='lat' dir='ltr'>omnis</span> <span class='ocrx_word' id='word_1_755' title='bbox 1780 1534 1900 1571; x_wconf 86' lang='lat' dir='ltr'>populus</span> 
     </span>
     <span class='ocr_line' id='line_1_113' title="bbox 1054 1581 1852 1620; baseline -0.003 -9"><span class='ocrx_word' id='word_1_756' title='bbox 1054 1583 1216 1620; x_wconf 84' lang='lat' dir='ltr'>prophetet,</span> <span class='ocrx_word' id='word_1_757' title='bbox 1238 1584 1265 1611; x_wconf 84' lang='lat' dir='ltr'>et</span> <span class='ocrx_word' id='word_1_758' title='bbox 1285 1581 1332 1610; x_wconf 88' lang='lat' dir='ltr'>det</span> <span class='ocrx_word' id='word_1_759' title='bbox 1351 1582 1391 1610; x_wconf 86' lang='lat' dir='ltr'>eis</span> <span class='ocrx_word' id='word_1_760' title='bbox 1412 1581 1546 1610; x_wconf 87' lang='lat' dir='ltr'>Dominus</span> <span class='ocrx_word' id='word_1_761' title='bbox 1568 1581 1695 1618; x_wconf 86' lang='lat' dir='ltr'>spiritum</span> <span class='ocrx_word' id='word_1_762' title='bbox 1719 1588 1801 1609; x_wconf 88' lang='lat' dir='ltr'>suum</span> <span class='ocrx_word' id='word_1_763' title='bbox 1817 1583 1852 1609; x_wconf 82' lang='lat'>»?</span> 
     </span>
    </p>
   </div>
   <div class='ocr_carea' id='block_1_15' title="bbox 1377 1676 1577 1712">
    <p class='ocr_par' dir='ltr' id='par_1_27' title="bbox 1377 1676 1577 1712">
     <span class='ocr_line' id='line_1_114' title="bbox 1377 1676 1577 1712; baseline 0 -8"><span class='ocrx_word' id='word_1_764' title='bbox 1377 1676 1577 1712; x_wconf 69' lang='lat' dir='ltr'>Qmus‘rtonas.</span> 
     </span>
    </p>
   </div>
   <div class='ocr_carea' id='block_1_16' title="bbox 1055 1770 1904 2043">
    <p class='ocr_par' dir='ltr' id='par_1_28' title="bbox 1055 1770 1903 1948">
     <span class='ocr_line' id='line_1_115' title="bbox 1133 1770 1901 1808; baseline 0 -9"><span class='ocrx_word' id='word_1_765' title='bbox 1133 1771 1179 1799; x_wconf 70' lang='grc'>45.</span> <span class='ocrx_word' id='word_1_766' title='bbox 1202 1771 1312 1807; x_wconf 88' lang='lat' dir='ltr'>Quaest.</span> <span class='ocrx_word' id='word_1_767' title='bbox 1334 1771 1352 1799; x_wconf 92' lang='lat' dir='ltr'>I.</span> <span class='ocrx_word' id='word_1_768' title='bbox 1375 1770 1426 1799; x_wconf 89' lang='lat' dir='ltr'>Sed</span> <span class='ocrx_word' id='word_1_769' title='bbox 1441 1771 1536 1799; x_wconf 89' lang='lat' dir='ltr'>incidit</span> <span class='ocrx_word' id='word_1_770' title='bbox 1556 1771 1601 1799; x_wconf 89' lang='lat' dir='ltr'>hic</span> <span class='ocrx_word' id='word_1_771' title='bbox 1619 1770 1744 1808; x_wconf 88' lang='lat' dir='ltr'>quaestio</span> <span class='ocrx_word' id='word_1_772' title='bbox 1765 1770 1854 1808; x_wconf 91' lang='lat' dir='ltr'>primo</span> <span class='ocrx_word' id='word_1_773' title='bbox 1867 1770 1901 1799; x_wconf 90' lang='lat' dir='ltr'>de</span> 
     </span>
     <span class='ocr_line' id='line_1_116' title="bbox 1056 1817 1900 1855; baseline -0.001 -9"><span class='ocrx_word' id='word_1_774' title='bbox 1056 1818 1107 1846; x_wconf 89' lang='lat' dir='ltr'>hoc</span> <span class='ocrx_word' id='word_1_775' title='bbox 1129 1817 1203 1855; x_wconf 87' lang='lat' dir='ltr'>quod</span> <span class='ocrx_word' id='word_1_776' title='bbox 1223 1818 1304 1852; x_wconf 83' lang='lat' dir='ltr'>dicit,</span> <span class='ocrx_word' id='word_1_777' title='bbox 1326 1817 1399 1855; x_wconf 90' lang='lat' dir='ltr'>quod</span> <span class='ocrx_word' id='word_1_778' title='bbox 1423 1818 1497 1846; x_wconf 91' lang='lat' dir='ltr'>lesus</span> <span class='ocrx_word' id='word_1_779' title='bbox 1521 1817 1684 1854; x_wconf 87' lang='lat' dir='ltr'>baptizabat.</span> <span class='ocrx_word' id='word_1_780' title='bbox 1711 1833 1748 1838; x_wconf 51' lang='grc' dir='ltr'>-ο</span> <span class='ocrx_word' id='word_1_781' title='bbox 1771 1817 1900 1846; x_wconf 61' lang='lat' dir='ltr'>Comus:</span> 
     </span>
     <span class='ocr_line' id='line_1_117' title="bbox 1055 1861 1903 1902; baseline -0.004 -9"><span class='ocrx_word' id='word_1_782' title='bbox 1055 1865 1128 1893; x_wconf 80' lang='lat' dir='ltr'>Infra</span> <span class='ocrx_word' id='word_1_783' title='bbox 1148 1864 1286 1902; x_wconf 83' lang='lat' dir='ltr'>quarto⁹:</span> <span class='ocrx_word' id='word_1_784' title='bbox 1308 1864 1390 1893; x_wconf 86' lang='lat' dir='ltr'>Iesus</span> <span class='ocrx_word' id='word_1_785' title='bbox 1408 1872 1466 1892; x_wconf 82' lang='lat' dir='ltr'>non</span> <span class='ocrx_word' id='word_1_786' title='bbox 1488 1863 1674 1900; x_wconf 83' lang='lat' dir='ltr'>baptizabat,</span> <span class='ocrx_word' id='word_1_787' title='bbox 1695 1863 1745 1891; x_wconf 82' lang='lat' dir='ltr'>sed</span> <span class='ocrx_word' id='word_1_788' title='bbox 1764 1861 1903 1899; x_wconf 82' lang='lat' dir='ltr'>discipuli</span> 
     </span>
     <span class='ocr_line' id='line_1_118' title="bbox 1055 1910 1554 1948; baseline -0.002 -8"><span class='ocrx_word' id='word_1_789' title='bbox 1055 1912 1137 1941; x_wconf 82' lang='lat' dir='ltr'>eius.-</span> <span class='ocrx_word' id='word_1_790' title='bbox 1159 1920 1225 1948; x_wconf 80' lang='lat' dir='ltr'>ergo</span> <span class='ocrx_word' id='word_1_791' title='bbox 1246 1914 1287 1940; x_wconf 89' lang='lat' dir='ltr'>est</span> <span class='ocrx_word' id='word_1_792' title='bbox 1308 1911 1344 1940; x_wconf 91' lang='lat' dir='ltr'>ibi</span> <span class='ocrx_word' id='word_1_793' title='bbox 1366 1910 1554 1940; x_wconf 80' lang='lat' dir='ltr'>contradictio.</span> 
     </span>
    </p>

    <p class='ocr_par' dir='ltr' id='par_1_29' title="bbox 1056 1955 1904 2043">
     <span class='ocr_line' id='line_1_119' title="bbox 1135 1955 1903 1995; baseline -0.004 -8"><span class='ocrx_word' id='word_1_794' title='bbox 1135 1959 1312 1988; x_wconf 72' lang='lat' dir='ltr'>Rssrounao:</span> <span class='ocrx_word' id='word_1_795' title='bbox 1341 1957 1508 1992; x_wconf 86' lang='lat' dir='ltr'>Dicendum,</span> <span class='ocrx_word' id='word_1_796' title='bbox 1541 1957 1615 1995; x_wconf 93' lang='lat' dir='ltr'>quod</span> <span class='ocrx_word' id='word_1_797' title='bbox 1636 1957 1682 1985; x_wconf 89' lang='lat' dir='ltr'>ille</span> <span class='ocrx_word' id='word_1_798' title='bbox 1712 1956 1791 1991; x_wconf 85' lang='lat' dir='ltr'>facit,</span> <span class='ocrx_word' id='word_1_799' title='bbox 1822 1955 1903 1984; x_wconf 87' lang='lat' dir='ltr'>cuius</span> 
     </span>
     <span class='ocr_line' id='line_1_120' title="bbox 1056 2002 1904 2043; baseline -0.004 -9"><span class='ocrx_word' id='word_1_800' title='bbox 1056 2006 1219 2035; x_wconf 84' lang='lat' dir='ltr'>auctoritate</span> <span class='ocrx_word' id='word_1_801' title='bbox 1241 2005 1290 2039; x_wconf 83' lang='lat' dir='ltr'>fit;</span> <span class='ocrx_word' id='word_1_802' title='bbox 1312 2004 1386 2033; x_wconf 90' lang='lat' dir='ltr'>unde</span> <span class='ocrx_word' id='word_1_803' title='bbox 1406 2003 1504 2042; x_wconf 82' lang='lat' dir='ltr'>facere</span> <span class='ocrx_word' id='word_1_804' title='bbox 1524 2004 1652 2043; x_wconf 81' lang='lat' dir='ltr'>aliquid,</span> <span class='ocrx_word' id='word_1_805' title='bbox 1675 2004 1727 2032; x_wconf 88' lang='lat' dir='ltr'>hoc</span> <span class='ocrx_word' id='word_1_806' title='bbox 1748 2006 1789 2032; x_wconf 88' lang='lat' dir='ltr'>est</span> <span class='ocrx_word' id='word_1_807' title='bbox 1815 2002 1904 2039; x_wconf 89' lang='lat' dir='ltr'>dupli-</span> 
     </span>
    </p>
   </div>
   <div class='ocr_carea' id='block_1_17' title="bbox 1058 2140 1907 2874">
    <p class='ocr_par' dir='ltr' id='par_1_30' title="bbox 1058 2140 1906 2486">
     <span class='ocr_line' id='line_1_121' title="bbox 1120 2140 1905 2171; baseline -0.004 -5"><span class='ocrx_word' id='word_1_808' title='bbox 1120 2142 1129 2156; x_wconf 61' lang='grc' dir='ltr'><strong>Β</strong></span> <span class='ocrx_word' id='word_1_809' title='bbox 1148 2144 1262 2171; x_wconf 80' lang='lat' dir='ltr'>Vulgata:</span> <span class='ocrx_word' id='word_1_810' title='bbox 1285 2143 1346 2166; x_wconf 83' lang='lat' dir='ltr'>Erat</span> <span class='ocrx_word' id='word_1_811' title='bbox 1365 2143 1445 2165; x_wconf 81' lang='lat' dir='ltr'>autem</span> <span class='ocrx_word' id='word_1_812' title='bbox 1466 2143 1487 2165; x_wconf 82' lang='lat' dir='ltr'>et</span> <span class='ocrx_word' id='word_1_813' title='bbox 1508 2142 1616 2165; x_wconf 83' lang='lat' dir='ltr'>Ioannes.</span> <span class='ocrx_word' id='word_1_814' title='bbox 1633 2154 1665 2159; x_wconf 91' lang='lat'><strong>—</strong></span> <span class='ocrx_word' id='word_1_815' title='bbox 1684 2141 1754 2164; x_wconf 81' lang='lat' dir='ltr'>Hebr.</span> <span class='ocrx_word' id='word_1_816' title='bbox 1775 2141 1798 2170; x_wconf 73' lang='lat'>7,</span> <span class='ocrx_word' id='word_1_817' title='bbox 1816 2141 1841 2163; x_wconf 80' lang='lat' dir='ltr'>t:</span> <span class='ocrx_word' id='word_1_818' title='bbox 1864 2140 1905 2163; x_wconf 83' lang='lat' dir='ltr'>Hic</span> 
     </span>
     <span class='ocr_line' id='line_1_122' title="bbox 1058 2180 1905 2209; baseline -0.004 -3"><span class='ocrx_word' id='word_1_819' title='bbox 1058 2183 1120 2206; x_wconf 87' lang='lat' dir='ltr'>enim</span> <span class='ocrx_word' id='word_1_820' title='bbox 1146 2182 1325 2209; x_wconf 81' lang='lat' dir='ltr'>Melchisedech,</span> <span class='ocrx_word' id='word_1_821' title='bbox 1349 2188 1388 2204; x_wconf 81' lang='lat' dir='ltr'>rex</span> <span class='ocrx_word' id='word_1_822' title='bbox 1413 2181 1488 2204; x_wconf 83' lang='lat' dir='ltr'>Salem</span> <span class='ocrx_word' id='word_1_823' title='bbox 1510 2184 1554 2204; x_wconf 88' lang='lat' dir='ltr'>etc.</span> <span class='ocrx_word' id='word_1_824' title='bbox 1568 2181 1623 2205; x_wconf 81' lang='lat' dir='ltr'>.Csr.</span> <span class='ocrx_word' id='word_1_825' title='bbox 1647 2181 1746 2209; x_wconf 59' lang='lat' dir='ltr'>Hieron„</span> <span class='ocrx_word' id='word_1_826' title='bbox 1772 2180 1842 2209; x_wconf 82' lang='lat' dir='ltr'>Epist.</span> <span class='ocrx_word' id='word_1_827' title='bbox 1865 2180 1905 2203; x_wconf 82' lang='lat'>73.</span> 
     </span>
     <span class='ocr_line' id='line_1_123' title="bbox 1060 2219 1906 2251; baseline -0.004 -7"><span class='ocrx_word' id='word_1_828' title='bbox 1060 2222 1123 2251; x_wconf 86' lang='lat' dir='ltr'>(alias</span> <span class='ocrx_word' id='word_1_829' title='bbox 1141 2221 1203 2251; x_wconf 75' lang='lat'>426.)</span> <span class='ocrx_word' id='word_1_830' title='bbox 1222 2228 1243 2243; x_wconf 89' lang='lat' dir='ltr'>n.</span> <span class='ocrx_word' id='word_1_831' title='bbox 1260 2221 1282 2243; x_wconf 91' lang='lat'>7.</span> <span class='ocrx_word' id='word_1_832' title='bbox 1300 2227 1373 2249; x_wconf 82' lang='lat' dir='ltr'>seqq.,</span> <span class='ocrx_word' id='word_1_833' title='bbox 1391 2220 1430 2242; x_wconf 92' lang='lat' dir='ltr'>ubi</span> <span class='ocrx_word' id='word_1_834' title='bbox 1453 2220 1503 2248; x_wconf 87' lang='lat' dir='ltr'>ipse</span> <span class='ocrx_word' id='word_1_835' title='bbox 1524 2222 1601 2242; x_wconf 88' lang='lat' dir='ltr'>contra</span> <span class='ocrx_word' id='word_1_836' title='bbox 1623 2220 1745 2247; x_wconf 86' lang='lat' dir='ltr'>losephum</span> <span class='ocrx_word' id='word_1_837' title='bbox 1762 2219 1865 2241; x_wconf 87' lang='lat' dir='ltr'>Flavium</span> <span class='ocrx_word' id='word_1_838' title='bbox 1883 2220 1906 2241; x_wconf 84' lang='lat' dir='ltr'>et</span> 
     </span>
     <span class='ocr_line' id='line_1_124' title="bbox 1058 2258 1905 2287; baseline -0.005 -3"><span class='ocrx_word' id='word_1_839' title='bbox 1058 2262 1114 2284; x_wconf 84' lang='lat' dir='ltr'>alios</span> <span class='ocrx_word' id='word_1_840' title='bbox 1137 2261 1264 2287; x_wconf 81' lang='lat' dir='ltr'>contendit,</span> <span class='ocrx_word' id='word_1_841' title='bbox 1282 2260 1356 2282; x_wconf 83' lang='lat' dir='ltr'>Salem</span> <span class='ocrx_word' id='word_1_842' title='bbox 1379 2259 1429 2281; x_wconf 84' lang='lat' dir='ltr'>sive</span> <span class='ocrx_word' id='word_1_843' title='bbox 1451 2259 1521 2282; x_wconf 90' lang='lat' dir='ltr'>Salim</span> <span class='ocrx_word' id='word_1_844' title='bbox 1543 2265 1590 2281; x_wconf 88' lang='lat' dir='ltr'>non</span> <span class='ocrx_word' id='word_1_845' title='bbox 1613 2265 1663 2281; x_wconf 89' lang='lat' dir='ltr'>esse</span> <span class='ocrx_word' id='word_1_846' title='bbox 1686 2259 1820 2287; x_wconf 81' lang='lat' dir='ltr'>Ierusalem,</span> <span class='ocrx_word' id='word_1_847' title='bbox 1840 2266 1851 2278; x_wconf 81' lang='grc' dir='ltr'>α</span> <span class='ocrx_word' id='word_1_848' title='bbox 1864 2258 1905 2280; x_wconf 87' lang='lat' dir='ltr'>sed</span> 
     </span>
     <span class='ocr_line' id='line_1_125' title="bbox 1058 2297 1905 2329; baseline -0.005 -6"><span class='ocrx_word' id='word_1_849' title='bbox 1058 2301 1172 2329; x_wconf 86' lang='lat' dir='ltr'>oppidum</span> <span class='ocrx_word' id='word_1_850' title='bbox 1190 2300 1250 2323; x_wconf 83' lang='lat' dir='ltr'>iuxta</span> <span class='ocrx_word' id='word_1_851' title='bbox 1268 2298 1439 2327; x_wconf 86' lang='lat' dir='ltr'>Scythopolim‚</span> <span class='ocrx_word' id='word_1_852' title='bbox 1455 2298 1518 2327; x_wconf 90' lang='lat' dir='ltr'>quod</span> <span class='ocrx_word' id='word_1_853' title='bbox 1542 2304 1617 2327; x_wconf 77' lang='lat' dir='ltr'>usque</span> <span class='ocrx_word' id='word_1_854' title='bbox 1634 2298 1703 2320; x_wconf 83' lang='lat' dir='ltr'>hodie</span> <span class='ocrx_word' id='word_1_855' title='bbox 1719 2297 1848 2325; x_wconf 85' lang='lat' dir='ltr'>appellatur</span> <span class='ocrx_word' id='word_1_856' title='bbox 1865 2297 1905 2319; x_wconf 87' lang='lat' dir='ltr'>Sa-</span> 
     </span>
     <span class='ocr_line' id='line_1_126' title="bbox 1059 2335 1904 2368; baseline -0.005 -6"><span class='ocrx_word' id='word_1_857' title='bbox 1059 2341 1110 2368; x_wconf 74' lang='lat' dir='ltr'>lem,</span> <span class='ocrx_word' id='word_1_858' title='bbox 1128 2343 1150 2362; x_wconf 93' lang='lat' dir='ltr'>et</span> <span class='ocrx_word' id='word_1_859' title='bbox 1166 2339 1293 2362; x_wconf 85' lang='lat' dir='ltr'>ostenditur</span> <span class='ocrx_word' id='word_1_860' title='bbox 1311 2338 1341 2360; x_wconf 93' lang='lat' dir='ltr'>ibi</span> <span class='ocrx_word' id='word_1_861' title='bbox 1359 2338 1469 2367; x_wconf 82' lang='lat' dir='ltr'>palatium</span> <span class='ocrx_word' id='word_1_862' title='bbox 1489 2337 1681 2360; x_wconf 86' lang='lat' dir='ltr'>Melchisedech...</span> <span class='ocrx_word' id='word_1_863' title='bbox 1697 2337 1726 2359; x_wconf 88' lang='lat' dir='ltr'>de</span> <span class='ocrx_word' id='word_1_864' title='bbox 1741 2342 1788 2365; x_wconf 89' lang='lat' dir='ltr'>quo</span> <span class='ocrx_word' id='word_1_865' title='bbox 1806 2335 1904 2365; x_wconf 83' lang='lat' dir='ltr'>[Salem]</span> 
     </span>
     <span class='ocr_line' id='line_1_127' title="bbox 1058 2374 1904 2407; baseline -0.006 -6"><span class='ocrx_word' id='word_1_866' title='bbox 1058 2379 1081 2401; x_wconf 87' lang='lat' dir='ltr'>in</span> <span class='ocrx_word' id='word_1_867' title='bbox 1103 2378 1230 2407; x_wconf 85' lang='lat' dir='ltr'>posteriore</span> <span class='ocrx_word' id='word_1_868' title='bbox 1251 2383 1346 2406; x_wconf 86' lang='lat' dir='ltr'>quoque</span> <span class='ocrx_word' id='word_1_869' title='bbox 1368 2379 1433 2405; x_wconf 86' lang='lat' dir='ltr'>parte</span> <span class='ocrx_word' id='word_1_870' title='bbox 1452 2376 1567 2399; x_wconf 87' lang='lat' dir='ltr'>Geneseos</span> <span class='ocrx_word' id='word_1_871' title='bbox 1585 2376 1643 2404; x_wconf 84' lang='lat'>[33,</span> <span class='ocrx_word' id='word_1_872' title='bbox 1663 2375 1700 2398; x_wconf 73' lang='lat'>47.</span> <span class='ocrx_word' id='word_1_873' title='bbox 1717 2374 1775 2404; x_wconf 87' lang='lat' dir='ltr'>seq.]</span> <span class='ocrx_word' id='word_1_874' title='bbox 1793 2374 1904 2402; x_wconf 88' lang='lat' dir='ltr'>scriptum</span> 
     </span>
     <span class='ocr_line' id='line_1_128' title="bbox 1058 2413 1905 2440; baseline -0.004 0"><span class='ocrx_word' id='word_1_875' title='bbox 1058 2420 1107 2440; x_wconf 87' lang='lat' dir='ltr'>est:</span> <span class='ocrx_word' id='word_1_876' title='bbox 1128 2416 1195 2440; x_wconf 84' lang='lat' dir='ltr'>Venit</span> <span class='ocrx_word' id='word_1_877' title='bbox 1210 2416 1279 2440; x_wconf 81' lang='lat' dir='ltr'>Iacob</span> <span class='ocrx_word' id='word_1_878' title='bbox 1300 2416 1326 2439; x_wconf 82' lang='lat' dir='ltr'>in</span> <span class='ocrx_word' id='word_1_879' title='bbox 1348 2415 1457 2439; x_wconf 75' lang='lat' dir='ltr'>socoth...</span> <span class='ocrx_word' id='word_1_880' title='bbox 1474 2417 1498 2439; x_wconf 88' lang='lat' dir='ltr'>et</span> <span class='ocrx_word' id='word_1_881' title='bbox 1515 2414 1626 2438; x_wconf 76' lang='lat' dir='ltr'>transivit</span> <span class='ocrx_word' id='word_1_882' title='bbox 1643 2414 1668 2437; x_wconf 81' lang='lat' dir='ltr'>in</span> <span class='ocrx_word' id='word_1_883' title='bbox 1690 2413 1770 2438; x_wconf 84' lang='lat' dir='ltr'>Salem</span> <span class='ocrx_word' id='word_1_884' title='bbox 1788 2413 1905 2438; x_wconf 75' lang='lat' dir='ltr'>civitatem</span> 
     </span>
     <span class='ocr_line' id='line_1_129' title="bbox 1058 2455 1332 2486; baseline -0.007 -7"><span class='ocrx_word' id='word_1_885' title='bbox 1058 2456 1161 2486; x_wconf 65' lang='lat' dir='ltr'>regionis</span> <span class='ocrx_word' id='word_1_886' title='bbox 1178 2455 1272 2479; x_wconf 71' lang='lat' dir='ltr'>Sionem.</span> <span class='ocrx_word' id='word_1_887' title='bbox 1288 2458 1332 2477; x_wconf 88' lang='lat' dir='ltr'>etc.</span> 
     </span>
    </p>

    <p class='ocr_par' dir='ltr' id='par_1_31' title="bbox 1120 2492 1760 2522">
     <span class='ocr_line' id='line_1_130' title="bbox 1120 2492 1760 2522; baseline -0.005 -5"><span class='ocrx_word' id='word_1_888' title='bbox 1120 2493 1130 2507; x_wconf 78' lang='lat'>‘¹</span> <span class='ocrx_word' id='word_1_889' title='bbox 1148 2495 1213 2517; x_wconf 88' lang='lat' dir='ltr'>Vers.</span> <span class='ocrx_word' id='word_1_890' title='bbox 1231 2495 1253 2516; x_wconf 83' lang='grc'>8.</span> <span class='ocrx_word' id='word_1_891' title='bbox 1269 2506 1300 2511; x_wconf 91' lang='grc'>-</span> <span class='ocrx_word' id='word_1_892' title='bbox 1317 2494 1371 2522; x_wconf 87' lang='lat' dir='ltr'>Seq.</span> <span class='ocrx_word' id='word_1_893' title='bbox 1390 2494 1454 2516; x_wconf 87' lang='lat' dir='ltr'>locus</span> <span class='ocrx_word' id='word_1_894' title='bbox 1470 2496 1504 2516; x_wconf 87' lang='lat' dir='ltr'>est</span> <span class='ocrx_word' id='word_1_895' title='bbox 1521 2493 1597 2515; x_wconf 82' lang='lat' dir='ltr'>Mattb.</span> <span class='ocrx_word' id='word_1_896' title='bbox 1615 2493 1642 2519; x_wconf 86' lang='lat'>3,</span> <span class='ocrx_word' id='word_1_897' title='bbox 1659 2492 1682 2515; x_wconf 76' lang='grc' dir='ltr'>ὅ.</span> <span class='ocrx_word' id='word_1_898' title='bbox 1698 2494 1721 2515; x_wconf 86' lang='lat' dir='ltr'>et</span> <span class='ocrx_word' id='word_1_899' title='bbox 1737 2492 1760 2514; x_wconf 89' lang='grc'>6.</span> 
     </span>
    </p>

    <p class='ocr_par' dir='ltr' id='par_1_32' title="bbox 1058 2526 1907 2680">
     <span class='ocr_line' id='line_1_131' title="bbox 1121 2526 1907 2563; baseline -0.005 -6"><span class='ocrx_word' id='word_1_900' title='bbox 1121 2533 1130 2546; x_wconf 85' lang='lat'>⁵</span> <span class='ocrx_word' id='word_1_901' title='bbox 1149 2534 1247 2562; x_wconf 77' lang='lat' dir='ltr'>Vulgata</span> <span class='ocrx_word' id='word_1_902' title='bbox 1264 2534 1350 2563; x_wconf 82' lang='lat' dir='ltr'>fuerat.</span> <span class='ocrx_word' id='word_1_903' title='bbox 1367 2545 1398 2550; x_wconf 89' lang='lat'><strong>—</strong></span> <span class='ocrx_word' id='word_1_904' title='bbox 1414 2533 1463 2555; x_wconf 83' lang='lat' dir='ltr'>Mox</span> <span class='ocrx_word' id='word_1_905' title='bbox 1481 2535 1533 2560; x_wconf 89' lang='lat' dir='ltr'>post</span> <span class='ocrx_word' id='word_1_906' title='bbox 1549 2531 1606 2561; x_wconf 81' lang='lat' dir='ltr'>quia</span> <span class='ocrx_word' id='word_1_907' title='bbox 1622 2533 1680 2555; x_wconf 82' lang='lat' dir='ltr'>tune</span> <span class='ocrx_word' id='word_1_908' title='bbox 1697 2531 1733 2553; x_wconf 87' lang='lat' dir='ltr'>ed.</span> <span class='ocrx_word' id='word_1_909' title='bbox 1745 2526 1810 2554; x_wconf 86' lang='lat' dir='ltr'>addit</span> <span class='ocrx_word' id='word_1_910' title='bbox 1824 2535 1907 2554; x_wconf 79' lang='lat' dir='ltr'>secun-</span> 
     </span>
     <span class='ocr_line' id='line_1_132' title="bbox 1058 2569 1905 2603; baseline -0.007 -6"><span class='ocrx_word' id='word_1_911' title='bbox 1058 2573 1116 2596; x_wconf 84' lang='lat' dir='ltr'>dum</span> <span class='ocrx_word' id='word_1_912' title='bbox 1134 2573 1330 2603; x_wconf 74' lang='lat' dir='ltr'>Chrysostomum</span> <span class='ocrx_word' id='word_1_913' title='bbox 1347 2572 1397 2600; x_wconf 76' lang='lat' dir='ltr'>(cfr.</span> <span class='ocrx_word' id='word_1_914' title='bbox 1419 2571 1444 2593; x_wconf 89' lang='lat' dir='ltr'>in</span> <span class='ocrx_word' id='word_1_915' title='bbox 1466 2571 1528 2593; x_wconf 84' lang='lat' dir='ltr'>loan.</span> <span class='ocrx_word' id='word_1_916' title='bbox 1548 2570 1626 2593; x_wconf 87' lang='lat' dir='ltr'>homil.</span> <span class='ocrx_word' id='word_1_917' title='bbox 1648 2570 1687 2592; x_wconf 83' lang='lat'>29.</span> <span class='ocrx_word' id='word_1_918' title='bbox 1709 2570 1764 2592; x_wconf 84' lang='lat' dir='ltr'>alias</span> <span class='ocrx_word' id='word_1_919' title='bbox 1784 2570 1822 2592; x_wconf 77' lang='lat'>28.</span> <span class='ocrx_word' id='word_1_920' title='bbox 1840 2575 1863 2591; x_wconf 89' lang='lat' dir='ltr'>n.</span> <span class='ocrx_word' id='word_1_921' title='bbox 1881 2569 1905 2597; x_wconf 74' lang='lat' dir='ltr'>t;</span> 
     </span>
     <span class='ocr_line' id='line_1_133' title="bbox 1058 2607 1906 2639; baseline -0.006 -4"><span class='ocrx_word' id='word_1_922' title='bbox 1058 2613 1113 2635; x_wconf 90' lang='lat' dir='ltr'>vide</span> <span class='ocrx_word' id='word_1_923' title='bbox 1129 2612 1197 2635; x_wconf 83' lang='lat' dir='ltr'>etiam</span> <span class='ocrx_word' id='word_1_924' title='bbox 1215 2612 1253 2634; x_wconf 89' lang='lat' dir='ltr'>1v.</span> <span class='ocrx_word' id='word_1_925' title='bbox 1270 2612 1332 2634; x_wconf 79' lang='lat' dir='ltr'>sent.</span> <span class='ocrx_word' id='word_1_926' title='bbox 1348 2611 1372 2633; x_wconf 90' lang='lat' dir='ltr'>d.</span> <span class='ocrx_word' id='word_1_927' title='bbox 1388 2611 1411 2633; x_wconf 90' lang='lat'>2.</span> <span class='ocrx_word' id='word_1_928' title='bbox 1428 2616 1448 2633; x_wconf 86' lang='lat' dir='ltr'>a.</span> <span class='ocrx_word' id='word_1_929' title='bbox 1466 2611 1487 2632; x_wconf 84' lang='lat'>2.</span> <span class='ocrx_word' id='word_1_930' title='bbox 1504 2616 1527 2639; x_wconf 89' lang='lat' dir='ltr'>q.</span> <span class='ocrx_word' id='word_1_931' title='bbox 1546 2610 1565 2631; x_wconf 76' lang='lat' dir='ltr'>l.</span> <span class='ocrx_word' id='word_1_932' title='bbox 1583 2612 1606 2632; x_wconf 84' lang='lat' dir='ltr'>et</span> <span class='ocrx_word' id='word_1_933' title='bbox 1622 2608 1679 2632; x_wconf 90' lang='lat' dir='ltr'>dub.</span> <span class='ocrx_word' id='word_1_934' title='bbox 1696 2608 1736 2637; x_wconf 81' lang='lat'>5.).</span> <span class='ocrx_word' id='word_1_935' title='bbox 1753 2620 1784 2625; x_wconf 92' lang='lat'>—</span> <span class='ocrx_word' id='word_1_936' title='bbox 1801 2607 1906 2631; x_wconf 84' lang='lat' dir='ltr'>Subinde</span> 
     </span>
     <span class='ocr_line' id='line_1_134' title="bbox 1059 2647 1783 2680; baseline -0.006 -6"><span class='ocrx_word' id='word_1_937' title='bbox 1059 2652 1169 2680; x_wconf 86' lang='lat' dir='ltr'>allegatur</span> <span class='ocrx_word' id='word_1_938' title='bbox 1187 2652 1262 2673; x_wconf 87' lang='lat' dir='ltr'>Matth.</span> <span class='ocrx_word' id='word_1_939' title='bbox 1284 2650 1323 2677; x_wconf 77' lang='lat'>14,</span> <span class='ocrx_word' id='word_1_940' title='bbox 1341 2650 1367 2678; x_wconf 82' lang='lat'>3,</span> <span class='ocrx_word' id='word_1_941' title='bbox 1385 2649 1423 2672; x_wconf 83' lang='lat' dir='ltr'>ubi</span> <span class='ocrx_word' id='word_1_942' title='bbox 1442 2655 1484 2677; x_wconf 87' lang='lat' dir='ltr'>pro</span> <span class='ocrx_word' id='word_1_943' title='bbox 1501 2648 1565 2672; x_wconf 63' lang='lat' dir='ltr'>misit</span> <span class='ocrx_word' id='word_1_944' title='bbox 1581 2649 1681 2676; x_wconf 86' lang='lat' dir='ltr'>Vulgata</span> <span class='ocrx_word' id='word_1_945' title='bbox 1695 2647 1783 2677; x_wconf 80' lang='lat' dir='ltr'>posuit.</span> 
     </span>
    </p>

    <p class='ocr_par' dir='ltr' id='par_1_33' title="bbox 1121 2688 1430 2717">
     <span class='ocr_line' id='line_1_135' title="bbox 1121 2688 1430 2717; baseline -0.006 -5"><span class='ocrx_word' id='word_1_946' title='bbox 1121 2688 1131 2702; x_wconf 77' lang='lat'><strong>⁶</strong></span> <span class='ocrx_word' id='word_1_947' title='bbox 1149 2690 1207 2713; x_wconf 87' lang='lat' dir='ltr'>Vide</span> <span class='ocrx_word' id='word_1_948' title='bbox 1224 2695 1295 2717; x_wconf 86' lang='lat' dir='ltr'>supra</span> <span class='ocrx_word' id='word_1_949' title='bbox 1313 2692 1390 2711; x_wconf 87' lang='lat' dir='ltr'>notam</span> <span class='ocrx_word' id='word_1_950' title='bbox 1409 2689 1430 2711; x_wconf 81' lang='lat' dir='ltr'>t.</span> 
     </span>
    </p>

    <p class='ocr_par' dir='ltr' id='par_1_34' title="bbox 1122 2728 1271 2752">
     <span class='ocr_line' id='line_1_136' title="bbox 1122 2728 1271 2752; baseline -0.007 0"><span class='ocrx_word' id='word_1_951' title='bbox 1122 2728 1130 2741; x_wconf 95' lang='lat'>⁷</span> <span class='ocrx_word' id='word_1_952' title='bbox 1150 2729 1215 2752; x_wconf 87' lang='lat' dir='ltr'>Vers.</span> <span class='ocrx_word' id='word_1_953' title='bbox 1234 2728 1271 2751; x_wconf 75' lang='lat'>45.</span> 
     </span>
    </p>

    <p class='ocr_par' dir='ltr' id='par_1_35' title="bbox 1060 2764 1907 2837">
     <span class='ocr_line' id='line_1_137' title="bbox 1122 2764 1907 2794; baseline -0.006 -3"><span class='ocrx_word' id='word_1_954' title='bbox 1122 2766 1131 2780; x_wconf 77' lang='lat'>⁸</span> <span class='ocrx_word' id='word_1_955' title='bbox 1150 2769 1215 2791; x_wconf 89' lang='lat' dir='ltr'>Vers.</span> <span class='ocrx_word' id='word_1_956' title='bbox 1232 2768 1277 2790; x_wconf 85' lang='lat'>28:</span> <span class='ocrx_word' id='word_1_957' title='bbox 1294 2767 1392 2790; x_wconf 90' lang='lat' dir='ltr'>Domine</span> <span class='ocrx_word' id='word_1_958' title='bbox 1409 2766 1453 2794; x_wconf 85' lang='lat' dir='ltr'>mi,</span> <span class='ocrx_word' id='word_1_959' title='bbox 1470 2767 1572 2794; x_wconf 83' lang='lat' dir='ltr'>Moyses,</span> <span class='ocrx_word' id='word_1_960' title='bbox 1589 2765 1688 2794; x_wconf 85' lang='lat' dir='ltr'>prohibe</span> <span class='ocrx_word' id='word_1_961' title='bbox 1704 2770 1758 2792; x_wconf 83' lang='lat' dir='ltr'>eos;</span> <span class='ocrx_word' id='word_1_962' title='bbox 1775 2771 1798 2787; x_wconf 93' lang='lat' dir='ltr'>v.</span> <span class='ocrx_word' id='word_1_963' title='bbox 1817 2764 1858 2787; x_wconf 77' lang='lat'>29:</span> <span class='ocrx_word' id='word_1_964' title='bbox 1877 2764 1907 2786; x_wconf 91' lang='lat' dir='ltr'>At</span> 
     </span>
     <span class='ocr_line' id='line_1_138' title="bbox 1060 2806 1505 2837; baseline -0.004 -7"><span class='ocrx_word' id='word_1_965' title='bbox 1060 2808 1112 2831; x_wconf 85' lang='lat' dir='ltr'>ille:</span> <span class='ocrx_word' id='word_1_966' title='bbox 1129 2808 1201 2837; x_wconf 89' lang='lat' dir='ltr'>Quid⁷</span> <span class='ocrx_word' id='word_1_967' title='bbox 1220 2807 1304 2836; x_wconf 84' lang='lat' dir='ltr'>inquit,</span> <span class='ocrx_word' id='word_1_968' title='bbox 1322 2806 1445 2829; x_wconf 88' lang='lat' dir='ltr'>aemularis</span> <span class='ocrx_word' id='word_1_969' title='bbox 1462 2808 1505 2828; x_wconf 83' lang='lat' dir='ltr'>etc.</span> 
     </span>
    </p>

    <p class='ocr_par' dir='ltr' id='par_1_36' title="bbox 1121 2844 1649 2874">
     <span class='ocr_line' id='line_1_139' title="bbox 1121 2844 1649 2874; baseline -0.004 -5"><span class='ocrx_word' id='word_1_970' title='bbox 1121 2846 1132 2859; x_wconf 80' lang='lat'><strong>⁹</strong></span> <span class='ocrx_word' id='word_1_971' title='bbox 1150 2847 1216 2869; x_wconf 89' lang='lat' dir='ltr'>Vers.</span> <span class='ocrx_word' id='word_1_972' title='bbox 1233 2848 1253 2869; x_wconf 85' lang='lat'>2.</span> <span class='ocrx_word' id='word_1_973' title='bbox 1270 2846 1316 2870; x_wconf 86' lang='lat' dir='ltr'>Csr.</span> <span class='ocrx_word' id='word_1_974' title='bbox 1335 2846 1391 2868; x_wconf 76' lang='lat' dir='ltr'>intra</span> <span class='ocrx_word' id='word_1_975' title='bbox 1410 2852 1465 2874; x_wconf 79' lang='lat' dir='ltr'>pag.</span> <span class='ocrx_word' id='word_1_976' title='bbox 1482 2846 1539 2874; x_wconf 77' lang='lat'>286,</span> <span class='ocrx_word' id='word_1_977' title='bbox 1555 2847 1608 2867; x_wconf 89' lang='lat' dir='ltr'>nota</span> <span class='ocrx_word' id='word_1_978' title='bbox 1627 2844 1649 2867; x_wconf 81' lang='lat'>5.</span> 
     </span>
    </p>
   </div>
   <div class='ocr_carea' id='block_1_18' title="bbox 1909 329 2040 396">
    <p class='ocr_par' dir='ltr' id='par_1_37' title="bbox 1909 329 2040 396">
     <span class='ocr_line' id='line_1_140' title="bbox 1909 329 2038 352; baseline 0 -4"><span class='ocrx_word' id='word_1_979' title='bbox 1909 329 2002 352; x_wconf 77' lang='lat' dir='ltr'>Secundo,</span> <span class='ocrx_word' id='word_1_980' title='bbox 2013 329 2038 348; x_wconf 81' lang='lat' dir='ltr'>de</span> 
     </span>
     <span class='ocr_line' id='line_1_141' title="bbox 1909 355 2040 377; baseline 0 -5"><span class='ocrx_word' id='word_1_981' title='bbox 1909 355 1974 372; x_wconf 82' lang='lat' dir='ltr'>exorta</span> <span class='ocrx_word' id='word_1_982' title='bbox 1982 358 2040 377; x_wconf 85' lang='lat' dir='ltr'>quae-</span> 
     </span>
     <span class='ocr_line' id='line_1_142' title="bbox 1909 377 1977 396; baseline 0 -1"><span class='ocrx_word' id='word_1_983' title='bbox 1909 377 1977 396; x_wconf 84' lang='lat' dir='ltr'>stione.</span> 
     </span>
    </p>
   </div>
   <div class='ocr_carea' id='block_1_19' title="bbox 1918 1965 1977 1990">
    <p class='ocr_par' dir='ltr' id='par_1_38' title="bbox 1918 1965 1977 1990">
     <span class='ocr_line' id='line_1_143' title="bbox 1918 1965 1977 1990; baseline 0 -6"><span class='ocrx_word' id='word_1_984' title='bbox 1918 1965 1977 1990; x_wconf 78' lang='lat' dir='ltr'>Resp.</span> 
     </span>
    </p>
   </div>
  </div>
 </body>
</html>
