2296 3316
30 675 111 695 servitus

26 698 125 722 uiutuplex.

21 775 24 786 1
57 768 125 788 Prima.

20 803 24 830 ἰ

22 867 23 883 l

21 945 23 984 ᾗ
35 953 127 974 Secunda.

61 1140 129 1160 Tertia.

19 1219 20 1249 1

18 1295 20 1344 l

17 1347 19 1423 ἱ
53 1375 129 1399 Quarta.

17 1426 19 1455 l

16 1505 18 1537 ³

16 1541 18 1547 Ι
54 1514 129 1539 Quinta.

16 1549 18 1559 l

33 2027 118 2047 Libertas

20 2050 132 2075 quintuplex.

63 2074 132 2094 Prima.

42 2306 133 2326 Secunda.

583 167 808 197 COLLATIONES
829 167 860 195 IN
882 166 1028 195 ΙΟΑΝΝΕΜ
1049 166 1118 195 ΟΑΡ.
1140 166 1203 195 Vlll.
1225 166 1318 195 COLL.
1341 167 1442 196 XXXV.

142 257 201 277 mo:
227 259 241 273 «
255 247 291 277 Ad
312 245 533 276 annuntiandum
548 246 700 274 mansuetis
721 245 795 274 misit
808 253 868 279 me,
883 247 915 274 ut
928 251 986 273 me-

141 295 222 324 derer
242 292 368 323 contritis
389 291 472 321 corde
500 294 528 320 et
555 291 743 328 praedicarem
769 299 874 320 annum
896 291 986 328 placa-

143 341 223 370 bilem
245 339 361 368 Domino
372 350 399 367 11.

475 439 602 460 ΑΝΝοτΛτιο
620 437 657 460 34.

221 525 310 561 (Vers.
333 523 401 559 35).
423 523 532 552 Servus
552 531 611 551 nort
631 526 731 551 manet
743 523 775 551 irt
789 523 874 552 domo
895 523 926 551 in
940 532 988 552 ae-

143 576 273 605 ternum;
293 570 374 608 filius
395 574 494 599 autem
514 573 613 598 manet
633 570 664 598 in
685 574 845 598 aeternum.

222 619 290 647 Nota.
324 617 369 646 hic
407 616 587 653 multiplicem
626 617 798 645 servitutem.
834 616 880 645 Est
914 616 987 645 enim

143 665 263 695 servitus
290 663 458 697 naturalis,
485 663 606 692 servitus
635 662 752 700 ἰεραιὶε,
779 662 899 691 servitus
929 662 988 699 spi-

143 711 280 746 rituum,
308 710 429 740 servitus
459 709 592 738 carnalis
619 712 646 738 et
674 709 795 738 servitus
822 708 987 737 aeter-natis.

144 776 180 781 —
196 759 320 788 Servitus
340 756 491 786 naturalis
504 756 678 785 sustinenda
692 759 749 791 est;
765 756 838 785 unde
852 755 887 784 ad
901 756 989 793 Ephe-

144 807 198 835 sios
228 807 308 834 sexto
325 805 354 832 ¹:
391 815 404 829 α
421 803 513 838 Servi,
541 803 650 832 obedite
683 803 801 832 dominis
832 803 990 832 carnalibus

144 860 207 881 cum
228 851 303 880 omni
324 850 423 879 timore
444 853 471 879 et
486 852 632 879 tremore»
651 853 702 879 etc.
725 850 763 878 De
784 850 837 879 ista
856 849 959 879 dicitur
974 857 990 878 a

144 898 250 927 ludaeis
281 897 388 926 loannis
418 900 536 926 octavo:
572 909 586 922 «
600 897 705 926 Nemini
738 897 904 926 servivimus
937 905 990 925 un-

144 953 228 983 quam
242 957 269 973 ».
292 961 328 966 —
351 944 476 974 Servitus
497 944 598 981 legatis
618 947 660 972 est
680 943 872 977 evacuatam
886 943 921 971 ad
939 943 990 971 Ga-

144 993 213 1021 latas
233 994 350 1029 quarto:
376 1002 390 1016 «1
405 990 547 1028 Quomodo
568 990 760 1019 convertimini
782 990 885 1019 iterum
900 989 935 1018 ad
949 990 991 1018 in-

146 1040 226 1068 firma
246 1041 274 1067 et
294 1045 380 1075 egena
399 1037 495 1066 mundi
517 1037 667 1071 elementa,
696 1037 799 1074 quibus
819 1037 911 1065 denuo
933 1044 991 1065 ser-

146 1086 205 1115 vire
227 1085 310 1114 vultis
324 1087 358 1113 v?
375 1087 403 1113 et
416 1085 529 1122 quinto:
556 1096 570 1109 «
581 1085 655 1113 State
669 1087 696 1113 et
710 1084 794 1113 nolite
808 1084 910 1112 iterum
926 1083 992 1120 iugo

146 1132 289 1162 servitutis
309 1131 443 1160 contineri
458 1143 484 1159 n.
501 1147 538 1151 —
553 1131 678 1159 Servitus
691 1130 859 1167 spiritualis
873 1133 915 1159 est
929 1139 992 1159 am-

145 1178 292 1217 plectenda
300 1188 311 1212 ;
341 1177 376 1206 ad
400 1178 535 1206 Romanos
562 1177 721 1214 septimo2:
758 1188 771 1201 «
786 1177 874 1205 Mente
902 1176 993 1205 servio

146 1226 198 1263 legi
219 1225 268 1254 Dei
283 1235 310 1259 »3
332 1227 360 1253 et
379 1224 414 1253 ad
435 1224 622 1261 Philippenses
650 1224 747 1252 tertio:
775 1234 789 1248 α
804 1223 909 1260 Spiritu
938 1223 993 1251 Deo

147 1272 284 1303 servimus
304 1275 332 1300 et
351 1271 505 1309 gloriamur
526 1271 554 1300 in
582 1271 692 1299 Christo
714 1270 774 1299 lesu
789 1281 816 1304 »;
838 1273 866 1298 61
885 1270 917 1298 ad
939 1270 991 1298 Ga-

148 1321 216 1348 latas
240 1318 353 1356 quinto:
379 1329 393 1343 α
408 1318 458 1347 Ρ61
479 1318 622 1347 caritatem
644 1317 745 1346 servite
773 1317 889 1345 invicem
907 1329 932 1345 1».
956 1333 992 1337 -

147 1366 271 1396 Servitus
292 1365 425 1394 earnalis
438 1368 487 1394 est
514 1364 732 1398 abominanda,
754 1364 788 1393 de
808 1372 865 1401 qua
885 1364 992 1393 loannis

146 1413 282 1443 octavo³:
308 1424 322 1437 «
336 1412 388 1449 Qui
409 1411 474 1440 facit
498 1414 641 1448 peccatum
668 1418 766 1439 servus
787 1413 829 1439 est
849 1410 991 1447 peccati13

147 1464 174 1490 et
194 1461 309 1489 iterum:
327 1459 435 1488 Servus
458 1467 514 1487 nort
527 1462 626 1486 manet
640 1458 671 1486 in
685 1458 769 1486 domo
785 1458 816 1486 in
830 1461 990 1486 aeternum.

147 1524 184 1528 —
206 1506 330 1536 Servitus
351 1505 510 1534 aeternalis
525 1507 567 1534 est
581 1503 748 1537 horrenda,-
763 1504 831 1533 haec
852 1507 906 1538 est,
921 1512 993 1541 quae

147 1554 325 1584 continuatur
346 1561 362 1581 a
382 1552 464 1589 culpa
484 1551 511 1580 in
527 1559 658 1588 poenam,
671 1550 823 1579 secundum
846 1550 912 1579 illud
927 1551 993 1579 Mat-

147 1601 219 1630 thaei
241 1600 347 1629 decimo
368 1601 477 1627 octavo:
504 1610 517 1623 α
532 1598 616 1626 Serve
648 1605 783 1634 nequam,
812 1605 894 1626 omne
915 1597 991 1626 debi-

149 1652 206 1676 tum
221 1646 309 1676 dimisi
326 1646 374 1675 tibi
390 1658 404 1672 »
424 1648 493 1679 etc.;
507 1648 535 1674 et
549 1644 686 1682 sequitur,
701 1643 775 1681 quod
795 1655 808 1669 «
824 1644 914 1678 iussit,
928 1652 991 1673 eum

148 1694 241 1732 proiiei
263 1694 291 1722 in
313 1693 441 1722 tenebras
462 1692 618 1721 exteriores
633 1703 658 1719 ».

444 1792 586 1816 COLLATlO
604 1793 701 1815 XXXV.

226 1880 315 1917 (Vers.
338 1879 406 1915 36.).
429 1878 462 1908 Sz·
480 1887 548 1916 erqo
564 1878 661 1906 Filius
679 1878 729 1906 Dez'
742 1886 792 1906 vos
810 1877 992 1911 liberaverit,

150 1935 212 1956 vere
232 1926 315 1955 liberi
334 1926 424 1955 eritis.

230 1974 254 2001 l.
267 1973 334 2001 Nota
348 1972 501 2001 secundum
511 1972 692 2009 multiplicem
708 1971 891 2000 differentiam
904 1971 995 2000 servi-

150 2019 220 2048 tutis
241 2019 420 2055 multiplicem
434 2018 615 2047 differentiam
632 2018 781 2047 libertatis.
801 2034 839 2038 —
861 2018 907 2047 Est
920 2018 994 2046 enim

149 2066 262 2095 libertas
272 2069 399 2094 naturae
409 2068 505 2094 contra
516 2065 678 2094 servitutem
693 2065 862 2093 naturalem
867 2075 877 2099 ‚·
891 2064 924 2093 de
939 2072 995 2102 qua

149 2113 195 2142 Iob
226 2112 346 2142 tertio4:
373 2112 506 2140 «Parvus
535 2115 563 2140 et
593 2119 710 2148 magnus
740 2111 776 2140 ibi
799 2114 864 2140 sunt
884 2115 912 2140 et
936 2119 995 2140 ser-

149 2169 201 2189 vus
221 2164 249 2189 et
270 2159 340 2188 liber
360 2167 377 2188 a
396 2159 507 2187 domino
532 2166 583 2187 suo
597 2170 624 2186 ».
648 2159 813 2196 Exemplum
838 2157 872 2187 de
900 2166 994 2192 servo,

149 2207 211 2244 qui,
234 2206 396 2235 imminente
410 2205 535 2242 periculo
548 2205 648 2239 maris,
663 2204 803 2233 arridebat
817 2204 929 2233 domino
944 2212 995 2233 suo

150 2253 258 2287 dicens,
279 2252 345 2290 quia
366 2252 448 2281 hodie
468 2255 560 2280 essent
580 2259 661 2288 pares
682 2254 709 2280 et
730 2251 857 2280 biberent
871 2251 952 2279 ambo
967 2251 993 2279 in

151 2300 232 2337 cipho
253 2308 317 2328 uno.
340 2315 377 2320 —
400 2298 445 2327 Est
466 2298 579 2327 libertas
606 2297 675 2334 fidei
704 2302 801 2326 contra
832 2298 994 2326 servitutem

150 2347 286 2385 legalem;
307 2346 341 2375 de
362 2353 418 2383 qua
437 2345 471 2374 ad
492 2345 599 2373 Galatas
620 2344 733 2382 quinto:
760 2356 773 2369 α
789 2345 816 2373 111
838 2344 994 2373 libertatem

151 2394 237 2423 vocati
269 2393 351 2427 estis,
382 2395 491 2421 tantum
518 2399 553 2420 ne
579 2392 733 2420 libertatem
765 2391 791 2419 in
824 2391 995 2420 occasionem

1832 168 1887 195 575

1041 244 1112 273 detis
1132 244 1224 273 carnis
1238 256 1265 273 υ.
1289 261 1325 265 -
1348 245 1393 274 Est
1415 245 1527 274 libertas
1554 245 1657 282 culpae
1684 248 1781 274 contra
1801 245 1888 273 servi·
1905 251 1975 270 Tarm.

1043 294 1131 320 tutem
1152 291 1355 329 spirituatem
1376 292 1410 320 de
1437 300 1493 329 qua
1524 292 1570 321 lob
1600 292 1784 321 undecimo⁵:
1811 303 1825 316 «
1841 292 1888 320 Vir

1043 345 1131 366 vanus
1160 337 1188 366 in
1219 338 1377 374 superbiam
1409 338 1543 375 erigitur,
1564 342 1591 367 et
1619 342 1750 375 tanquam
1779 338 1886 374 pullum

1043 384 1139 421 onagri
1161 392 1190 413 se
1220 384 1339 413 liberum
1372 388 1467 413 natum
1499 388 1578 421 putat
1593 395 1619 418 »;
1641 388 1669 413 et
1699 384 1734 413 ad
1756 385 1889 413 Romanos

1044 433 1139 458 sexto:
1165 441 1179 454 α
1194 430 1262 458 Cum
1284 431 1355 459 servi
1379 431 1474 459 essetis
1495 431 1614 467 peccati,
1637 430 1714 459 liberi
1736 430 1827 459 fuistis
1847 430 1890 458 iu-

1044 476 1134 505 stitiae
1148 487 1176 504 ».
1199 492 1236 497 -
1258 476 1304 505 Est
1324 477 1437 505 libertas
1464 477 1581 514 qratiae
1601 480 1697 506 contra
1728 477 1889 505 servitutem
1906 483 1983 506 Quarta*

1044 523 1210 556 carnalerm
1231 524 1368 552 secundae
1389 524 1421 551 ad
1444 524 1600 552 Corinthios
1616 524 1711 553 tertio:
1732 535 1745 548 ιι
1760 524 1808 552 Ubi
1831 524 1890 561 Spi-

1045 569 1118 598 ritus
1138 570 1260 604 Domini,
1282 570 1318 599 ibi
1352 571 1502 604 libertas»;
1523 574 1551 599 et
1581 571 1614 599 ad
1635 571 1743 600 Galatas
1773 573 1889 608 quarto:

1050 627 1064 640 α
1079 616 1136 644 Νο11
1158 624 1256 645 sumus
1277 617 1392 646 ancillae
1414 617 1478 651 tilii,
1500 617 1547 646 sed
1568 617 1671 646 liberae
1685 629 1711 645 1).
1735 634 1771 638 -
1793 617 1839 646 Est
1859 616 1891 645 li-
1906 622 1982 646 Quinta-

1045 662 1139 691 bertas
1168 663 1282 700 ylorz'ae
1312 666 1409 692 contra
1439 664 1601 692 servitutem
1633 663 1807 692 aeternalem
1819 674 1829 697 ;
1856 663 1890 692 ad

1046 709 1182 738 Romanos
1202 713 1314 738 octavo:
1341 721 1355 735 «
1370 710 1429 747 ipsa
1450 713 1580 739 creatura
1594 710 1757 739 liberabitur
1771 718 1788 739 a
1805 710 1891 739 servi-

1047 757 1106 783 tute
1123 756 1310 792 corruptionis
1328 756 1355 784 in
1373 756 1528 785 libertatem
1544 757 1647 793 gloriae
1663 756 1785 785 filiorum
1807 756 1890 785 Dei».

1126 803 1152 830 2.
1177 802 1285 830 Servus
1306 811 1365 831 nort
1384 807 1483 831 manet
1503 803 1533 831 in
1565 803 1649 832 domo
1678 803 1710 831 in
1730 806 1891 831 aeternum.
1909 808 1952 827 Alia
1961 808 2037 827 divisio·

1047 848 1217 882 Notandum,
1238 849 1311 886 quod
1344 852 1385 878 est
1413 849 1534 878 servitus
1564 849 1646 878 mala
1667 865 1704 870 -
1726 852 1753 878 et
1774 849 1894 878 servitus

1048 894 1131 923 horta.
1154 911 1190 916 —
1212 895 1337 924 Servitus
1356 896 1439 924 mala
1460 896 1571 933 triplex.
1593 896 1709 933 Quidam
1738 896 1810 925 enim
1836 903 1894 924 ser·
1910 901 2039 943 {ervitusma-

1049 941 1127 969 viunt
1148 942 1236 970 carni
1242 952 1252 975 ,·
1273 942 1306 970 de
1327 942 1431 979 quibus
1450 943 1483 971 ad
1507 943 1641 972 Romanos
1655 943 1762 971 decimo
1777 943 1892 971 sexto⁶:
1925 930 1934 942 Ἰ
1947 925 2022 948 mplex'

1052 989 1235 1017 «Huiusmodi
1257 997 1310 1017 non
1333 990 1458 1018 serviunt
1480 990 1551 1024 Deo,
1573 989 1620 1018 sed
1642 990 1732 1019 ventri
1747 998 1837 1023 su0»;
1859 989 1893 1018 ad
1909 994 1982 1013 Carnis-

1048 1035 1236 1072 Philippenses
1268 1036 1364 1064 tertio:
1391 1036 1490 1072 «Quia
1520 1036 1599 1065 multi
1631 1036 1790 1071 ambulant,
1823 1044 1894 1073 quos

1049 1090 1129 1119 saepe
1150 1082 1274 1111 dicebam
1298 1082 1389 1117 vobis,
1410 1091 1485 1112 nunc
1500 1086 1592 1111 autem
1614 1086 1641 1112 et
1655 1083 1725 1112 flens
1739 1083 1822 1111 dico»
1841 1086 1892 1111 etc.

1048 1128 1087 1157 De
1109 1129 1160 1157 hac
1191 1129 1326 1157 servitute
1353 1129 1390 1157 ait
1421 1130 1535 1158 Seneca:
1562 1129 1683 1158 «Multis
1714 1130 1814 1158 serviet
1847 1129 1894 1166 qui

1049 1175 1158 1212 corpori
1181 1175 1267 1203 servit
1280 1186 1307 1209 »;
1329 1179 1357 1204 et
1377 1175 1465 1204 idem:
1492 1187 1506 1200 α
1520 1176 1604 1204 Μ3101
1619 1184 1680 1205 sum
1697 1179 1725 1205 et
1738 1176 1771 1205 ad
1792 1176 1896 1205 maiora

1049 1221 1174 1258 genitus,
1196 1229 1279 1258 quam
1302 1224 1334 1250 ut
1354 1222 1521 1259 mancipium
1543 1222 1669 1259 corporis
1682 1222 1736 1251 mei
1751 1222 1802 1251 sim
1815 1234 1841 1250 ι».
1858 1238 1894 1243 -

1049 1268 1166 1305 Quidam
1187 1272 1279 1297 autern
1302 1269 1427 1297 serviunt
1448 1269 1574 1303 mundo,
1596 1269 1698 1306 quibus
1718 1269 1820 1298 dicitur
1842 1270 1895 1298 Lu·
1913 1274 1985 1293 Μυσῶ-

1049 1323 1097 1344 036
1116 1315 1223 1344 decimo
1245 1315 1362 1344 sexto⁷:
1389 1327 1403 1341 α
1418 1316 1502 1344 Ν61110
1524 1318 1613 1352 potest
1639 1316 1750 1344 duobus
1777 1316 1896 1344 dominis

1049 1362 1155 1390 servire
1169 1372 1196 1395 »;
1219 1365 1246 1390 et
1266 1361 1384 1390 iterum:
1411 1372 1424 1386 α
1439 1361 1496 1390 Non
1517 1362 1631 1398 potestis
1658 1362 1714 1390 Deo
1742 1362 1848 1390 servire
1868 1365 1896 1390 et

1049 1416 1261 1437 mammonae».
1292 1424 1329 1429 -
1357 1408 1473 1444 Quidam
1502 1408 1629 1437 serviunt
1653 1412 1789 1445 peceato,·
1820 1409 1896 1437 Ioan-
1913 1414 1995 1433 Peccati-

1049 1456 1092 1484 nis
1112 1459 1221 1484 octavo:
1249 1467 1262 1480 «
1274 1455 1325 1491 Qui
1346 1455 1411 1483 facit
1425 1458 1568 1492 peccatum
1583 1463 1682 1484 servus
1695 1458 1737 1484 est
1752 1455 1855 1492 peccati
1868 1466 1895 1489 »;

1050 1502 1187 1531 secundae
1209 1500 1278 1531 Petri
1303 1502 1438 1531 secundo:
1466 1513 1479 1526 «
1494 1503 1513 1530 A
1534 1510 1590 1538 quo
1605 1502 1668 1539 quis
1683 1506 1831 1538 superatus
1845 1506 1896 1536 est,

1049 1548 1135 1577 huius
1156 1552 1183 1577 et
1204 1557 1303 1578 servus
1323 1552 1402 1577 est».

1129 1596 1154 1625 3.
1178 1596 1302 1625 Servitus
1323 1596 1391 1624 haec
1413 1595 1484 1624 mala
1504 1599 1560 1629 est,
1582 1595 1648 1632 quia
1668 1595 1817 1624 laboriosa
1838 1599 1895 1630 est;
1911 1600 2043 1643 Haffgrigsstala—

1051 1643 1180 1672 Ieremiae
1200 1643 1307 1672 decimo
1329 1642 1447 1671 sexto⁸:
1475 1654 1488 1667 α
1503 1642 1633 1671 Servietis
1652 1642 1705 1671 diis
1719 1642 1826 1677 alienis,
1847 1643 1895 1680 qui

1050 1699 1104 1719 non
1126 1690 1231 1719 dabunt
1252 1690 1329 1719 vobis
1349 1690 1475 1726 requiem
1495 1690 1539 1718 die
1560 1697 1591 1718 ac
1612 1693 1692 1718 nocte
1706 1701 1733 1717 ».
1757 1706 1792 1710 —
1815 1690 1895 1723 Item,
1910 1694 2042 1718 Ignominiosa·

1050 1737 1116 1774 quia
1137 1737 1350 1774 iynomrm‘osm
1372 1736 1457 1764 Exodi
1479 1736 1585 1773 primo:
1606 1747 1619 1761 «
1632 1737 1670 1765 De
1690 1737 1825 1765 servitute
1846 1736 1895 1764 luti

1050 1787 1078 1812 et
1100 1784 1231 1812 lateris».
1254 1784 1320 1812 Nota
1347 1788 1374 1812 et
1402 1791 1519 1820 expone.
1546 1799 1582 1804 —
1608 1783 1687 1817 ltem,
1709 1783 1775 1820 quia
1799 1782 1897 1820 infru-
1913 1787 2038 1806 Infruetuosa-

1050 1834 1170 1864 ctuosa;
1185 1830 1218 1859 ad
1234 1831 1369 1859 Romanos
1389 1834 1485 1859 sexto:
1512 1841 1525 1855 κ
1540 1830 1608 1858 Cum
1630 1830 1702 1859 servi
1717 1830 1813 1859 essetis
1834 1837 1897 1867 pec-

1050 1878 1117 1912 cati,
1138 1878 1216 1906 liberi
1239 1877 1330 1906 fuistis
1350 1877 1484 1911 iustitiae;
1506 1885 1588 1914 quem
1611 1885 1677 1914 ergo
1698 1877 1821 1906 fructum
1848 1869 1907 1905 ha?

1050 1925 1149 1954 buistis
1170 1928 1236 1953 tunc
1257 1924 1284 1952 in
1306 1924 1376 1959 illis,
1398 1924 1425 1952 in
1447 1924 1550 1961 quibus
1571 1932 1645 1952 nunc
1665 1924 1829 1953 erubescitis
1844 1927 1876 1952 »⁴2

1129 1972 1156 2000 4.
1178 1972 1224 2000 Est
1245 1971 1366 2000 servitus
1381 1971 1456 2000 bona
1470 1971 1583 2008 triplex.
1599 1971 1737 2000 Debemus
1752 1972 1825 1999 enim
1843 1972 1898 2000 Deo
1914 1973 2044 2016 {Tiissffiff'

1051 2019 1172 2053 servire3
1190 2019 1313 2047 Psalmus
1325 2018 1350 2046 ⁹:
1377 2030 1391 2043 «
1405 2018 1511 2047 Servite
1524 2018 1642 2046 Domino
1663 2018 1690 2046 in
1705 2018 1804 2046 timore
1818 2030 1845 2046 n.
1861 2034 1898 2038 —
1916 2020 1958 2039 1³2³-
1984 2002 1996 2021 p
2030 2011 2034 2015 ’

1051 2065 1189 2094 Debemus
1209 2065 1342 2102 praelato
1370 2065 1488 2098 servire;
1520 2065 1626 2101 primae
1656 2064 1690 2093 ad
1721 2064 1896 2093 Timotheum
1915 2067 2005 2086 Praemi-

1051 2114 1147 2140 sexto:
1167 2123 1181 2136 «
1193 2111 1244 2148 Qui
1267 2111 1370 2140 habent
1388 2111 1482 2139 fideles
1496 2111 1622 2139 dominos
1636 2118 1691 2139 non
1706 2113 1898 2144 contemnant,

1051 2157 1117 2194 quia
1138 2157 1239 2186 fratres
1266 2160 1345 2191 sunt,
1374 2158 1419 2186 sed
1443 2157 1529 2194 magis
1550 2157 1683 2191 serviant,
1712 2157 1778 2194 quia
1805 2157 1899 2185 fideles

1052 2207 1155 2232 sunt».
1169 2220 1205 2225 -
1217 2204 1356 2233 Debemus
1367 2204 1449 2232 etiam
1461 2204 1567 2232 servire
1576 2203 1713 2240 proximo
1725 2213 1735 2237 ;
1746 2203 1780 2232 ad
1791 2203 1899 2232 Galatas
1915 2206 2005 2226 Proximi-

1052 2251 1165 2288 quinto:
1192 2262 1205 2275 «
1222 2251 1272 2279 Per
1292 2251 1435 2279 caritatem
1457 2250 1573 2287 spiritus
1594 2250 1695 2279 servite
1717 2250 1834 2278 invicem
1849 2261 1877 2277 ».

1132 2299 1157 2326 5.
1180 2298 1219 2326 De
1240 2297 1374 2326 servitute
1407 2297 1458 2325 Dei
1485 2299 1564 2331 nota,
1587 2296 1618 2324 in
1649 2296 1755 2335 quibus
1776 2296 1898 2325 servien-
1913 2300 2044 2343 ugosegigute

1051 2344 1118 2373 dum
1142 2345 1197 2373 Deo
1218 2361 1255 2365 -
1277 2344 1402 2382 qualiter
1425 2360 1461 2364 —
1482 2347 1509 2372 et
1527 2347 1648 2381 propter
1668 2343 1747 2381 quid.
1771 2359 1807 2363 —
1829 2343 1897 2372 Nota
1938 2330 2044 2369 Pssirmssssin

1926 2371 1982 2389 uibus
2005 2376 2045 2390 ser-

1052 2391 1137 2428 igitur
1171 2391 1262 2427 primo
1296 2390 1464 2419 differentias
1499 2390 1677 2419 servitiorum
1708 2393 1735 2418 et
1770 2389 1895 2423 attende,
1913 2394 2009 2413 nendum-

215 2638 222 2651 ¹
241 2639 307 2661 Vers.
324 2638 347 2661 5.
365 2650 397 2655 —
414 2638 472 2660 Tres
488 2644 553 2667 seqq.
571 2638 612 2660 loci
631 2640 684 2660 sunt
700 2638 762 2660 loan.
784 2638 810 2665 8,
834 2638 878 2665 333
901 2638 948 2661 Gal.
972 2637 997 2665 4,

152 2679 175 2701 9.
192 2681 214 2701 61
231 2679 258 2705 5,
276 2678 298 2700 i.

215 2715 224 2729 ²
242 2717 308 2739 Vers.
326 2716 363 2739 25.
380 2728 411 2733 —
429 2715 533 2739 Subinde
545 2716 672 2744 allegantur
683 2716 738 2738 Phil.
752 2717 778 2744 3,
790 2716 812 2738 3.
824 2719 847 2738 et
858 2716 907 2738 Gal.
920 2716 947 2743 5,
959 2716 998 2738 ⁴3.

213 2754 222 2768 ³
242 2756 307 2779 Vei-s.
327 2755 364 2778 34.
381 2758 404 2778 et
426 2755 463 2778 35.
480 2768 512 2772 —
529 2756 625 2778 inferius
647 2755 767 2778 exhibetur
789 2756 865 2778 Matth.
888 2756 929 2782 48,
951 2755 996 2782 32,

154 2795 209 2818 ibid.
228 2795 273 2818 34:
290 2795 320 2818 Et
337 2794 415 2817 iratus
432 2794 548 2817 Dominus
565 2793 616 2817 eius
633 2793 732 2816 tradidit
747 2800 801 2817 eum
813 2792 942 2816 tortoribus
954 2796 996 2816 etc.

154 2834 210 2856 lbid.
227 2835 269 2862 22,
288 2834 332 2856 ⁴3:
349 2832 432 2856 Mittite
448 2838 502 2856 eum
519 2833 544 2855 t'n
561 2832 668 2856 tenebras
685 2832 816 2856 eoem·iores
832 2835 887 2859 etc.;
898 2833 940 2854 cfr.
954 2833 997 2861 25,

154 2874 198 2895 30:
217 2872 328 2896 mutilem
344 2878 440 2895 servum
456 2871 530 2895 ez’z‘cz'te
546 2871 571 2894 in
588 2871 696 2895 tenebra-s
716 2871 847 2895 exteriores
856 2881 866 2900 ,·
889 2871 937 2895 illic
953 2871 999 2894 erit

154 2912 222 2941 fletus
239 2913 261 2935 et
277 2911 367 2935 stridor
383 2911 497 2934 dentium.

216 2950 225 2963 ²
243 2951 308 2974 Vers.
328 2951 362 2973 19.
380 2963 411 2967 -
428 2950 537 2979 Sequitur
553 2943 601 2972 Gal.
622 2950 648 2977 5,
669 2950 702 2972 13.

1116 2635 1125 2649 ⁵
1143 2637 1209 2659 Vers.
1230 2637 1263 2658 12.
1280 2648 1312 2652 —
1329 2635 1433 2658 Subinde
1450 2635 1577 2663 allegantur
1593 2636 1661 2657 Rom.
1678 2636 1705 2662 6,
1718 2636 1758 2662 20;
1772 2635 1795 2657 ΙΙ.
1807 2634 1860 2658 Cor.
1872 2636 1899 2661 3,

1054 2677 1096 2705 t7;
1113 2676 1162 2698 Gal.
1182 2676 1208 2703 4,
1226 2676 1263 2697 31.
1283 2678 1306 2697 61
1321 2676 1389 2697 Rom.
1405 2675 1430 2703 8,
1448 2675 1485 2697 et.

1115 2711 1125 2725 ⁵
1144 2714 1208 2736 Vers.
1228 2714 1266 2736 118.
1285 2725 1316 2729 —
1333 2713 1441 2742 Sequitur
1458 2713 1512 2735 Phil.
1530 2713 1556 2741 3,
1575 2713 1613 2741 ⁴8,
1634 2715 1657 2735 et
1677 2712 1777 2735 subinde
1799 2713 1897 2738 Seneca,

1053 2753 1125 2781 Epist.
1143 2752 1180 2775 ⁴4.
1200 2759 1221 2774 n.
1240 2753 1261 2774 l.
1280 2755 1303 2774 et
1319 2752 1389 2780 Epist.
1407 2752 1445 2774 65.
1462 2751 1527 2780 (alias
1543 2751 1593 2780 66.)
1611 2757 1635 2773 n.
1652 2752 1690 2773 2⁴.

1116 2790 1124 2803 ⁷
1145 2792 1209 2814 Vers.
1229 2792 1270 2818 13,
1287 2790 1329 2813 ubi
1345 2791 1413 2813 etiam
1431 2797 1480 2819 seq.
1497 2794 1577 2813 textus.
1593 2802 1626 2807 —
1642 2791 1693 2813 Duo
1709 2796 1775 2819 seqq.
1787 2790 1829 2813 loci
1846 2793 1899 2812 sunt

1054 2833 1116 2854 toan.
1136 2832 1162 2858 8,
1180 2831 1216 2853 34.
1234 2829 1257 2852 et
1274 2831 1298 2852 ll.
1316 2831 1373 2852 Petr.
1392 2831 1418 2858 2,
1439 2830 1474 2852 ¹9.

1116 2869 1126 2882 ⁶
1143 2871 1208 2892 Vers⁴
1227 2870 1263 2891 13.
1281 2881 1311 2886 --
1329 2868 1432 2891 Subinde
1450 2869 1576 2897 allegantur
1587 2868 1657 2891 Exod.
1671 2868 1679 2890 i
1691 2886 1696 2896 ‚
1710 2868 1746 2890 44.
1758 2871 1780 2890 et
1793 2868 1858 2890 Rom.
1871 2868 1898 2895 6,

1054 2910 1092 2932 20.
1109 2916 1157 2938 seq.

1117 2947 1127 2960 ⁹
1144 2949 1224 2970 Psalm.
1244 2949 1270 2975 2,
1292 2948 1324 2969 11.
1345 2960 1372 2963 -
1390 2948 1522 2976 Sequuntur
1539 2948 1555 2969 1.
1573 2947 1633 2969 Tim.
1650 2947 1677 2974 6,
1690 2948 1712 2969 2.
1726 2950 1748 2969 et
1761 2946 1809 2969 Gal.
1822 2947 1848 2973 5,
1862 2946 1899 2969 ⁴3.
