2296 3316
425 155 481 184 396

330 240 406 262 Quarta·
424 249 464 253 -
486 231 712 264 Obstinationis,·
733 230 939 259 Deuteronomii
970 230 1087 267 septimo
1100 231 1125 258 ¹:
1148 229 1270 267 Auferet

425 280 568 307 Dominus
590 286 687 306 omnes
708 277 883 315 lanyuoi·es;
903 280 927 305 et
955 285 1053 305 omnes
1084 276 1271 314 infiriititates

425 325 550 362 Aeyypti
576 324 738 361 pessimas,
759 332 835 362 quas
859 324 982 357 novisti,
1003 332 1062 352 non
1083 323 1190 361 inseret
1210 323 1268 352 tibi.

423 371 598 399 Infirmitates
619 371 729 407 Aegypti
751 374 816 399 sunt
837 370 1034 399 obstinationes
1056 370 1083 398 in
1104 370 1185 399 malo.

504 418 544 445 10.
576 417 658 450 110111,
684 420 726 445 est
753 417 900 445 infirmitas
929 416 1110 454 difficultatis
1140 417 1270 455 sequelae

274 470 327 491 item.
337 470 410 496 species
422 463 595 496 1·elet·ancla;
626 466 652 491 et
684 464 751 491 haec
783 462 977 499 quadruplex:
1009 462 1043 491 ad
1075 462 1269 491 resistendum

311 495 372 511 torua.

334 517 402 535 ruma.
420 510 498 538 malo
525 509 645 546 eulpae,·
676 510 851 538 Threnorum
880 509 1009 546 primossz
1038 510 1198 546 Infiriitata
1229 513 1270 538 est

421 557 517 584 virtus
537 565 619 589 mea,·
641 556 718 584 dedit
737 565 782 584 me
804 556 948 584 Dominus
969 557 1001 584 tn
1021 565 1131 590 manu,
1155 556 1188 584 cte
1209 564 1268 594 qua

419 612 478 631 ¹non
495 606 595 640 potero
615 611 754 640 s'argyeroe
769 605 796 631 01
810 603 893 632 Isaiae
907 603 1130 639 quadragesimo:
1148 603 1268 631 Iuvenes

308 656 401 675 Secunda.
419 649 451 678 in.
471 649 642 685 infirmitate
662 658 720 678 sua
741 650 851 678 eadent.
867 666 906 670 —
920 650 956 678 Ad
978 649 1183 678 sustinendum
1206 658 1268 677 ma-

420 696 478 724 lum
498 704 622 733 poeitae,-
655 696 760 733 primae
791 696 825 725 ad
850 696 1107 725 Thessalonicenses
1132 696 1267 724 ultimo³:

421 743 620 771 Consolamini
637 743 859 780 pusillanimes,
875 743 1012 780 suscipite
1028 743 1177 779 infirmos;
1198 750 1267 779 quo-

419 792 514 818 contra
535 789 684 818 Ezechielis
705 789 846 826 trigesimo
867 792 983 826 quarto:
1008 789 1091 824 Quod
1112 789 1267 825 infirmum

332 843 400 861 Tertia.
418 840 483 864 erat
512 845 571 864 ¹uon
598 836 809 865 consolidastis.
833 852 869 856 —
891 836 928 864 Ad
956 835 1189 872 ayyrettiemlzim
1220 835 1267 863 bo-

417 892 507 917 uum,-
529 883 709 912 Ecclesiastici
741 883 883 919 trigesimo
914 882 1043 919 primo⁴:
1066 883 1102 910 In
1133 882 1267 910 ommibus

417 930 552 967 operibus
574 931 632 958 titis
655 934 712 958 esto
733 929 831 963 velox,
853 933 877 957 et
909 929 1004 957 omnis
1025 928 1186 965 iufirmitas
1208 937 1267 957 'non

418 981 549 1005 occurret
570 977 635 1009 tibi,-
649 976 683 1005 ad
705 977 840 1005 Romanos
854 975 961 1004 decimo
975 979 1092 1013 quarto:
1110 975 1266 1011 Infirmum

323 1032 399 1055 Quarta·
417 1028 514 1053 autem
536 1024 566 1052 in
593 1024 649 1059 fille
679 1023 825 1060 suscipite.
848 1040 886 1044 —-
908 1023 945 1051 Ad
965 1023 1214 1059 perseueraiulum
1235 1023 1267 1051 in

418 1072 507 1104 tunm,-
530 1071 610 1107 primi
633 1071 736 1107 Regum
768 1070 928 1099 secundo⁵:
952 1070 1034 1105 Quae
1054 1069 1161 1097 multos
1182 1068 1266 1098 liabe—

417 1118 466 1146 bat
485 1117 561 1154 filios
583 1117 737 1154 infirmata
758 1122 806 1146 est.
829 1118 883 1146 Hae
897 1125 992 1146 omnes
1008 1117 1182 1145 infirmitates
1201 1115 1267 1145 sunt

417 1164 588 1192 relevandae
596 1175 606 1197 ‚·
627 1164 661 1192 ad
684 1164 819 1193 Romanos
840 1167 952 1192 octavo:
976 1164 1039 1200 lpse
1061 1163 1192 1200 Spiritus
1213 1163 1266 1191 acl-

419 1211 500 1239 iuvat
523 1210 723 1247 infirmitatem
744 1214 886 1239 nostram.

499 1259 543 1286 11.
576 1258 657 1291 110111,
687 1261 728 1286 051
759 1258 905 1286 infirmitas
932 1256 1137 1294 passibilitatis
1157 1265 1266 1293 poenae

274 1305 642 1341 {immoressupper-tandm
664 1308 690 1333 et
722 1305 789 1333 haec
811 1304 1002 1341 quadruplex,
1024 1303 1127 1331 scilicet
1149 1307 1265 1331 eontra-

304 1338 376 1360 quarta.

332 1360 400 1378 Prima.
418 1355 479 1380 ctae
499 1355 613 1388 propter
635 1351 913 1388 praevaricationum
937 1350 1097 1378 Psalmus‘5:
1122 1349 1179 1385 Qui
1195 1358 1266 1386 pro-

416 1399 546 1436 pitiatur
577 1398 712 1427 omuibus
745 1397 946 1435 iniquitatibus
982 1397 1057 1430 titis,
1093 1397 1145 1434 qut·
1178 1399 1266 1424 sanat

420 1454 516 1474 omues
532 1445 716 1481 infirmitates
732 1449 817 1477 tuas,·
831 1444 864 1472 ad
880 1444 1014 1472 Romanos
1029 1443 1134 1471 decimo
1149 1446 1265 1479 quarto:

309 1500 402 1519 secunda.
421 1493 479 1528 Qui
499 1492 636 1529 infirmus
657 1495 698 1520 est
719 1491 782 1519 olus
802 1491 965 1519 manducet.
989 1506 1026 1510 —-
1049 1490 1206 1517 Assttmtae
1232 1489 1266 1517 ad

419 1543 542 1568 nostram
559 1539 789 1575 redemptionem,
807 1538 889 1566 isaiae
903 1537 1132 1574 quinquagesimo
1148 1536 1265 1564 terti07:

427 1587 557 1615 Vidimus
578 1595 643 1614 eum
676 1585 866 1613 novissimum
893 1584 1044 1618 virorum,
1067 1584 1167 1612 virum
1188 1584 1266 1612 (tolo-

333 1640 403 1659 Tertia.
422 1642 489 1661 rum
511 1638 535 1661 et
556 1633 689 1661 scientem
712 1622 921 1667 insimulatam}
938 1646 974 1650 —
997 1629 1128 1666 Inflictae
1148 1630 1182 1657 ad
1197 1638 1264 1666 pur-

420 1681 574 1717 gationem;
608 1678 771 1707 Psalmusss:
803 1677 1011 1714 Multiplieatae
1039 1680 1109 1705 sunt
1139 1676 1266 1713 infirmi-

326 1735 402 1758 Qunrta.
420 1731 490 1755 tates
511 1734 628 1760 eorum,
646 1729 748 1762 postea
778 1724 1021 1753 acceleraverunt.
1046 1739 1082 1744 —
1104 1723 1208 1752 Jllatae
1228 1724 1262 1751 ad

483 1919 490 1932 ¹
509 1920 575 1942 Vers.
593 1919 630 1941 15.

481 1958 490 1971 ²
508 1960 574 1982 Vers.
595 1959 628 1981 14.
645 1971 676 1975 -
694 1959 802 1987 Sequitur
819 1958 867 1980 lsai.
886 1958 926 1984 40,
945 1958 981 1980 30.
999 1969 1031 1974 -·
1048 1958 1159 1985 Superius
1177 1964 1219 1985 pro
1230 1964 1267 1980 re-

420 1997 518 2021 levanda
536 1998 554 2019 H
577 1996 727 2025 adiuvanda,
748 1998 764 2019 B
787 1996 937 2024 devitandae,
965 1996 1042 2024 plures
1064 1996 1100 2018 alii
1123 1996 1191 2018 codd.
1213 2003 1266 2019 cum

419 2038 521 2059 Gerrano
538 2035 570 2059 ad
586 2035 683 2059 vitanda
701 2036 750 2064 (cfr.
767 2036 837 2057 finem
855 2035 923 2057 huius
940 2034 1031 2057 numeri
1053 2035 1109 2063 10.);
1128 2036 1184 2057 haec
1202 2035 1267 2057 lectio

419 2076 544 2104 explicatur
560 2082 573 2098 a
590 2076 614 2097 B.
632 2074 725 2098 Alberto
744 2075 795 2103 (loc.
813 2074 873 2103 cit.):
890 2074 932 2097 Est
949 2073 1077 2105 infirmitas
1093 2074 1203 2104 sequelae
1216 2081 1268 2104 pee-

419 2114 478 2142 cati,
496 2120 556 2144 qaue
573 2113 681 2144 infirmat
697 2113 815 2136 hominem
832 2112 863 2135 ud
879 2112 977 2136 vitanda
994 2113 1068 2136 malo.

482 2152 491 2165 ³
510 2154 574 2176 Vers.
593 2153 628 2175 14.
648 2166 676 2169 —
695 2153 798 2175 Subinde
815 2153 925 2180 allegatur
942 2153 1022 2175 Ezech.
1040 2152 1083 2179 341
1102 2152 1123 2174 4.

482 2192 492 2204 ⁴
510 2193 576 2215 Vers.
594 2193 630 2215 27.
648 2205 679 2209 —
697 2193 748 2221 Seq.
767 2193 830 2214 locus
847 2195 881 2214 est
898 2193 965 2214 Rom.
986 2192 1025 2219 14,
1044 2193 1064 2214 t.

483 2230 492 2243 ⁵
511 2232 576 2254 Vers.
594 2232 615 2253 5.
632 2244 663 2248 —
681 2232 790 2260 Sequitur
807 2232 872 2253 Rom.
891 2232 917 2259 8,
935 2231 972 2253 26.
990 2243 1020 2246 —-
1037 2231 1131 2253 Inferius
1154 2237 1196 2261 pro
1211 2230 1270 2253 rele-

422 2270 512 2293 vandae
530 2271 581 2299 (cfr.
597 2271 738 2299 principium
756 2270 823 2293 huius
843 2270 934 2292 numeri
953 2270 999 2299 to.)
1023 2271 1101 2298 plures
1123 2270 1190 2292 codd.
1207 2275 1268 2292 rece·

421 2309 520 2338 Iandae;
538 2310 563 2332 B.
582 2309 667 2332 Alhert.
684 2310 751 2337 legit:
771 2309 856 2332 Omnes
873 2311 953 2332 autem
975 2309 1019 2332 hae
1042 2308 1191 2339 infirmitates
1213 2310 1270 2331 sunt

419 2353 462 2376 per
479 2348 554 2370 Deum
570 2347 719 2371 relevandae.

482 2384 492 2397 ⁴³
509 2386 591 2408 Psalm.
609 2386 666 2413 402,
684 2387 705 2408 3.
722 2398 753 2402 -
770 2385 875 2408 Subinde
891 2386 1002 2413 allegatur
1019 2386 1087 2408 Rom.
1107 2386 1146 2414 14,
1164 2387 1185 2408 2.

482 2423 490 2436 ⁷
510 2425 575 2447 Vers.
592 2426 614 2446 Ξ.
631 2428 653 2447 01
671 2426 697 2453 3,
715 2424 819 2453 pluribus
837 2428 914 2447 tamen
931 2425 1035 2453 omissiS‚
1053 2430 1113 2453 quae
1130 2425 1168 2447 ed.
1185 2425 1256 2447 addit.

484 2462 493 2475 ⁸
511 2464 592 2486 Psalm.
614 2464 653 2492 15,
671 2464 693 2486 4.

481 2501 490 2514 ⁹
511 2503 576 2525 Vers.
594 2503 614 2525 4.
631 2515 662 2519 -
678 2502 723 2525 Cfr.
741 2503 778 2525 IV.
796 2503 857 2525 Sent.
874 2503 896 2525 d.
910 2503 930 2525 4.
943 2510 965 2531 p.
983 2504 999 2526 1.
1011 2509 1032 2526 a.
1048 2504 1065 2525 1.
1078 2510 1100 2532 q.
1113 2504 1134 2525 2.
1151 2503 1175 2525 in
1191 2509 1268 2531 corp.;

421 2542 475 2564 vide
497 2542 565 2563 etiam
588 2548 658 2569 supra
681 2548 734 2569 pag.
752 2542 811 2569 375,
833 2544 912 2564 notam
934 2543 967 2564 ¹0.
986 2545 1007 2564 et
1024 2545 1078 2564 tom.
1097 2542 1122 2564 11.
1138 2548 1193 2569 pag.
1209 2542 1268 2568 767,

421 2583 500 2601 notam
517 2580 538 2601 6.
558 2592 586 2595 -
603 2580 645 2601 Pro
663 2579 746 2602 Illatae
763 2580 828 2602 multi
845 2580 914 2603 codd.
932 2580 1049 2609 lnfiictoe,
1067 2580 1126 2602 sicut
1147 2572 1216 2608 paulo
1233 2586 1268 2602 su-

421 2619 512 2646 perius,
530 2619 553 2640 B.
574 2618 670 2641 Albert.:
693 2620 731 2641 Est
753 2622 835 2647 quarto
858 2619 978 2642 infirmitas
999 2619 1107 2642 immissa
1130 2619 1161 2641 ad
1183 2619 1268 2647 gloriae

421 2657 462 2679 Dei
479 2658 690 2680 manifestationem.

484 2694 503 2708 ¹⁰
520 2697 590 2724 Epist.
608 2698 622 2719 1.
640 2697 691 2719 Cor.
709 2698 733 2719 tt
745 2714 751 2724 ,
769 2698 790 2720 3.

484 2734 503 2747 ¹²
521 2736 560 2757 Ed.
578 2736 613 2758 hic
631 2739 652 2758 et
669 2737 738 2764 paulo
755 2737 861 2764 superius
879 2737 920 2760 illi.

484 2772 504 2786 ¹³
521 2776 630 2802 August.,
651 2775 675 2796 in
697 2776 758 2797 ioan.
775 2776 861 2804 Evang.
880 2779 906 2798 tr.
925 2776 962 2798 49.
985 2783 1007 2798 n.
1025 2777 1054 2799 5:
1077 2776 1125 2798 Non
1148 2776 1266 2798 dixerunt:

421 2813 491 2840 Veni,
508 2814 593 2836 amanti
615 2814 674 2836 enim
698 2816 858 2837 tantummodo
880 2816 1033 2838 nuntiandum
1057 2816 1105 2838 suit.
1127 2816 1175 2838 Non
1197 2821 1268 2837 ausae

421 2854 473 2873 sunt
490 2851 579 2874 dicere:
598 2852 656 2874 Veni
673 2855 695 2874 et
712 2859 779 2881 sana;
796 2860 842 2876 non
859 2860 929 2876 ausae
945 2857 999 2876 sunt
1015 2854 1105 2877 dicere:
1123 2853 1234 2883 1111111110,
1245 2857 1268 2877 et

422 2890 458 2912 hie
474 2890 519 2913 fiet.
537 2890 582 2913 Cur
598 2891 659 2913 enim
676 2898 723 2914 non
740 2894 762 2914 et
780 2892 846 2920 istae,
863 2893 882 2915 si
899 2893 957 2916 fides
974 2894 1032 2916 illius
1050 2894 1191 2916 centurionis
1214 2894 1267 2916 inde

422 2929 543 2951 laudatur?
560 2930 596 2952 Ait
613 2930 673 2952 enim
691 2930 779 2960 [Matth.
797 2932 824 2958 8,
842 2931 888 2961 8.]:
906 2932 960 2956 Non
976 2939 1031 2956 sum
1042 2932 1142 2962 dianus,
1155 2934 1181 2956 ut
1193 2933 1266 2957 intres

1027 2697 1045 2710 11
1066 2699 1129 2721 Vers.
1147 2698 1184 2720 21.
1202 2704 1267 2726 seqq.

1048 152 1219 181 COMMENT.
1242 153 1273 182 ΙΝ
1296 153 1441 182 ΙΟΑΝΝΕΜ
1464 153 1492 182 C.
1513 154 1555 182 xi.

1328 231 1432 267 gloriae
1452 231 1561 260 divinae
1582 231 1847 265 manifestationem,
1872 234 1904 260 ut
1930 240 2017 269 supra
2043 232 2176 262 eodem⁹x

1328 277 1493 314 Infirmitas
1515 277 1586 307 llaec
1604 287 1663 307 non
1683 281 1724 306 est
1737 278 1779 307 ad
1792 282 1931 313 mortem,
1946 279 1997 307 sed
2006 287 2063 316 pro
2076 279 2176 317 glorta

1331 324 1397 358 Dei,
1420 327 1453 352 ut
1471 324 1655 362 ¹qlorificetur
1675 325 1772 354 Filius
1793 325 1846 354 Dei
1862 333 1919 362 per
1937 333 2011 354 eam.

1651 418 1854 454 QUAEsi-[ones.

1409 511 1453 537 12.
1474 512 1584 545 Quaest.
1608 510 1625 537 1.
1648 510 1699 538 Sed
1721 510 1867 547 quaeritur
1888 510 1933 539 1110
1955 510 2045 547 primo
2064 510 2099 539 de
2124 511 2176 539 1100

1326 555 1400 592 quod
1421 555 1523 584 dicitur
1545 556 1572 584 in
1595 556 1702 590 littera,
1723 557 1796 593 quod
1819 557 1961 585 Lazarus
1987 559 2052 585 erat
2072 556 2106 585 de
2127 565 2176 585 ea-

1325 603 1403 631 stello
1424 603 1539 631 Mariae
1559 607 1585 632 et
1612 602 1764 637 Marthae,
1784 612 1924 632 sororum
1947 603 2018 632 eius.
2045 620 2084 625 —
2107 603 2176 632 Cum

1325 649 1398 678 enim
1414 653 1502 686 eaput
1517 649 1651 678 mulieris
1665 650 1703 678 sit
1717 650 1765 678 vir
1778 650 1811 683 ¹⁰,
1826 650 1920 686 potius
1932 650 2013 679 debet
2027 649 2080 679 dici
2094 658 2176 679 econ-

1326 699 1384 724 tra:
1406 697 1514 725 Martha
1534 699 1562 725 et
1582 696 1667 725 Maria
1686 696 1721 725 de
1742 697 1854 725 castello
1875 697 1978 725 Lazari.

1407 744 1557 772 Dicendum
1578 743 1613 772 ad
1634 743 1702 778 hoc,
1724 744 1799 780 quod
1826 752 1879 772 non
1902 744 1961 772 sine
1982 752 2065 773 causa
2086 743 2174 773 intro-

1324 789 1468 818 ducuntur
1491 790 1534 818 1110
1556 789 1641 818 Maria
1661 793 1688 818 et
1709 790 1816 818 Martha
1837 793 1868 818 ut
1888 790 2071 827 principales,
2092 790 2174 827 quia,

1325 836 1375 864 etsi
1398 836 1530 864 mulieres
1551 839 1642 865 essent
1663 844 1752 871 sexu,
1774 839 1865 865 tamen
1891 836 2022 865 firmitate
2042 836 2126 865 animi
2147 840 2175 866 et

1325 882 1429 911 virtute
1451 884 1584 911 Lazarum
1606 883 1793 917 excedebant;
1816 883 1882 920 quia
1902 883 1984 912 etiam
1999 883 2099 912 merito
2111 883 2173 912 fidei

1324 930 1462 966 ipsarum,
1477 929 1549 958 sicut
1563 929 1635 958 infra
1645 931 1668 947 11
1689 929 1810 966 patebit,
1824 932 1866 958 est
1881 930 2000 958 Lazarus
2014 930 2172 959 suscitatus.

1324 976 1400 1005 Unde
1421 976 1636 1010 attendendum,
1658 976 1733 1013 quod
1764 975 1935 1012 Evangelista
1957 975 2014 1004 11110
2034 971 2115 1004 dicit:
2140 975 2174 1004 de

1324 1023 1438 1051 castello
1460 1023 1575 1051 Mariae
1595 1027 1621 1051 et
1641 1022 1791 1057 Marthae,
1813 1026 1845 1052 ut
1866 1031 1912 1051 eas
1926 1022 1977 1051 sibi
1993 1022 2132 1059 praeferat
2146 1022 2173 1051 in

1324 1070 1441 1103 virtute;
1462 1078 1601 1098 sororum
1622 1070 1702 1102 etus,
1724 1072 1756 1098 ut
1783 1078 1829 1098 eas
1861 1069 1912 1098 sibi
1926 1069 1949 1086 ¹²
1978 1071 2126 1106 postponat
2145 1068 2174 1097 in

1324 1124 1410 1145 sexus
1432 1116 1587 1153 fragilitate.

1404 1163 1449 1191 13.
1471 1166 1583 1199 Quaest.
1605 1163 1633 1191 11.
1666 1163 1732 1192 110111
1764 1163 1912 1200 quaeritur
1940 1163 1975 1192 de
2001 1163 2068 1197 hoc,
2098 1162 2173 1200 quod

1323 1210 1455 1239 mulieres
1484 1210 1623 1238 mittentes
1654 1209 1689 1238 ad
1719 1209 1809 1238 lesum
1840 1218 1895 1238 non
1917 1212 2104 1247 rogaverunt,
2126 1209 2173 1238 sed

1324 1259 1431 1285 tantum
1453 1256 1673 1285 insinuaverunt.
1697 1272 1734 1277 --
1757 1256 1889 1291 Videtur,
1913 1256 1987 1293 quod
2007 1258 2057 1284 aut
2080 1255 2174 1285 fratris

1323 1304 1441 1332 salutem
1456 1303 1643 1340 neglexerint,
1659 1306 1707 1332 aut
1722 1303 1870 1332 Dominum
1885 1303 2109 1340 contempserint.

1402 1351 1580 1379 Responoeo:
1596 1350 1761 1384 Dicendum,
1783 1350 1857 1387 quod
1877 1350 2008 1379 mulieres
2028 1349 2091 1378 illae
2104 1349 2175 1386 opti—

1323 1404 1384 1425 mae
1405 1399 1432 1425 et
1453 1396 1547 1425 fideles
1561 1396 1768 1434 coynoscebant
1789 1396 1890 1425 Christi
1906 1389 2092 1434 potestatem,
2114 1395 2175 1424 ideo

1323 1451 1378 1471 non
1400 1443 1548 1480 rogabant,
1570 1444 1645 1480 quod
1665 1444 1788 1477 veniret,
1810 1443 1883 1472 sicut
1907 1443 2022 1480 regulus
2048 1442 2172 1480 rogavit3

1323 1489 1531 1518 reverebantur
1551 1490 1749 1524 maiestatem,
1771 1492 1799 1519 et
1819 1490 1881 1518 ideo
1900 1498 1955 1518 non
1969 1489 2109 1518 audebant
2129 1497 2175 1518 ro—

1323 1544 1404 1573 gare,
1426 1537 1500 1573 quod
1529 1536 1566 1565 ibi
1588 1537 1713 1571 iuberet,
1742 1540 1769 1565 et
1790 1536 1834 1566 1110
1855 1537 1951 1571 fieret,
1979 1536 2051 1565 sicut
2079 1538 2174 1565 centu-

1324 1583 1366 1612 rio
1380 1584 1415 1617 ¹³;
1430 1583 1590 1620 sperabant
1603 1584 1637 1612 de
1649 1583 1788 1618 bonitate,
1804 1583 1864 1612 ideo
1880 1583 2069 1612 insinuabant:
2090 1584 2173 1617 Ecce,

1324 1639 1409 1668 quem
1423 1639 1508 1659 antas
1523 1630 1705 1667 infirmatur.
1722 1630 1797 1659 Unde
1813 1630 1943 1667 magister
1962 1630 2039 1667 Hugo
2051 1630 2075 1647 ²⁴
2095 1629 2173 1665 dicit,

1323 1677 1397 1714 quod
1419 1678 1581 1706 insinuatio
1602 1680 1645 1706 est
1664 1685 1722 1706 una
1742 1677 1847 1714 species
1874 1677 2022 1711 orationis,
2050 1684 2122 1714 quae
2143 1676 2174 1705 fit

1324 1724 1484 1761 tripliciter:
1510 1724 1699 1761 confidentia,
1720 1727 1754 1753 ut
1767 1725 1852 1753 Mater
1873 1724 1995 1758 Domini,
2017 1732 2103 1761 supra
2132 1731 2174 1752 se-

1324 1917 1368 1941 3111)
1385 1920 1471 1941 tectum
1487 1924 1579 1946 meum,
1596 1917 1638 1941 sed
1659 1919 1753 1941 tautum
1772 1917 1814 1941 dio
1831 1917 1916 1946 verbo,
1933 1919 1956 1941 et
1973 1917 2099 1941 sanabitur
2112 1923 2174 1948 puer

1324 1963 1398 1980 meus.
1416 1957 1472 1979 Nihil
1490 1958 1574 1979 horum
1586 1957 1654 1984 istae,
1666 1957 1706 1979 sed
1719 1957 1892 1979 tantummodo:
1904 1955 2017 1985 Domine,
2029 1962 2092 1985 ecce,
2105 1962 2174 1986 quem

1324 2003 1395 2019 amas
1413 1996 1558 2026 infirmatur.
1577 1996 1677 2025 Sufficit,
1694 1999 1720 2019 ut
1736 1996 1842 2024 noveris;
1864 2002 1911 2018 non
1928 1995 1989 2018 enim
2012 2001 2077 2018 amas
2098 1998 2121 2018 et
2137 1995 2174 2018 de-

1324 2036 1389 2058 seris.
1411 2035 1457 2058 Csr.
1479 2035 1609 2063 Chrysost.‚
1627 2036 1650 2057 in
1667 2036 1728 2058 ioan.
1746 2035 1825 2058 homil.
1848 2035 1886 2057 62.
1909 2034 1974 2063 (alias
1996 2033 2043 2063 61.)
2065 2040 2087 2057 n.
2106 2034 2127 2056 ’1.
2144 2046 2174 2050 —

1324 2075 1396 2098 Codd.
1419 2082 1473 2097 cum
1496 2075 1599 2097 Gorrano
1621 2074 1728 2097 omittunt
1744 2073 1807 2104 quod
1824 2073 1856 2097 ibi
1871 2073 1972 2102 iuberet,
1992 2074 2014 2097 et
2035 2072 2073 2097 hic
2092 2073 2171 2104 fieret,

1324 2113 1385 2137 sieut
1401 2113 1513 2137 centurio.
1533 2114 1643 2142 Superius
1657 2114 1707 2136 voci
1720 2112 1867 2136 maiestatem
1878 2113 1915 2135 ed.
1928 2118 1981 2135 cum
1993 2113 2096 2135 Gorrano
2107 2118 2174 2141 prae-

1325 2153 1375 2181 figit
1391 2152 1453 2181 eius,
1474 2159 1534 2182 quae
1552 2153 1620 2175 etiam
1637 2153 1731 2175 inferius
1749 2155 1801 2180 post
1817 2151 1948 2182 sperabant
1963 2152 2028 2175 addit
2049 2153 2128 2175 lamen
2146 2150 2174 2174 de

1324 2191 1374 2214 eius
1388 2193 1503 2220 potestate
1520 2193 1548 2214 et.

1388 2228 1407 2242 ¹¹¹
1424 2230 1457 2252 De
1473 2230 1541 2252 Modo
1558 2230 1652 2257 orandi,
1664 2236 1686 2253 c.
1700 2231 1729 2252 3:
1745 2229 1878 2253 lminuatio
1895 2232 1930 2253 est
1940 2230 1990 2252 sine
2004 2229 2113 2258 petitione
2131 2235 2173 2258 per

1325 2270 1397 2291 solam
1414 2269 1568 2291 narrationem
1586 2269 1711 2291 voluntatis
1728 2270 1785 2292 saeta
1797 2269 1941 2297 significatio.
1953 2270 2014 2292 Haec
2029 2268 2174 2298 (1110111101νί-

1325 2308 1370 2330 bus
1383 2308 1459 2330 modis
1470 2308 1510 2330 fit:
1529 2308 1623 2337 timore,
1640 2308 1737 2336 fiducia,
1755 2310 1897 2336 contemptu.
1915 2308 2008 2331 Timore
2025 2308 2062 2336 111,
2078 2307 2172 2337 quando

1325 2347 1362 2369 vel
1380 2353 1448 2369 causa
1466 2353 1551 2375 magna
1568 2350 1616 2375 est,
1633 2354 1703 2376 quam
1726 2348 1832 2375 agimus,
1848 2348 1886 2370 vel
1902 2354 1988 2376 magna
2005 2353 2103 2376 persona
2126 2349 2173 2375 est,

1325 2392 1396 2414 quam
1408 2392 1532 2413 rogamus,
1549 2386 1609 2408 sicut
1619 2389 1653 2409 est
1665 2386 1720 2409 illud
1733 2386 1804 2416 [ioan.
1818 2387 1855 2415 m,
1866 2387 1906 2409 24.
1916 2389 1939 2410 et
1950 2386 1997 2416 32.]
2008 2394 2013 2409 :
2029 2385 2140 2414 Domine,
2151 2385 2174 2409 si

1325 2424 1410 2453 fuisses
1428 2424 1477 2452 hie,
1491 2425 1568 2454 frater
1580 2431 1647 2448 meus
1658 2432 1707 2448 non
1717 2425 1803 2455 suisset
1818 2427 1938 2449 mortuus.
1955 2426 2046 2453 Rogare
2058 2425 2120 2447 enim
2130 2430 2172 2447 vo—

1326 2464 1378 2490 luit,
1396 2466 1420 2485 ut
1437 2465 1529 2486 fratrem
1551 2470 1620 2487 suum
1638 2467 1755 2487 mortuum
1774 2465 1888 2487 Dominus
1904 2465 2036 2492 suscitaret,
2053 2464 2095 2487 sed
2117 2464 2171 2493 quia

1311 2524 1315 2527 ,
1325 2505 1419 2530 propter
1437 2503 1621 2530 magnitudinem
1638 2509 1721 2526 causae
1733 2506 1756 2526 et
1766 2504 1920 2526 reverentiam
1931 2509 2047 2532 personae
2057 2503 2171 2532 extimuit,

1326 2541 1443 2564 insinuare
1460 2542 1538 2569 potius
1555 2548 1625 2570 quam
1643 2542 1760 2570 postulare
1777 2543 1869 2571 elegit...
1888 2542 1983 2565 Fiducia
1999 2542 2024 2565 nt
2035 2541 2172 2569 insinuatio,

1325 2581 1419 2609 quando
1436 2581 1472 2603 vel
1490 2581 1520 2603 de
1537 2581 1642 2604 facilitate
1658 2587 1754 2608 causae,
1772 2582 1809 2604 vel
1826 2582 1856 2604 de
1872 2581 2033 2604 benevolentia
2058 2587 2172 2609 personae

1324 2619 1476 2648 confidimus,
1493 2622 1516 2641 01
1532 2619 1586 2641 ideo
1602 2619 1745 2642 desiderium
1762 2623 1866 2642 nostrum
1879 2622 1983 2648 patenter
1994 2619 2123 2647 exprimere
2134 2624 2171 2642 ne-

1325 2658 1448 2686 gligimus,
1465 2659 1520 2687 quia
1537 2665 1579 2681 nos
1596 2658 1700 2681 obtinere
1717 2665 1786 2687 posse
1802 2659 1849 2681 sola
1868 2658 2020 2681 insinuatione
2036 2664 2170 2687 speramus;

1324 2697 1384 2719 sicut
1400 2700 1434 2719 est
1451 2698 1505 2720 illud
1528 2698 1592 2726 quod
1610 2698 1632 2720 in
1650 2698 1748 2726 nuptiis,
1765 2698 1885 2720 deficiente
1901 2698 1969 2725 vino,
1984 2697 2082 2720 Domino
2100 2697 2171 2720 Mater

1325 2736 1380 2759 dicit
1396 2736 1468 2766 [ioan.
1487 2738 1514 2765 2,
1531 2736 1581 2766 3.]:
1603 2737 1689 2760 Vinum
1706 2743 1755 2760 non
1770 2736 1882 2760 habent...
1906 2736 2044 2765 Contemptu
2069 2736 2094 2759 111
2117 2736 2171 2758 11151-

1323 2776 1415 2803 nuatio,
1432 2776 1527 2805 quando
1544 2777 1581 2799 vel
1598 2782 1667 2799 causa
1684 2776 1736 2798 vilis
1752 2778 1799 2805 est,
1816 2777 1853 2799 vel
1870 2782 1969 2804 persona
1993 2782 2054 2804 quae
2074 2777 2170 2803 rogatur

1324 2815 1426 2837 humilis.
1444 2816 1508 2843 Quae
1524 2815 1618 2837 omnino
1635 2814 1666 2838 ab
1682 2815 1785 2838 emtione
1801 2815 1880 2838 divina
1897 2815 2039 2842 excluditur,
2055 2814 2117 2842 apud
2131 2815 2169 2836 110-

1324 2854 1398 2876 mines
1415 2857 1492 2876 autem
1511 2854 1611 2876 maxime
1626 2854 1741 2882 superbos
1758 2857 1781 2877 et
1797 2856 1902 2882 potentes
1919 2860 2006 2882 magno
2017 2853 2095 2876 studio
2105 2859 2170 2875 exer-

1324 2896 1412 2916 cetur..⁴
1431 2893 1552 2916 insinuatio
1570 2893 1631 2915 enim
1649 2900 1675 2916 ex
1692 2893 1776 2916 fiducia
1794 2893 1900 2921 perfectis
1917 2892 2037 2920 convenit,
2049 2899 2076 2915 ex
2088 2892 2171 2915 timore

1323 2932 1499 2960 incipientibus,
1515 2939 1542 2955 ex
1559 2935 1694 2961 contemptu
1711 2933 1784 2955 malis.

2193 749 2246 776 Resp-

2285 755 2296 773 ε
2288 739 2290 743 -
2275 417 2296 727 νη·α-ι>.’“-Ῑ-“-ἶζ”;-.”ζ-
2289 378 2296 408 —

2191 1357 2246 1382 Resp.
2287 1371 2296 1379 .,

2190 1637 2264 1656 lusiam:

2203 1661 2262 1686 triple:

2272 1639 2296 1657 1'1

2272 1664 2296 1679 ,a
