2296 3316
6 294 10 477 l

4 643 12 700 l

11 674 115 724 ”⁸536ssss
123 670 205 700 Iudae
225 669 393 707 perversitas
413 669 447 697 ad
467 668 646 703 deviandum,
667 667 823 696 ostenditur
843 666 969 703 discipu-

56 722 101 741 ime
123 717 220 747 lorum
241 716 401 754 infirmitas
421 716 456 745 ad
477 715 624 744 Dominum
645 714 826 752 sequendum.
848 714 881 742 Et
901 714 969 742 haec

7 511 10 526 t

7 530 10 553 i

4 557 10 576 ¹r'

7 578 10 602 i

9 763 11 787 ἶ
20 747 92 765 annor.

9 793 10 804 l

8 893 10 907 t

8 922 10 935 r

8 938 9 955 l

8 1015 9 1028 l

8 1034 114 1076 ipo-tuant-

8 1072 107 1114 ,f‘ffltm

734 124 905 153 COMMENT.
927 124 960 152 IN
981 123 1128 152 ΙΟΑΝΝΕΜ
1147 123 1175 151 C.
1197 123 1261 152 XIII.

123 205 196 235 alius
213 205 296 242 panis.
311 203 380 238 fuit,
401 206 430 233 et
448 205 510 240 post
529 202 608 232 illum
629 205 738 231 satanas
758 201 889 236 intravit3
902 201 969 238 quia

124 254 164 281 tot
184 251 271 280 modis
291 251 429 280 excitatus
459 253 501 279 est
525 249 666 287 poenitere
686 250 714 277 et
740 256 795 277 non
817 247 967 285 poenituit,

123 298 187 328 ideo.
203 298 330 327 diabolus
349 305 413 326 eum
434 297 543 334 plenius
563 295 692 333 possedit.

202 345 228 374 3.
250 344 328 381 Quod
349 344 491 378 obiicitur,
513 343 589 380 quod
608 342 682 371 Deus
699 342 785 370 intrat
805 341 833 369 in
848 340 967 369 animam

123 391 214 426 solus;
246 399 344 420 verum
375 393 417 420 est
443 389 603 424 illabendo,
634 389 681 418 sed
708 388 835 418 diabolus
863 396 969 425 suppe-

123 438 213 467 rendo
229 439 247 467 ¹.

200 485 230 514 lt.
249 484 328 521 Quod
348 484 491 518 obiicitur,
512 482 587 520 quod
607 482 687 519 prins
707 484 896 519 suggesserat;
927 480 969 509 di-

123 531 254 565 cendum,
269 530 343 567 quod
358 538 458 559 verum
478 531 535 564 est;
556 528 604 557 sed
618 536 655 557 ex
676 531 744 556 tunc
763 535 829 556 eum
849 526 969 563 amplius

123 577 281 615 angustavit
301 579 329 606 et
342 577 377 605 ad
390 576 524 605 malitiam
537 574 728 612 complendam
742 574 836 603 acrius
849 573 969 610 impulit.

200 624 251 653 44.
271 623 345 653 Cum
374 631 442 660 erqo
473 623 587 651 exisset.
613 622 761 658 Postquam
789 623 900 649 ostensa
927 622 969 648 est

123 766 165 794 est
185 766 286 802 quarta
306 772 371 801 pars
401 763 530 800 capituli,
551 765 579 791 et
605 763 658 791 hoc
678 762 764 790 facit2
785 762 838 790 hoc
862 761 967 790 ordine.

123 811 214 840 Primo
240 811 312 840 enim
340 810 510 848 praedicitur
536 810 632 839 futura
658 808 770 838 Christi
786 808 888 846 passio
895 819 906 842 ;
927 815 969 837 se-

124 858 231 892 cundo,
257 857 472 895 discipulorum
498 855 676 894 imperfectio
682 866 693 890 ;
714 855 812 890 tertio,
834 853 969 892 imperfe-

123 908 238 935 ctorum
258 904 402 938 eruditim·
423 906 540 941 quarto,
571 903 746 940 reprimitur
774 902 858 931 Petri
881 910 970 939 prae-

124 951 240 980 sumt-lo.

203 998 291 1035 (Vers.
314 997 382 1031 31.).
404 996 576 1025 Praedicitur
596 1003 663 1032 ergo
683 995 774 1032 primo
797 993 908 1023 Christi
920 993 969 1031 fu-

125 1048 195 1074 tura
213 1045 315 1082 passio
335 1048 363 1074 et
383 1052 433 1081 per
455 1043 611 1080 passionem
631 1041 822 1079 clarificatio,
838 1049 910 1078 quae
924 1049 969 1069 ac-

124 1091 261 1121 celerabat
271 1092 293 1127 ³,
313 1091 455 1129 proditore
469 1090 647 1119 accelerante.
666 1089 781 1125 Propter
795 1088 870 1125 quod
891 1087 969 1116 dicit:

126 1138 198 1168 Cum
219 1147 287 1176 erpo
301 1138 420 1172 emisset,
442 1137 546 1166 scilicet
566 1136 661 1170 Iudas,
683 1138 717 1163 ut
729 1135 876 1172 perficeret
895 1134 970 1171 quod

124 1188 302 1223 conceperat;
324 1185 400 1213 dixit
420 1184 521 1212 Iesus:
544 1182 630 1211 anc
650 1181 833 1219 clarificatus
860 1185 901 1210 est
921 1181 971 1210 Fi-

126 1232 183 1261 lius
203 1231 337 1261 hominis.
360 1230 446 1260 Nunc
466 1230 532 1259 dicit
552 1232 667 1267 propter
687 1229 842 1266 passionem
867 1228 971 1257 instan-

126 1281 190 1314 tem,
211 1278 292 1307 cuius
311 1277 411 1306 merito
424 1280 485 1306 erat
499 1276 707 1310 sublimandus;
727 1276 762 1304 ad
783 1275 971 1312 Philippenses

124 1324 282 1354 secundm:
308 1335 322 1349 α
333 1323 492 1352 Humiliavit
513 1322 705 1359 semetipsum,
720 1324 834 1359 propter
855 1322 931 1358 quod
944 1324 971 1350 et

124 1371 198 1401 Deus
218 1371 298 1400 ilium
318 1370 450 1399 exaltavi-t
464 1382 491 1398 ».
515 1370 549 1398 Et
564 1370 641 1398 Deus
661 1368 845 1406 clarificatus
872 1372 913 1397 est
940 1369 971 1397 in

124 1417 186 1452 illo,
202 1417 267 1455 quia
281 1425 331 1454 per
357 1417 503 1445 Christum
520 1416 650 1445 omnibus
677 1415 813 1450 innotuit;
839 1415 911 1444 infra
924 1415 973 1444 de—

125 1464 196 1494 cimo
210 1464 345 1501 septimo:
369 1475 382 1489 «
398 1464 485 1498 Pater,
505 1463 677 1492 manifestavi
698 1470 799 1492 nomen
819 1465 900 1491 tuum
922 1462 972 1491 ho-

124 1511 265 1545 minibus,
283 1518 353 1548 quus
373 1510 471 1539 dedisti
492 1510 562 1539 mihi
582 1510 617 1539 de
637 1510 742 1539 mundo
756 1521 784 1538 ».

203 1558 250 1586 45.
273 1558 362 1595 (Vers.
379 1557 447 1593 32).
471 1557 528 1585 ΕΝ*
548 1557 576 1586 si
592 1557 667 1585 Deus
681 1556 865 1593 clarificatus
885 1556 974 1584 estin

125 1604 186 1639 illo,
201 1604 231 1632 in
243 1603 370 1641 passione
384 1611 434 1640 per
454 1603 570 1632 multam
585 1603 697 1632 virtutis
710 1602 970 1637 manifestationem

126 1651 191 1688 quia
210 1659 289 1680 mors
307 1658 359 1679 sua
378 1653 406 1679 et
426 1650 517 1687 passio
538 1650 616 1679 valde
643 1650 696 1678 fuit
716 1650 745 1678 in
770 1650 886 1687 gloriam
906 1649 971 1683 Dei,

126 1697 198 1726 sicut
218 1697 320 1726 dicitur
339 1697 374 1726 de
402 1697 482 1725 Petro
503 1696 576 1725 infra
602 1696 734 1725 ultimo⁶:
762 1707 776 1722 α
795 1696 971 1733 significans,

127 1849 181 1873 holo
197 1850 276 1873 Iudam
295 1849 392 1880 plenius
408 1856 458 1873 esse
475 1856 608 1878 possessum
625 1852 669 1873 etc.
688 1850 733 1874 Cir.
754 1856 825 1878 supra
842 1856 896 1879 pag.
915 1849 973 1877 436,

127 1891 183 1911 nota
205 1889 228 1911 7.
254 1891 276 1912 et
293 1889 329 1911 1V.
352 1890 413 1911 Sent.
430 1889 453 1911 d.
475 1889 508 1911 14,
531 1895 555 1917 p.
573 1889 595 1912 ΙΙ.
613 1888 670 1911 dub.
693 1890 714 1911 8.
733 1901 765 1906 -
785 1889 890 1917 Origen.,
907 1888 974 1912 Corn-

127 1930 198 1950 meut.
214 1928 236 1950 in
255 1928 315 1950 ioan.
332 1930 387 1950 tom.
405 1928 442 1950 32.
462 1934 483 1950 n.
504 1928 545 1957 46,
563 1928 585 1950 in
607 1928 679 1951 dubio
705 1928 824 1957 relinquit,
846 1931 924 1951 utrum
941 1929 973 1950 lu-

128 1966 170 1989 das
185 1966 312 1989 buccellam
325 1967 463 1994 comederit,
475 1973 504 1989 an
516 1973 574 1994 non;
586 1968 682 1990 fortasse
693 1967 760 1990 ludas
772 1973 823 1990 eam
836 1974 882 1990 non
899 1974 973 1990 come-

127 2005 172 2033 dit,
189 2005 328 2033 anticipante
349 2008 439 2033 satana,
459 2014 470 2026 α
483 2012 512 2028 ne
534 2006 601 2029 ludas
618 2006 777 2029 adiumentum
794 2007 926 2034 perciperet
947 2012 974 2029 ex

127 2044 180 2067 data
196 2050 209 2067 a
226 2045 275 2067 Iesu
293 2045 361 2067 offula
373 2053 395 2067 ι.
413 2045 591 2073 Theophylact.,
608 2044 736 2068 Comment.
750 2045 770 2067 in
788 2045 864 2068 Matth.
882 2045 923 2072 26,
937 2045 975 2067 27.

128 2088 193 2112 seq:
209 2083 286 2112 Quare
301 2085 379 2106 autem
396 2084 467 2111 supra
484 2083 579 2112 quidem
597 2090 641 2106 non
658 2083 726 2106 dixit:
743 2084 845 2111 Accipite
862 2086 885 2106 et
900 2090 974 2106 come-

128 2121 175 2144 dite
192 2128 285 2150 omnes,
302 2123 346 2145 hoc
363 2125 440 2145 autem
452 2123 514 2145 loco:
531 2122 605 2145 Bibite
617 2129 645 2145 ex
661 2128 688 2145 eo
701 2123 799 2145 omnes?
817 2123 874 2145 Sunt
891 2123 930 2151 qui
943 2123 974 2145 di-

129 2163 194 2190 cunt,
211 2164 306 2189 propter
323 2161 403 2184 ludam
420 2162 463 2184 hoc
481 2161 575 2183 dictum.
594 2162 661 2184 ludas
677 2161 738 2184 enim
751 2167 836 2189 panem
848 2162 937 2190 accepit
953 2164 976 2184 et

129 2205 174 2222 non
192 2200 303 2228 comedit,
321 2200 362 2222 sed
379 2200 513 2227 occultavit,
530 2203 555 2222 ut
571 2203 709 2223 monstraret
733 2201 833 2228 ludaeis,
856 2201 920 2230 quod
937 2207 976 2229 pa-

128 2244 182 2261 nem
200 2245 285 2267 corpus
301 2245 370 2261 suum
387 2242 493 2262 vocasset
510 2240 586 2267 lesus;
609 2240 719 2267 poculum
737 2242 813 2262 autem
837 2240 921 2262 invitus
943 2239 976 2262 bi-

129 2277 173 2307 hit,
191 2284 244 2301 cum
261 2284 308 2301 non
325 2281 403 2307 posset
419 2279 534 2301 occultare
550 2281 593 2301 etc.

191 2315 199 2329 ²
218 2317 276 2339 Vide
293 2317 317 2340 ll.
335 2318 396 2340 Sent.
413 2317 437 2340 d.
454 2318 477 2340 8.
492 2323 517 2345 p.
533 2318 557 2340 ll.
574 2324 597 2346 q.
615 2319 638 2340 2.
655 2317 676 2341 4.
694 2320 716 2340 et
733 2318 754 2341 ὅ.

192 2354 202 2368 ²
218 2356 297 2379 Plures
313 2357 382 2379 codd.
401 2362 455 2379 cum
469 2357 572 2379 Gorrano
584 2357 693 2380 omittunt
707 2357 777 2387 facit,
792 2358 809 2379 B
826 2358 881 2385 legit
891 2359 912 2380 et
920 2363 976 2387 pro-

130 2393 234 2423 ceditur,
251 2395 289 2417 ed.
305 2396 328 2418 et
343 2394 400 2418 haec
416 2395 517 2425 quidem.

194 2431 204 2445 ⁸
219 2433 352 2455 Secundum
378 2433 495 2456 Forcellini
518 2437 643 2462 usurpatur
664 2435 733 2457 etiam
756 2435 916 2463 intransitive;
938 2435 976 2458 ed.

130 2477 183 2494 cum
200 2472 302 2494 Gorrano
319 2471 504 2495 accelerabatur.
516 2485 547 2489 —
559 2472 661 2495 Subinde
670 2472 768 2496 vocibus
779 2473 842 2497 dizit
853 2474 918 2497 Iesus
930 2480 977 2496 non

131 2510 200 2538 pauci
216 2510 284 2533 codd.
302 2510 441 2533 interserunt
457 2510 495 2534 eis.

193 2548 203 2561 ⁵
220 2549 285 2571 Vei-s.
303 2549 324 2571 8.
342 2555 390 2578 seq.
410 2561 442 2566 —-
461 2549 564 2572 Subinde
581 2556 623 2578 pro
640 2550 666 2573 in
682 2550 723 2573 illo
745 2551 845 2579 Vulgata
861 2551 885 2574 z'rt
902 2556 936 2579 co,
955 2554 977 2574 et

131 2588 241 2616 allegatur
258 2588 317 2610 loan.
338 2588 378 2616 17,
395 2589 416 2610 6.
429 2601 460 2605 —
471 2589 579 2617 August„
595 2589 618 2611 in
635 2590 696 2612 loan.
709 2591 798 2618 Evaug.
815 2593 842 2613 tr.
860 2591 897 2613 63.
915 2597 936 2613 n.
950 2592 976 2613 3:

131 2627 201 2650 Nunc
212 2626 358 2657 clarificatus
375 2629 410 2650 est
420 2627 496 2650 Filius
513 2627 629 2656 hominis,-
645 2631 669 2651 ut
681 2629 744 2657 quod
756 2629 787 2652 ait
797 2635 875 2658 nunc,
889 2636 935 2652 non
947 2630 977 2652 ad

131 2665 288 2688 imminentem
306 2666 448 2694 passionem,
466 2667 506 2689 sed
530 2666 559 2688 ad
576 2667 676 2689 vicinam
698 2668 890 2690 resurrectionem
910 2668 977 2696 perti-

132 2710 187 2728 nere
203 2705 322 2733 credatur,
339 2708 449 2734 tanquam
466 2706 533 2728 fuerit
555 2707 640 2728 factum
658 2706 722 2734 quod
739 2709 787 2729 erat
803 2709 851 2729 tam
873 2707 977 2735 proxime

133 2744 178 2767 iam
195 2745 307 2767 futurum.

193 2782 204 2795 ⁶
221 2784 318 2811 Vulgata
335 2783 418 2806 omittit
430 2783 471 2811 Et,
484 2790 511 2806 ac
522 2783 622 2807 subinde
634 2790 677 2812 pro
688 2783 714 2806 in
725 2783 766 2807 illo
778 2784 896 2807 substituit
906 2784 932 2808 m
943 2791 976 2808 eo.

194 2819 205 2833 ⁶
221 2821 287 2844 Vers.
314 2822 350 2843 19.
369 2833 400 2838 -
421 2821 530 2850 Sequitur
552 2822 587 2844 Ps.
613 2821 653 2850 15,
677 2822 714 2844 to.
737 2822 848 2850 August„
870 2823 895 2845 in
916 2823 977 2845 loan.

133 2860 222 2888 Evang.
241 2863 269 2883 tr.
286 2861 324 2884 63.
340 2867 361 2883 n.
381 2861 410 2883 3:
426 2860 454 2884 St'
470 2860 537 2883 Demer
549 2860 696 2890 cbzrificzuus
712 2862 747 2884 est
762 2860 786 2884 ἐτι
804 2867 842 2889 eo,
862 2862 916 2890 quia
931 2868 977 2885 non

133 2899 197 2921 venit
213 2900 287 2921 facere
303 2900 445 2922 voluntatem
465 2905 545 2926 suam,
562 2899 604 2922 sed
620 2900 762 2922 voluntatem
779 2900 829 2922 eius
851 2900 890 2929 qui
916 2901 977 2923 misit

228 2945 254 2968 S.
270 2946 360 2968 Bomv.
371 2958 401 2962 —
414 2934 482 2968 Iom.
499 2946 537 2968 Vl.

1810 121 1867 150 433

1024 209 1083 238 qua
1100 203 1189 230 morte
1203 200 1407 230 clarificaturus
1420 203 1491 229 esset
1513 200 1601 228 Deum
1616 211 1645 227 n.
1662 200 1694 228 Ει
1716 199 1793 228 Deus
1810 199 1868 228 cla-

1024 246 1154 284 rificabit
1172 247 1284 275 eumin
1304 247 1467 284 semetipso,
1486 254 1537 283 per
1550 246 1665 283 gloriam
1687 246 1869 275 resurrectio-

1024 293 1082 328 nis3
1104 296 1130 322 et
1150 294 1286 322 continuo
1307 293 1482 329 clarificabit
1502 301 1584 327 eum,
1606 293 1672 330 quia
1692 301 1746 322 non
1761 296 1869 330 poterat

1024 340 1085 369 eius
1105 341 1274 369 resurrectio
1294 340 1415 374 differri;
1436 340 1510 369 unde
1525 340 1553 369 in
1575 340 1694 369 Psalmo:
1722 352 1735 365 «
1750 340 1809 369 Non
1822 340 1870 369 da-

1024 386 1067 415 bis
1088 386 1218 415 Sanctum
1248 389 1326 415 tuum
1356 386 1449 415 videre
1473 386 1681 423 corruptionem
1702 398 1729 414 ι».
1752 386 1783 414 Et
1810 386 1870 415 vult

1023 433 1133 467 dicere,
1152 433 1227 470 quod
1248 433 1376 462 Christus
1395 437 1455 462 erat
1469 434 1523 463 cito
1543 433 1739 471 glorificandus
1753 442 1770 462 a
1791 433 1870 462 Patre

1024 488 1074 517 per
1095 480 1345 515 resurrectionem,
1366 481 1433 518 quia
1452 481 1486 509 ad
1507 481 1594 510 Patris
1608 481 1760 510 claritatem
1783 481 1870 509 mani-

1024 525 1177 555 festandam
1203 527 1262 563 ipse
1289 527 1427 556 sustinere
1454 527 1571 556 debebat
1598 528 1761 564 passionem.
1794 527 1870 556 Unde

1024 572 1171 601 infirmitas
1191 573 1427 602 Christi-hominis
1447 573 1535 602 Deum
1564 574 1740 609 clarificavit;
1761 578 1788 603 et
1809 574 1870 603 ideo

1025 619 1147 655 potentia
1176 619 1225 647 Dei
1255 619 1396 648 Christum
1418 623 1561 648 mortuum
1591 621 1733 649 suscitavit
1761 623 1788 649 et
1815 621 1870 650 cla-

1025 664 1151 694 rificavit.

1103 712 1150 740 46.
1173 712 1262 749 (Vers.
1284 712 1352 749 33.).
1381 712 1495 747 Filioli,
1524 712 1621 742 adhuc
1647 715 1794 743 modicum
1818 717 1869 744 etc.

1025 759 1159 796 Tangitur
1181 760 1226 788 hic
1240 759 1392 788 secundum
1402 782 1409 794 ,
1432 760 1534 789 scilicet
1548 760 1762 797 discipulorum
1776 761 1816 790 ad
1829 770 1871 790 ae-

999 802 1001 805 ’
1025 806 1173 844 quendum
1206 805 1355 835 Christum
1388 806 1589 844 imperfectio;
1619 807 1681 836 ideo
1712 810 1791 836 vocat
1824 815 1870 837 eos

1024 852 1145 889 filiolae,
1167 852 1194 881 id
1215 855 1257 881 est
1276 853 1304 882 in
1319 853 1372 882 fide
1386 853 1527 887 infirmos,
1549 854 1614 890 quia
1632 854 1713 882 firma
1727 854 1795 883 fides
1808 855 1872 883 facit

1025 899 1115 937 filios,
1137 899 1184 928 sed
1205 900 1316 929 infirma
1335 900 1446 937 filiolos.
1463 918 1502 922 —-
1516 901 1565 930 Vel
1582 901 1686 938 filiolos
1707 905 1786 930 vocat
1806 909 1872 938 prae

1025 946 1128 975 amoris
1142 946 1341 981 teneritudine,
1363 948 1435 976 sicut
1448 948 1514 976 dicit
1534 948 1690 977 Priscianus
1701 948 1721 982 ⁷,
1743 948 1818 985 quod
1831 948 1872 977 di-

1025 993 1162 1022 minutiva
1185 994 1332 1030 aliquando
1363 1002 1430 1031 prae
1450 995 1635 1024 familiaritate
1663 998 1690 1024 et
1710 1003 1804 1024 amore
1831 995 1871 1024 di-

1027 1043 1145 1074 cuntur,
1167 1044 1198 1069 ut
1221 1040 1377 1078 Seryz'olus.
1399 1042 1502 1070 Horum
1524 1042 1609 1079 igitur
1636 1042 1870 1079 imperfectionem

1027 1087 1197 1121 manifestat,
1219 1095 1283 1116 cum
1304 1088 1408 1117 subdit:
1431 1088 1535 1117 Adhuc
1555 1089 1703 1118 modicum
1724 1089 1869 1118 vobiscum

1026 1142 1110 1168 sum,
1131 1142 1182 1171 per
1209 1135 1379 1171 corporalem
1405 1136 1603 1172 praesentiam;
1625 1139 1651 1165 et
1666 1136 1677 1153 ⁸
1705 1137 1781 1165 sicut
1808 1137 1873 1165 dixi

1027 1181 1148 1209 Iudaeis
1162 1198 1199 1202 -—
1214 1189 1300 1218 supra
1313 1182 1429 1218 septimo
1443 1185 1471 1211 et
1491 1185 1588 1211 octavo
1602 1200 1641 1204 —
1654 1184 1800 1221 quaeretis
1812 1192 1871 1216 me,-

1027 1236 1083 1265 quo
1097 1236 1148 1264 eqo
1168 1228 1257 1262 vado,
1272 1237 1323 1257 vos
1340 1237 1399 1257 non
1410 1230 1528 1266 potestis
1548 1230 1661 1263 venire,·
1675 1234 1701 1258 et
1713 1230 1794 1258 vobis
1808 1230 1872 1258 dico

1027 1274 1127 1307 mod0,·
1148 1274 1213 1311 quia
1234 1275 1367 1311 passionis
1388 1275 1554 1304 arduitatem
1575 1276 1648 1305 ferre
1669 1284 1723 1304 non
1749 1277 1871 1312 potestis.

1028 1320 1090 1349 Ideo
1110 1329 1164 1349 non
1179 1324 1321 1358 poterant,
1343 1322 1409 1359 quia
1424 1322 1555 1351 virtutem
1577 1330 1613 1351 ex
1634 1322 1689 1351 alto
1703 1331 1758 1351 non
1780 1330 1872 1351 susce-

1027 1370 1140 1404 perant;
1162 1368 1222 1397 ideo
1242 1368 1344 1397 dicitur
1364 1369 1404 1398 eis
1425 1369 1513 1398 Lucae
1534 1369 1670 1398 ultim0⁹:
1697 1380 1711 1394 «
1726 1369 1822 1398 Sedete
1845 1369 1873 1397 in

1028 1414 1151 1448 civitate,
1165 1414 1252 1444 donec
1266 1415 1418 1444 induamini
1432 1415 1537 1444 virtute
1558 1423 1594 1444 ex
1609 1415 1664 1443 alto
1678 1426 1710 1450 »ς
1732 1416 1798 1452 quia
1816 1415 1874 1444 sine

1028 1461 1140 1490 virtutis
1160 1461 1261 1490 robore
1280 1462 1308 1490 in
1330 1462 1434 1498 praelio
1456 1465 1529 1490 stare
1551 1470 1605 1490 non
1627 1465 1669 1490 est
1689 1462 1827 1498 possibile.

1107 1508 1153 1537 lt7.
1180 1508 1269 1545 (Vers.
1295 1508 1362 1542 34).
1388 1509 1564 1537 Mandatum
1590 1517 1699 1537 novum
1720 1508 1756 1537 do
1784 1508 1873 1537 vobis.

1028 1555 1162 1592 Tangitur
1182 1555 1228 1584 hic
1249 1556 1379 1590 tertium,
1401 1555 1505 1584 scilicet
1525 1555 1740 1592 discipulorum
1768 1556 1873 1593 imper-

1027 1600 1171 1639 fectorum
1192 1602 1354 1631 instructio.
1376 1603 1408 1631 Et
1435 1603 1502 1640 quia
1528 1605 1608 1631 erant
1628 1602 1797 1640 imperfecti,
1822 1603 1874 1632 Do-

1028 1649 1120 1678 minus
1141 1649 1187 1678 dat
1200 1649 1240 1678 eis
1254 1649 1409 1678 remedium
1430 1649 1598 1684 dilectionis,
1620 1653 1651 1678 ut
1666 1653 1764 1679 mutuo
1785 1658 1814 1679 se
1835 1650 1876 1679 di-

1029 1696 1114 1732 ligant
1134 1698 1162 1724 et
1182 1699 1353 1730 sustentent;
1375 1699 1489 1733 propter
1510 1696 1585 1733 quod
1599 1696 1678 1725 dicit:
1701 1697 1875 1726 Mandatum

1030 1849 1108 1877 illum;
1126 1851 1147 1873 el
1166 1850 1228 1873 Deus
1251 1848 1393 1879 clarificabit
1410 1855 1464 1872 eum
1484 1848 1508 1872 in
1525 1848 1660 1879 semetipso,
1686 1852 1710 1872 ut
1727 1853 1807 1872 natura
1834 1851 1875 1872 hu-

1030 1894 1109 1915 mana,
1127 1889 1150 1910 in
1170 1894 1217 1917 qua
1234 1891 1269 1911 est
1280 1888 1350 1911 Filius
1362 1888 1473 1915 hominis,
1490 1894 1550 1917 quae
1567 1894 1580 1911 a
1598 1889 1675 1911 Verbo
1692 1892 1784 1912 aeterno
1802 1895 1876 1912 susce-

1030 1931 1069 1956 pta
1086 1931 1132 1955 est,
1149 1928 1217 1950 etiarn
1235 1928 1359 1950 immortali
1374 1928 1507 1950 aeternitate
1532 1928 1639 1950 donetur.
1658 1929 1687 1951 Ee
1704 1929 1827 1957 cmztz'nuo,
1845 1929 1876 1951 in-

1030 1967 1092 1996 quit,
1109 1966 1251 1997 clarificabit
1266 1973 1335 1995 ωιτη,-
1352 1967 1543 1989 resurrectionem
1561 1968 1646 1990 scilicet
1657 1974 1736 1996 suam,
1753 1975 1800 1990 non
1817 1969 1876 1990 sicut

1030 2009 1132 2029 nostram
1150 2006 1173 2028 in
1190 2006 1234 2028 fine
1251 2006 1347 2033 saeculi,
1365 2006 1406 2028 sed
1423 2006 1530 2029 continuo
1553 2007 1652 2029 suturam
1671 2008 1713 2029 hac
1734 2007 1882 2029 attestatione.

1031 2045 1166 2074 praedicens
1182 2044 1281 2068 etc.Cfr.
1299 2046 1331 2067 lli.
1349 2046 1409 2067 Sent.
1428 2045 1450 2067 d.
1468 2046 1505 2067 ⁴8.
1523 2051 1542 2067 a.
1562 2045 1583 2067 1.
1600 2052 1624 2074 q.
1641 2046 1662 2067 3.
1680 2048 1702 2067 et
1719 2051 1738 2067 a.
1757 2046 1778 2067 2.
1796 2052 1818 2074 q.
1838 2047 1859 2068 2.

1092 2082 1101 2096 ⁷
1119 2084 1180 2106 Libr.
1199 2085 1232 2107 ill.
1249 2085 1375 2107 Grammat.
1391 2091 1410 2107 c.
1429 2084 1458 2106 5:
1481 2084 1558 2106 Solent
1578 2087 1654 2106 autem
1676 2084 1815 2107 diminutiva
1839 2085 1877 2107 vel

1031 2123 1174 2145 necessariae
1191 2123 1363 2150 significationis
1380 2129 1448 2145 causa
1466 2123 1587 2150 proferri...
1606 2123 1642 2145 vel
1664 2122 1822 2145 urbanitatis...
1840 2124 1876 2145 vel

1032 2162 1168 2184 adulationis
1193 2165 1215 2184 et
1239 2162 1338 2184 maxime
1363 2168 1502 2189 puerorum,
1520 2164 1544 2183 ut
1564 2161 1703 2188 Catulaster,
1720 2162 1876 2190 Antoniaster,

1031 2201 1171 2229 Patritiolus,
1190 2201 1314 2229 Sergiolus.
1331 2213 1362 2217 —
1379 2201 1484 2229 Origen„
1501 2200 1630 2223 Comment.
1648 2201 1672 2222 in
1689 2194 1750 2223 loanss
1766 2204 1822 2223 tom.
1840 2202 1877 2224 32.

1032 2247 1055 2263 n.
1073 2241 1115 2263 49:
1133 2241 1197 2263 Nunc
1214 2241 1282 2262 etiam
1300 2240 1417 2268 discipulis
1435 2240 1507 2268 inquit
1518 2239 1609 2267 Filiolz',
1622 2240 1769 2268 ostendente,
1781 2241 1877 2268 opinor,

1032 2277 1082 2301 Iesu
1094 2280 1229 2301 nonnullum
1241 2278 1378 2301 blandientis
1392 2279 1498 2301 affectum
1510 2278 1625 2306 simulque
1637 2278 1744 2306 docente,
1757 2279 1878 2306 Apostolos

1032 2318 1100 2340 etiam
1118 2320 1167 2340 tum
1184 2318 1261 2340 animo
1278 2318 1373 2345 pusillos
1390 2323 1447 2339 esse.
1459 2329 1490 2333 —
1502 2317 1613 2344 Superius
1630 2317 1668 2339 ed.
1685 2317 1768 2339 omittit
1784 2316 1825 2339 sed
1842 2317 1878 2339 in-

1031 2357 1104 2388 firma
1120 2356 1218 2388 filiolos,
1239 2356 1310 2385 aliqui
1327 2356 1396 2378 codd.
1412 2356 1519 2378 omittunt
1535 2355 1583 2378 scd.

1095 2395 1105 2408 ⁸
1122 2396 1234 2424 Vulgata,
1252 2401 1322 2424 quam
1342 2395 1446 2423 sequitur
1467 2395 1516 2422 ed.,
1535 2393 1658 2422 Quam-etis
1683 2400 1720 2417 me
1741 2396 1774 2421 et,
1791 2395 1878 2417 omisso

1033 2434 1132 2457 subinde
1151 2434 1273 2462 Quaeretr's
1290 2440 1335 2457 me.
1352 2445 1382 2450 ——
1399 2434 1474 2461 Supra
1490 2433 1517 2461 7,
1535 2433 1577 2455 34:
1595 2433 1714 2461 Quaeretis
1736 2439 1773 2455 me
1794 2437 1816 2455 et
1832 2440 1877 2456 non

1033 2474 1153 2497 invenietis
1170 2476 1226 2500 ete,
1244 2474 1256 2495 8
1265 2490 1270 2500 ,
1288 2474 1312 2495 24
1325 2481 1330 2494 x
1343 2473 1391 2500 Ego
1403 2472 1476 2500 vado,
1488 2474 1510 2494 et
1522 2472 1638 2500 quaeretis
1655 2478 1692 2494 me
1709 2474 1731 2494 et
1747 2472 1769 2494 in
1782 2475 1877 2500 peccato

1033 2515 1110 2535 vestro
1128 2512 1265 2534 moriemini.
1282 2512 1332 2540 Quo
1349 2517 1393 2539 ego
1412 2511 1483 2537 vado,
1501 2517 1543 2533 vos
1560 2517 1606 2533 non
1624 2511 1718 2539 potestis
1735 2511 1821 2534 venire.

1095 2549 1105 2563 ⁹
1123 2552 1187 2573 Vers.
1207 2550 1243 2573 49.
1260 2549 1305 2573 Cfr.
1327 2550 1437 2577 August„
1459 2550 1481 2572 in
1504 2550 1564 2572 loan.
1586 2551 1674 2578 Evang.
1694 2553 1722 2573 tr.
1747 2550 1785 2573 64.
1805 2557 1827 2573 n.
1850 2550 1878 2573 4:

1036 2599 1047 2610 a
1061 2590 1150 2612 ludaeis
1167 2592 1243 2612 autem
1261 2595 1315 2611 cum
1333 2590 1376 2611 hoc
1393 2589 1492 2616 diceret,
1503 2595 1551 2611 non
1563 2589 1652 2611 addidit
1663 2589 1740 2612 modo.
1753 2590 1788 2612 lsti
1801 2590 1878 2618 itaque

1033 2630 1113 2651 venire
1129 2635 1175 2651 non
1192 2631 1298 2656 poterant
1314 2629 1378 2656 tum,
1395 2634 1442 2656 quo
1459 2628 1496 2650 ille
1513 2628 1572 2655 Ibat,
1589 2628 1631 2651 sed
1648 2631 1754 2656 poterant
1762 2630 1845 2658 postea
1856 2637 1877 2651 ι.

1033 2667 1138 2690 Subinde
1154 2667 1266 2695 ostendit,
1283 2667 1347 2695 quod
1364 2667 1470 2695 discipuli
1488 2668 1544 2690 tunc
1560 2673 1607 2690 non
1625 2670 1732 2695 poterant
1752 2668 1876 2691 Dominum

1033 2707 1099 2735 sequi
1116 2707 1145 2729 ad
1163 2709 1260 2728 mortem
1279 2712 1321 2734 pro
1339 2706 1436 2733 iustitia,
1453 2706 1506 2734 quia
1527 2715 1538 2726 α
1550 2706 1627 2729 adhuc
1644 2707 1755 2734 martyrio
1769 2713 1814 2729 non
1833 2713 1878 2729 ma-

1033 2746 1078 2768 turi
1090 2754 1116 2773 ¹²3
1133 2751 1209 2774 neque
1225 2745 1255 2767 ad
1272 2745 1346 2767 carnis
1364 2745 1569 2774 immortalitatem,
1586 2746 1641 2774 quia
1659 2748 1745 2768 tantum
1766 2755 1777 2766 α
1789 2746 1811 2768 in
1829 2752 1877 2768 sae-

1033 2785 1078 2807 culi
1096 2784 1141 2806 fine
1157 2784 1345 2810 resurrecturi»,
1362 2789 1438 2812 neque
1455 2784 1486 2806 ad
1501 2784 1577 2806 sinum
1598 2784 1682 2811 Patris,
1699 2785 1753 2813 quia
1774 2784 1876 2807 nondum

1034 2825 1099 2845 erant
1116 2823 1138 2844 in
1155 2823 1248 2844 caritate
1274 2822 1373 2849 perfecti.
1399 2830 1410 2842 α
1422 2822 1523 2851 Ideoque
1543 2823 1642 2850 docens,
1658 2824 1777 2852 quomodo
1801 2823 1877 2846 idonei

1034 2867 1086 2884 esse
1101 2861 1192 2889 possint
1207 2867 1313 2889 pergere,
1330 2867 1377 2890 qno
1393 2861 1432 2884 ille
1442 2861 1592 2884 antecedebat
1598 2871 1604 2889 3
1621 2861 1775 2890 mandatum,
1793 2863 1877 2891 inquit,

1033 2906 1122 2923 novum
1139 2900 1168 2923 do
1188 2900 1250 2923 vobis
1263 2909 1274 2920 υ
1294 2903 1337 2923 etc.

1753 2948 1782 2969 55

1887 721 2001 740 Secundum.

1889 908 1955 927 Aliter.

1892 1515 1982 1534 Tertium.
