2296 3316
258 550 314 573 Hesp.
331 555 373 568 cum

245 573 372 592 distinctione.

247 1393 304 1416 Resp.
318 1392 342 1411 acl
355 1393 372 1411 1,

315 1626 345 1644 Ad
354 1626 373 1644 2.

315 1766 345 1785 Ad
358 1767 376 1785 3.

391 137 448 167 Βῖίι

394 214 567 251 Proplietam
587 213 739 242 suscitabit
759 212 839 241 vobis
863 211 1022 245 Dominus,-
1041 214 1068 240 et
1082 211 1177 239 Glossa
1197 211 1237 239 di-

390 262 441 295 cit,
463 261 537 298 quod
557 261 591 289 ad
612 261 731 288 litteram
754 259 879 296 intelligit
899 258 933 287 de
954 258 1071 286 Christo.

469 308 521 335 San
542 315 667 335 courna:
690 305 836 342 Proplietia
866 312 921 333 non
951 307 993 333 est
1023 304 1237 340 comprehenso-

390 362 470 387 rum,
492 354 539 390 qui
561 353 654 382 vident
675 353 702 381 in
724 352 863 385 claritate,
886 350 933 380 sed
954 350 998 379 isti
1020 350 1113 379 vident
1127 350 1155 378 in
1176 357 1236 386 spe-

391 400 453 429 culo
470 401 495 428 ¹:
516 400 538 428 si
560 408 626 436 ergo
640 399 768 428 Christus
788 398 839 427 fuit
854 398 1079 434 comprehensor,
1101 404 1156 425 non
1171 404 1237 432 ergo

391 450 432 476 est
453 447 596 483 propheta.

470 494 647 521 Rcsroxnsso:
677 491 844 525 Dicendum,
872 490 947 527 quod
964 489 1107 527 propheta
1134 489 1236 518 dicitur

390 540 551 576 dupliciter:
574 540 617 568 vel
638 539 744 567 ratione
769 537 909 567 interioris
930 536 1117 574 inspirationis
1138 539 1165 565 et
1193 544 1237 564 re-

390 586 548 620 velationis,
570 589 597 615 et
624 586 663 614 sic
684 585 814 622 importat
839 592 933 613 secum
958 583 1133 612 coniunctam
1160 583 1237 620 igno-

390 633 523 666 rantiam;
551 633 653 661 dicitur
685 632 767 661 etiam
788 631 924 668 propheta
955 630 1060 659 ratione
1088 630 1237 659 infallibilis

390 684 415 709 et
438 680 543 708 veracis
563 679 788 708 denuntiationis.
810 678 920 707 Ratione
942 677 1023 714 primi
1052 685 1107 705 non
1135 677 1236 705 dicitur

390 728 516 756 Christus
538 727 688 764 propheta,
710 726 756 755 sed
778 726 884 754 ratione
905 724 1035 759 secundi,
1057 724 1123 761 quia
1138 732 1235 752 verum

390 774 461 803 dixit
482 774 508 802 in
530 774 659 802 omnibus
679 776 706 801 et
728 772 913 801 infallibiliter.

469 820 514 849 34.
537 821 646 857 Quaest.
670 819 698 847 Il.
721 819 871 855 Quaeritur
898 818 932 846 de
953 814 1021 851 hoc,
1050 817 1123 855 quod
1144 817 1236 845 Domi-

391 875 443 897 nus
463 867 543 904 fuyit
564 867 596 895 in.
616 870 748 895 montem.

472 915 494 942 1.
518 914 544 942 Si
565 914 638 942 enim
661 913 717 949 ipse
739 915 799 941 erat
813 920 878 945 rex,
900 919 966 948 ergo
988 911 1163 948 recipiendus
1177 914 1237 939 erat

390 964 422 989 ut
442 969 510 994 rex,
537 963 563 989 et
584 960 643 996 ipse
670 959 787 988 debebat
808 959 893 993 velle,
915 958 989 995 quod
1010 958 1053 987 sui
1081 966 1145 986 eum
1167 958 1236 987 reci-

390 1010 500 1044 perent,
522 1009 554 1035 ut
568 1006 715 1035 debebant:
737 1014 804 1043 ergo
821 1014 875 1034 non
890 1006 1007 1034 debebat
1028 1005 1136 1042 fugere,
1152 1005 1237 1033 immo

392 1062 420 1083 se
441 1054 549 1082 offerre.

469 1102 495 1129 2.
519 1100 600 1134 item,
622 1100 732 1137 quando
754 1101 829 1128 salus
850 1099 943 1136 populi
966 1099 1065 1135 pendet
1086 1106 1121 1127 ex
1144 1098 1237 1135 aliquo

391 1148 492 1180 electo,
514 1147 575 1175 talis
603 1155 657 1175 non
678 1147 759 1175 debet
786 1154 815 1175 se
843 1146 1003 1175 absentare:
1025 1153 1091 1182 ergo
1119 1145 1140 1174 si
1163 1145 1237 1174 salus

391 1194 484 1231 populi
507 1202 543 1223 ex
564 1194 687 1227 Christo,
708 1202 774 1230 ergo
793 1196 843 1222 etc.

470 1241 496 1269 3.
520 1241 598 1274 item,
621 1248 708 1277 quare
728 1240 808 1268 solus
822 1239 913 1277 fugit,
936 1247 999 1268 cum
1018 1239 1097 1276 prius
1118 1247 1172 1267 non
1195 1247 1237 1267 so-

392 1287 439 1316 lus·
456 1287 622 1321 ascenderit,
644 1287 692 1316 sed
713 1287 770 1324 ipse
791 1290 818 1315 et
838 1286 964 1323 discipuli
985 1286 1066 1315 eius?

470 1334 647 1362 Responnuo:
669 1333 836 1367 Dicendum,
858 1333 932 1369 quod
953 1332 1080 1361 Christus
1104 1331 1238 1368 recipitur

392 1384 423 1409 ut
444 1389 512 1415 rex,
540 1381 650 1417 quando
682 1380 831 1417 recipitur,
853 1383 885 1408 ut
916 1382 1011 1416 regnet
1032 1379 1059 1407 in
1081 1378 1163 1407 corde
1188 1386 1238 1415 per

392 1427 490 1461 fidem;
519 1427 566 1456 sed
594 1427 659 1464 quia
687 1427 724 1455 illi
753 1427 786 1456 de
814 1427 867 1455 side
898 1430 925 1455 et
952 1426 1039 1454 salute
1071 1434 1125 1453 non
1157 1433 1237 1453 cura-

392 1474 473 1507 bant,
495 1474 542 1503 sed
562 1474 596 1503 de
617 1474 760 1511 temporali
782 1473 944 1502 resectione:
966 1472 1026 1501 ideo
1048 1480 1076 1501 se
1098 1472 1170 1501 iuste
1190 1472 1238 1500 ab·

393 1523 489 1549 sentat.

472 1569 498 1596 2.
521 1568 552 1596 Et
573 1575 622 1604 per
652 1568 703 1596 hoc
723 1570 798 1604 patet
825 1567 925 1596 solutio
952 1566 986 1595 ad
1010 1574 1143 1602 sequens:
1173 1566 1238 1603 quia

393 1623 447 1643 non
468 1614 604 1651 pendebat
623 1615 697 1643 salus
718 1614 812 1651 populi
834 1622 870 1643 ex
892 1622 977 1650 regno
995 1613 1095 1641 Christi
1117 1613 1236 1647 carnali,

392 1661 439 1691 sed
460 1669 495 1689 ex
517 1669 602 1698 regno
619 1661 765 1697 spirituali,

471 1708 497 1736 3.
520 1707 598 1744 Quod
619 1708 780 1744 quaeritur:
802 1716 889 1745 quare
907 1707 986 1736 solus
1000 1706 1102 1744 ficyic?
1124 1715 1238 1743 respon-

393 1755 458 1783 deo:
480 1758 594 1792 propter
616 1754 851 1783 acceleran'oewm
873 1755 939 1783 alios
964 1762 1018 1782 non
1047 1754 1236 1790 exspectavit;

393 1806 506 1839 propter
521 1802 738 1830 absconsionem
752 1802 910 1831 societatem
931 1801 1033 1830 habere
1054 1801 1154 1835 noluit;
1174 1809 1238 1837 pro-

392 1852 454 1886 pter
468 1849 706 1882 instructionem,
727 1851 759 1877 ut
773 1848 911 1882 ostendat,
927 1848 1000 1885 quod
1016 1848 1043 1876 in
1064 1848 1238 1884 susceptione

393 1896 530 1924 honorum
552 1896 586 1924 ab
613 1896 708 1924 amicis
729 1896 910 1924 familiaribus
938 1904 991 1923 non
1019 1898 1060 1923 est
1089 1895 1237 1931 petendum

393 1943 553 1977 consilium,
585 1943 651 1980 quia
671 1943 698 1971 in
730 1943 782 1971 hoc
813 1943 973 1971 verificatur
1004 1942 1071 1970 illud
1102 1942 1238 1970 Michaeae

393 1989 545 2026 septim02:
569 1989 687 2017 Inimici
707 1987 832 2017 hominis
853 1988 1001 2017 domestici
1020 1989 1090 2016 cius.

472 2035 518 2064 35.
540 2036 650 2072 Quaest.
672 2035 711 2063 111.
733 2035 882 2072 Quaeritur
903 2035 937 2064 de
964 2035 1098 2064 descensu
1119 2034 1238 2072 discipu-

394 2083 500 2111 lorum:

476 2131 499 2157 l.
523 2129 592 2165 Quia
613 2129 728 2163 dicitur,
750 2130 825 2166 quod
846 2129 1066 2162 descenderunt,
1087 2137 1154 2157 cum
1175 2137 1239 2156 sero

395 2175 509 2213 factum
529 2180 584 2209 est;
605 2176 743 2213 quomodo
763 2177 923 2213 Magistrum
944 2176 1098 2205 solitarium
1121 2175 1240 2212 relique-

395 2225 481 2250 runt?
503 2239 540 2243 —
561 2222 692 2257 Videtur,
714 2223 787 2259 quod
809 2222 1040 2259 reprehensibiles
1060 2221 1182 2250 fuerunt.

474 2271 500 2297 Ξ).
523 2270 588 2298 Item
616 2269 733 2303 dicitur,
759 2269 833 2306 quod
861 2269 1000 2306 discipuli
1023 2271 1163 2297 venerunt
1186 2268 1240 2297 Ca-

392 2314 581 2353 ernamm
602 2316 668 2353 quia
685 2316 768 2344 Marci
783 2319 863 2344 sexto
875 2316 885 2332 ⁸
907 2315 1018 2350 dicitur,
1033 2315 1107 2352 quod
1129 2323 1240 2352 praece-

395 2363 435 2399 pit
456 2363 507 2397 eis‚
529 2366 561 2391 ut
582 2363 707 2391 venirent
726 2362 923 2391 Bethsaidam.

459 2519 467 2531 ¹
485 2520 556 2549 Epist.
573 2521 587 2542 l.
605 2519 657 2542 Cor.
675 2520 715 2548 13,
734 2520 775 2542 12ι
793 2520 906 2542 Videmus
927 2526 988 2543 nunc
1010 2527 1052 2549 per
1073 2521 1195 2549 speculum
1219 2521 1240 2542 in

396 2558 533 2586 aenigmate.
548 2571 580 2575 —
597 2559 639 2581 Pro
656 2558 697 2582 sed
713 2558 752 2582 isti
768 2559 804 2582 ed.
821 2558 862 2582 scd
874 2559 1011 2588 prophelae.

459 2595 468 2608 ²³
486 2597 551 2619 Vers.
569 2598 591 2619 6.
1090 2597 1100 2610 Β
1117 2599 1183 2621 Vers.
1204 2598 1241 2621 45.

460 2634 469 2647 ⁴²
487 2635 542 2664 Cap.
561 2636 593 2664 14,
606 2636 695 2659 22.Cfr.
704 2638 809 2664 August„
821 2637 845 2659 ll.
856 2637 886 2659 de
897 2636 964 2660 Cons.
974 2638 1061 2665 Evang.
1071 2643 1092 2659 c.
1104 2637 1141 2659 47.
1153 2644 1176 2659 n.
1189 2638 1241 2659 100.

460 2673 469 2686 ⁶
486 2675 510 2696 B.
534 2675 631 2703 Alpem,
652 2676 740 2698 Postilla
764 2676 787 2698 in
810 2676 871 2698 ioan.
894 2677 918 2704 6,
937 2677 978 2703 19,
996 2676 1130 2699 sententIam
1152 2677 1211 2704 Ηυξ-ς,
1228 2683 1240 2699 a

399 2714 421 2736 S.
439 2713 496 2736 Vict.
515 2714 547 2736 sie
564 2714 687 2742 proponit:
707 2723 719 2734 «ι
731 2715 841 2737 Dominus
859 2718 913 2737 tunc
930 2715 997 2737 dotes
1013 2715 1082 2744 duas,
1097 2715 1242 2743 spiritualita-

399 2754 445 2775 tem
463 2755 485 2775 et
501 2753 625 2780 agilitatem
644 2753 673 2776 ad
691 2756 782 2781 tempus
799 2754 919 2782 assumsit,
936 2754 995 2776 sicut
1011 2754 1136 2777 claritatem
1153 2761 1243 2777 assum-

399 2791 427 2814 sit
444 2791 467 2813 in
484 2795 561 2814 monte
578 2792 782 2820 transfigurationis
795 2796 817 2815 et
837 2793 1042 2821 impassibilitatem
1055 2794 1077 2815 in
1090 2794 1127 2815 die
1139 2793 1240 2821 Coenae,

399 2831 494 2859 quando
506 2838 590 2859 corpus
602 2838 670 2854 suum
683 2832 712 2854 ad
725 2833 912 2855 manducandum
927 2832 1029 2855 exhibuit
1040 2842 1062 2855 ».
1079 2833 1160 2856 Ultima
1174 2833 1242 2855 huius

399 2870 524 2892 sententiae
541 2877 595 2898 pars
611 2870 640 2892 ab
658 2871 708 2898 ipso
725 2871 784 2898 Hug.
802 2871 905 2898 explicite
927 2871 1019 2899 ponitur
1042 2872 1066 2893 ll.
1088 2871 1117 2893 de
1140 2872 1241 2893 Sacram.

398 2915 421 2937 p.
439 2909 493 2931 Vlll.
510 2915 528 2931 c.
547 2909 576 2936 3;
594 2912 616 2931 et
632 2915 658 2932 ex
676 2909 702 2931 iis
724 2915 784 2937 quae
808 2909 865 2931 ibid.
882 2910 1017 2937 generaiiter
1034 2910 1063 2932 de
1080 2910 1133 2932 dote
1155 2910 1241 2937 impas-

1009 133 1179 162 COMMENT.
1202 133 1234 162 IN
1256 133 1401 162 [OANNEM
1422 133 1449 161 C.
1472 133 1514 161 Vl.

1374 211 1554 239 Responmzo:
1576 210 1743 244 Dicendum,
1771 210 1859 247 quod,
1887 210 1959 238 sicut
1986 210 2052 239 dicit
2076 212 2141 239 Mat-

1294 257 1393 286 thaeus
1404 258 1425 291 4,
1448 257 1580 286 Dominus
1601 257 1739 294 compulit
1766 256 1925 294 discipulos
1945 265 2015 285 suos
2042 266 2141 286 ascen-

1293 304 1360 332 dere
1387 303 1419 332 in
1445 304 1565 337 navim,·
1592 303 1653 332 ideo
1674 312 1729 332 non
1757 304 1871 332 fuerunt
1894 304 2140 340 reprehensibiles,

1293 351 1360 388 quia
1379 350 1495 379 Domino
1515 350 1706 380 obediverunt.

1373 399 1398 426 2.
1421 397 1500 434 Quod
1524 397 1655 426 obiicitur
1682 398 1716 426 de
1740 398 1950 432 contrarietate,
1978 398 2140 433 dicendum,

1293 443 1367 481 quod
1388 444 1496 472 Marcus
1525 444 1647 472 nominat
1676 444 1767 472 villam
1796 444 1968 480 proximam,
1997 444 2043 473 sed
2065 443 2142 473 loan-

1293 498 1357 525 nes,
1379 490 1413 519 ad
1434 499 1517 527 quam
1540 491 1581 519 ire
1602 491 1788 519 intendebant.

1373 537 1418 566 36.
1448 538 1557 573 Quaest.
1592 538 1632 566 lV.
1664 537 1814 573 Quaeritur
1842 537 1923 565 etiam
1955 537 1989 566 de
2016 538 2140 567 ambula-

1293 583 1367 612 tione
1388 584 1495 612 Domini
1517 592 1602 620 super
1622 592 1717 613 mare:

1375 631 1399 658 1.
1423 630 1461 658 Ex
1491 638 1547 667 qua
1567 633 1646 666 parte
1673 630 1757 659 fuerit
1781 630 1947 659 miraculum
1976 631 2019 660 vel
2047 640 2141 670 aquae

1293 677 1497 713 supportantis,
1520 677 1563 705 vel
1584 677 1717 713 corporis
1737 677 1981 714 superincedentis.

1372 725 1398 751 2.
1422 723 1452 752 Et
1473 731 1561 760 quare
1582 723 1664 751 etiam
1686 723 1738 752 hoc
1761 723 1926 752 miraculum
1946 732 2000 753 non
2021 724 2140 753 ostendit

1293 770 1405 798 turbis?

1373 817 1550 845 Rusroxnno:
1573 816 1688 853 Quidam
1710 816 1821 850 dicunt,
1843 817 1918 854 quod
1938 817 1991 846 fuit
2004 825 2041 846 ex
2063 820 2141 855 parte

1293 863 1442 899 corporis,
1464 866 1490 891 et
1511 863 1585 900 quod
1608 871 1658 900 pro
1680 866 1803 900 tempore
1824 863 1871 892 illo
1897 864 1988 892 dotem
2011 864 2141 893 assumsit

1293 909 1438 946 agilitatis3
1461 910 1513 938 hoc
1534 910 1599 938 dicit
1621 910 1751 947 magister
1772 910 1849 947 lingo
1860 910 1879 938 ⁵.
1902 927 1939 931 —
1960 910 2008 939 Alii
2030 910 2140 945 dicunt,

1294 956 1369 993 quod
1390 964 1427 985 ex
1449 960 1527 992 parte
1555 964 1667 994 aquae,
1689 964 1761 993 quae
1789 957 1842 985 sub
1863 957 1980 993 pedibus
2004 949 2141 986 Creatoris

1294 1011 1322 1031 se
1344 1003 1501 1031 calcabilem
1524 1003 1664 1039 praelium
1686 1006 1713 1031 et
1733 1003 1868 1040 accipitur
1889 1012 1905 1032 a
1925 1004 2056 1041 Gregorio
2067 1004 2087 1032 ⁶.
2103 1020 2142 1024 —

1294 1050 1346 1078 Sed
1367 1050 1466 1078 melius
1487 1052 1543 1084 est,
1566 1049 1640 1086 quod
1661 1053 1781 1087 utroque
1803 1051 1829 1079 in
1845 1058 1895 1079 sua
1915 1054 2016 1079 natura
2036 1054 2063 1079 et
2077 1058 2141 1088 pro-

1294 1096 1411 1133 prietate
1432 1097 1551 1130 salvato,
1573 1096 1665 1125 divina
1683 1096 1786 1125 virtute
1806 1105 1908 1134 corpus
1923 1097 2141 1134 supereffereba-

1295 1146 1341 1171 tur
1362 1143 1450 1180 aquis.

1373 1191 1399 1218 Q.
1432 1190 1515 1227 Magis
1545 1192 1638 1218 autem
1670 1189 1853 1218 manifestavit
1883 1190 2025 1227 discipulis
2056 1198 2140 1227 quam

1295 1236 1400 1270 turbis,
1422 1236 1502 1273 quia,
1524 1236 1596 1264 sicut
1616 1236 1741 1273 discipuli
1771 1237 1974 1273 praecellebant
1994 1237 2022 1265 in
2042 1237 2142 1266 intelli-

1294 1283 1385 1320 gentia
1406 1283 1557 1311 verborum
1583 1286 1614 1311 ut
1642 1283 1780 1320 magistri,
1810 1283 1848 1312 sic
1869 1283 1951 1312 etiam
1979 1283 2007 1312 in
2028 1286 2142 1320 aspectu

1295 1330 1509 1364 miraculorum;
1531 1330 1605 1358 unde
1626 1331 1714 1359 multa.
1735 1330 1762 1359 in
1784 1334 1890 1359 secreto
1910 1331 2030 1360 ostendit
2050 1331 2097 1360 eis.

1391 1430 1503 1461 Secundo,
1522 1430 1659 1454 manifestat
1676 1438 1700 1454 se
1717 1431 1897 1455 conservatorem
1915 1431 2047 1462 spirituum.

1374 1517 1419 1546 37.
1444 1517 1543 1546 Altera
1564 1518 1610 1546 die
1631 1518 1719 1546 Μινύα
1747 1521 1797 1547 etc.
1827 1518 1952 1547 Ostendit
1979 1526 2065 1555 supra
2089 1519 2141 1547 Do-

1294 1565 1401 1598 minus
1423 1572 1452 1593 se
1473 1572 1532 1593 esse
1553 1568 1776 1593 conservatorem
1789 1565 1798 1582 ⁷
1821 1565 1968 1594 refectione
1989 1565 2140 1602 corporali;

1295 1611 1321 1640 in
1344 1612 1395 1640 hac
1415 1614 1494 1648 parte
1515 1612 1648 1646 ostendit,
1673 1620 1702 1641 se
1730 1620 1790 1641 esse
1817 1615 2040 1641 conservatorem
2068 1611 2141 1650 refe-

1294 1658 1384 1686 ctione
1397 1658 1557 1695 spirimali.
1581 1659 1612 1686 Et
1632 1659 1763 1696 quoniam
1778 1667 1858 1688 nemo
1873 1659 1998 1688 reficitur
2012 1659 2142 1696 spiritua—

1295 1705 1357 1734 liter
1372 1705 1423 1734 nisi
1445 1705 1633 1740 eonsentiens;
1655 1709 1681 1734 et
1702 1705 1821 1734 liberum
1842 1706 1989 1734 arbitrium
2008 1714 2063 1734 non
2078 1714 2142 1734 con-

1295 1752 1392 1785 sentit,
1414 1752 1465 1780 nisi
1493 1752 1630 1780 alliciatur
1651 1755 1678 1780 et
1705 1752 1879 1781 exciteturS:
1901 1752 1962 1781 ideo
1990 1753 2057 1781 haec
2077 1760 2142 1789 pars

1294 1798 1363 1827 duas
1384 1799 1481 1832 habet,
1503 1799 1569 1835 quia
1589 1799 1679 1835 primo
1701 1799 1732 1827 fit
1753 1799 1912 1827 turbarum
1936 1799 2085 1834 excitatio,
2101 1807 2143 1829 se-

1295 1845 1385 1874 cundo
1400 1853 1465 1874 vero
1486 1846 1651 1882 proponitur
1673 1846 1712 1874 eis
1732 1846 1900 1883 spiritualis
1914 1845 2044 1883 refectio,
2065 1846 2142 1876 ibi⁹z

1295 1892 1441 1920 Dixeritne
1461 1892 1502 1920 ci:
1526 1892 1661 1926 Domine,
1682 1901 1794 1930 semper
1815 1893 1854 1922 da
1875 1893 1958 1921 nobis
1968 1901 2076 1930 panem
2091 1896 2141 1922 etc.

1377 1939 1520 1968 Excitatio
1541 1939 1627 1976 igitur
1647 1939 1808 1969 turbarum
1822 1941 1875 1969 hoc
1895 1940 1992 1969 ordine
2012 1940 2143 1969 describi-

1272 2004 1274 2006 -
1298 1989 1351 2014 tur.
1374 1986 1464 2014 Primo
1485 1988 1598 2014 notatur
1619 1986 1767 2015 turbarum
1788 1987 1822 2015 ad
1840 1987 2032 2024 quaerendum
2052 1987 2144 2016 Domi-

1296 2041 1363 2062 num
1386 2033 1527 2062 Christum
1548 2033 1711 2062 sollicitudo
1719 2044 1728 2067 ,·
1750 2034 1871 2062 secundo
1886 2042 1964 2068 vero,
1991 2033 2144 2063 inordinate

1297 2080 1490 2117 quaerentium
1515 2080 1669 2113 correclioe
1697 2080 1794 2114 tertio,
1819 2080 2007 2109 dubitantium
2032 2081 2143 2109 instru—

1297 2127 1366 2159 cli0,·
1388 2129 1500 2163 quarto,
1522 2127 1743 2163 superbientium
1765 2126 1939 2156 humiliatio.

1376 2173 1534 2202 insinuatur
1555 2181 1622 2210 ergo
1643 2173 1732 2210 primo
1754 2173 1913 2203 turbarum
1933 2174 2095 2203 sollicitudo
2110 2174 2144 2203 ad

1297 2220 1438 2248 Christum
1460 2220 1649 2256 quaerendum
1671 2221 1836 2257 proveniens
1855 2229 1890 2249 ex
1913 2221 1971 2250 viso
1992 2221 2142 2256 miraculo;

1297 2270 1324 2295 et
1345 2267 1410 2304 quia
1430 2275 1493 2295 eum
1516 2266 1688 2301 nesciebant,
1710 2267 1771 2296 ideo
1798 2268 1984 2305 quaerebant,
2010 2268 2076 2305 quia
2095 2276 2143 2297 ne-

1297 2313 1434 2347 sciebant,
1466 2314 1576 2350 quando
1607 2316 1634 2342 et
1668 2314 1805 2351 quomodo
1827 2316 1986 2343 recesserat.
2016 2314 2143 2351 Propter-

1296 2369 1328 2389 ea
1349 2360 1428 2389 dicit:

1297 2519 1410 2542 sibilitatis
1427 2520 1487 2542 dicta
1504 2522 1570 2546 sunt,
1587 2519 1644 2541 aliae
1665 2521 1742 2547 partes
1765 2520 1860 2542 fortasse
1881 2522 1935 2541 sunt
1957 2519 2078 2542 deductae.
2097 2518 2143 2542 Cfr.

1298 2559 1334 2582 lV.
1358 2559 1419 2581 Sent.
1441 2559 1464 2581 d.
1484 2559 1520 2581 11.
1537 2565 1560 2586 p.
1583 2559 1606 2581 ll.
1624 2565 1644 2581 a.
1662 2559 1684 2581 2.
1701 2565 1723 2587 q.
1742 2560 1763 2581 2.
1780 2558 1801 2580 in
1819 2565 1895 2587 corp.‚
1912 2557 1953 2581 ubi
1971 2558 1994 2580 in
2010 2560 2064 2581 nota
2085 2557 2141 2587 (10.)

1298 2597 1386 2619 adiecta
1403 2597 1555 2625 allegavimus
1572 2598 1686 2620 innocent.
1703 2598 1741 2624 Ill,
1766 2597 1807 2626 qui
1824 2598 1846 2619 in
1863 2598 1900 2620 lV.
1921 2597 1950 2620 de
1971 2598 2040 2620 Sacro
2062 2596 2143 2619 Altaris

1298 2636 1421 2663 mysterio,
1444 2642 1464 2658 c.
1492 2637 1531 2663 12,
1557 2637 1660 2664 lingonis
1684 2637 1793 2659 sententia
1818 2637 1899 2664 relata,
1925 2636 2054 2664 praedictas
2077 2636 2143 2659 dotes

1298 2675 1380 2697 eodem
1398 2675 1494 2703 explicat
1510 2675 1589 2697 modo.

1362 2713 1372 2725 ³
1388 2714 1450 2736 Libr.
1473 2715 1488 2737 l.
1511 2715 1592 2737 llomil.
1615 2715 1638 2736 in
1661 2716 1747 2743 Evang.
1770 2715 1848 2737 homil.
1872 2715 1909 2737 10.
1931 2721 1955 2737 n.
1975 2716 2002 2742 2,
2019 2713 2059 2737 ubi
2075 2714 2142 2742 dicit,

1300 2753 1363 2781 quod
1382 2759 1446 2775 mare
1467 2762 1476 2773 a
1488 2753 1532 2776 sub
1549 2754 1632 2781 plantis
1648 2754 1698 2776 eius
1714 2760 1737 2776 se
1755 2753 1863 2776 calcabile
1880 2753 2019 2782 praebuit».

1362 2790 1370 2803 ⁷
1389 2792 1429 2814 Ed.
1448 2792 1484 2814 hic
1501 2793 1565 2815 addit
1582 2798 1722 2822 corporum,
1740 2795 1762 2815 et
1774 2793 1868 2815 inferius
1884 2795 1937 2821 post
1953 2794 2141 2816 conservatorem

1299 2832 1391 2859 supplet
1407 2831 1555 2854 animarum.

1362 2868 1371 2882 ⁸
1388 2870 1432 2893 Cfr.
1450 2871 1509 2893 infra
1526 2877 1549 2893 v.
1566 2871 1603 2893 52.
1621 2873 1709 2900 quaest.
1726 2871 1758 2893 lli.
1776 2873 1797 2893 et
1814 2877 1885 2899 supra
1902 2876 1921 2893 c.
1940 2871 1960 2893 1.
1978 2877 2000 2893 n.
2019 2871 2057 2893 52.

1361 2908 1371 2920 ⁹
1388 2910 1453 2931 Vers.
1471 2910 1509 2931 34.

2159 217 2216 241 nesp.
2224 218 2252 237 aad
2265 221 2277 245 l,
2286 208 2287 211 Ἴ

2158 404 2187 422 Ad
2199 404 2226 432 ι),ῥ

2164 1947 2233 1969 Primo,
2246 1947 2262 1965 d·
2284 1951 2292 1966 μ

2161 1970 2258 1989 excitation
2274 1977 2283 1993 ,i

2169 1994 2261 2013 turbarum
2274 2003 2276 2009 r

2176 2019 2259 2041 quatuor.
2283 2022 2292 2037 ἐ

2160 2182 2188 2201 De
2201 2182 2259 2206 primo
2274 2176 2287 2197 ¹<
