2296 3316
147 2133 170 2188 Pars
147 2085 170 2118 lll.
145 1957 170 2069 Probatur
146 1853 171 1942 vanitas
148 1693 176 1836 poenalitatis
149 1526 180 1676 (zu-⁴27.)

788 156 958 185 COMMENT.
980 156 1012 185 IN
1033 156 1277 187 ECCLESIASTEN.
1846 165 1900 194 103

929 257 1051 292 Senem
1077 258 1128 291 IV.

795 338 949 362 describendo
958 339 1031 368 ipsius
1066 341 1145 370 quoad
1161 342 1339 369 praesumtionis
1355 350 1410 367 suae
1427 345 1582 369 curiositatem

814 370 948 398 diligentem
959 370 1032 400 inqui·
1098 380 1108 392 »
1160 372 1313 402 inquisitionis
1328 374 1492 399 sublimitatem

814 401 920 424 sitionem
1098 412 1110 423 n
1161 404 1349 428 considerationis
1365 406 1538 430 studiositatem.

576 432 652 461 primo
664 434 757 455 notatur

591 463 693 486 inventio
703 469 757 487 con-
807 465 829 486 et
840 464 936 486 carnalis
947 470 1030 487 concu-
1039 467 1049 584 ἕ
1064 481 1167 509 prorutas

1064 513 1200 540 generalitas

1063 544 1184 567 causalitas

592 495 748 523 cupiscentiae
791 495 915 523 piscentiae
950 495 1029 518 inven-

790 526 884 555 tionem
907 526 973 549 cuius
990 533 1029 550 no-

790 560 850 581 tatur

378 625 405 643 ex
413 619 504 655 defectu
514 625 536 641 a·

377 656 460 679 moris,
486 656 536 674 sive

378 682 481 712 pronitas
797 688 853 706 suae
869 682 993 707 nobilitatis
1041 667 1050 737 ἑ
1066 669 1121 698 quia
1137 668 1213 692 reddit
1225 669 1342 692 hominem
1360 670 1462 693 nobilem
1480 671 1557 700 quoad
1574 674 1693 700 aspectum

1161 708 1172 720 n
1271 709 1282 721 n
1396 710 1408 721 n
1443 704 1465 724 et
1482 702 1560 732 quoad
1577 702 1675 726 verbum

356 722 359 745 Ι
590 744 702 772 secundo,
723 750 757 767 re-

567 776 671 799 medium
678 776 766 804 sapien-
1057 778 1117 807 quia
1134 778 1187 801 tacit
1203 778 1373 807 omnipotenter

567 807 618 835 tiae,
630 813 691 837 quae
702 813 766 830 com·
795 812 852 829 suae
869 809 987 835 potestatis
1037 778 1047 871 ζ
1078 818 1090 830 ι)
1157 819 1168 831 n
1204 810 1297 834 faciliter

566 839 689 862 mendatur
737 845 764 861 ex
1078 850 1089 862 υ
1156 851 1167 862 ι)
1204 841 1432 870 irreprehensibiliter

568 870 752 894 ⁶⁰n³id²¹⁸³¹i⁰¹¹⁰
794 892 850 909 suae
867 886 969 911 utilitatis

794 949 906 978 temporis
914 953 1023 978 opportu.
1038 935 1047 1027 ἑ
1062 935 1116 986 (ῐξῑᾶ
1134 937 1235 987 futurum
1253 938 1345 988 ternpus
1360 943 1407 989 ¹2⁰⁰
1424 940 1499 989 potest
1515 937 1646 996 {rrssffi‘ssssfi

825 983 901 1003 nuans
1079 1006 1091 1018 ῃ
1173 1007 1185 1019 ι)
1294 1008 1305 1020 n
1372 1009 1383 1020 υ
1461 1008 1472 1020 »
1518 999 1626 1022 deelil'lffl'i

1443 1065 1534 1085 notatur
1549 1062 1661 1085 malorum
1676 1063 1760 1091 duplex
1772 1063 1901 1086 sublimitas

1062 1079 1158 1105 propter
1183 1078 1297 1101 malorum
1324 1078 1408 1101 exalta·
1543 1094 1671 1117 securitatis
1688 1094 1776 1118 vanitas

1094 1111 1180 1131 ”onem
1480 1133 1491 1145 ι»
1542 1124 1657 1148 bonorum
1674 1126 1768 1149 utilitas>

237 1212 327 1248 peccati
792 1206 1022 1255 Ῐῖἷὲῐὲἓΐὲξῑῖἓῖἷῧξὲζ
1062 1219 1157 1245 propter
1174 1216 1290 1240 bonorum
1315 1217 1407 1246 depres-
1495 1227 1506 1238 n
1599 1219 1713 1241 malorum
1729 1219 1838 1242 securitas

237 1249 329 1267 occasio
798 1263 955 1286 retributionis
1093 1248 1183 1271 sionem
1447 1249 1592 1272 concluditur
1609 1250 1699 1272 vanitas

1447 1281 1622 1303 commendatur
1639 1281 1745 1309 voluptas

202 1158 211 1272 ὃ
228 1156 341 1211 ᾳῖἓὲὓὲεἷ
822 1200 827 1204 .
1420 1187 1431 1303 ἑ
1448 1187 1585 1215 proponitur
1602 1187 1717 1210 honorum
1734 1188 1861 1211 adversitas

203 1274 207 1425 1
1448 1342 1576 1365 ostenditur
1593 1342 1677 1371 primo,
1693 1343 1812 1372 quomodo
1829 1344 1902 1366 oritur

572 1405 636 1427 osten
637 1403 699 1427 ditm,
720 1409 753 1426 se·
1058 1391 1155 1417 propter
1166 1389 1360 1412 indistinctionem
1372 1388 1414 1412 bo-
1448 1377 1565 1428 seffi3g³⁵¹
1591 1377 1613 1396 εἰ
1637 1375 1680 1397 ¹¹⁰⁰
1705 1374 1849 1404 quadruphm
1868 1381 1902 1398 ⁰¹⁸*

588 1435 691 1458 curitatis
712 1440 753 1457 va·
1095 1426 1178 1442 nomm
1196 1421 1350 1446 etmalorum
1449 1437 1558 1465 secundo,
1584 1437 1704 1466 quomodo
1728 1437 1800 1460 oritur
1821 1443 1848 1461 ex
1865 1438 1901 1460 illa

587 1466 658 1494 nitas,
698 1466 752 1496 quia
1480 1468 1587 1497 voluptas

587 1498 661 1521 oritur

1349 1531 1409 1554 uoad
1426 1531 1487 1554 vitae
1548 1539 1563 1554 v
1590 1533 1701 1555 sationem

864 1591 879 1614 d
1063 1546 1139 1574 primo
1156 1546 1177 1568 in
1189 1546 1290 1574 geqerali
1308 1533 1374 1583 ς»
1331 1538 1346 1561 q
1426 1538 1705 1587 mortiscigrssrinationem

792 1596 863 1613 secun
881 1597 895 1613 o
912 1597 925 1614 e
953 1597 966 1614 a

792 1622 865 1644 rentIa
876 1597 1023 1646 deseytgttugffi-

792 1653 884 1681 giminis
899 1654 1021 1682 providen-

792 1684 844 1707 tiae.

807 1716 855 1738 Hoc
872 1716 1000 1739 ostenditur

1330 1626 1440 1654 sapientis
1456 1626 1634 1655 depressionem
1656 1627 1838 1656 quadrupliciter
1862 1628 1902 1651 de-

1056 1656 1174 1678 secundo'
1169 1662 1192 1678 in
1201 1656 1294 1684 speciali
1361 1657 1470 1685 scriptam

1077 1687 1156 1716 quoad
1173 1688 1293 1715 praelatio-

1076 1724 1137 1745 nem,
1146 1719 1289 1742 ostendendo

1330 1688 1435 1717 depressi
1465 1689 1690 1712 commendationem
1721 1690 1837 1718 tripliciter
1863 1691 1900 1714 de-

1360 1720 1470 1748 scriptam

1329 1751 1390 1773 stulti
1408 1751 1578 1779 promotionem
1587 1752 1673 1780 duplici
1682 1753 1762 1775 ordine
1773 1753 1900 1781 expositam

373 1728 456 1756 moris,
481 1729 531 1752 sive

351 1679 354 1702 Ι
373 1703 400 1720 ex
411 1697 503 1720 defectu
512 1697 536 1720 ti-

348 1705 357 1796 ς
373 1760 484 1783 securitas

791 1809 969 1864 Ρέἕὲῗᾶίὲξῗξὲ
981 1817 1021 1864 {g—
1035 1827 1087 1967 {Z
1060 1827 1115 1857 quia
1132 1828 1264 1856 praeficitur
1280 1829 1396 1857 praelatus
1413 1830 1494 1858 malus,
1510 1830 1540 1853 de
1557 1837 1604 1859 quo
1620 1833 1719 1860 quatuor
1735 1834 1852 1859 ponuntur

806 1873 891 1895 sectum
933 1873 1020 1896 ordinis
1328 1868 1339 1881 υ
1412 1862 1494 1884 stultus
1511 1861 1593 1890 triplici
1610 1861 1699 1885 defectu
1716 1862 1822 1885 laborans

806 1904 967 1932 providemffle
1327 1900 1339 1911 ι)
1411 1892 1669 1952 inugi}[smeltmr'emissusy
1693 1893 1753 1916 circa
1770 1894 1834 1923 quod
1850 1894 1897 1917 duo

1476 2035 1510 2056 ter
1536 2045 1568 2050 —
1595 2033 1738 2057 abundanter
1764 2046 1796 2051 —
1828 2035 1898 2057 inces-

1475 2067 1550 2087 santer

1090 2031 1274 2055 consideratione
1299 2032 1403 2061 praemii,

582 2043 689 2066 vanitatis
716 2050 749 2067 re·
1091 2063 1204 2086 hortando

568 2011 661 2040 ponitur
680 2012 749 2036 huius

543 2011 551 2098 x
582 2075 686 2098 medium

1059 2001 1135 2029 primo
1161 2000 1241 2023 invitat
1265 2001 1295 2024 ad
1316 2000 1404 2024 bonum
1420 2002 1428 2094 ξ
1446 2004 1470 2025 ut
1481 2008 1553 2030 opera
1570 2002 1740 2026 misericordiae
1757 2003 1811 2026 flant
1828 2003 1897 2030 liben-

789 2061 891 2084 secundo
901 2063 1018 2085 contrase-

804 2092 924 2115 curitatem
936 2092 967 2115 ob
979 2093 1019 2116 de-

804 2124 888 2146 sectum
901 2124 973 2147 iustae
985 2131 1017 2147 re-

803 2154 933 2178 tributionis
944 2172 950 2183 ,
968 2162 1019 2184 pro-

803 2187 910 2214 ponendo
916 2187 1018 2210 conside-

801 2218 912 2240 rationem
946 2218 1018 2242 iustae

802 2249 959 2273 retributionis

1445 2127 1566 2154 hortando
1589 2130 1614 2150 ut
1636 2128 1705 2150 futuri
1726 2128 1838 2157 temporis
1860 2129 1897 2151 ha-

1475 2157 1557 2181 beatur
1574 2159 1685 2181 memoria

1058 2188 1162 2211 secundo
1187 2190 1285 2215 revocat
1305 2195 1318 2211 a
1343 2189 1404 2211 malo
1444 2190 1636 2217 reprehendendo
1663 2192 1807 2219 praesentem
1835 2191 1897 2213 laeti-

1090 2219 1275 2242 consideratione
1296 2220 1403 2248 supplicii
1476 2221 1530 2243 tiam

1445 2252 1568 2280 monendo,
1587 2255 1612 2275 ut
1627 2252 1748 2276 abiiciatur
1764 2253 1840 2275 omnis
1856 2259 1896 2276 ne-

1475 2283 1546 2312 quitia

362 2353 500 2378 describitur
513 2355 535 2378 in

385 2386 487 2414 generali
567 2372 646 2401 quoad
662 2371 791 2396 absentiam
809 2374 904 2397 iucundi

568 2341 648 2370 quoad
664 2342 819 2369 praesentiam
835 2343 913 2366 nocivi

543 2340 553 2432 ζ
567 2403 645 2433 quoad
663 2403 779 2427 detectum
796 2406 892 2429 remedii

1053 2469 1137 2497 primo,
1154 2469 1280 2492 debilitatio
1297 2470 1456 2493 membrorum
1473 2470 1552 2499 quoad
1568 2476 1607 2493 sex
1626 2470 1747 2493 membra:
1770 2471 1893 2493 commotio

194 2479 327 2602 {qgggngst
1028 2470 1036 2608 ἓ
1084 2501 1180 2529 ossium,
1198 2500 1322 2524 debilitatio
1343 2502 1454 2528 crurium,
1477 2501 1606 2524 imminutio
1629 2502 1740 2529 dentium,
1763 2501 1893 2525 obscuratio

222 2542 280 2564 pura
297 2538 328 2559 af.
565 2528 595 2551 de
604 2529 702 2552 miseriis
713 2530 903 2554 antecedentibus
912 2537 1011 2554 mortem
1085 2532 1214 2560 oculorum,
1231 2532 1538 2568 immobilitatiollabiorum,
1555 2533 1655 2555 surditas
1672 2533 1763 2568 aurium
1843 2565 1847 2569 .
1860 2565 1864 2569 ι

234 2567 303 2590 flictio
1053 2564 1169 2591 secundo,
1180 2564 1245 2591 signa
1262 2563 1424 2587 debilitationis
1440 2566 1555 2593 quatuor:
1572 2567 1657 2586 tremor
1672 2570 1781 2593 corporis,
1798 2568 1892 2587 canlties

1084 2595 1173 2623 capitis,
1191 2598 1267 2617 tumor
1284 2596 1377 2623 ventris,
1394 2595 1535 2624 iutrigidatio
1552 2594 1652 2618 libidinis

1054 2657 1145 2679 miseria
1162 2658 1242 2680 mortis
1258 2657 1281 2680 in
1298 2658 1410 2680 moriente

650 2679 661 2690 »
697 2671 904 2694 concomitantibus
966 2682 977 2692 »
1030 2669 1037 2714 ζ
1085 2697 1096 2708 „
1189 2697 1199 2709 „
1258 2689 1280 2711 in
1297 2688 1491 2717 compatientibus

368 2682 390 2705 in
407 2683 500 2711 speciali

1342 2757 1384 2779 per
1402 2757 1527 2773 nervorum
1540 2752 1719 2779 dissolutionem,
1732 2757 1843 2773 venarum
1854 2757 1890 2773 re-

1374 2782 1519 2809 solutionem,
1531 2783 1707 2805 contractionem
1725 2783 1786 2805 vasis
1803 2782 1890 2808 urinae,

1374 2814 1552 2836 destructionem
1565 2817 1654 2836 meatus
1671 2813 1833 2842 superfluitatis
1849 2813 1889 2835 im-

1052 2797 1156 2826 corporis
1172 2797 1279 2820 resolutio
1317 2754 1326 2871 ἑ

1374 2850 1454 2872 purae,
1471 2845 1539 2867 totius
1555 2845 1658 2873 corporis
1676 2844 1861 2867 incinerationem

572 2834 583 2846 n
650 2835 662 2846 ι»
698 2827 892 2856 consequentibus
964 2836 976 2848 υ

1050 2906 1145 2934 spiritus
1162 2906 1191 2929 ad
1208 2907 1283 2929 Deum
1301 2907 1407 2935 migratio

295 2956 358 2986 (Post
374 2957 464 2981 tertiam
480 2960 570 2987 partem
587 2959 692 2988 sequitur
708 2960 825 2983 conclusio
842 2961 912 2983 trium
929 2960 1030 2989 partium
1047 2963 1155 2983 tractatus
1172 2964 1194 2984 et
1211 2962 1280 2984 totius
1296 2961 1347 2984 libri
1364 2962 1476 2990 epilogus,
1494 2964 1518 2984 ut
1536 2962 1557 2983 in
1574 2963 1689 2984 schemate
1706 2960 1738 2989 1.).
