2296 3316
0 269 5 349 ,ᾖ

1 351 6 387 l

0 726 3 743 l

0 428 5 455 Ι1

0 476 5 555 i

0 725 6 763 ,l

0 774 6 785 il

3 403 113 440 boantium.

3 598 5 625 l
17 604 114 631 Expositio

3 628 5 632 ⁴
21 628 109 647 moralis.

4 1211 112 1235 anundum.

10 1491 113 1536 'ffliishy'

41 1679 110 1698 Prima.

16 1819 109 1839 secunda.

38 2053 108 2072 Tertia.

767 145 937 175 COMMENT.
959 146 991 175 ΙΝ
1013 146 1158 176 ΙΟΑΝΝΕΜ
1179 147 1207 176 C.
1230 148 1259 176 11.

133 222 284 260 accepistis
299 223 437 261 spiritum
456 222 621 260 adoptionis
638 222 771 259 filiorum
784 225 835 252 etc.
851 239 889 245 —
904 223 980 252 Pro-

131 269 283 298 missiones
311 269 338 297 in
366 269 554 306 adeptionem;
577 269 666 298 Lucae
688 269 802 307 primo¹
823 269 852 298 in
873 270 979 298 cantico

132 315 299 344 Zachariae:
326 315 497 344 Benedictus
517 315 659 344 Dominus
680 315 758 344 Deus
779 316 886 350 Israel,
907 316 979 354 quia

132 362 262 391 visitavit
287 365 312 390 et
336 360 403 399 fecit
431 362 654 398 redemptionem
672 361 764 399 plebis
783 370 864 391 suae.
888 379 924 383 -
947 363 979 391 Et

133 409 199 438 haec
219 408 290 438 facta
304 411 370 437 sunt
383 408 417 437 ad
439 416 535 446 preces
549 408 678 446 Virginis,
693 409 753 446 ipsa
774 409 976 445 intercedente;

132 457 220 485 Lucae
247 455 360 492 primo:
388 455 431 484 Ne
459 455 563 484 timeas
590 455 711 490 Maria,·
738 455 875 485 invenisti
901 456 978 485 enim

129 503 263 541 qratiam
283 503 365 540 apud
388 503 487 531 Deum.

212 549 256 579 13.
278 549 445 578 Moraliter:
461 548 589 586 Nuptiae
601 549 670 578 istae
684 554 750 578 sunt
764 549 813 579 Dei
827 553 855 579 et
869 550 978 579 animae

130 597 159 626 in
179 597 239 634 ipsa
258 596 480 625 reconciliatione
499 596 608 625 animae
634 596 669 625 ad
689 596 792 631 Deum,
817 597 851 626 de
874 597 977 634 quihus

133 644 201 673 Osee
221 642 380 672 secundo²z
403 642 552 680 Sponsabo
567 646 592 671 te
605 642 680 671 milti
700 643 732 672 in
751 643 821 680 fide,
843 647 868 672 et
887 644 976 677 scies,

130 690 202 729 quia
222 698 273 728 eqo
294 689 446 718 Dominus.
461 693 504 710 -”
514 689 552 718 Ad
574 690 623 719 has
644 690 755 727 nuptias
775 690 912 720 faciendas
932 699 977 719 ve-

130 737 173 766 nit
189 734 338 766 'Dominus
365 736 464 770 Iesus,
486 736 534 765 sed
554 736 705 772 invitatus;
726 738 901 775 Apocalypsis
922 741 977 767 ter-

131 784 168 813 tio
182 784 209 812 ³:
234 784 319 818 Eece,
339 787 383 812 sto
409 783 449 812 ad
469 784 575 812 ostium
600 787 625 812 et
650 784 754 821 putso;
781 785 810 813 si
835 785 902 823 quis
922 793 978 813 au-

130 830 217 860 dierit
246 838 343 859 vocem
372 839 470 859 meam
500 834 525 859 et
552 831 703 868 aperuerit
732 830 807 860 milii
833 832 976 866 ianuam,

131 877 247 906 intrabo
274 877 316 906 ad
342 877 426 906 illum
446 881 472 907 et
492 878 616 907 coenabo
644 887 712 907 cum
732 878 789 907 illo.
813 895 850 899 —
873 879 978 907 Vinum

117 925 157 966 >in
179 924 223 953 his
247 925 351 961 nuptiis
378 924 491 962 defieit;
519 925 571 954 hoc
603 925 699 954 vinum
726 928 768 954 est
795 925 904 954 interna
931 926 977 954 de—

130 971 216 1006 votio,
235 971 271 1000 de
295 980 352 1009 quo
375 972 402 1000 in
425 972 558 1001 Psalmo4.
587 972 693 1001 Vinum
713 972 900 1009 laetificatcor
928 971 978 1001 Ιιο-

129 1018 243 1052 minis;
267 1021 296 1047 et
322 1019 449 1048 Matthaei
472 1027 562 1047 nono:
586 1018 674 1047 Nemo
696 1019 784 1048 mittit
806 1019 906 1048 vinum
927 1028 977 1048 no-

129 1074 199 1094 vum
213 1065 246 1093 in
259 1068 340 1094 utres
353 1068 466 1093 veteres.
490 1065 559 1094 lllud
573 1065 669 1094 vinum
684 1065 795 1102 deficit,
815 1073 879 1094 cum
895 1066 978 1094 homo

130 1111 250 1140 efficitur
270 1111 414 1140 aridus-et
434 1111 594 1146 indevotus,
616 1112 688 1140 sicut
712 1111 778 1140 dicit
798 1112 889 1140 anima
916 1120 978 1140 san-

130 1160 174 1186 cta
193 1157 222 1186 in
243 1157 364 1186 Psalmo:
388 1158 498 1186 Anima
523 1166 588 1186 mea
611 1158 689 1187 sicut
710 1162 791 1187 terra
815 1158 877 1187 sine
898 1167 978 1196 aqua

130 1203 189 1233 tibi.
206 1220 243 1225 -
258 1204 309 1233 Sed
330 1204 364 1233 ad
385 1212 482 1241 preces
502 1205 637 1242 Virginis,
659 1213 731 1242 quae
745 1206 912 1241 compatitur
928 1205 978 1233 mi-

129 1250 301 1286 seris‚-Deus
316 1251 413 1288 implet
426 1250 551 1290 hydrias
565 1260 646 1290 aqua
660 1252 895 1289 compunctionis,
907 1259 978 1288 quae

128 1298 300 1326 convertitur
313 1298 341 1326 in
362 1298 535 1327 dulcedinem
557 1299 721 1333 devotionis;
742 1298 816 1328 unde
832 1298 915 1327 Exodi
932 1298 978 1326 de-

129 1344 201 1373 cimo
219 1345 338 1382 quinto⁵
359 1345 470 1380 dicitur,
495 1346 570 1383 quod
591 1354 679 1383 aquae
700 1346 806 1375 Marath
831 1346 862 1374 in
883 1346 977 1374 dulce-

128 1391 225 1420 dinem
245 1400 401 1421 eonversae
420 1397 498 1421 sunt.

207 1439 275 1468 Nota
288 1439 382 1476 igitur,
398 1436 472 1477 quod
487 1439 609 1478 hydria,
629 1440 655 1470 in
671 1449 727 1477 qua
746 1441 877 1469 hauritur
891 1449 976 1478 aqua,

129 1489 171 1515 est
190 1486 388 1521 consideratio;
410 1485 519 1525 hydria
546 1496 645 1516 vacua
665 1490 706 1516 est
727 1487 909 1516 consideratio
930 1487 977 1516 de-

128 1533 217 1562 fectus
237 1536 265 1562 et
285 1533 430 1563 vacuitatis
441 1534 462 1568 ⁶,
484 1542 568 1571 quam
589 1534 709 1563 incurrit
733 1534 815 1563 homo
836 1542 886 1571 per
915 1528 976 1571 pec-

129 1583 229 1609 catum.
252 1580 305 1609 Ista
332 1580 431 1618 hydria
451 1581 588 1618 impletur
620 1590 717 1619 aqua,
749 1589 812 1610 cum
835 1581 918 1610 homo
939 1589 977 1610 ex

128 1626 345 1656 consideratione
365 1627 412 1656 tali
428 1628 556 1664 lacrymis
577 1628 762 1664 perfunditur.
779 1644 814 1649 —
833 1628 877 1657 Est
892 1628 977 1665 igitur

127 1673 218 1710 prima
238 1673 337 1710 hydria
358 1674 541 1703 consideratio
561 1674 686 1703 defectus
709 1675 899 1712 (monitionem
925 1675 976 1703 To-

127 1720 187 1749 biae
217 1721 356 1758 quint0⁷:
390 1721 481 1757 Quale
510 1721 585 1750 milti
609 1722 757 1758 yaudium
785 1730 844 1750 esse
869 1725 976 1758 potest,

127 1767 179 1805 qui
198 1767 230 1796 in
257 1767 378 1796 tenebris
396 1769 476 1797 sedeo
497 1772 522 1796 et
544 1768 641 1797 lumen
661 1768 735 1797 caeli
749 1777 806 1796 non
823 1767 976 1796 video?—

127 1813 251 1842 Secunda
272 1813 383 1850 hydria,
400 1814 583 1843 consideratio
597 1813 723 1851 defectus
744 1814 976 1851 circumspectio-

126 1860 174 1888 nis
188 1861 261 1889 circa
275 1860 395 1895 hostem;
411 1861 548 1890 secundae
568 1861 603 1890 ad
617 1861 774 1890 Corinthios
795 1860 940 1890 undecimo
952 1861 975 1890 ⁸:

133 1907 228 1936 Timeo
259 1911 372 1942 autem,
404 1916 455 1942 ne,
487 1904 563 1936 sieut
590 1912 708 1945 serpens
739 1909 856 1937 seduxit
883 1910 976 1941 Evam

126 1954 238 1982 astutia
267 1962 341 1989 sua,
369 1955 413 1983 ita
440 1958 674 1992 corrumpantur
701 1964 803 1983 sensus
834 1956 924 1984 vestri
951 1959 976 1984 et

126 2001 262 2030 excidant
288 2009 308 2030 a
332 2001 533 2039 simplicitate,
562 2010 638 2040 quae
665 2006 706 2031 est
733 2003 764 2031 in
793 2002 916 2031 Christo.
938 2019 974 2024 —-

125 2048 218 2077 Tertia
238 2051 279 2077 est
300 2048 482 2077 consideratio
502 2049 625 2078 defectus
649 2049 781 2078 internae
805 2049 975 2078 consolatio-

189 2224 197 2237 ¹
215 2225 282 2248 Vers.
299 2226 341 2253 68;
359 2226 408 2249 ibid
425 2233 448 2248 v.
466 2227 503 2249 30.
520 2229 555 2250 est
571 2233 619 2256 seq.
637 2228 709 2249 locus.
825 2226 834 2239 2
852 2228 919 2250 Vers.
936 2228 973 2249 20.

189 2262 198 2276 ³
215 2264 281 2287 Vers.
298 2265 336 2287 20.
352 2264 427 2288 Codd.
444 2266 535 2293 legunt:
553 2265 603 2295 qu
619 2267 679 2288 sto...
695 2265 718 2288 si
733 2265 785 2295 quis
797 2265 920 2294 aperuerit
931 2269 973 2288 etc.

126 2316 158 2319 —
173 2303 217 2325 Pro
233 2302 275 2326 sed
291 2303 405 2327 invitatus
423 2305 442 2327 D
458 2303 499 2327 sed
514 2310 562 2327 non
579 2304 701 2327 invitatus.

188 2340 199 2354 ⁴
215 2342 298 2365 Psalm.
316 2343 373 2371 1¹03,
392 2343 428 2365 45,
445 2355 477 2360 —-
492 2343 543 2366 Duo
565 2350 632 2372 seqq.
654 2343 697 2366 loci
719 2346 772 2366 sunt
793 2343 869 2365 Matth.
891 2344 918 2370 9,
937 2344 974 2366 47.

127 2383 149 2403 et
165 2381 202 2403 Ps.
219 2381 277 2409 442,
295 2381 315 2403 6.

188 2418 198 2431 ⁵
215 2420 280 2442 Vers.
298 2420 340 2443 25:
358 2421 425 2449 Quod
438 2420 537 2450 [lignum
555 2427 568 2443 a
584 2421 682 2443 Domino
693 2422 811 2444 ostensum
825 2421 909 2451 Moysi]
921 2427 974 2443 cum

128 2457 227 2480 misisset
244 2458 266 2480 in
282 2464 367 2486 aquas,
385 2459 407 2481 in
424 2459 570 2482 dulcedinem
588 2465 670 2482 versae
686 2462 745 2482 sunt.

189 2495 200 2508 ³
216 2496 272 2520 Cod.
290 2498 309 2520 l.)
325 2497 444 2521 vanitatis.

190 2534 198 2548 ⁷
218 2537 284 2559 Vers.
301 2537 343 2565 42,
361 2537 401 2560 ubi
419 2544 461 2566 pro
478 2544 527 2561 esse
540 2539 618 2568 potest
634 2539 650 2560 B
668 2542 690 2561 et
707 2539 806 2566 Vulgata
823 2539 874 2562 erit.

190 2573 199 2586 ‘³
217 2576 282 2598 Vers.
299 2576 321 2598 3.
337 2588 368 2592 -
384 2577 428 2599 Pro
445 2576 510 2599 circu
526 2576 616 2600 hostem
636 2577 714 2605 plures
736 2577 817 2605 Codd.,
836 2581 860 2600 ut
877 2578 946 2600 DEF
957 2578 974 2600 ΙΙ

127 2614 163 2636 lK
173 2614 203 2642 L,
220 2616 305 2637 contra
321 2614 417 2638 hostem.

190 2651 200 2664 ⁹
217 2653 283 2675 Vers.
301 2654 342 2675 49:
360 2654 421 2676 Scito
438 2657 461 2676 et
477 2654 544 2682 vide,
561 2655 615 2683 quia
633 2656 719 2678 malum
737 2658 780 2678 etc.

190 2690 210 2703 ¹⁰
228 2692 310 2714 Psalm.
327 2693 368 2720 37,
387 2693 423 2715 Μ.

191 2729 209 2742 ¹¹
227 2732 292 2754 Vers.
310 2732 348 2754 21.
367 2732 464 2760 Vulgata
481 2732 583 2756 humani
603 2733 681 2756 cordis
698 2740 741 2762 pro
758 2733 870 2757 hominis.
885 2746 917 2750 —
933 2734 974 2756 Ed.

128 2769 211 2791 omittit
226 2769 258 2792 ad
271 2769 470 2799 permanendum.

191 2807 210 2820 ¹²
228 2809 292 2832 Vers.
307 2810 327 2831 i.
338 2821 370 2826 —
382 2810 437 2832 Voci
449 2810 635 2839 eaespectandum
647 2811 684 2833 ed.
696 2811 820 2839 praemittit
828 2811 974 2841 praemium.

193 2845 211 2859 ¹¹³
229 2848 358 2876 Respicitur
376 2849 411 2871 Ps.
432 2849 459 2876 6,
476 2848 503 2870 7:
525 2848 638 2871 Laboravi
656 2850 677 2871 in
696 2850 783 2878 gemitu
807 2856 869 2878 meo,
891 2850 974 2873 lavabo

128 2892 169 2914 per
185 2886 288 2914 singulas
304 2888 384 2909 noctes
400 2887 484 2909 lectum
502 2893 581 2909 meum
596 2890 639 2910 etc.
650 2900 681 2904 —
692 2889 800 2917 Sequitur
812 2889 881 2911 Zach.
893 2889 919 2916 9,
933 2889 973 2911 47ς

129 2925 189 2953 Quid
207 2924 293 2947 bonum
311 2926 361 2948 eius
378 2929 426 2953 est,
443 2929 465 2948 et
481 2926 538 2954 quid
555 2929 598 2948 etc.

1819 153 1871 181 271

1035 224 1083 252 nis
1090 234 1101 258 ;
1129 224 1258 256 Ieremiae
1285 226 1445 256 secundo⁹:
1481 227 1563 262 Vide,
1595 236 1686 266 quam
1716 228 1829 258 malum
1856 232 1881 258 et

1035 279 1178 300 amarum
1197 275 1251 306 est,
1273 275 1298 301 te
1317 272 1468 311 reliquisse
1490 274 1648 303 Dominum
1671 276 1762 305 Deum
1786 282 1879 305 tuum.

1035 333 1075 338 —
1097 318 1201 354 Quarta
1221 322 1263 347 est
1283 319 1466 349 consideratio
1486 320 1609 351 defectus
1629 322 1748 352 virtutis
1773 323 1814 352 ad
1837 332 1881 352 re·
1897 330 1975 354 Quarta·

1034 364 1212 393 sistendum:
1234 365 1358 395 Psalmus
1370 366 1408 395 ¹⁰:
1439 367 1597 405 Dereliquit
1622 376 1667 397 me
1693 368 1791 398 virtus
1815 379 1881 399 mea

1034 413 1060 439 et
1080 410 1177 439 lumen
1204 410 1373 446 oculorum,
1394 415 1421 441 et
1441 413 1539 450 ipsum
1560 422 1618 442 non
1638 418 1680 443 est
1699 423 1819 444 mecum.
1843 432 1879 437 —-

1034 457 1136 493 Quinta
1155 461 1197 486 est
1217 458 1399 487 consideratio
1419 459 1542 489 defectus
1566 460 1735 490 stabilitatis
1756 462 1797 491 ad
1813 471 1880 500 per-
1897 462 1971 495 Quinta.

1033 505 1230 538 manendum
1251 504 1364 534 Genesis
1383 508 1481 535 octavo
1493 507 1535 535 ¹¹:
1558 507 1666 536 Sensus
1693 513 1719 537 et
1745 510 1880 547 coyitatio

1034 549 1160 580 horninis
1174 552 1205 581 in
1219 552 1332 582 malum
1350 561 1450 590 prona
1470 557 1540 583 sunt
1552 554 1589 583 ab
1604 555 1795 586 adolescentia
1812 566 1878 586 sua.

1035 614 1072 618 —
1086 598 1171 627 Sexta
1190 602 1232 628 est
1252 599 1435 628 consideratio
1455 600 1578 630 defectus
1598 602 1764 631 securitatis
1778 603 1818 632 ad
1832 612 1879 632 ex·
1896 611 1959 630 sena.

1032 646 1238 682 spectandum
1250 646 1419 676 Ecclesiastis
1433 655 1505 676 nono
1517 648 1553 676 ¹2:
1566 648 1661 677 Nescit
1671 648 1764 684 homo,
1776 655 1878 679 utrum

1033 693 1149 726 amore,
1171 701 1212 721 an
1233 693 1298 721 odio
1319 693 1428 731 dignus
1449 695 1494 723 sit.

1112 739 1190 768 Tunc
1211 739 1369 776 implentur
1390 741 1457 770 istae
1478 742 1592 778 hydriae
1617 751 1707 781 usque
1733 744 1774 773 ad
1799 753 1879 773 sum·
1896 752 2002 779 Daimple-

1032 794 1115 814 mum
1136 794 1233 824 aqua,
1255 787 1366 823 quando
1386 788 1477 817 anima
1497 789 1639 825 poenitens
1660 790 1732 819 lavat
1753 799 1802 828 per
1824 791 1879 820 sin·
1920 777 1977 794 '¹⁰⁰⁰'

1033 832 1112 869 gulas
1132 836 1227 862 noctes
1245 841 1281 862 ex
1296 834 1339 863 his
1354 835 1619 865 considerationibus
1634 837 1736 865 lectum
1751 845 1834 866 suum
1846 838 1877 866 ¹³.

1034 879 1066 907 Et
1085 887 1122 908 ex
1142 887 1215 916 aqua
1235 880 1338 909 vinum
1358 881 1392 917 fit
1411 883 1552 919 optimum
1579 883 1745 918 devotionis,
1770 884 1804 913 de
1825 893 1880 921 quo
1897 891 2013 918 Deponver-

1034 926 1182 956 Zachariae
1202 935 1290 956 nono:
1308 928 1386 963 Quid
1399 928 1522 964 bonum,
1537 933 1564 958 et
1577 930 1647 968 quid
1658 931 1799 967 pulcrum
1818 932 1881 960 eius
1922 920 1981 934 ⁸¹⁰⁰⁹⁴

1033 972 1094 1001 nisi
1112 972 1295 1010 frumentum
1309 974 1463 1004 electorum
1477 979 1503 1004 et
1519 977 1621 1005 vinum
1634 978 1807 1014 yerminans
1820 978 1880 1006 vir-

1032 1019 1135 1056 gines?
1157 1020 1184 1048 ln
1201 1020 1253 1049 hoc
1267 1022 1439 1050 convertitur
1453 1030 1526 1061 aqua
1547 1024 1784 1060 compunctionis;
1807 1025 1880 1053 unde

1034 1069 1128 1094 sancta
1154 1067 1246 1096 anima
1273 1068 1301 1096 in
1330 1069 1436 1098 Psalmo
1452 1070 1496 1097 ¹4:
1529 1070 1700 1099 Convertisti
1728 1071 1879 1108 planctum

1033 1121 1130 1141 meum
1151 1114 1181 1142 in
1201 1115 1348 1151 gaudium
1368 1115 1449 1144 milti.

1355 1209 1556 1245 Quansriones.

1116 1301 1158 1329 14.
1182 1301 1277 1330 Incidit
1298 1303 1343 1331 hic
1364 1303 1489 1340 quaestio
1509 1304 1581 1333 inter
1603 1305 1783 1341 expositores.

1112 1348 1221 1384 Quaest.
1238 1349 1255 1377 1.
1279 1350 1369 1378 Primo
1390 1350 1423 1379 de
1446 1355 1569 1387 tempore
1583 1352 1758 1388 nuptiarum;
1779 1352 1880 1381 dicitur

1034 1395 1105 1423 enim
1128 1403 1144 1423 a
1164 1396 1344 1432 quibusdam,
1365 1397 1440 1433 quod
1461 1397 1548 1426 factae
1569 1397 1684 1426 fuerunt
1704 1399 1799 1427 eodem
1821 1399 1879 1433 die,

1033 1449 1089 1478 quo
1115 1442 1248 1470 Dominus
1276 1443 1439 1479 baptizatus.
1469 1443 1520 1471 Sed
1548 1444 1686 1480 quomodo
1712 1448 1801 1481 potest
1828 1445 1881 1474 hoc

1034 1491 1123 1522 stare,
1152 1497 1215 1517 cum
1244 1488 1366 1523 dicatur,
1388 1489 1462 1526 quod
1490 1489 1536 1518 die
1564 1490 1646 1518 tertio
1673 1489 1771 1527 factae
1797 1496 1880 1526 sunt,

1034 1538 1180 1572 postquam
1202 1536 1336 1565 Dominus
1357 1536 1432 1565 venit
1452 1536 1486 1565 de
1508 1536 1625 1565 Iudaea?

1114 1582 1302 1619 Respondent,
1323 1583 1397 1619 quod
1419 1583 1514 1612 eodem
1536 1583 1594 1617 die,
1616 1591 1688 1612 anno
1709 1584 1835 1614 revoluto
1848 1586 1879 1613 1⁵.

1034 1645 1071 1649 —
1092 1628 1145 1657 Sed
1166 1632 1232 1657 tunc
1255 1632 1390 1666 repugnat
1411 1636 1531 1666 sequens
1552 1630 1658 1663 littera;
1680 1630 1781 1659 dicitur
1807 1632 1879 1660 enim

1033 1675 1105 1703 infra
1119 1675 1216 1704 eodem
1229 1676 1260 1709 ¹⁶,
1275 1676 1350 1712 quod
1365 1676 1509 1704 deseendit
1526 1676 1749 1714 Capharn'aum
1764 1682 1791 1707 et
1805 1679 1878 1716 quod

1033 1730 1088 1750 non
1117 1722 1217 1750 mansit
1245 1722 1280 1751 ibi
1303 1722 1366 1757 diu,
1395 1723 1461 1759 quia
1488 1727 1548 1752 erat
1569 1718 1728 1760 proximum
1758 1726 1877 1754 Pascha:

1033 1776 1099 1806 ergo
1120 1769 1233 1805 nuptiae
1254 1769 1321 1798 istae
1342 1769 1429 1798 factae
1449 1770 1564 1799 suerunt
1585 1779 1670 1807 prope
1693 1772 1808 1806 Pascha,
1823 1780 1878 1801 non

1033 1823 1099 1852 ergo
1114 1815 1141 1844 in
1157 1815 1315 1852 Epiphania.
1338 1832 1375 1837 —
1397 1816 1475 1852 Quod
1489 1817 1510 1845 si
1533 1817 1702 1852 conceditur,
1721 1818 1749 1846 in
1770 1821 1878 1847 contra-

1033 1862 1106 1890 rium
1121 1865 1163 1890 est
1177 1870 1236 1890 mos
1250 1862 1401 1897 Ecclesiae,
1423 1863 1487 1899 quia
1509 1863 1628 1892 Ecclesia
1646 1863 1740 1893 eodem
1761 1864 1804 1893 die
1826 1865 1878 1894 tria

1031 1909 1101 1938 festa
1121 1909 1249 1938 celebrat.

1111 1957 1288 1985 Respounno:
1311 1957 1479 1991 Dicendum,
1501 1957 1588 1994 quod,
1611 1958 1683 1988 sicut
1702 1958 1805 1987 dictum
1821 1962 1876 1994 est,

1032 2003 1077 2031 hic
1097 2007 1162 2032 sunt
1182 2003 1307 2032 diversae
1328 2004 1482 2040 opiniones,
1505 2008 1531 2033 et
1546 2008 1667 2042 utraque
1687 2005 1837 2042 probabilis
1851 2009 1883 2034 et·

1031 2050 1160 2078 sustineri
1182 2052 1280 2087 potest.
1304 2050 1328 2078 Si
1351 2050 1424 2079 enim
1445 2051 1563 2079 velimus
1582 2051 1732 2085 sustinere,
1751 2052 1824 2088 quod
1839 2052 1878 2080 fa-

1898 1590 1957 1614 Resp.
1971 1591 1987 1609 l.

1894 1637 2017 1661 improbatur.

1895 1824 2006 1843 Difficultas.

1894 1965 1951 1989 Resp.
1964 1970 1996 1984 au-

1911 1989 1974 2007 ctoris.

1894 2058 1965 2078 Solutio
1978 2059 1996 2077 l.

1094 2226 1113 2239 ¹⁴
1132 2228 1215 2251 Psalm.
1233 2228 1276 2255 29,
1295 2228 1331 2250 42.

1094 2265 1113 2278 ²⁶
1130 2267 1187 2289 Petr.
1206 2266 1333 2293 Comestor,
1350 2267 1433 2289 Histor.
1450 2267 1595 2295 scholastica,
1608 2268 1630 2289 in
1644 2268 1729 2295 Evang.
1742 2273 1761 2290 e.
1773 2268 1815 2290 37:
1828 2268 1879 2296 Qui-

1031 2305 1085 2328 dam
1103 2306 1195 2332 dicunt,
1212 2306 1275 2334 quod
1288 2306 1347 2328 circa
1360 2306 1491 2334 proximum
1504 2306 1590 2328 Pascha
1602 2309 1655 2334 post
1667 2306 1807 2334 baptismum
1825 2313 1879 2330 con-

1031 2344 1099 2366 vertit
1110 2345 1224 2367 Dominus
1236 2350 1320 2373 aquam
1332 2345 1356 2366 in
1369 2344 1462 2371 vinum,
1476 2345 1528 2367 ideo
1540 2345 1594 2373 quia
1605 2345 1700 2367 loannes
1709 2345 1747 2375 [2‚
1758 2346 1794 2368 ⁴3.
1803 2346 1876 2375 seqq]

1032 2386 1200 2411 consequenter
1216 2384 1329 2411 posthoc
1351 2384 1489 2406 miraculum
1512 2386 1602 2410 narrat,
1625 2389 1679 2406 eum
1702 2384 1834 2407 ascendisse
1855 2384 1878 2406 in

1031 2421 1175 2443 Hierusalem
1192 2424 1215 2444 et
1230 2421 1325 2444 eiecisse
1341 2425 1444 2444 ementes
1461 2425 1483 2444 et
1505 2422 1632 2444 vendentes
1649 2422 1678 2444 de
1699 2422 1797 2450 templo,
1814 2423 1876 2451 quod

1032 2466 1151 2489 nunquam
1170 2460 1200 2482 ab
1217 2467 1244 2483 eo
1263 2462 1347 2483 sactum
1365 2461 1444 2485 dicunt
1464 2461 1508 2483 nisi
1526 2461 1547 2483 in
1569 2461 1663 2485 Pascha.
1685 2461 1730 2483 Sed
1747 2461 1780 2483 eis
1801 2460 1879 2483 obviat

1032 2501 1145 2522 Ecclesiae
1163 2500 1318 2529 consuetudo,
1335 2506 1397 2529 quae
1413 2500 1435 2522 in
1453 2500 1579 2528 Epiphania
1597 2501 1681 2523 factum
1704 2506 1755 2522 esse
1776 2503 1835 2523 tenet
1857 2505 1879 2523 et

1032 2539 1157 2567 quotannis
1174 2539 1346 2563 solemnizando
1364 2542 1484 2561 memorat.
1501 2540 1602 2562 Fuerunt
1619 2540 1687 2562 etiam
1704 2540 1743 2568 qui
1765 2540 1878 2568 dicerent,

1032 2578 1096 2606 quod
1113 2578 1195 2600 eadem
1214 2578 1263 2606 die,
1281 2584 1326 2606 qua
1348 2577 1478 2605 baptizatus
1500 2581 1546 2606 est,
1570 2578 1648 2600 fecerit
1669 2579 1713 2601 hoc
1734 2579 1879 2601 miraculum.

1033 2616 1077 2639 Sed
1096 2617 1221 2639 Matthaeus
1239 2616 1275 2645 [4,
1294 2617 1324 2645 1.]
1342 2616 1384 2638 ait:
1404 2617 1471 2640 Tunc
1487 2617 1552 2640 Iesus
1569 2616 1654 2640 ductus
1666 2616 1736 2640 estin
1747 2617 1877 2645 desertum,

1032 2658 1054 2678 et
1071 2656 1160 2678 Marcus
1177 2655 1215 2685 [1,
1234 2655 1293 2685 42.]:
1305 2652 1392 2679 Statim
1404 2655 1496 2685 expulit
1508 2657 1585 2679 Iesum
1596 2655 1702 2685 Spiritus
1713 2655 1739 2679 in
1750 2656 1876 2679 desertum.

1032 2694 1105 2717 Habet
1122 2695 1183 2716 enim
1201 2694 1312 2721 Ecclesia,
1321 2694 1384 2723 quod
1398 2695 1480 2717 eadem
1493 2694 1543 2722 die,
1554 2695 1595 2717 sed
1607 2695 1717 2717 revolutis
1733 2695 1810 2722 anniS‚
1822 2696 1878 2718 haec

1032 2734 1073 2756 tria
1091 2735 1148 2756 sacta
1166 2736 1226 2756 sunt.
1243 2733 1362 2756 Adventus
1384 2734 1503 2761 Magorum
1527 2734 1652 2756 tredecima
1675 2734 1713 2758 die
1734 2733 1802 2761 primi
1825 2734 1877 2756 anni

1032 2772 1134 2802 [Christi]
1142 2781 1147 2799 ς
1165 2772 1295 2800 baptismus
1311 2772 1394 2795 eadem
1406 2773 1443 2795 die
1457 2773 1564 2795 tricesimi
1576 2773 1629 2795 anni
1641 2773 1677 2795 vel
1690 2773 1797 2795 tricesimi
1810 2773 1877 2801 primi

1031 2812 1096 2838 anni;
1115 2811 1211 2833 mutatio
1228 2817 1303 2840 aquae
1319 2811 1401 2834 eadem
1419 2812 1456 2834 die
1468 2813 1574 2834 revoluto
1587 2818 1655 2834 anno.
1666 2812 1711 2835 Cir.
1724 2812 1786 2834 card.
1797 2812 1876 2839 nugo,

1031 2851 1070 2879 qui
1088 2851 1146 2872 hanc
1164 2850 1267 2873 ultimam
1284 2850 1419 2878 opinionem
1437 2853 1510 2878 tenet,
1522 2853 1544 2873 et
1555 2852 1578 2873 S.
1596 2851 1691 2879 Thom.,
1709 2851 1836 2874 Coniment.
1855 2851 1877 2872 in

1031 2889 1092 2910 ioan.
1110 2890 1131 2910 2.
1149 2889 1200 2910 lect.
1218 2888 1239 2910 4.
1256 2894 1278 2910 n.
1297 2888 1317 2909 l.

1094 2926 1114 2939 ¹⁶
1131 2927 1186 2955 Cap.
1204 2929 1230 2954 2,
1250 2928 1286 2950 42.
1303 2930 1325 2949 et
1343 2928 1380 2950 43.
