2296 3316
9 395 64 418 neap.
77 393 95 412 2.

9 675 65 700 Roup-
78 674 95 693 3.

7 1045 9 1069 ἑ
40 1050 97 1074 Resp.

42 1794 98 1819 Resp.

730 118 900 147 COMMENT.
923 119 955 147 lN
976 118 1123 148 IOANNEM
1144 119 1172 148 C.
1193 120 1259 149 XIV.

112 198 214 236 quibus
230 199 248 226 ¹.
274 213 311 218 —
336 197 388 226 Sed
409 197 477 225 haec
501 196 602 225 solutio
628 204 685 225 non
705 198 747 225 est
774 196 956 231 conveniens,

111 245 177 282 quia
204 244 337 273 Dominus
358 244 386 272 in
414 242 644 280 praecedentibus
664 242 821 279 excipiebat
845 242 956 271 Iudam:

113 290 178 320 Non
198 291 232 319 de
252 289 387 319 omnibus
407 289 481 318 dico.

189 338 273 366 Aliter
298 335 495 373 respondetur,
524 335 599 372 quod
626 335 748 364 sciebant
775 338 803 364 et
822 335 903 364 viam
930 338 958 364 et

112 384 287 417 terminum,
309 383 357 412 sed
377 390 432 411 non
453 381 507 410 sub
528 382 580 410 illa
601 382 732 416 ratione,
764 382 817 411 sub
842 390 898 419 qua
919 382 959 410 lo-

112 430 263 468 quebatur,
285 432 317 458 ut
338 436 472 466 cognosco
492 428 648 463 Coriscum,
670 428 718 457 sed
738 436 793 457 non
814 428 843 457 in
870 437 959 466 quan-

112 480 172 506 tum
193 479 235 505 est
255 476 388 508 veniens,·
408 478 436 504 et
456 475 517 504 ideo
538 483 667 512 possum,
689 475 831 504 Coriscum
858 483 958 513 cogno-

112 531 207 558 scens,
228 530 365 560 quaerere
386 525 413 551 et
433 522 563 551 dubitare
583 522 617 551 de
631 522 692 559 ipso
713 522 766 551 sub
786 522 893 552 ratione
915 531 958 551 oe-

112 569 217 598 m'erttis
228 569 248 598 ².

191 616 247 644 Alio
268 616 349 644 modo
363 616 474 650 dicitur,
489 616 563 653 quod
578 616 713 651 sciebant,
729 617 776 646 sed
791 625 845 646 non
860 617 958 646 adver-

113 663 206 692 tebant
227 662 270 692 vel
290 662 435 691 actualiter
456 662 701 698 considerabant³;
723 666 751 693 et
770 664 831 693 ideo
857 664 959 701 Philip-

112 719 166 748 pus
186 710 374 747 reprehensus
394 709 447 738 fuit
465 709 500 739 de
520 710 777 740 inconsideratione.

194 759 237 786 17.
260 757 370 794 Quaest.
392 757 421 785 Il.
450 757 502 786 Sed
530 760 596 786 tunc
617 758 763 795 quaeritur
784 758 817 787 de
844 766 960 795 respon-

113 805 188 834 sione
209 804 317 833 Domini
339 804 372 833 ad
394 804 543 833 Thomam:
575 806 635 841 Eyo
663 814 730 833 sum
757 805 819 839 via,
849 805 959 834 verita-s

112 855 139 881 et
157 851 227 881 vita.
244 868 279 872 --
292 851 435 888 Quomodo
455 851 527 880 idem
549 852 620 889 ipse,
642 852 690 889 qui
710 852 806 886 vadit,
827 854 870 881 est
889 851 958 880 via?

113 898 255 936 Quomodo
269 899 351 927 etiam
366 899 424 936 ipse
438 902 480 927 est
493 899 554 927 vita
575 902 602 928 et
623 898 786 928 terminus?
804 899 859 927 Hoc
880 898 959 927 valde

112 946 223 976 videtur
244 946 446 975 inconveniens.

192 993 361 1028 Dicendum,
383 993 457 1030 quod
484 993 543 1030 ipse
564 995 624 1027 est,
650 992 702 1030 qui
725 992 824 1026 vadit,
853 995 881 1021 et
905 1000 960 1029 per

113 1049 198 1079 quem
219 1040 290 1075 itur,
312 1043 339 1069 et
360 1040 400 1068 ad
427 1048 510 1078 quem
530 1039 717 1076 pervenitur:
738 1042 766 1068 et
794 1039 832 1067 ita
849 1040 894 1067 est
916 1047 960 1066 ve-

113 1087 204 1121 ritas,
225 1094 297 1124 quae
328 1086 417 1120 vadit;
448 1086 512 1119 via,
534 1093 584 1122 per
615 1093 698 1122 quam
721 1085 793 1119 itur;
822 1085 898 1118 vita,
926 1084 959 1113 ad

113 1142 197 1172 quam
217 1133 389 1170 pervenitur.
413 1133 443 1161 Et
464 1133 516 1161 hoc
537 1134 650 1169 propter
672 1132 859 1168 pluralitatem
880 1134 960 1160 natu-

113 1188 225 1210 rarum:
247 1180 313 1217 quia
327 1178 421 1213 homo,
437 1179 525 1213 vadit;
547 1179 613 1215 quia
629 1179 714 1212 Deus,
730 1178 873 1212 terminat;
895 1178 961 1215 quia

112 1227 256 1256 mediator
279 1226 330 1254 Dei
350 1229 375 1254 et
396 1224 545 1253 hominum
562 1225 584 1259 4,
604 1224 669 1253 facit
691 1224 772 1252 viam.

195 1274 238 1302 18.
260 1273 371 1309 Quaest.
394 1272 433 1300 lll.
456 1272 522 1300 Item
544 1271 690 1308 quaeritur
711 1271 745 1300 de
766 1271 960 1307 responsione,

114 1328 198 1357 quam
218 1320 265 1348 dat
285 1319 422 1356 Philippo:
451 1319 542 1347 Tanto
564 1322 688 1355 tempore
709 1318 855 1347 vobiscum
877 1327 960 1353 sam,

113 1370 138 1395 et
158 1375 217 1395 non
237 1366 397 1404 cognovisti
415 1365 480 1394 me?

192 1413 307 1442 Videtur
328 1420 364 1441 ex
387 1413 454 1446 hoc,
476 1412 550 1449 quod
571 1412 714 1449 Philippus
728 1411 850 1440 nondum
873 1411 962 1440 credi-

113 1461 197 1490 disset
217 1460 245 1489 in
259 1460 409 1489 Christum.
429 1476 466 1480 —
484 1459 536 1488 Sed
557 1462 624 1488 tunc
642 1459 781 1496 quomodo
801 1459 906 1488 dictum
920 1462 962 1488 est

114 1507 222 1544 supra⁵
244 1507 284 1541 ei,
299 1507 374 1544 quod
395 1509 467 1535 esset
480 1506 618 1541 mundus,
636 1514 700 1535 cum
714 1506 810 1535 nullus
831 1506 866 1535 sit
880 1514 961 1535 mun-

114 1554 167 1583 dus
188 1554 239 1583 nisi
262 1561 311 1590 per
333 1553 436 1582 fidem?
451 1570 488 1574 —
501 1553 533 1582 Si
553 1556 585 1582 tu
606 1553 705 1587 dicas,
726 1553 800 1590 quod
815 1553 960 1587 credebam

115 1601 254 1639 quomodo
267 1609 347 1638 ergo,
362 1608 425 1629 cum
441 1600 549 1629 Patrem
564 1602 591 1629 et
605 1600 701 1629 Filium
717 1600 789 1629 dicat
803 1608 863 1629 esse
877 1600 961 1629 unius

114 1647 264 1681 essentiae,
285 1646 424 1684 quomodo
450 1646 547 1675 videre
568 1647 690 1675 Patrem
718 1646 894 1683 quaerebat?
915 1646 961 1674 Vi-

115 1694 207 1728 detur,
228 1693 303 1730 quod
324 1693 495 1722 contrarium
516 1693 579 1721 fidei
601 1692 757 1721 crediderit.

193 1740 231 1769 Ad
252 1741 304 1769 hoc
324 1740 485 1773 dicendum,
517 1739 592 1776 quod
620 1739 762 1776 Philippus
783 1740 913 1769 credebat
933 1740 960 1768 in

116 1796 180 1817 eum
195 1790 222 1816 et
242 1786 371 1816 credebat
385 1786 528 1823 aequalem
550 1786 622 1814 Patri
637 1789 664 1815 et
681 1794 770 1814 unum
784 1786 811 1815 in
833 1786 962 1815 substan-

115 1834 167 1869 tia;
188 1834 220 1862 in
240 1832 342 1862 habitu
363 1833 415 1862 boc
436 1833 573 1862 credebat.
589 1832 642 1861 Sed
655 1833 721 1869 quia
735 1835 802 1861 tunc
816 1832 913 1863 Filium
928 1832 962 1861 de

116 1882 196 1910 Patre
216 1880 343 1909 distincte
364 1880 440 1917 loqui
461 1880 604 1914 audiebat,
626 1879 734 1908 volebat
756 1887 820 1908 eum
836 1883 863 1908 et
877 1887 962 1916 quae-

116 1928 195 1957 rebat
215 1927 347 1956 distincte
374 1927 488 1960 videre;
516 1927 590 1964 quod
615 1935 670 1955 non
698 1926 895 1963 quaesivisset,
916 1926 961 1955 si⁶

180 2124 188 2138 ¹
205 2125 250 2149 Cfr.
268 2131 339 2153 supra
357 2131 411 2153 pag.
429 2124 487 2151 436,
498 2127 551 2147 nota
564 2125 601 2147 ⁴0.
614 2124 685 2147 verba
702 2125 803 2148 Glossae.
816 2138 846 2141 —
857 2124 962 2148 Subinde

117 2166 228 2193 allegatur
245 2165 305 2187 ioan.
323 2164 365 2192 ¹13,
384 2164 428 2186 le:
445 2164 494 2186 Non
511 2164 540 2186 de
557 2163 667 2186 omnibus
683 2163 750 2186 vobis
767 2164 828 2187 dics).

179 2201 188 2215 ²
205 2203 240 2226 Ad
256 2209 305 2225 rem
323 2202 482 2225 illustrandam
504 2202 575 2224 utitur
600 2202 622 2224 S.
648 2202 732 2224 Doctor
756 2203 875 2230 exemplo,
897 2202 962 2231 quod

117 2242 180 2271 apud
197 2242 303 2269 Aristot.,
320 2242 343 2264 ll.
362 2241 453 2263 Eleneh.
470 2247 491 2263 c.
509 2240 529 2263 4.
548 2240 577 2268 (c.
595 2240 642 2269 24.)
655 2241 755 2263 occurrit
766 2243 788 2263 et
799 2240 855 2263 ibid.
871 2241 963 2269 plenius

117 2281 267 2309 examinatur,
285 2287 313 2303 an
331 2283 353 2302 et
369 2280 489 2309 quomodo
514 2280 597 2302 valeat.
622 2292 653 2296 —
674 2280 716 2302 Ed.
741 2280 848 2308 superius
872 2285 916 2308 pro
937 2279 963 2302 in

118 2321 236 2350 quantum
251 2319 370 2342 substituit
386 2318 412 2341 in
428 2324 474 2348 quo
486 2317 563 2346 modo,
579 2321 602 2341 et
618 2319 655 2341 hic
672 2319 727 2347 legit
743 2318 855 2342 venientis
872 2318 916 2342 hoc
927 2318 964 2342 vel

117 2357 165 2381 atio
190 2357 268 2381 modo.
297 2357 337 2380 Vel
361 2356 449 2381 dicitur
473 2360 517 2380 etc.
539 2358 563 2379 ln
579 2360 633 2380 nota
651 2357 739 2380 adiecta
756 2358 847 2386 quaerit
862 2358 962 2380 Bonelli:

120 2405 132 2418 α
144 2397 189 2419 Sed
206 2397 263 2426 quid
280 2399 315 2419 est
340 2395 487 2419 Chori'scus?
504 2396 563 2418 Num
581 2396 621 2425 qui
638 2395 722 2419 dicitur
739 2396 901 2424 Choricanus,
925 2398 964 2419 aut

118 2435 261 2463 Choricista,
278 2435 302 2458 id
319 2437 354 2458 est
370 2435 435 2458 chori
450 2438 554 2458 cantor...
571 2435 604 2458 An
621 2435 662 2464 qui
673 2438 820 2463 nuncupatur
838 2435 963 2464 Choraqus

117 2475 167 2497 sive
183 2474 230 2497 dux
247 2475 335 2497 chori...
351 2474 460 2503 Nunquid
477 2473 598 2504 Cnorequs
615 2474 665 2497 sive
681 2477 751 2502 caput
772 2475 895 2496 choreae...
914 2474 965 2496 sive

118 2513 267 2541 Ghoreastes,
287 2513 310 2535 id
327 2515 362 2535 est
378 2511 494 2535 saltator...
505 2512 541 2535 Ab
552 2513 602 2535 aliis
613 2513 705 2535 edoceri
718 2512 809 2539 malim,
825 2518 896 2541 quam
908 2512 964 2535 alios

117 2552 201 2575 docere
212 2560 235 2574 n.
260 2551 307 2575 Csr.
331 2557 393 2580 quae
409 2554 466 2574 tom.
483 2552 506 2574 ll.
524 2557 579 2579 pag.
597 2551 655 2578 472,
673 2553 725 2574 nota
743 2551 779 2573 ¹10.
801 2557 828 2573 ex
845 2551 901 2574 locis
918 2551 965 2573 Ari-

117 2593 170 2613 stot.
186 2590 299 2618 diximus,
315 2590 363 2613 scil.
381 2590 445 2619 quod
463 2590 584 2618 Sophistae
600 2589 724 2612 utebantur
740 2590 835 2612 nomine
855 2590 908 2613 fleto
924 2589 965 2613 Co-

117 2628 169 2651 risci
192 2628 222 2651 ad
244 2628 393 2656 exponendas
414 2634 469 2651 suas
490 2629 598 2651 fallacias.
619 2629 788 2656 Adiungimus‚
804 2628 869 2657 quod
886 2629 965 2651 Herm.

118 2667 210 2694 Bonitz,
222 2667 245 2689 in
258 2667 334 2690 lndice
351 2667 493 2690 Aristotelico
511 2667 619 2696 (Berolini
637 2667 707 2696 1870)
724 2667 770 2690 ait:
786 2665 904 2696 Κορίσκος
919 2667 966 2689 usi-

118 2708 190 2729 tatum
207 2712 292 2728 nomen
309 2706 339 2728 ad
355 2706 534 2734 significandum
551 2705 678 2735 quemlibet
694 2706 819 2728 hominem.

181 2744 191 2757 ³
208 2746 319 2774 August„
337 2746 359 2768 in
377 2746 437 2768 ioan.
455 2746 542 2774 Evang.
568 2749 595 2768 tr.
619 2746 655 2768 69.
682 2752 705 2768 n.
724 2746 731 2768 1
746 2754 752 2768 ε
775 2746 820 2768 Sed
837 2746 909 2769 nescit
929 2746 966 2768 ille

119 2783 256 2814 [Dominus]
274 2784 380 2807 mentiri:
398 2790 454 2812 ergo
480 2784 516 2806 isti
540 2784 643 2806 sciebant
664 2787 687 2806 et
708 2784 767 2807 scire
783 2791 808 2807 se
825 2783 966 2807 nesciebant.

119 2834 150 2839 —
167 2823 208 2846 Ed.
224 2829 278 2846 cum
295 2824 400 2846 Gorrano
416 2822 544 2846 actualiter
561 2829 610 2846 non
626 2822 815 2846 considerabant.

181 2861 192 2874 ⁴
208 2862 279 2890 Epist.
297 2863 311 2885 l.
327 2862 387 2885 Tim.
405 2863 432 2889 2,
449 2862 471 2884 5.
488 2861 534 2884 Csr.
551 2868 621 2889 supra
639 2868 693 2890 pag.
711 2862 768 2889 437,
786 2865 839 2885 nota
855 2862 877 2889 3,
888 2864 912 2884 et
922 2862 966 2884 Au-

120 2903 193 2929 gust.,
209 2901 232 2923 in
249 2902 308 2924 loan.
326 2902 413 2929 Evang.
431 2904 458 2923 tr.
476 2900 513 2923 69.
531 2907 553 2923 n.
571 2902 593 2923 2.
610 2907 676 2929 seqq.

1802 119 1858 150 439

1014 197 1214 226 considerasset
1234 198 1368 227 essentiae
1389 198 1532 227 unitatem.
1555 198 1616 227 Ideo
1636 206 1673 227 ex
1694 198 1740 227 tali
1762 197 1860 227 subre-

1013 243 1107 280 ptione
1136 244 1280 273 venialiter
1309 245 1447 282 peccavit,
1468 248 1496 274 et
1516 244 1577 274 ideo
1605 244 1820 282 reprehenditur
1844 253 1861 274 a

1014 289 1140 318 Domino.

1096 337 1140 365 19.
1162 337 1272 374 Quaest.
1294 339 1335 367 lv.
1352 339 1434 373 Item,
1456 339 1523 376 quid
1544 342 1586 368 est
1603 339 1678 376 quod
1698 339 1780 367 dicit:
1804 339 1863 375 Qui

1014 383 1092 412 videt
1110 392 1156 412 me
1176 384 1251 413 videt
1270 388 1297 413 et
1320 385 1459 414 Patrem?

1093 430 1163 467 Quia
1183 431 1266 460 Filius
1287 432 1402 461 visibilis
1422 431 1511 460 sactus
1532 435 1589 466 est,
1611 432 1658 461 sed
1683 432 1762 461 Pater
1784 440 1861 460 man-

1014 476 1050 506 sit
1070 476 1223 506 invisibilis.
1241 495 1276 498 —
1293 478 1326 506 Si
1346 482 1377 506 tu
1399 478 1498 512 dicas,
1520 478 1595 515 quod
1616 479 1741 516 loquitur
1763 486 1861 508 secun-

1014 523 1082 553 dum
1104 524 1298 559 Divinitatem3
1320 525 1373 553 hoc
1395 524 1463 553 nihil
1485 528 1544 553 est:
1566 525 1653 562 quia⁷
1673 526 1766 554 Deum
1779 534 1862 559 nemo

1013 570 1088 599 vidit
1107 578 1258 608 unquam,
1279 578 1330 599 nec
1352 571 1459 599 Patrem
1480 579 1530 600 nec
1544 571 1659 606 Filium,
1674 572 1755 609 quia,
1777 573 1798 601 si
1820 572 1862 601 Fi-

1015 615 1100 650 lium,
1122 618 1189 644 tunc
1209 618 1237 644 et
1257 616 1375 644 Patrem.

1094 663 1273 691 Rssronnao:
1295 662 1447 692 Dicendum
1457 686 1464 697 ‚
1479 664 1554 701 quod
1572 664 1696 701 loquitur
1710 665 1744 694 de
1758 665 1862 694 visione
1879 670 1936 694 Resp-

1015 710 1188 744 Divinitatis,
1209 718 1264 738 non
1286 710 1474 739 humanitatis.
1497 711 1548 740 Sed
1570 711 1623 740 hoc
1643 714 1685 740 est
1705 712 1862 748 dupliciter,
1879 717 1953 759 Dupssieo'ff
1970 717 1996 735 vi-

1016 757 1120 785 scilicet
1144 765 1194 793 per
1220 756 1324 794 fidem,
1346 757 1419 786 sicut
1439 757 1571 786 videm-us
1591 767 1670 787 nunc
1688 767 1743 795 per
1763 767 1863 796 specu-

1017 803 1078 832 lum
1106 804 1138 832 i‘n
1165 804 1373 841 acniyinate⁸,·
1400 807 1428 833 et
1453 812 1502 841 per
1523 805 1654 841 speciem.
1687 805 1718 833 Et
1738 805 1863 842 loquitur

1016 851 1061 879 hic
1082 851 1116 880 de
1138 851 1242 880 visione
1263 859 1313 888 per
1332 851 1439 888 sidem;
1460 852 1527 889 quia
1547 852 1642 881 nullus
1662 852 1783 889 perfecte
1804 860 1863 881 cre-

1015 897 1056 926 dit
1076 898 1104 926 in
1125 897 1239 932 Filium,
1261 898 1329 935 quin
1350 898 1433 926 etiam
1453 898 1481 926 in
1504 898 1619 927 Patrem.

1095 945 1141 973 20.
1164 945 1274 981 Quaest.
1297 945 1327 973 V.
1349 945 1416 973 Item
1437 945 1584 982 quaeritur
1602 946 1636 974 de
1658 946 1709 975 hoc
1731 945 1806 983 quod
1823 945 1863 974 di-

1017 991 1072 1019 cit:
1096 992 1156 1028 Eyo
1177 991 1209 1019 in
1232 991 1337 1025 Patre,
1366 995 1392 1020 et
1419 992 1511 1020 Pater
1539 992 1570 1020 iri
1597 1001 1649 1021 me.
1672 1009 1710 1013 —
1733 993 1862 1022 Contra:

1017 1039 1094 1066 Tunc
1115 1038 1244 1074 arguitur
1265 1046 1302 1067 ex
1323 1039 1394 1067 hoc:
1416 1046 1483 1076 ergo
1504 1039 1583 1068 Pater
1604 1042 1645 1068 est
1666 1040 1693 1068 in
1716 1040 1803 1068 Patre.
1827 1056 1862 1060 -

1016 1084 1166 1121 Quaeritur
1187 1084 1288 1113 etiam:
1310 1092 1398 1121 quare
1411 1093 1466 1113 non
1481 1085 1616 1122 recipitur
1637 1086 1707 1114 ista:
1723 1086 1802 1114 Pater
1823 1089 1865 1115 est

1016 1131 1045 1159 in
1066 1131 1168 1159 Patre?

1096 1178 1277 1206 Responmzoz
1303 1178 1471 1212 Dicendum,
1500 1178 1574 1215 quod
1602 1179 1670 1208 haec
1697 1180 1864 1216 praepositio
1881 1182 1938 1206 Resp-

1017 1225 1066 1259 in,
1088 1225 1154 1261 quia
1170 1224 1367 1261 praepositio,
1388 1224 1520 1261 importat
1534 1225 1736 1255 distinctionem
1749 1227 1778 1261 ⁹;
1800 1227 1865 1263 quia

1018 1279 1085 1300 vero
1107 1270 1176 1299 haec
1196 1271 1376 1308 praepositio,
1404 1271 1535 1307 importat
1555 1272 1689 1301 essentiae
1710 1272 1864 1307 unitatem;

1018 1318 1079 1346 ideo
1106 1317 1283 1352 conceditur,
1312 1317 1386 1354 quod
1415 1317 1493 1346 Pater
1521 1317 1548 1346 in
1577 1318 1658 1352 Filio,
1679 1321 1707 1347 et
1727 1319 1811 1348 Filius
1838 1320 1867 1348 in

1019 1364 1106 1393 Patre.
1136 1363 1186 1392 Sed
1215 1372 1270 1392 non
1298 1364 1442 1401 sequitur,
1465 1364 1539 1401 quod
1561 1364 1639 1393 Pater
1660 1364 1687 1393 in
1711 1365 1788 1394 Patre
1816 1366 1866 1400 sit,

1018 1412 1103 1440 immo
1124 1414 1166 1440 est
1186 1411 1223 1440 ibi
1245 1411 1396 1445 accideris,
1418 1411 1490 1440 sicut
1511 1411 1574 1440 hic:
1603 1419 1653 1448 ego
1681 1419 1742 1440 sum
1771 1412 1867 1441 similis

1019 1458 1084 1493 tibi,
1106 1461 1134 1487 et
1156 1461 1186 1486 tu
1208 1458 1295 1486 mihi:
1317 1450 1383 1495 ergo
1404 1466 1455 1495 ego
1476 1466 1538 1486 sum
1564 1457 1661 1487 similis
1681 1458 1768 1493 mihi3
1790 1458 1866 1487 acci-

1018 1505 1104 1539 dens,
1126 1505 1192 1542 quia
1212 1505 1375 1534 similitudo
1389 1505 1522 1542 importat
1542 1505 1625 1534 simul
1647 1505 1866 1534 convenientiam

1018 1555 1046 1582 et
1066 1552 1269 1581 distinctionem
1282 1552 1313 1580 1⁰.

1097 1601 1143 1628 21.
1175 1599 1286 1636 Quaest.
1315 1599 1357 1627 Vl.
1382 1599 1449 1628 Item
1476 1599 1623 1636 quaeritur
1650 1599 1684 1628 de
1713 1599 1765 1628 boc
1792 1599 1867 1637 quod

1017 1645 1102 1674 dicit:
1126 1646 1184 1681 Qui
1203 1645 1296 1674 credit
1315 1645 1347 1673 in
1367 1654 1428 1680 me,
1450 1654 1556 1683 opera,
1577 1654 1652 1684 quae
1665 1654 1715 1684 eqo
1729 1645 1827 1684 facio,
1842 1650 1867 1675 et

1018 1692 1079 1729 ipse
1099 1691 1195 1729 saciet.

1101 1740 1124 1766 1.
1148 1739 1202 1767 Hoc
1222 1737 1323 1767 falsum
1343 1741 1403 1767 est:
1425 1738 1491 1776 quia
1512 1746 1597 1776 opera
1610 1739 1657 1767 illa
1671 1742 1750 1768 erant
1771 1742 1867 1776 poten-

1018 1785 1072 1814 tiae
1093 1785 1234 1814 infinitae:
1256 1793 1323 1822 ergo
1343 1785 1439 1814 nullus
1459 1785 1505 1814 illa
1525 1785 1590 1814 facit
1609 1786 1662 1814 nisi
1682 1787 1765 1815 Deus.

1097 1834 1124 1861 2.
1146 1832 1227 1866 ltem,
1249 1832 1317 1869 quid
1338 1835 1379 1861 est
1399 1832 1475 1869 quod
1495 1832 1579 1862 dicit:
1609 1833 1725 1861 Maiora
1751 1832 1866 1870 faciet?

1018 1879 1089 1916 Quia
1110 1879 1265 1908 maximum
1293 1882 1334 1908 est
1362 1879 1497 1908 suscitare
1522 1882 1666 1908 mortuum
1687 1882 1714 1908 et
1734 1880 1867 1909 foetidum

1018 1929 1181 1960 mortuum;
1203 1925 1343 1963 quomodo
1362 1928 1453 1962 potest
1473 1934 1532 1955 esse
1553 1926 1643 1955 maius
1663 1926 1854 1955 miraculum?

1081 2123 1091 2137 ⁵
1107 2124 1163 2153 Cap.
1182 2125 1223 2152 ⁴3,
1243 2125 1278 2146 10.
1296 2130 1345 2153 seq.
1361 2136 1392 2141 —
1409 2124 1457 2147 Act.
1476 2123 1519 2151 45,
1537 2124 1564 2146 9:
1581 2123 1636 2146 Fide
1653 2123 1779 2151 purificans
1796 2123 1867 2146 corda

1018 2170 1109 2186 eorum.

1081 2201 1091 2215 ⁶
1109 2203 1149 2225 Ed.
1166 2209 1220 2225 cum
1238 2203 1342 2225 Gorrano
1358 2201 1381 2225 si
1404 2203 1467 2225 actu.
1492 2201 1538 2224 Csr.
1555 2207 1626 2229 supra
1644 2207 1666 2223 n.
1685 2201 1721 2223 to.
1739 2201 1760 2223 in
1778 2201 1824 2224 fine
1846 2204 1868 2224 et

1019 2247 1074 2270 pag.
1092 2241 1151 2270 436,
1168 2244 1220 2263 nota
1239 2241 1276 2263 lo.

1081 2278 1091 2292 ⁷
1108 2281 1137 2303 Ut
1154 2280 1237 2303 dicitur
1253 2286 1322 2308 supra
1341 2280 1362 2308 ⁴,
1381 2280 1417 2302 18.

1083 2317 1093 2331 ‘³
1110 2319 1181 2347 Epist.
1199 2319 1214 2341 1.
1232 2318 1285 2341 Cor.
1303 2319 1344 2346 43,
1368 2319 1411 2345 423
1438 2317 1494 2341 ibid.
1519 2318 1545 2341 ll.
1561 2318 1588 2345 5,
1605 2317 1635 2340 7:
1653 2318 1695 2340 Per
1712 2318 1782 2340 tidem
1806 2318 1867 2340 enim

1020 2357 1169 2381 ambulamus
1185 2359 1208 2380 et
1224 2363 1271 2379 non
1288 2363 1330 2385 per
1346 2357 1458 2385 speciem.
1474 2356 1519 2379 Cfr.
1537 2362 1607 2384 supra
1625 2362 1645 2379 c.
1669 2357 1706 2379 ¹12.
1731 2363 1754 2379 n.
1777 2356 1816 2379 71.
1838 2370 1869 2373 -

1021 2397 1062 2420 Ed.
1079 2399 1132 2425 post
1148 2396 1271 2426 speculum
1288 2395 1352 2418 addit
1369 2397 1401 2424 et,
1418 2394 1589 2423 refragantibus
1606 2395 1703 2423 Vulgata
1722 2398 1744 2417 et
1760 2395 1829 2418 codd.

1082 2434 1092 2448 ⁹
1111 2436 1170 2458 Vide
1187 2441 1257 2463 snpra
1275 2440 1295 2457 c.
1313 2435 1333 2457 i.
1351 2441 1374 2456 n.
1392 2435 1413 2457 3.
1430 2446 1462 2451 —
1478 2434 1511 2456 De
1536 2440 1585 2463 seq.
1611 2434 1771 2462 propositione
1795 2435 1835 2457 cl'r.
1854 2434 1869 2457 l.

1022 2475 1083 2497 Sent.
1101 2475 1124 2497 d.
1145 2474 1182 2496 19.
1202 2480 1225 2502 p.
1241 2474 1257 2496 l.
1274 2480 1297 2502 q.
1315 2473 1336 2495 4.
1354 2474 1384 2495 ad
1402 2472 1423 2495 t.
1442 2472 1463 2495 4.
1481 2473 1502 2495 5.
1520 2475 1542 2495 et
1559 2472 1616 2495 dub.
1633 2473 1662 2500 65
1680 2473 1704 2495 ΙΙ,
1722 2473 1784 2495 Sent.
1795 2472 1818 2495 d.
1832 2473 1868 2495 ¹13.

1020 2513 1078 2536 dub.
1095 2513 1121 2540 4,
1139 2512 1179 2535 uhi
1196 2512 1337 2539 ostenditur,
1354 2512 1418 2540 quod
1442 2514 1465 2534 et
1489 2511 1610 2540 quomodo
1627 2512 1767 2539 praepositio
1784 2511 1809 2534 in
1826 2512 1869 2534 im-

1021 2554 1098 2580 portat
1114 2552 1223 2574 unitatem
1241 2551 1291 2573 sive
1307 2550 1459 2573 identitatem.
1478 2562 1508 2566 —
1524 2550 1565 2573 Ed.
1583 2556 1636 2572 cum
1649 2550 1768 2573 Gorrano:
1786 2550 1869 2574 Dicen-

1021 2590 1091 2619 dum,
1109 2590 1173 2620 quod
1188 2590 1246 2613 haec
1260 2589 1405 2619 praepositio
1422 2589 1445 2611 in
1462 2588 1594 2619 aliquando
1611 2588 1727 2619 importat
1742 2589 1869 2613 distinctio-

1021 2636 1088 2657 nem,
1104 2628 1235 2659 aliquando
1252 2634 1309 2651 non.
1327 2628 1369 2651 Hic
1384 2628 1501 2658 importat
1516 2627 1630 2651 essentiae
1645 2628 1761 2651 unitatem
1777 2631 1822 2651 etc.

1085 2667 1104 2681 ¹⁰
1122 2669 1227 2697 Ariston,
1245 2668 1272 2690 V.
1290 2668 1388 2696 Metaph.
1401 2670 1452 2690 text.
1466 2668 1503 2689 20.
1521 2667 1568 2696 (lV.
1581 2673 1600 2689 c.
1620 2667 1682 2697 45.):
1699 2667 1790 2690 Eadem
1807 2668 1868 2690 enim

1022 2710 1087 2734 sunt,
1103 2712 1205 2736 quorum
1222 2705 1350 2728 substantia
1367 2712 1427 2734 una;
1451 2705 1541 2729 similia
1557 2712 1626 2735 vero,
1647 2712 1748 2735 quorum
1771 2706 1869 2735 qualitas

1023 2752 1084 2775 una,
1100 2745 1212 2776 aequalia
1229 2748 1319 2773 autem,
1331 2751 1432 2774 qnorum
1444 2745 1560 2774 quantitas
1572 2751 1624 2768 una.
1637 2745 1683 2768 Cir.
1695 2746 1710 2768 l.
1722 2746 1784 2768 Sent.
1794 2746 1817 2768 d.
1830 2746 1867 2768 34.

1023 2792 1046 2813 p.
1062 2785 1077 2808 l.
1095 2792 1119 2813 q.
1136 2786 1157 2807 2.
1174 2785 1196 2806 in
1214 2790 1278 2812 corp.
1295 2796 1327 2801 —-
1343 2784 1376 2806 De
1391 2783 1510 2807 accidente
1526 2784 1588 2811 sive,
1607 2786 1632 2806 ut
1648 2784 1756 2812 superius
1772 2783 1809 2806 ed.
1832 2782 1868 2806 his

1022 2823 1146 2851 substituit,
1163 2824 1193 2845 de
1208 2822 1307 2852 fallacia
1323 2822 1458 2851 accidentis,
1470 2823 1512 2845 cfr.
1524 2823 1628 2850 Ariston,
1640 2823 1655 2845 1.
1667 2823 1758 2845 Elench.
1775 2829 1795 2845 c.
1813 2822 1835 2844 4.
1846 2824 1869 2844 et

1023 2862 1046 2884 ll.
1063 2868 1083 2885 c.
1101 2861 1122 2884 4.
1140 2862 1166 2890 (l.
1182 2868 1203 2884 c.
1220 2861 1241 2884 5.
1259 2864 1282 2884 et
1298 2861 1354 2890 24).
