2296 3316
355 148 411 175 274
991 144 1160 174 COMMENT.
1184 146 1215 174 lN
1238 146 1383 175 IOANNEM
1404 147 1432 175 C.
1456 148 1483 175 ll.

354 233 436 252 mum
470 224 570 252 Patris
601 223 658 251 mei
687 224 808 251 domum
838 222 1050 260 nepotiationis.
1080 223 1119 251 De
1152 223 1202 251 hac

354 271 435 300 domo
456 271 557 299 dicitur
572 270 599 298 in
622 270 727 298 Psalmo
740 271 765 298 ¹:
791 281 805 295 «
820 270 938 298 Domum
961 273 1050 304 tuam,
1071 270 1201 304 Domine,

354 318 431 347 decet
452 317 646 350 sanctitudo»,
668 325 721 345 non
744 317 900 353 negotiatio.
923 316 1129 353 Augustinus⁹t
1149 327 1162 341 (ι
1175 316 1201 345 Si

354 365 418 393 talia
439 364 567 401 prohibet
588 364 616 392 in
645 363 704 392 loco
724 363 869 397 orationis,
891 365 996 400 quanto
1017 363 1104 399 magis
1125 367 1201 400 pota—

354 412 441 441 tiones
462 415 488 440 et
503 411 649 440 ebrietates
670 414 697 440 et
711 413 803 439 cetera
823 410 975 439 consimilia
990 413 1025 438 n?
1046 410 1107 438 Ideo
1122 418 1202 447 prae-

354 459 419 497 cipit
440 459 466 487 in
489 459 591 495 Regula
619 466 669 487 sua
681 458 701 492 ⁸,
729 457 802 495 quod
829 457 885 486 «in
913 457 1036 486 oratorio
1064 457 1133 486 nihil
1154 457 1202 486 fiat

355 509 464 543 praeter
487 505 528 539 id,
550 505 583 533 ad
605 504 679 542 quod
701 504 860 533 institutum
881 507 963 533 est».

433 553 478 582 ΞΔ.
502 553 590 588 (Vers.
624 552 688 585 17.),
722 551 878 580 Recordati
896 554 966 580 sant
985 550 1132 588 discipuli.
1155 551 1202 580 l-lic

239 607 336 630 Quartum·
353 604 465 629 notatur
480 602 622 636 quartum,
634 599 737 628 scilicet
748 598 936 627 correctionis
947 598 1120 636 approbatio
1131 598 1202 627 facta

244 1169 340 1196 Expositio

222 1198 241 1211 m
255 1195 302 1211 stica
316 1192 339 1211 de

223 1218 240 1234 tr
262 1221 290 1234 us.

246 1239 338 1258 Primum.

225 1449 339 1468 Secundum.

355 655 404 685 per
419 647 600 683 Scripturam.
623 646 771 682 Propterea
785 645 866 674 dicit:
883 645 1038 674 Recordati
1051 648 1120 673 sunt
1136 652 1202 672 vcro

356 694 495 732 discipali
515 694 591 728 eins,
613 702 667 722 non
690 696 771 727 tunc,
794 692 841 722 sed
869 695 931 730 post
952 692 1202 725 resurrectionem,

356 750 419 771 cum
441 741 640 770 intellexerunt
661 741 850 777 scripturam
867 744 949 774 tunc,
965 740 1093 777 inquam,
1110 747 1203 767 recor-

356 788 411 817 dati
433 791 513 822 sunt,
542 788 613 826 qaia
643 787 787 824 scriptum
808 791 864 816 est:
887 787 973 816 Zetus
1004 787 1108 815 domas
1136 790 1203 814 tuae

357 836 476 865 comedit
497 844 559 869 me,
588 836 614 863 in
646 835 692 863 illo
725 835 831 863 Psalmo
863 834 1037 872 sexagesimo
1067 833 1202 863 octavo4:

362 883 501 911 «Salvum
524 890 567 911 me
588 882 646 916 fac,
668 882 779 911 Deus».
802 882 841 910 De
862 881 947 910 huius
969 881 1018 910 zeli
1037 880 1203 910 comestione

356 930 421 959 dicit
443 929 644 967 Augustinus5:
671 941 683 954 a
699 929 745 957 lile
766 929 920 958 comeditur
942 929 1000 957 zelo
1020 928 1120 957 domus
1141 927 1203 961 Dei,

357 976 404 1013 qui
426 977 532 1009 omnia,
555 984 626 1012 qnae
647 975 721 1004 videt
735 975 770 1003 ibi
787 983 931 1011 perversa,
953 975 1094 1012 corrigere
1111 974 1203 1011 cupit,

357 1023 503 1052 emendare
524 1031 577 1051 non
599 1022 732 1059 quiescit;
754 1022 775 1050 si
798 1022 945 1051 emendare
968 1030 1021 1050 non
1037 1025 1142 1058 potest,
1164 1024 1204 1050 to-

356 1069 426 1098 lerat
447 1072 473 1097 et
494 1069 616 1106 gemit».

435 1116 480 1144 25.
503 1115 619 1153 Mystice
640 1118 706 1144 sunt
728 1115 772 1143 hic
794 1115 847 1143 tria
867 1115 1002 1149 notanda,
1024 1115 1128 1144 scilicet
1152 1115 1205 1143 ad-

356 1166 458 1191 ventus
482 1162 599 1191 Domini
628 1162 655 1190 in
678 1162 829 1198 templum,
852 1162 977 1190 inventio
1006 1166 1205 1199 transyresso—

357 1218 425 1238 rum.
447 1213 474 1238 et
492 1218 594 1237 eornm
614 1209 719 1237 eiectio.
736 1225 774 1230 —
788 1209 827 1237 De
842 1209 968 1237 adventu
983 1208 1166 1245 Hieronymus
1177 1209 1204 1236 ⁸:

361 1268 374 1282 «
390 1257 546 1286 Secundum
570 1256 716 1293 mysticum
739 1256 907 1285 intellectum
930 1256 1006 1285 lesus
1028 1256 1150 1293 quotidie
1165 1256 1206 1284 in-

357 1304 483 1341 greditur
505 1304 638 1340 templum
661 1303 748 1332 Patris
769 1306 796 1331 et
818 1303 892 1331 eiicit
912 1311 1008 1332 omnes
1021 1303 1055 1332 de
1072 1303 1204 1336 Ecclesia,

357 1350 462 1379 habens
483 1351 567 1378 unius
588 1350 711 1379 criminis
732 1350 881 1378 vendentes
902 1349 1006 1386 pariter
1028 1353 1055 1378 et
1074 1353 1204 1378 ementes.

358 1397 497 1434 Scriptum
520 1401 561 1426 est
582 1397 671 1426 enim:
691 1397 793 1425 Gratis
807 1396 974 1433 accepistis,
988 1396 1085 1433 gyratis
1099 1396 1165 1424 date
1176 1407 1204 1429 »,

358 1445 484 1473 Matthaei
506 1444 620 1473 decimo.
637 1461 673 1464 —
690 1444 800 1472 Invenit
817 1444 963 1471 vendentes
978 1443 1074 1476 boves‚·
1096 1443 1166 1471 Beda
1178 1442 1203 1470 ⁷:

363 1504 376 1517 «
392 1492 482 1520 Boves
503 1494 568 1520 sunt
589 1491 808 1528 praedicatores,
830 1490 933 1527 quibus
954 1492 1050 1518 aratur
1076 1492 1103 1518 et
1124 1489 1205 1518 semi-

358 1541 441 1567 natur
463 1542 537 1567 terra
558 1538 666 1566 Domini
689 1538 792 1566 semine
807 1538 884 1566 verbi
900 1548 926 1571 >›;
942 1536 1048 1574 primae
1062 1536 1095 1564 ad
1110 1536 1205 1564 Corin-

359 1585 431 1614 thios
452 1593 539 1613 nono:
563 1584 627 1613 Non
648 1584 785 1621 alliqabis
810 1592 841 1612 os
863 1583 927 1612 bovi
952 1582 1115 1611 trituranti.
1138 1582 1205 1610 Item

358 1632 466 1660 Beda⁸:
485 1632 506 1656 'u
522 1632 573 1660 Hos
596 1632 721 1660 vendunt
745 1631 792 1668 qui
822 1639 875 1659 non
904 1630 997 1658 divino
1024 1637 1135 1663 amore,
1156 1628 1204 1657 sed

1259 227 1392 261 quaestus
1418 225 1520 254 intuitu
1550 225 1667 254 verbum
1695 224 1906 262 praedicationis
1933 224 2110 254 audientibus

1258 270 1461 307 impendunt».
1475 288 1511 293 --
1525 272 1636 300 Invenit
1647 271 1735 300 etiam
1746 272 1895 300 vendentes
1907 279 1979 299 oves.
1995 282 2009 296 α
2024 271 2109 306 Oves,

1259 317 1331 346 sicut
1351 318 1417 347 dicit
1439 319 1509 347 Beda
1520 319 1540 353 ⁹,
1562 322 1628 348 sunt
1652 326 1737 355 opera
1762 318 1871 355 pietatis
1898 321 1926 346 et
1954 318 2110 347 misericor-

1258 364 1327 393 diae.
1350 365 1402 393 Has
1422 366 1564 400 vendunt,
1580 366 1626 403 qui
1648 366 1786 394 humanae
1807 365 1895 393 laudis
1916 364 2005 401 gratia
2026 373 2111 402 opera

1259 411 1368 447 pietatis
1388 415 1536 446 exercent,
1552 413 1624 441 sicut
1639 412 1799 449 hypocritae
1813 424 1840 440 ».
1857 428 1894 432 —
1913 411 2024 440 Invenit
2044 420 2110 440 ven-

1259 457 1355 486 dentes
1385 458 1543 486 columbas.
1580 470 1593 484 «ι
1614 458 1769 487 Columbae
1799 461 1864 487 sunt
1893 458 1964 487 dona
1992 458 2111 495 Spiritus

1259 504 1391 538 sancti»,
1421 505 1487 541 quia
1513 513 1598 541 super
1626 505 1767 534 Christum
1794 505 1820 533 in
1850 505 1939 542 specie
1967 504 2111 533 columbae

1258 551 1404 588 apparuit,
1420 552 1547 580 Matthaei
1570 552 1652 580 tertio
1665 552 1695 580 ¹⁰.
1721 564 1734 577 «
1749 552 1801 580 Has
1822 551 1965 580 columbas
1984 551 2111 580 vendunt

1259 598 1306 635 qui
1322 601 1461 635 acceptam
1477 598 1597 635 Spiritus
1612 599 1697 627 sancti
1714 599 1829 635 gratiam
1841 599 1875 627 ad
1887 599 2015 635 pretium
2029 598 2110 633 dant;

1259 645 1306 682 qui
1329 644 1531 681 impositionem
1554 653 1702 679 manuum,
1718 654 1774 682 qua
1794 646 1913 682 Spiritus
1934 648 2046 675 sanctus
2066 653 2111 674 ac-

1259 691 1378 728 cipitur,
1402 691 1452 720 etsi
1479 699 1533 719 non
1562 691 1595 719 ad
1624 695 1770 728 quaestum
1799 692 1948 728 pecuniae,
1976 692 2010 721 ad
2035 691 2110 729 vulgi

1260 742 1351 767 tamen
1369 738 1503 776 favorem
1520 738 1663 772 tribuunt;
1686 739 1732 775 qui
1755 747 1849 767 sacros
1869 739 1981 768 ordines
2001 748 2056 768 non
2077 739 2112 768 ad

1260 786 1332 814 vitae
1355 785 1502 819 meritum,
1525 785 1572 814 sed
1593 785 1627 814 ad
1646 785 1779 822 qratiam
1796 785 1953 822 largiuntur
1968 797 1994 816 η.
2011 802 2048 806 -
2063 786 2112 814 In-

1260 833 1337 861 venit
1356 832 1592 865 numtnulari'os;
1614 832 1729 860 Bedassz
1756 843 1769 857 «
1786 832 1919 861 Nummos
1933 835 2032 861 mutuo
2045 832 2112 861 dant

1261 880 1288 908 in
1311 880 1414 916 templo
1435 879 1482 916 qui
1506 888 1558 907 non
1582 879 1711 907 simulate
1742 879 1922 913 caelestibus,
1945 878 1991 907 sed
2017 881 2112 915 aperte

1261 927 1380 955 terrenis
1402 926 1487 955 rebus
1508 926 1535 954 in
1559 926 1677 954 Ecclesia
1703 925 1880 959 deserviunt,
1903 933 1954 954 sua
1974 932 2111 962 quaeren-

1262 976 1319 1007 tes,
1335 981 1389 1001 non
1405 981 1476 1010 quae
1492 973 1551 1001 lesu
1566 972 1666 1001 Christi
1681 983 1707 1006 »ς
1723 972 1757 1001 ad
1772 972 1960 1009 Philippenses
1975 971 2110 1001 secundo:

1265 1020 1368 1048 Omnes
1390 1023 1537 1058 quaerant
1558 1028 1633 1057 qaae
1653 1028 1712 1047 saa
1732 1022 1808 1047 sant.
1825 1034 1862 1039 —-
1881 1019 1971 1047 Eiecit
1989 1018 2112 1047 venden-
2125 1028 2215 1048 Tertium.

1263 1070 1302 1096 tes
1323 1076 1387 1096 oves
1408 1071 1433 1095 et
1453 1067 1552 1100 boves,
1574 1070 1606 1095 ut
1626 1066 1692 1095 dicit
1714 1066 1830 1100 Beda12,
1851 1078 1864 1091 «
1879 1065 1945 1103 quia
1959 1065 2056 1094 talium
2073 1065 2112 1094 vi-

1262 1117 1318 1143 tam
1341 1115 1444 1151 pariter
1465 1116 1493 1143 et
1513 1114 1667 1142 doctrinam
1700 1113 1819 1142 ostendit
1839 1121 1899 1141 esse
1921 1112 2069 1149 reprobam
2085 1123 2112 1140 21.

1264 1178 1300 1182 -
1317 1161 1598 1190 Nammttlariorztin
1609 1160 1710 1198 effudit
1721 1169 1771 1188 aes
1785 1164 1811 1188 et
1823 1168 1941 1188 mensas
1956 1159 2114 1193 subvertit,-

1267 1221 1280 1234 «
1293 1209 1359 1246 quia
1369 1208 1504 1237 damnatis
1516 1208 1542 1236 in
1556 1208 1609 1237 tine
1621 1208 1757 1245 reprobis,
1769 1208 1850 1236 etiam
1867 1207 1991 1244 ipsarum
2007 1214 2113 1241 rerum,

1262 1264 1333 1292 quas
1347 1256 1519 1289 dilexerant,
1536 1255 1611 1283 tollet
1626 1254 1760 1291 figuram,
1775 1254 1929 1283 secundum
1950 1253 2025 1291 quod
2046 1253 2114 1282 scri-

1263 1306 1342 1339 ptum
1353 1306 1410 1331 est:
1430 1302 1579 1330 Transibit
1589 1302 1720 1329 mundas
1731 1305 1756 1329 et
1767 1301 2001 1338 concupiscentia
2012 1300 2075 1329 eius
2083 1312 2112 1334 »‚

1262 1349 1368 1385 primae
1384 1348 1491 1376 loannis
1502 1348 1624 1376 secundo
1637 1348 1674 1381 ¹³3
1690 1350 1733 1375 et:
1749 1347 1897 1375 Praeterit
1910 1346 2012 1384 fiyura
2023 1345 2113 1375 liuius

1263 1395 1381 1427 mundi,
1403 1394 1508 1431 primae
1530 1394 1563 1422 ad
1585 1393 1741 1422 Corinthios
1762 1394 1887 1428 septimo.
1904 1410 1942 1414 -
1958 1392 2113 1422 Colit-mbas

1263 1440 1383 1478 auferri
1395 1441 1548 1477 praecepit;
1562 1441 1745 1477 Hieronymus
1757 1441 1783 1468 in
1795 1441 1963 1469 Matthaeum
1976 1439 2015 1468 ¹4:
2032 1452 2046 1466 «
2059 1440 2113 1469 Ca-

1262 1487 1381 1516 tltedras
1401 1495 1499 1516 eorum
1521 1488 1634 1521 evertit,
1650 1487 1716 1524 quia
1731 1487 1826 1515 talium
1846 1487 2049 1524 negotiatorum
2071 1495 2113 1516 sa—

1262 1534 1415 1563 cerdotium
1430 1534 1586 1563 destruit».
1600 1535 1666 1563 Hinc
1677 1538 1727 1569 est,
1740 1534 1813 1571 quod
1826 1534 1896 1563 sacri
1908 1535 2032 1564 Canones
2043 1535 2066 1552 ¹⁵
2078 1535 2114 1564 si-

1262 1582 1414 1610 moniacam
1432 1581 1569 1610 haeresim
1583 1581 1730 1616 damnant,
1746 1585 1773 1610 et
1787 1589 1834 1610 eos
1845 1582 1998 1611 sacerdotio
2008 1582 2112 1619 privari

1261 1628 1449 1665 praecipiunt,
1471 1628 1518 1665 qui
1547 1628 1581 1657 de
1602 1629 1756 1657 sacerdotio
1777 1629 1898 1666 pretium
1921 1631 2069 1666 quaerunt.

412 1804 427 1822 *¹
446 1806 526 1827 Psalm.
545 1805 587 1832 92,
605 1805 627 1827 5.

418 1842 427 1856 Β
445 1845 467 1866 ln
485 1845 546 1866 loan.
564 1845 651 1871 Evang.
668 1846 695 1865 tr.
716 1844 751 1865 ¹0.
768 1850 790 1865 n.
809 1843 834 1865 4:
853 1844 902 1865 Non
919 1849 976 1871 ergo
994 1849 1106 1871 magnum
1125 1849 1207 1871 pecca-

356 1886 418 1911 tum,
435 1883 453 1905 si
472 1884 515 1906 hoc
533 1882 665 1905 vendebant
682 1883 706 1905 in
723 1883 820 1910 templo,
838 1882 903 1911 quod
919 1882 1052 1910 emebatur,
1069 1885 1094 1905 ut
1116 1882 1207 1904 offerre·

358 1925 394 1945 tur
411 1923 434 1945 in
451 1923 551 1951 templo,
569 1925 591 1944 et
608 1925 684 1944 tamen
702 1922 768 1944 eiecit
784 1922 838 1944 inde
855 1922 912 1944 illos.
929 1922 990 1951 Quid
1012 1922 1031 1944 si
1048 1921 1079 1944 ibi
1103 1921 1207 1944 ebriosos

357 1962 486 1984 inveniret?
505 1962 565 1990 Quid
582 1962 666 1984 taceret
683 1961 835 1983 Dominusi...
853 1961 1038 1989 Sinegotiationis
1059 1961 1144 1983 domus
1161 1967 1207 1984 non

357 2000 426 2024 debet
442 2001 491 2023 fieri
508 2001 593 2023 domus
610 2000 664 2027 Dei,
681 2000 806 2028 potationis
823 1999 892 2022 debet
908 2000 976 2022 fieri?

419 2039 428 2052 ³
446 2040 536 2062 Scilicet
552 2040 575 2062 in
592 2040 681 2067 Regula
698 2040 727 2062 ad
744 2046 825 2062 servos
842 2039 895 2067 Dei,
913 2046 935 2061 n.
952 2040 978 2061 3:
991 2040 1014 2061 ln
1026 2040 1126 2062 oratorio
1138 2046 1206 2062 nemo

358 2079 444 2108 aliquid
461 2082 527 2107 agat,
545 2079 587 2102 nisi
605 2079 635 2102 ad
652 2079 716 2108 quod
732 2081 767 2101 est
783 2080 881 2106 factum,
899 2079 960 2101 unde
977 2082 999 2101 et
1016 2085 1101 2101 nomen
1118 2079 1207 2107 accepit

358 2119 387 2147 (D
404 2118 468 2141 addit
484 2119 541 2140 haec
558 2118 637 2140 ultima
655 2117 746 2147 verba).

420 2156 430 2169 ⁴
448 2158 513 2179 Vers.
532 2158 568 2179 10.
584 2169 615 2174 -
632 2158 657 2179 Β.
673 2157 770 2184 Albert.,
781 2158 805 2179 in
818 2158 879 2180 hunc
890 2157 980 2180 locum:
995 2165 1006 2177 ιι
1016 2156 1141 2180 Recordati
1150 2158 1206 2180 sunt

358 2195 469 2225 discipuli
485 2195 547 2223 eius,
565 2197 660 2224 supple:
679 2199 731 2224 post
747 2196 952 2224 resurrectionem,
970 2202 1036 2223 cum,
1053 2196 1112 2218 sicut
1123 2196 1207 2218 dicitur

359 2235 414 2257 Luc.
426 2234 455 2257 24
463 2253 468 2263 ,
483 2234 511 2257 45
519 2252 524 2261 ,
536 2234 631 2264 aperuit
643 2234 690 2257 illis
701 2241 798 2257 sensum
806 2253 812 2263 ,
824 2236 850 2258 ut
862 2234 1019 2264 intelligerent
1034 2234 1174 2264 Scripturas
1184 2243 1206 2256 υ.

359 2274 446 2296 Eodem
464 2274 534 2296 modo
552 2274 648 2301 explicat
665 2274 760 2302 Rupert.
772 2273 845 2296 abbas
863 2274 986 2296 Tuitiens.:
1001 2282 1013 2294 ιι
1025 2274 1055 2296 Ex
1068 2277 1121 2296 tunc
1133 2280 1207 2296 recor-

360 2313 405 2335 dati
418 2315 481 2339 sunt,
494 2314 538 2335 hoc
555 2313 584 2335 de
602 2313 637 2335 illo
649 2319 700 2335 esse
711 2313 834 2340 scriptum,
847 2319 874 2335 ex
885 2319 932 2341 quo
944 2313 1034 2341 aperuit
1045 2313 1087 2335 illis
1099 2319 1206 2339 sensum,

360 2355 384 2375 ut
401 2352 552 2380 intelligerent
570 2352 699 2380 Scripturas
711 2361 733 2374 n.
750 2353 828 2375 Glossa
841 2355 918 2375 autem
931 2351 1090 2375 interlinearis
1100 2360 1107 2374 .·
1125 2352 1207 2375 Recor-

359 2391 410 2415 datz'
425 2393 481 2414 sunt
497 2394 554 2419 etc.,
572 2393 615 2414 hoc
632 2392 690 2414 viso.

422 2429 431 2442 ⁵
449 2432 472 2453 ln
489 2432 550 2453 loan.
567 2431 653 2459 Evang.
671 2433 699 2453 tr.
718 2431 753 2452 to.
771 2437 792 2452 n.
811 2431 837 2453 9:
859 2439 870 2450 a
883 2430 939 2459 Quis
956 2430 1086 2453 comeditur
1103 2431 1150 2453 zelo
1167 2431 1207 2453 do-

360 2477 412 2493 mus
428 2470 488 2492 Dei?
506 2470 550 2499 Qui
567 2470 644 2492 omnia
661 2476 721 2499 quae
740 2471 796 2492 forte
814 2469 846 2492 ibi
862 2470 926 2492 videt
941 2476 1052 2498 perversa
1064 2470 1147 2498 satagit
1159 2476 1207 2492 cor-

359 2509 414 2537 rigi,
431 2509 495 2537 cupit
511 2509 643 2535 emendari,
660 2515 706 2531 non
723 2509 843 2537 quiescit»
863 2511 906 2531 etc.
923 2508 981 2532 Cum
999 2512 1076 2531 nostra
1098 2509 1206 2536 lectione,

359 2553 420 2576 quae
436 2550 470 2570 est
486 2547 568 2575 codd.,
585 2548 694 2570 convenit
710 2548 734 2569 Β.
751 2547 838 2570 Albert.

421 2584 431 2597 ⁶
448 2586 510 2608 Libr.
528 2587 560 2609 ΙΙΙ.
577 2586 706 2609 Comment.
725 2587 747 2608 in
770 2587 846 2609 lilatth.
868 2586 909 2615 2¹1,
928 2587 964 2608 42.
988 2593 1050 2616 seq.:
1075 2586 1206 2609 «Ceterum

359 2625 488 2647 secundum
511 2625 620 2652 mysticos
642 2625 767 2647 intellectus
789 2625 891 2654 quotidie
912 2626 975 2648 lesus
997 2625 1126 2654 ingreditur
1150 2629 1207 2648 tem-

360 2664 425 2691 plum
442 2663 513 2686 Patris
529 2666 552 2685 et
568 2664 629 2686 eiicit
645 2670 738 2691 omneS,
762 2667 807 2686 tam
830 2664 953 2692 episcopos
975 2666 998 2686 et
1020 2663 1168 2692 presbyteros
1185 2667 1207 2686 et

360 2702 470 2725 diaconos
493 2708 563 2731 quam
585 2703 655 2725 laicos
677 2705 698 2725 et
721 2703 853 2725 universam
875 2703 967 2725 turbam
985 2703 1014 2726 de
1032 2703 1130 2725 Ecclesia
1152 2709 1206 2730 sua,

359 2744 382 2764 et
408 2742 477 2764 unius
504 2738 607 2764 criminis
632 2741 702 2764 habet
726 2742 880 2764 vendentes»
908 2745 952 2765 etc.
976 2743 1000 2764 ln
1024 2742 1070 2764 fine
1095 2743 1206 2770 allegatur

359 2780 436 2802 Matth.
454 2780 495 2808 40,
513 2781 535 2802 8.

422 2818 430 2831 ⁷
449 2821 471 2842 ln
488 2821 550 2842 ioan.
572 2821 658 2847 Evang.
682 2821 709 2847 2,
728 2820 769 2842 ⁴4:
791 2820 864 2843 Boves
886 2821 974 2849 quippe
996 2821 1124 2843 doctrinam
1146 2820 1207 2843 vitae

359 2859 474 2887 caelestis,
492 2865 546 2882 oves
562 2865 633 2887 opera
651 2859 778 2881 munditiae
794 2861 816 2881 et
827 2859 930 2887 pietatis,
942 2858 1064 2883 columbae
1075 2859 1146 2882 sancti
1159 2859 1207 2887 Spi-

360 2899 416 2922 ritus
433 2898 493 2921 dona
515 2898 649 2927 designant;
671 2898 725 2927 quia
749 2898 772 2920 in
795 2899 894 2921 marium
916 2898 988 2921 boum
1011 2898 1128 2921 iuvamine
1150 2899 1208 2920 solet

360 2943 416 2966 ager
432 2937 545 2964 exerceri;
563 2943 619 2965 ager
635 2939 712 2959 autem
735 2939 769 2960 est
791 2943 830 2960 cor
852 2938 942 2960 caelesti
965 2938 1080 2960 excultum
1103 2937 1207 2960 doctrina

1262 1806 1285 1826 et
1302 1804 1456 1834 suscipiendis
1473 1803 1539 1826 verbi
1558 1804 1596 1826 Dei
1615 1806 1779 1832 praeparatum
1791 1803 1834 1825 rite
1846 1802 1982 1826 seminibus.
1993 1815 2024 1820 -
2036 1803 2114 1832 Sequi-

1264 1846 1301 1866 tur
1318 1844 1333 1866 l.
1351 1843 1403 1866 Cor.
1420 1844 1448 1870 9,
1465 1844 1487 1865 9.
1505 1843 1551 1866 Csr.
1568 1844 1678 1871 Cragon,
1697 1843 1795 1865 XXXV.
1812 1843 1891 1865 Moral.
1907 1849 1928 1865 c.
1946 1842 1983 1864 ¹16.
1999 1848 2023 1865 n.
2040 1842 2077 1865 39.

1326 1880 1336 1894 ⁸
1352 1883 1406 1905 Loc.
1419 1884 1456 1905 cit.
1471 1883 1493 1905 in
1512 1883 1665 1911 praecedente
1682 1884 1747 1905 nota:
1767 1881 1873 1905 Vendunt
1889 1884 1966 1904 autem
1984 1881 2057 1904 boves
2074 1882 2113 1911 qui

1262 1921 1362 1944 verbum
1379 1922 1495 1949 Evangelii
1514 1928 1559 1944 non
1576 1922 1656 1944 divino
1673 1927 1765 1948 amore,
1782 1921 1823 1943 sed
1846 1921 1929 1944 terreni
1952 1924 2062 1950 quaestus
2082 1921 2114 1944 in-

1263 1960 1320 1983 tuitu
1339 1961 1482 1989 impendunt.

1326 1998 1336 2011 ⁹
1353 2000 1406 2022 Loc.
1424 2000 1473 2027 cit.;
1490 2006 1533 2028 pro
1550 1999 1612 2023 sicat
1627 2001 1684 2022 sunt
1700 1998 1837 2029 hypocritae
1849 2001 1923 2022 textus
1935 1999 2066 2027 originalis:
2084 1999 2114 2022 de

1263 2038 1350 2068 quibus
1367 2039 1478 2061 Dominus
1496 2038 1582 2068 [Matth.
1600 2039 1626 2067 6,
1645 2038 1679 2068 5.]
1696 2039 1738 2061 ait:
1758 2038 1819 2067 Onia
1831 2040 1971 2068 receperunt
1981 2038 2113 2062 mercedem

1263 2084 1341 2101 suam.
1358 2090 1390 2094 —
1406 2078 1449 2100 Pro
1466 2078 1516 2101 Has
1533 2077 1639 2100 vendunt
1655 2078 1734 2105 plures
1751 2078 1820 2100 codd.
1838 2078 1900 2101 Haec
1916 2077 2028 2101 vendunt.

1328 2114 1347 2128 ¹⁰
1365 2116 1431 2138 Vers.
1447 2116 1482 2138 16.
1490 2129 1521 2132 -
1530 2116 1590 2138 Haec
1602 2116 1714 2144 expositio
1726 2119 1761 2138 est
1772 2116 1902 2139 secundum
1916 2116 2014 2144 aedium,
2024 2117 2067 2139 loc.
2076 2116 2113 2139 cit.

1327 2153 1345 2167 ¹¹
1363 2155 1416 2177 Loc.
1436 2155 1473 2177 cit.
1490 2167 1521 2171 —
1538 2155 1632 2177 inferius
1650 2155 1761 2183 allegatur
1779 2156 1833 2177 Phil.
1852 2156 1877 2183 2,
1895 2156 1934 2178 21.

1327 2193 1345 2206 ¹²
1363 2195 1415 2217 Loc.
1434 2194 1470 2216 cit.
1487 2195 1572 2217 Textus
1589 2195 1706 2222 originalis
1723 2195 1808 2217 omittit
1820 2194 1915 2224 pariter
1932 2196 1953 2218 et
1970 2194 2114 2218 doctrmam.

1328 2232 1346 2246 ¹³
1364 2234 1430 2256 Vers.
1443 2234 1484 2256 47:
1498 2235 1523 2256 Et
1535 2234 1637 2257 mundus
1649 2234 1728 2257 transit
1739 2237 1781 2257 etc.
1794 2235 1855 2257 Haec
1866 2234 1978 2262 expositio
1990 2233 2115 2263 praebetur

1263 2279 1276 2294 a
1293 2273 1368 2301 Beda,
1385 2273 1428 2295 loc.
1446 2273 1483 2295 cit.
1497 2286 1527 2290 —
1539 2274 1649 2302 Sequitur
1666 2275 1681 2296 l.
1699 2273 1750 2296 Cor.
1768 2273 1794 2302 7,
1812 2274 1850 2296 31.

1327 2311 1347 2324 ¹¹³
1363 2312 1419 2341 Cap.
1432 2313 1456 2334 21
1468 2330 1474 2339 ,
1488 2313 1528 2335 ⁴2:
1543 2321 1554 2332 a
1565 2312 1741 2343 Gathedrasqne
1753 2312 1903 2336 vendentium
1916 2312 2039 2336 columbas
2050 2318 2112 2336 ever-

1263 2351 1303 2380 tit,
1322 2351 1361 2380 qui
1379 2352 1483 2374 vendunt
1500 2352 1598 2380 gratiam
1620 2352 1720 2380 Spiritus
1737 2352 1831 2374 sancti...
1850 2353 1911 2374 quta
1933 2352 2062 2380 simplicem
2080 2351 2114 2374 ῑιι-

1263 2391 1413 2419 telligentiam
1434 2391 1556 2413 columbae
1573 2397 1619 2414 non
1640 2394 1705 2414 erant
1722 2391 1746 2413 in
1768 2391 1896 2418 cathedris,
1918 2391 1960 2414 sed
1982 2391 2006 2413 in
2023 2390 2113 2418 caveis,

1263 2430 1307 2453 nisi
1324 2431 1381 2453 sorte
1402 2430 1564 2453 columbarum
1587 2431 1701 2453 institores
1718 2430 1831 2453 sedebant
1853 2431 1875 2453 in
1900 2430 2022 2453 cathedris.
2046 2430 2113 2459 Quod

1264 2469 1356 2498 penitus
1373 2469 1501 2492 absurdum
1515 2472 1560 2497 est,
1577 2470 1632 2498 quia
1645 2470 1666 2492 in
1684 2469 1800 2492 cathedris
1812 2469 1976 2497 magistrorum
1994 2469 2070 2497 magis
2081 2469 2114 2492 di-

1264 2509 1338 2537 gnitas
1355 2509 1481 2536 indicatur,
1498 2515 1559 2537 quae
1581 2510 1610 2531 ad
1628 2509 1723 2531 nihilum
1741 2509 1865 2537 redigitur,
1883 2515 1937 2531 cum
1958 2508 2028 2531 mixta
2045 2508 2113 2531 suerit

1263 2549 1334 2571 lucris
1346 2557 1369 2570 n.
1385 2549 1445 2570 Haec
1462 2548 1547 2575 verba,
1565 2549 1705 2576 invidetur,
1723 2549 1802 2571 Glossa
1815 2547 1941 2571 ordinaria
1957 2548 1989 2571 sic
2006 2548 2113 2576 exponit:

1264 2588 1294 2611 Et
1310 2587 1435 2611 cathedras
1452 2587 1604 2611 vendentium
1621 2591 1676 2616 etc.,
1694 2594 1755 2616 quae
1772 2588 1936 2616 magistrorum
1954 2590 2019 2616 sunt,
2036 2587 2060 2610 id
2071 2589 2113 2614 est,

1263 2624 1418 2649 sacerdotium
1441 2633 1522 2648 eorum
1546 2626 1643 2649 destruit
1667 2627 1707 2655 qui
1730 2627 1760 2649 de
1782 2626 1930 2655 impositione
1956 2632 2050 2653 manus,
2071 2632 2114 2654 per

1263 2671 1335 2694 quam
1351 2665 1449 2693 Spiritus
1460 2668 1553 2688 sanctus
1571 2665 1651 2693 datur,
1664 2666 1763 2693 pretium
1782 2665 1905 2693 accipiunt.
1916 2665 1974 2687 Hinc
1990 2667 2037 2692 est,
2048 2665 2113 2694 quod

1263 2704 1365 2727 haeresis
1382 2704 1484 2727 Simonis
1505 2704 1636 2727 damnatur.
1657 2705 1692 2727 Ad
1710 2705 1806 2727 litteram
1828 2707 1905 2726 autem
1928 2704 2056 2727 absurdum
2079 2705 2114 2726 est

1263 2744 1353 2772 dicere,
1371 2743 1485 2766 institores
1497 2743 1659 2766 columbarum
1671 2744 1693 2766 in
1711 2744 1826 2767 cathedris
1843 2744 1931 2766 sedere.
1943 2756 1974 2760 -
1986 2743 2026 2766 Ed.
2045 2743 2112 2771 legit:

1264 2781 1391 2805 columbas
1403 2782 1498 2812 auferri
1505 2783 1637 2812 praecepit,
1650 2784 1672 2806 et
1683 2782 1815 2806 secundum
1826 2782 2000 2812 Hieronymum
2016 2781 2041 2805 in
2052 2781 2114 2805 Mat-

1263 2821 1360 2845 thaeum
1377 2821 1502 2845 cathedras
1526 2821 1676 2845 vendentium
1693 2821 1816 2846 columbas
1832 2821 1926 2850 evertit,
1944 2821 1986 2852 qui
2008 2821 2114 2845 vendunt

1263 2860 1369 2890 qratiam
1386 2859 1491 2890 Spiritus
1507 2860 1600 2890 sancti‚·
1618 2860 1675 2891 qaia
1693 2860 1779 2884 talium
1795 2864 1839 2884 etc.

1327 2897 1346 2911 ³⁵
1362 2898 1408 2922 Ctr.
1419 2899 1533 2927 Gratiam,
1545 2899 1570 2922 C.
1581 2900 1601 2922 l.
1610 2906 1633 2929 q.
1650 2900 1655 2921 1
1667 2918 1672 2928 ,
1685 2906 1711 2922 ex
1728 2906 1773 2928 qua
1783 2900 1849 2928 plura
1861 2900 1989 2928 allegantur
2001 2899 2038 2922 lV.
2052 2900 2113 2921 Sent-

1264 2938 1286 2960 d.
1305 2938 1343 2961 25.
1360 2944 1381 2960 a.
1399 2939 1420 2960 l.
1437 2945 1460 2967 q.
1478 2939 1499 2960 3.
1518 2941 1540 2961 et
1556 2938 1576 2961 t.
