2296 3316
422 157 478 186 436
1028 153 1198 182 COMMENT.
1221 154 1253 182 ΙΝ
1274 153 1420 183 ΙΟΑΝΝΕΜ
1440 153 1468 182 C.
1491 154 1556 182 XIV.

1322 232 1400 259 Tunc
1420 231 1493 260 enirn
1514 231 1591 261 locus
1612 234 1743 268 paratur,
1764 231 1786 260 si
1809 239 1845 259 ex
1864 231 1919 260 fide
1941 231 2059 260 vivatur.
2075 231 2168 261 Credi-

1323 280 1368 306 tus
1388 277 1577 312 desideretur,
1592 281 1624 307 ut
1638 278 1810 307 desideratus
1825 277 1977 312 habeatur;
1999 278 2167 308 desiderium

298 241 405 260 Mansiones
421 234 516 271 plures
536 236 601 262 sunt
622 233 777 261 mansiones
805 232 858 260 iam
887 234 1016 269 paratae
1037 231 1189 261 secundum
1211 232 1266 260 ele-

290 266 539 311 {313t20?²0t10nen1
561 282 717 313 aeternam,
739 279 786 308 sed
816 278 972 316 parandae
999 278 1090 307 adhuc
1112 278 1265 307 secuudum

301 566 396 590 Expositio

295 590 401 613 Augustini.

421 327 531 360 merita;
553 326 626 355 unde
648 327 699 355 boc
721 326 837 355 verbum
861 333 975 362 parare
1003 325 1157 354 secundum
1179 333 1266 362 expo-

420 374 545 403 sitionem
572 373 715 410 Augustini
747 373 775 401 in
806 373 919 401 littera1
946 371 1082 408 accipitur
1111 372 1264 401 secundum

422 421 470 448 has
499 419 569 448 duas
600 419 820 456 significationes.
848 419 996 455 Propterea
1026 418 1108 447 debet
1138 418 1189 455 legi
1222 418 1265 448 lit-

421 470 479 495 tera
500 466 553 495 sic:

498 514 523 542 2.
547 513 635 546 (Vers.
659 513 706 548 2.).
730 513 765 541 In
785 513 870 541 domo
894 512 995 540 Patris
1016 511 1074 540 mei
1097 511 1265 540 mansiones

420 560 528 588 utalaae
548 563 633 594 sunt,
655 560 709 588 iam
738 560 841 589 scilicet
868 562 980 597 paratae
1001 558 1153 588 secundum
1175 561 1265 587 aeter-

419 615 481 635 nam
503 607 679 641 electionem;
702 608 767 644 quia
788 607 821 635 ad
842 606 974 643 Ephesios
995 605 1123 642 prim02:
1149 616 1163 630 α
1179 605 1265 642 Elegit

419 662 469 683 nos
489 657 552 682 ante
573 654 667 683 mundi
683 654 906 682 constitutionem
922 664 949 687 »;
971 653 1166 689 Hieronymus:
1187 663 1201 677 «τ
1216 652 1264 680 Pa-

420 702 496 728 ratae
517 702 582 728 sunt
602 700 630 728 in
652 700 727 728 caelo
748 700 873 728 diversae
894 699 1050 728 mansiones
1070 698 1188 727 diversis
1209 698 1264 727 vir-

421 746 542 780 tutibus,
564 754 633 783 quas
654 754 708 775 non
730 754 863 783 personae
891 746 1045 782 accipiunt,
1067 745 1114 774 sed
1135 753 1220 782 opera
1235 757 1262 773 n.

420 793 458 822 lta
479 796 544 822 sunt
564 796 685 830 paratae.
709 793 742 822 Si
761 801 817 831 quo
840 793 952 826 minus,
974 792 1001 820 id
1028 794 1085 825 est,
1107 792 1128 820 si
1151 800 1204 821 non
1226 792 1264 820 ita

419 843 504 874 esset;
526 840 600 869 unde
614 840 666 869 alia
680 840 772 869 littera
785 839 971 876 Chrysostomi
984 839 1008 873 ³,
1030 839 1077 868 ubi
1097 839 1215 868 dicitur:
1233 839 1265 867 Si

419 896 475 926 quo
496 888 611 921 minus,
633 887 713 915 dicit:
740 899 753 911 «ι
769 887 795 915 Si
818 894 883 915 vero
915 895 969 915 non
986 898 1012 920 u,
1035 886 1061 915 id
1087 889 1143 920 est,
1164 886 1186 915 si
1208 894 1263 914 non

418 937 510 963 essent
531 937 642 971 paratae
664 942 713 970 per
734 933 1027 970 praedestinationem;
1049 933 1189 962 dixissem
1216 941 1264 961 vo-

420 981 477 1009 bis:
501 981 579 1016 Quia
606 980 680 1008 vado
708 988 823 1017 parare
849 979 929 1008 vobis
951 980 1053 1008 locum.
1076 980 1128 1008 Sed
1150 980 1201 1008 hoc
1223 982 1265 1008 est

420 1027 601 1064 impossibile,
623 1026 697 1064 quod
718 1034 768 1063 ego
789 1026 870 1055 modo
891 1034 1001 1063 parem;
1018 1027 1082 1064 quia
1097 1027 1265 1063 impossibile

419 1077 475 1108 est,
497 1074 572 1111 quod
593 1074 712 1110 aliquem
734 1073 768 1102 de
799 1082 870 1102 novo
891 1074 1108 1110 praedestinem,
1130 1073 1203 1102 sicut
1223 1073 1264 1101 di—

419 1121 455 1149 cit
476 1120 644 1157 Augustinus
655 1122 675 1148 4.
698 1120 760 1149 Ideo
780 1120 855 1155 dixi,
884 1120 958 1157 quod
985 1132 998 1145 «
1012 1120 1168 1149 mansiones
1199 1122 1265 1149 sunt

419 1168 446 1196 in
467 1168 548 1196 domo
570 1167 656 1196 Patris
670 1179 683 1192 ιι
704 1168 757 1196 iam
770 1171 898 1205 paratae
912 1176 961 1204 per
976 1167 1263 1204 praedestinationem,

418 1214 465 1243 sed
485 1214 576 1242 adhuc
604 1217 669 1242 sunt
696 1214 854 1251 parandae
875 1222 924 1251 per
946 1214 1076 1242 meritum
1097 1213 1170 1247 fidei,
1192 1221 1264 1250 quae

420 1260 539 1289 maxime
559 1260 691 1289 meritum
713 1260 796 1289 habet
816 1261 843 1289 in
865 1260 995 1289 absentia.
1019 1260 1080 1289 Ideo
1101 1259 1210 1289 subdit:

498 1307 524 1336 3.
547 1307 635 1343 (Vers.
659 1307 706 1343 3.).
740 1308 774 1336 Et
804 1308 832 1336 si
862 1307 959 1336 abiero
991 1311 1017 1335 et
1040 1315 1263 1344 praeparavero

420 1354 498 1382 vobis
520 1353 630 1387 locum,
652 1362 702 1391 per
722 1354 804 1383 fidem
826 1355 929 1383 scilicet
950 1357 1070 1383 vestram
1091 1353 1119 1382 in
1141 1353 1193 1382 mei
1216 1353 1263 1382 ab-

419 1401 520 1435 sentia;
543 1400 616 1429 unde
637 1401 841 1438 Augustinus5:
868 1413 881 1426 «
897 1401 945 1429 Eat
976 1400 1109 1429 Dominus
1140 1400 1216 1429 Iesus
1237 1402 1264 1429 et

419 1452 498 1485 paret
518 1448 625 1482 locum3
647 1451 706 1483 eat,
728 1456 762 1477 ne
785 1448 924 1482 videatur;
946 1448 1044 1482 lateat,
1066 1450 1097 1476 ut
1123 1447 1261 1476 credatur.

482 1617 490 1630 ¹
508 1619 533 1641 ln
549 1619 609 1641 loan.
626 1619 714 1646 Evang.
730 1621 758 1641 tr.
775 1619 813 1641 68.
829 1625 851 1641 n.
865 1619 886 1640 1.
898 1624 962 1647 seqq.
975 1618 1054 1640 Glossa
1071 1617 1197 1641 ordinaria
1213 1624 1262 1640 sen-

420 1658 513 1680 tentiam
526 1658 623 1686 August.
640 1657 731 1680 exhibet
742 1658 790 1680 sic:
803 1658 831 1680 In
842 1657 912 1680 domo
929 1660 970 1679 etc.
984 1658 1071 1679 Domus
1083 1657 1136 1684 Dei,
1150 1657 1261 1685 templum

420 1697 470 1724 Dei,
488 1703 586 1724 regnum
606 1697 659 1725 Dei,
676 1703 775 1724 regnum
801 1697 929 1723 caelorum,
947 1698 1000 1718 sunt
1025 1696 1130 1718 homines
1155 1696 1220 1724 iusti,
1241 1696 1263 1718 in

419 1734 504 1764 quibus
521 1737 574 1757 sunt
590 1736 676 1757 multae
693 1735 833 1757 differentiae
846 1735 903 1757 inter
915 1741 946 1757 se.
960 1735 985 1756 Et
1001 1735 1045 1757 hae
1061 1737 1114 1757 sunt
1130 1734 1263 1757 mansiones

419 1774 491 1802 ipsius
503 1773 594 1796 domus.
608 1774 655 1796 Hae
666 1776 743 1796 autem
761 1774 807 1796 iam
821 1775 924 1803 paratae
935 1776 987 1796 sunt
1003 1773 1026 1795 in
1043 1773 1262 1801 praedestinatione,

419 1813 478 1835 sicut
495 1813 525 1835 ait
542 1813 665 1841 Apostolus
682 1812 752 1842 [Eph.
772 1814 792 1840 i,
811 1813 857 1843 4.]:
876 1812 924 1841 Qui
944 1812 1013 1842 eteyit
1036 1818 1079 1835 nos
1101 1813 1155 1835 ante
1179 1811 1264 1835 mundi

418 1851 607 1875 constitutionem
624 1852 832 1880 praedestinando;
846 1851 972 1882 parandae
996 1855 1050 1874 sunt
1071 1851 1094 1874 in
1116 1851 1262 1879 operatione;

418 1891 480 1914 unde
497 1890 577 1920 [Rom.
595 1892 620 1919 8,
638 1890 701 1920 30.]:
721 1890 784 1919 Quos
806 1890 1004 1921 praedestinavit,
1023 1890 1066 1914 hos
1088 1891 1111 1913 et
1131 1889 1224 1913 vocavit
1242 1891 1264 1913 et

418 1930 553 1961 iustificavit
569 1932 592 1953 et
606 1930 776 1961 magnificavit.
794 1931 819 1953 Et
836 1930 963 1953 secundum
982 1931 1025 1952 hoc
1042 1930 1125 1952 dicitur
1143 1930 1202 1958 [lsai.
1221 1929 1265 1958 45,

422 1970 457 1992 11.
473 1970 603 1992 secundum
621 1970 792 1998 Septuaginta]:
813 1969 876 1992 Fecit
893 1970 956 1993 Deus
977 1975 1037 1999 quae
1053 1969 1138 1999 futura
1154 1969 1222 1996 sunt,
1240 1969 1264 1991 id

418 2012 452 2031 est
474 2015 535 2037 quae
559 2010 661 2031 tacturus
685 2011 726 2031 est.
749 2008 794 2031 Ct'r.
811 2008 835 2031 C.
854 2009 880 2031 ln
899 2008 968 2031 domo
987 2009 1055 2037 (th),
1072 2008 1102 2031 de
1124 2008 1264 2030 Poenitentia

420 2048 496 2077 (Caus.
513 2048 550 2070 33.
567 2055 591 2077 q.
611 2048 655 2076 3.),
672 2048 696 2070 d.
714 2048 735 2070 4.
753 2061 782 2064 -—
795 2048 916 2075 Notamus,
934 2048 998 2076 quod
1015 2048 1092 2070 ultima
1105 2053 1159 2075 pars
1170 2047 1263 2070 Glossae

420 2087 478 2116 (Hae
495 2088 575 2110 autem
598 2088 649 2111 etc.)
673 2094 719 2109 non
742 2087 804 2115 apud
826 2086 976 2113 Strabonem,
999 2086 1039 2109 sed
1062 2086 1125 2114 apud
1147 2087 1263 2114 Lyranum

418 2129 507 2149 tantum
524 2126 630 2149 habetur.

480 2164 489 2178 ³
508 2166 573 2188 Vers.
585 2165 606 2188 4.
618 2177 649 2182 —-
660 2165 775 2188 Sententia
793 2165 883 2187 Hieron.
901 2167 935 2187 est
952 2165 975 2186 in
992 2165 1015 2187 ΙΙ.
1028 2165 1140 2187 adversus
1155 2165 1263 2187 lovinian.

418 2211 439 2226 n.
458 2205 499 2226 28:
520 2205 649 2231 «Paratae,
667 2204 751 2232 inquit,
768 2207 821 2226 sunt
844 2204 868 2226 in
893 2204 955 2226 caelo
978 2203 1084 2226 diversae
1106 2205 1128 2226 et
1150 2203 1264 2231 plurimae

418 2243 549 2265 mansiones
570 2243 676 2271 plurimis
699 2243 844 2271 diversisque
862 2242 986 2265 virtutibus
998 2251 1010 2262 ι)
1029 2245 1085 2270 etc.;
1111 2242 1197 2271 quibus
1214 2249 1264 2265 ver-

419 2282 455 2304 bis
471 2282 542 2304 eludit
558 2288 660 2304 errorem
677 2282 788 2304 Ioviniani
808 2282 921 2305 censentis
939 2282 973 2311 (ut
990 2282 1081 2310 Stoici),
1099 2282 1162 2310 quod
1185 2282 1262 2304 omnia

418 2324 511 2348 peecata
534 2324 555 2343 et
576 2321 694 2346 virtutumv
713 2327 783 2349 opera
809 2321 866 2343 inter
891 2327 915 2343 se
940 2321 1003 2349 paria
1025 2321 1077 2343 sint.
1092 2320 1138 2343 Csr.
1157 2323 1212 2343 tom.
1230 2321 1261 2343 lll.

419 2365 472 2387 pag.
490 2360 547 2387 802,
565 2362 617 2382 nota
635 2360 655 2381 8.

481 2396 490 2410 ³
507 2399 529 2420 ln
546 2399 606 2421 loan.
624 2399 703 2421 homil.
720 2399 757 2421 73.
776 2398 840 2427 (alias
858 2399 906 2428 72.)
924 2405 947 2421 n.
966 2399 990 2421 i:
1008 2395 1036 2420 Et
1054 2396 1076 2419 δὲ
1094 2397 1123 2428 μὴ
1142 2398 1165 2421 id
1185 2400 1219 2420 est
1235 2397 1263 2421 Si

418 2443 473 2459 vero
490 2443 538 2460 non
555 2437 617 2465 (licet
632 2438 655 2460 in
671 2444 732 2460 nova
744 2438 850 2460 versione
862 2440 960 2465 ponatur
974 2437 1002 2461 Si
1013 2443 1058 2467 quo
1071 2437 1173 2466 minus);
1190 2437 1220 2459 ita
1233 2440 1262 2460 te-

419 2478 470 2498 xtus
486 2477 586 2498 Graecus
604 2477 742 2504 scripturae.
760 2489 791 2493 —
807 2477 936 2499 Gorranus:
954 2475 1016 2499 unde
1033 2475 1083 2499 alia
1101 2475 1179 2499 littera
1191 2475 1262 2505 Chry-

418 2513 517 2536 sostomi
529 2520 576 2543 pro
588 2520 614 2537 eo
627 2514 690 2543 quod
705 2516 789 2538 nostra
801 2514 882 2537 habet:
895 2515 919 2537 Si
930 2521 978 2543 quo
990 2514 1079 2541 minus,
1090 2513 1158 2537 dicit:
1172 2514 1193 2536 Si
1206 2520 1262 2536 vero

419 2559 476 2581 non,
489 2552 513 2575 id
528 2554 563 2576 est
578 2556 619 2575 etc.
637 2554 692 2576 Ed.:
711 2555 736 2576 ut
752 2553 820 2576 habet
831 2553 880 2576 alia
893 2553 982 2581 littera,
997 2553 1093 2581 Glosea,
1105 2552 1147 2576 ubi
1162 2552 1262 2576 dicitur:

420 2591 443 2613 Si
460 2597 507 2620 quo
525 2592 612 2619 101005,
630 2591 698 2615 dicit:
716 2593 739 2615 Si
756 2598 812 2615 vero
829 2599 875 2615 non
892 2595 963 2619 esset,
981 2592 1005 2615 id
1021 2594 1066 2620 est,
1083 2592 1105 2615 si
1120 2598 1168 2615 non
1188 2593 1264 2615 essent

416 2631 518 2660 paratae
538 2637 582 2660 per
595 2631 848 2660 praedestinationem,
870 2631 911 2655 sed
930 2631 1066 2661 parandae,
1089 2632 1198 2654 dixissem
1221 2638 1263 2654 vo-

420 2669 455 2692 bis
471 2672 514 2692 etc.
531 2669 576 2692 Cir.
598 2671 677 2693 Glossa
698 2670 870 2699 interlinearis,
893 2677 953 2700 quae
975 2671 1079 2694 diversas
1101 2671 1262 2699 explicationes

420 2708 522 2731 exhibet:
540 2708 567 2731 Si
582 2715 628 2738 quo
644 2709 736 2738 minus,
754 2710 776 2732 Si
794 2716 839 2732 non
856 2713 928 2737 esset;
946 2710 969 2732 Si
986 2710 1008 2732 in
1032 2710 1108 2739 aliquo
1131 2711 1220 2737 minus;
1239 2710 1261 2732 Si

419 2753 466 2770 non
483 2750 559 2770 essent
575 2751 669 2776 paratae
685 2749 721 2770 vel
739 2749 933 2777 praedestinatae,
949 2749 990 2772 sed
1002 2752 1077 2772 essent
1087 2749 1262 2777 praeparandae

419 2786 456 2808 vel
472 2787 690 2814 praedestinandae.
707 2790 760 2810 tunc
778 2788 838 2810 vado
855 2790 898 2810 etc.

481 2824 491 2837 ⁴
506 2826 529 2848 ln
547 2827 606 2848 ioan.
628 2827 715 2854 Evang.
737 2830 765 2849 tr.
782 2828 818 2849 68.
836 2834 857 2849 n.
877 2828 896 2849 l.
914 2827 993 2850 Glossa
1011 2826 1150 2850 ordinaria:
1168 2826 1196 2850 Si
1215 2832 1261 2856 quo

418 2863 499 2887 ‘tainus
511 2867 566 2891 etc.,
578 2864 601 2886 id
614 2867 659 2891 est,
671 2865 689 2887 si
701 2871 746 2887 non
759 2865 964 2892 praedestinassem
977 2865 1131 2893 mansionem,
1147 2865 1210 2894 quod
1228 2867 1262 2888 est

419 2902 583 2925 inconveniens
599 2906 710 2932 quantum
728 2904 757 2926 ad
775 2904 860 2931 Deum,
878 2904 918 2933 qui
935 2904 1012 2926 omnia
1030 2904 1090 2927 bona
1110 2907 1162 2926 ante
1184 2905 1260 2927 omnia

419 2945 524 2970 tempora
542 2942 732 2970 praedestinavit;
750 2946 804 2965 tunc
821 2943 891 2966 modo
908 2949 1083 2971 praepararem,
1101 2944 1123 2966 id
1140 2946 1186 2973 est7
1198 2950 1261 2971 prae-

1322 324 1474 353 dilectionis
1495 327 1537 354 est
1557 325 1732 361 praeparatio
1752 324 1902 353 mansionis
1913 336 1939 352 ».
1955 324 2024 354 Cum
2039 325 2078 354 sic
2092 333 2170 362 prae-

1322 378 1457 407 paravero
1478 371 1507 400 10
1526 371 1666 405 absentia,
1688 372 1794 399 iterum
1815 371 1897 400 venio
1912 375 1936 400 et
1957 371 2104 409 accipiam
2117 380 2168 401 vos

1323 417 1363 446 ad
1383 426 1428 446 me
1455 418 1569 455 ipsum,
1592 426 1640 455 per
1668 418 1784 455 gloriam
1812 418 1927 452 scilicet,
1953 422 2002 452 ut,
2032 418 2083 447 ubi
2101 427 2169 447 sum

1321 471 1385 501 eqo,
1406 467 1432 492 et
1452 472 1503 493 vos
1522 464 1588 493 sitis
1595 474 1606 497 ;
1627 472 1713 501 supra
1733 464 1934 493 duodecimo⁰1
1954 476 1968 490 «
1982 464 2008 493 Si
2023 465 2086 502 quis
2099 465 2168 494 mihi

1321 510 1475 545 ministrat,
1498 518 1541 540 me
1562 513 1713 548 sequatur,
1736 514 1763 539 et
1784 511 1831 540 ubi
1854 519 1916 540 sum
1939 519 2005 548 ego,
2026 511 2063 540 ibi
2085 511 2120 540 sit
2141 514 2168 541 et

1323 557 1448 586 minister
1469 565 1548 586 meus
1563 569 1589 585 n.
1612 558 1744 586 Hortatur
1765 566 1831 594 ergo
1852 565 1899 587 eos
1920 558 1954 587 ad
1975 558 2057 587 fidem
2077 558 2106 587 in
2120 559 2168 587 ab·

1321 604 1423 638 sentia,
1444 604 1511 641 quia
1531 604 1592 633 ideo
1613 613 1642 634 se
1662 605 1803 639 absentat,
1825 607 1857 634 ut
1878 605 1946 634 fides
1966 605 2097 634 meritum
2119 605 2168 634 ha-

1322 651 1391 680 beat.
1414 651 1457 680 Sic
1479 651 1543 688 legit
1564 651 1755 688 Augustinus⁷
1777 654 1805 680 et
1825 651 1927 680 Glossa.

1400 698 1427 727 li.
1450 699 1541 727 Potest
1562 701 1654 727 tamen
1674 698 1800 734 exponi*³
1823 700 1911 727 totum
1939 698 1967 727 in
1988 706 2045 727 una
2065 698 2169 736 signifi-

1321 745 1428 774 catione
1460 745 1545 774 huius
1576 745 1653 773 verbi
1683 753 1813 782 parare,
1841 748 1874 774 ut
1901 745 1937 774 sit
1967 753 2081 774 sensus:
2103 745 2168 774 Non

1322 792 1456 821 turbetur
1477 801 1528 820 cor
1548 795 1696 826 vestrum,
1718 791 1765 820 sed
1787 792 1892 820 credite
1918 792 1950 821 in
1970 800 2029 826 me;
2050 792 2117 829 quia
2137 792 2169 821 in
2207 806 2212 809 ’

1321 840 1406 868 domo
1430 839 1532 868 Patris
1553 839 1610 868 mei
1629 839 1797 868 mansiones
1823 839 1933 868 multae
1952 842 2035 874 sunt,
2057 839 2085 868 in
2106 839 2169 877 qui-

1321 886 1375 915 bus
1395 886 1576 923 requiescetis
1591 894 1647 914 una
1660 894 1780 920 mecum,
1795 885 1829 915 ad
1847 894 1918 923 quas
1931 894 1982 923 ego
1996 887 2068 915 viam
2089 894 2169 923 prae-

1322 941 1405 969 paro,
1426 933 1487 962 ideo
1508 941 1562 961 non
1584 932 1690 961 debetis
1717 932 1819 961 dolere.
1848 932 1900 961 Sed
1925 935 1992 962 tunc
2013 933 2167 968 deberetis,

1321 979 1349 1008 si
1369 988 1426 1017 quo
1446 979 1547 1008 minus
1578 979 1735 1013 dimissam,
1757 979 1785 1008 id
1805 982 1860 1014 est,
1882 980 1904 1008 si
1932 988 1987 1008 non
2013 979 2167 1008 dixissem:

1323 1026 1401 1061 Quia
1421 1026 1498 1054 vado
1518 1025 1599 1054 vobis
1616 1034 1731 1062 parare
1752 1025 1863 1060 locum,
1886 1026 1994 1055 iterum
2014 1034 2169 1055 assumam

1321 1072 1394 1100 v0s⁹
1415 1074 1466 1101 etc.
1489 1072 1540 1101 Sed
1562 1073 1614 1101 hoc
1635 1072 1693 1101 dixi
1716 1075 1742 1101 et
1763 1072 1839 1107 dico;
1861 1072 1950 1101 unde:
1973 1074 2010 1101 Et
2028 1072 2056 1101 si
2069 1072 2168 1101 abiero

1321 1122 1348 1147 et
1364 1127 1587 1156 praeparavero
1607 1119 1687 1148 vobis
1708 1119 1820 1153 locum,
1842 1119 1950 1148 iterum
1970 1120 2052 1148 venio
2073 1123 2099 1148 et
2119 1128 2169 1148 ac-

1321 1165 1432 1202 cipiam
1452 1174 1502 1194 vos
1533 1169 1584 1194 etc.
1613 1166 1796 1203 Quocumque
1827 1168 1918 1194 tamen
1945 1166 2025 1195 modo
2046 1166 2167 1203 legatur,

1322 1211 1354 1240 fit
1374 1212 1534 1240 exhortatio
1554 1212 1588 1240 ad
1610 1212 1701 1240 fidem.

1401 1259 1426 1287 5.
1450 1259 1538 1295 (Vers.
1561 1259 1608 1293 4.).
1633 1259 1668 1287 Et
1688 1267 1744 1297 quo
1764 1267 1815 1296 eyo
1836 1259 1929 1294 vado,
1950 1259 2039 1288 scitis.
2069 1259 2168 1296 Tangi-

1322 1308 1368 1334 tur
1390 1305 1435 1334 hic
1456 1306 1625 1340 secundum,
1648 1306 1751 1335 scilicet
1778 1306 1828 1335 via
1859 1315 1997 1335 recessus
2020 1306 2052 1335 Et
2072 1314 2107 1335 ne
2128 1307 2168 1335 vi-

1320 1352 1434 1381 deretur
1456 1352 1495 1381 eis
1522 1352 1614 1381 dicere
1642 1353 1746 1391 aliquid
1777 1362 1881 1382 novum
1913 1353 1947 1382 de
1968 1362 2019 1382 suo
2040 1361 2167 1388 recessu,

1320 1399 1400 1434 dicit,
1423 1400 1498 1437 quod
1519 1399 1570 1436 ipsi
1592 1400 1714 1429 sciebant
1735 1403 1762 1429 et
1782 1400 1855 1429 viam
1875 1403 1902 1429 et
1924 1400 2092 1435 terminum;
2108 1400 2169 1429 ideo

1320 1447 1398 1475 dicit:
1422 1447 1457 1475 Et
1477 1455 1533 1485 quo
1554 1455 1604 1484 eqo
1626 1447 1719 1481 vado,
1740 1447 1821 1475 scitis
1836 1450 1861 1475 et
1874 1447 1955 1476 viam
1975 1447 2057 1476 scitis
2069 1447 2100 1475 ¹⁰.
2116 1447 2168 1476 Sed

1319 1618 1471 1645 destinarem,
1488 1618 1552 1647 quod
1569 1618 1652 1640 iterum
1671 1620 1705 1640 est
1722 1618 1886 1640 inconveniens
1908 1620 2022 1646 quantum
2042 1617 2071 1640 ad
2093 1617 2168 1640 Deum

1320 1656 1500 1685 praesentialiter
1515 1656 1603 1685 aliquid
1620 1656 1799 1684 praedestinare.
1815 1668 1847 1673 -
1863 1656 1905 1679 Ed.
1916 1656 2024 1684 superius
2035 1658 2088 1684 post
2095 1662 2168 1686 prae-

1320 1695 1432 1719 destinem
1449 1695 1513 1718 addit
1525 1702 1580 1719 cum
1588 1695 1773 1725 praedestinatio
1785 1695 1834 1718 iam
1845 1695 1910 1726 facta
1920 1694 1963 1724 sit,
1977 1697 1999 1718 et
2010 1695 2104 1718 inferius
2115 1698 2168 1724 post

1316 1734 1558 1764 praedestinationem
1579 1735 1728 1764 prosequitur
1745 1736 1881 1763 aeternam,
1897 1734 1939 1758 sed
1959 1734 2039 1758 adhuc
2055 1736 2112 1758 sunt
2124 1740 2167 1764 pa-

1319 1773 1411 1797 randae
1427 1775 1545 1803 quantum
1562 1773 1594 1797 ad
1610 1773 1660 1798 eius
1677 1773 1851 1798 exsecutionem
1869 1780 1914 1803 per
1930 1773 2044 1797 meritum
2065 1773 2121 1804 fidei
2136 1780 2168 1797 ea·

1320 1812 1420 1836 caritate
1436 1812 1569 1842 operantis,
1587 1819 1647 1842 quae
1664 1812 1770 1836 maoetme
1786 1815 1830 1836 etc.

1383 1849 1392 1862 ⁵
1410 1852 1463 1874 Loc.
1481 1851 1517 1874 cit.
1535 1858 1556 1873 n.
1575 1852 1600 1878 3,
1618 1850 1658 1873 ubi
1675 1857 1718 1879 pro
1736 1853 1797 1873 textu
1814 1851 1920 1879 originali
1937 1850 2045 1874 Creditus
2056 1850 2168 1874 desidere-

1320 1891 1369 1918 tur,
1387 1890 1452 1912 multi
1469 1890 1537 1913 codd.
1556 1889 1673 1918 Creditur,
1691 1890 1713 1913 si
1729 1889 1887 1913 desideratur.

1383 1928 1393 1941 ⁶
1410 1930 1475 1952 Vers.
1493 1930 1529 1952 26.
1547 1942 1578 1946 —
1595 1929 1707 1957 Superius
1718 1936 1761 1958 pro
1772 1929 1889 1959 accipiam
1899 1930 1978 1958 plures
1989 1929 2057 1952 codd.
2069 1929 2167 1959 accipio.

1383 1967 1391 1980 ⁷
1409 1969 1433 1990 ln
1450 1969 1510 1991 loan.
1528 1969 1615 1997 Evang.
1633 1972 1660 1991 tr.
1678 1969 1716 1991 68.
1732 1975 1754 1991 n.
1772 1969 1793 1991 3.
1805 1968 1849 1991 Csr.
1863 1968 1920 1992 ibid.
1931 1970 1960 1991 tr.
1971 1969 2007 1991 69.
2020 1975 2043 1991 n.
2055 1969 2077 1991 ’1.
2088 1969 2168 1991 Glossa

1321 2007 1447 2030 ordinaria
1463 2008 1597 2030 sententiam
1620 2008 1718 2036 August.
1740 2007 1843 2030 exhibe-t:
1862 2008 1930 2030 Fides
1951 2013 2013 2037 quae
2034 2013 2082 2030 non
2104 2007 2168 2030 videt

1321 2047 1406 2075 credit;
1423 2053 1477 2069 nam
1494 2047 1513 2069 si
1530 2047 1631 2075 videret,
1649 2053 1695 2069 non
1712 2049 1772 2069 esset
1790 2047 1856 2070 tides.
1872 2046 1978 2070 Credenti
1996 2047 2110 2075 colligitur
2123 2053 2168 2070 me-

1320 2085 1402 2112 ritum3
1420 2085 1482 2107 eunti
1501 2085 1605 2108 redditur
1622 2086 1762 2113 praemium.
1783 2086 1823 2108 Eat
1845 2092 1901 2114 ergo
1923 2086 2036 2108 Dominus
2058 2088 2080 2109 et
2101 2088 2168 2114 paret

1320 2124 1396 2146 locum
1414 2126 1457 2146 etc.
1476 2124 1526 2153 (cfr.
1542 2125 1611 2152 paulo
1629 2124 1754 2153 superius).

1383 2161 1392 2174 Β
1409 2163 1541 2186 Secundum
1554 2163 1616 2186 card.
1628 2164 1700 2191 ling„
1714 2164 1806 2186 in—hunc.
1818 2164 1872 2191 loe,
1884 2164 1914 2186 ita
1924 2164 2015 2192 exponit
2026 2164 2130 2192 Hieron.‚
2142 2164 2167 2187 11.

1320 2202 1433 2224 adversus
1451 2202 1559 2224 Iovinian.
1576 2208 1600 2224 n.
1617 2203 1659 2231 28,
1677 2202 1718 2225 ubi
1734 2203 1776 2225 ait:
1794 2203 1914 2232 Simulque
1930 2208 2012 2225 sensus
2035 2202 2167 2230 Scripturae

1320 2241 1455 2263 intuendus:
1472 2241 1589 2270 Dicerem,
1606 2237 1692 2270 inquit,
1714 2241 1794 2270 vobis,
1817 2242 1870 2271 quia
1893 2242 1955 2264 vado
1977 2244 2000 2264 et
2022 2240 2167 2270 praeparabo

1320 2279 1388 2302 vobis
1405 2281 1494 2307 locum,
1511 2281 1530 2303 si
1551 2287 1596 2303 non
1619 2281 1749 2303 mansiones
1772 2281 1857 2303 multae
1879 2283 1956 2303 essent
1978 2281 2041 2309 apud
2063 2281 2166 2308 Patrem,

1320 2320 1363 2341 hoc
1380 2322 1426 2348 est,
1443 2320 1461 2342 si
1479 2326 1524 2342 non
1543 2320 1702 2348 unusquisque
1719 2320 1862 2342 mansionem
1880 2319 1924 2342 sibi
1946 2326 1992 2342 non
2014 2326 2041 2343 ex
2063 2320 2167 2348 largitate

1320 2358 1373 2385 Dei,
1394 2358 1435 2381 sed
1457 2365 1484 2381 ex
1506 2358 1606 2386 propriis
1628 2358 1739 2386 operibus
1761 2361 1921 2387 praepararet;
1944 2361 1967 2381 et
1989 2358 2041 2381 ideo
2063 2364 2111 2381 non
2133 2361 2168 2381 est

1320 2403 1398 2419 meum
1416 2403 1510 2425 parare,
1528 2398 1568 2420 sed
1586 2400 1701 2426 vestrum,
1719 2398 1773 2426 quia
1790 2400 1812 2420 et
1829 2398 1897 2420 ludae
1914 2397 1969 2420 nihil
1992 2398 2079 2426 proruit
2099 2403 2168 2426 para-

1320 2438 1356 2458 tus
1373 2436 1449 2463 locus,
1466 2442 1536 2465 quem
1553 2443 1596 2459 suo
1614 2437 1669 2459 vitio
1686 2437 1794 2464 perdidit.
1810 2437 1871 2459 iuxta
1888 2443 1958 2466 quem
1970 2442 2065 2459 sensum
2077 2438 2100 2459 et
2110 2437 2167 2459 illud

1320 2475 1506 2504 intelligendum,
1526 2476 1589 2504 quod
1606 2476 1636 2498 ad
1659 2476 1717 2498 filios
1739 2476 1823 2498 dicitur
1840 2475 1977 2498 Zebedaei...
1995 2475 2098 2499 Calicem
2114 2475 2166 2506 qui-

1319 2513 1372 2537 dem
1389 2520 1468 2537 meum
1485 2513 1577 2541 bibetis,
1595 2513 1675 2537 sedere
1691 2516 1772 2537 autem
1788 2521 1803 2537 a
1820 2514 1912 2538 deoetrix
1929 2514 1987 2538 meis
2008 2514 2058 2538 sive
2072 2520 2088 2537 a
2109 2514 2165 2538 sini-

1319 2553 1376 2576 stris
1398 2559 1446 2576 non
1463 2555 1498 2576 est
1513 2559 1593 2576 meum
1610 2553 1668 2576 dare
1689 2553 1766 2582 vobis,
1794 2553 1835 2577 sed
1857 2553 1942 2583 quibus
1960 2555 2078 2584 paratum
2099 2555 2166 2578 esta

1318 2593 1391 2616 Patre
1406 2598 1458 2615 meo
1476 2592 1562 2621 (Matth.
1580 2593 1622 2621 20,
1640 2594 1694 2621 23.).
1712 2593 1761 2615 Non
1783 2595 1817 2615 est
1838 2593 1887 2616 Filii
1909 2593 1977 2620 dare;
2003 2595 2025 2616 et
2047 2593 2166 2622 quomodo

1319 2632 1391 2654 Patris
1408 2635 1442 2654 est
1464 2633 1622 2660 praeparare?
1643 2633 1748 2660 Paratae,
1771 2632 1857 2661 inquit,
1880 2635 1933 2655 sunt
1955 2635 1999 2655 etc.
2022 2632 2072 2662 (cir.
2094 2638 2165 2661 supra

1318 2674 1371 2694 nota
1389 2671 1429 2700 2.).

1381 2708 1391 2721 ⁹
1408 2710 1449 2732 Ed.
1466 2710 1548 2733 omittit
1565 2709 1652 2733 iterum
1669 2716 1794 2734 assumam
1810 2716 1851 2734 vos
1868 2711 1909 2734 etc.
1926 2710 2021 2733 Inferius
2043 2716 2087 2739 pro
2103 2709 2165 2734 acci-

1315 2748 1384 2778 piam
1401 2749 1479 2776 plures
1496 2749 1564 2772 codd.
1580 2755 1713 2772 assumam.

1381 2786 1402 2800 ¹⁰
1419 2788 1499 2811 Glossa
1516 2787 1641 2811 ordinaria
1648 2796 1655 2811 .·
1670 2797 1681 2808 «
1693 2789 1740 2811 Hoc
1752 2789 1840 2811 dictum
1852 2790 1886 2811 est
1897 2788 2025 2811 secundum
2037 2787 2164 2817 quosdam,

1318 2827 1358 2856 qui
1375 2827 1478 2850 sciebant
1494 2830 1516 2849 et
1532 2828 1613 2850 Filium
1631 2830 1653 2850 et
1675 2828 1773 2850 Patrem.
1791 2828 1894 2850 Thomas
1910 2833 1980 2854 vero,
1997 2827 2039 2850 etsi
2062 2829 2164 2855 putaret,

1318 2872 1343 2889 se
1359 2867 1460 2894 nescire,
1477 2867 1620 2889 convincitur
1637 2873 1679 2895 per
1695 2867 1752 2895 hoc,
1774 2867 1839 2896 quod
1861 2867 1938 2895 ipsum
1960 2866 2036 2895 novit,
2058 2868 2080 2889 et
2101 2866 2164 2888 viam

1317 2905 1376 2927 scire
1394 2908 1415 2927 et
1431 2905 1516 2932 vitam,
1534 2905 1556 2927 id
1574 2908 1607 2927 est
1623 2905 1705 2928 Filium
1723 2907 1745 2927 et
1761 2906 1859 2927 Patrem.
1871 2905 1905 2927 De
1916 2905 1964 2927 istis
1975 2904 2100 2928 scientibus
2112 2904 2164 2927 sub-

1318 2943 1380 2966 ditur
1396 2943 1432 2973 [ν.
1448 2943 1495 2973 7.];
1514 2944 1604 2967 Amodo
1621 2944 1766 2974 coynoseetis
1782 2950 1850 2973 eum,
1873 2951 1915 2973 per
1932 2950 1970 2966 me
1992 2944 2124 2973 cognitum,
2141 2945 2162 2967 et

2185 704 2227 723 Alia
2238 710 2276 730 exp.

2214 728 2261 748 nitio.
2287 734 2296 745 ι·

2186 1265 2268 1285 Secundis
2276 1255 2278 1298 ζ
