2296 3316
726 109 895 137 COMMENT.
918 110 949 138 ΙΝ
971 110 1115 139 lOANNEM
1137 111 1164 138 C.
1187 112 1239 139 Vll.

116 188 195 218 misit
215 196 275 221 me,
307 187 334 216 id
362 189 404 216 est
431 195 447 215 a
478 187 572 220 Patre,
600 186 648 223 qui
679 185 754 214 misit
780 194 833 214 me.
862 186 959 214 Omnia

117 234 203 268 enim,
231 241 302 270 quae
330 233 413 262 habet
443 232 542 266 Filius,
574 240 590 260 a
620 232 699 260 Patre
729 231 842 268 accipit;
874 240 960 268 supra

116 280 214 317 quinto
226 281 248 308 ¹:
275 291 289 305 «
302 280 360 309 Non
374 287 486 316 possum
501 287 518 307 a
532 286 576 307 me
591 279 650 315 ipso
664 278 754 307 facere
768 278 920 315 quidquam
932 290 959 313 »‚

115 327 154 356 ita
183 335 234 356 nec
263 326 362 355 docere
393 325 553 363 quidquam.
576 325 608 354 Et
632 325 698 362 quia
725 325 793 353 haec
818 324 960 361 responsio

116 373 259 403 manifesta
278 381 334 402 non
355 376 415 401 erat
435 372 487 401 nisi
509 372 552 401 his
573 372 621 409 qui
642 374 717 400 recte
737 371 867 405 audiunt;
889 371 958 400 ethi

116 423 196 454 sunt,
218 418 266 456 qui
286 418 418 452 audiunt,
439 421 471 447 ut
491 418 606 447 saciant:
628 419 776 454 propterea
795 417 876 446 dicit:

194 467 239 494 22.
266 465 355 502 (Vers.
390 465 455 500 17.).
485 464 518 493 Si
547 464 613 503 quis
637 463 760 492 voluerit
784 463 960 493 voluntatem

115 512 192 547 eius,
213 512 316 541 scilicet
346 512 395 540 Dei
423 512 525 546 Patris,
546 511 659 549 facere,
681 514 828 549 coquos-cet.
855 511 888 540 de
910 512 959 540 do-

115 558 230 593 ctrina,
252 562 354 587 utrum
375 567 410 587 eae
441 559 498 587 Deo
524 558 577 593 sit,
598 567 640 587 αη
660 567 710 595 eqo
731 566 751 586 a
772 567 816 586 me
836 558 899 595 ipso
921 558 959 586 lo-

115 614 210 645 quar,·
230 606 296 643 quia
315 605 394 634 aliter
416 613 466 634 nec
486 613 530 634 me
551 613 601 634 nec
621 605 773 634 doctrinam
789 613 879 634 meam
899 609 959 642 pot-

115 655 157 682 est
176 660 341 689 cognoscere
362 660 435 681 vere.
458 652 519 681 Ideo
540 652 642 681 dicitur
663 652 769 688 primae
790 652 896 681 loannis
917 660 959 681 se-

115 698 205 728 cundo
216 699 242 727 2:
269 710 282 724 α
297 698 349 735 Qui
370 698 448 733 dicit,
463 706 492 728 se
506 699 594 728 Deum
610 706 702 733 nosse,
717 702 745 728 et
758 699 886 728 mandata
899 699 959 728 eius

115 754 170 775 non
192 745 323 780 custodit,
344 745 464 774 mendax
490 749 571 775 est».
595 746 626 775 Et
657 746 695 775 sic
722 746 959 775 commendabilis

115 792 152 822 ab
173 792 302 830 oriqffle,
324 795 351 821 et
371 796 413 822 est
439 793 522 822 etiam
549 793 785 822 commendabilis
813 802 832 822 a
852 793 910 831 sine
930 794 958 823 in

114 840 180 874 hoc,
201 839 276 876 quod
296 839 323 868 in
338 839 459 868 docendo
474 848 528 868 non
543 840 652 877 quaerit
665 840 780 877 gloriam
802 841 957 878 propriam;

113 889 142 916 et
162 887 214 915 hoc
235 886 391 915 manifestat
412 887 466 915 sic:

192 932 239 962 23.
261 933 350 969 (Vers.
377 934 441 969 18.).
466 934 524 969 Qui
544 933 673 971 loquitur
694 942 714 962 α
727 934 877 971 semetipso
888 943 958 971 pro-

111 979 212 1018 priam
232 980 360 1018 qloriam
381 980 514 1019 (maerim
535 980 582 1009 sed
613 980 661 1017 qui
686 980 797 1017 quaerit
818 981 957 1018 propriam

114 1027 245 1064 gloriam,
272 1027 393 1056 mendax
425 1030 478 1061 est,
506 1027 572 1064 quia
599 1027 719 1056 alienum
751 1027 801 1056 sibi
824 1031 957 1064 usurpat;

114 1074 197 1103 Isaiae
217 1074 428 1111 quadragesimo
448 1077 544 1103 octavo
555 1074 582 1102 ³:
609 1086 622 1099 «
637 1074 757 1102 Gloriam
772 1082 861 1102 meam
879 1075 958 1103 alteri

113 1129 168 1150 non
188 1120 259 1149 dabo
273 1131 301 1155 »ς
323 1120 369 1150 sed
391 1129 441 1157 ego
462 1121 489 1149 in
520 1121 642 1150 docendo
673 1121 815 1158 propriam
841 1121 957 1158 gloriam

113 1175 168 1196 non
189 1175 309 1204 quaero,
331 1167 379 1196 sed
399 1174 504 1204 quaero
524 1167 639 1203 gloriam
661 1167 721 1196 eius
742 1167 789 1204 qui
811 1167 885 1196 misit
899 1175 957 1196 me:

113 1213 174 1243 ideo
193 1213 319 1243 doctrina
346 1222 408 1242 mea
434 1222 521 1243 verax
550 1217 599 1243 est.
632 1214 779 1251 Propterea
799 1213 877 1242 dicit:
901 1214 959 1250 Qui

1806 112 1862 141 343

1016 190 1113 216 autem
1134 188 1249 225 quaerit
1267 188 1397 225 ylorianz
1423 188 1486 216 eius
1506 188 1559 226 qui
1585 188 1666 218 misit
1693 189 1793 225 illum,
1816 190 1863 220 hic

1015 242 1107 262 verax
1128 238 1184 268 est,
1206 238 1231 262 ec
1261 234 1408 263 iniustitia
1439 235 1470 262 in
1501 235 1555 263 604
1576 244 1634 264 non
1664 239 1712 264 est.
1734 236 1861 266 Christus

1015 280 1130 317 gloriam
1152 280 1308 309 Divinitatis
1329 280 1478 317 quaesivit,
1500 289 1555 310 non
1576 289 1643 311 suae
1665 282 1859 317 humanitatis,

1015 328 1081 364 quia
1102 328 1125 355 ei
1147 327 1236 356 omnis
1256 328 1344 364 gloria
1363 327 1495 362 debetur,
1518 328 1623 364 primae
1637 329 1671 357 ad
1685 329 1859 358 Timotheum

1016 373 1121 410 primo:
1147 385 1160 398 «ι
1177 374 1240 411 Regi
1262 374 1437 403 saeculorum
1458 374 1622 410 immortali,
1643 375 1789 410 invisibili,
1811 376 1861 404 soli

1016 420 1072 448 Deo
1094 420 1182 449 honor
1213 423 1240 449 et
1267 420 1381 457 gloria»
1408 424 1458 450 etc.
1493 423 1542 450 Est
1572 422 1670 450 iustus
1699 426 1724 451 ει
1750 431 1860 457 verax,

1015 466 1082 503 quia
1102 474 1117 495 c
1137 467 1276 496 contrario
1298 475 1436 504 usurpare
1457 468 1508 497 sibi
1529 469 1649 498 allenum
1671 469 1806 498 honorem
1819 473 1861 499 est

1015 513 1119 541 salsitas
1139 517 1166 542 et
1193 513 1335 542 iniustitia.
1368 514 1411 543 Sic
1443 515 1589 552 usurpabit
1609 516 1805 550 antichristus,
1827 516 1860 546 de

1015 567 1071 596 quo
1091 560 1193 589 dicitur
1214 560 1350 589 secundae
1370 561 1403 589 ad
1426 561 1681 591 Thessalonicenses
1702 563 1859 591 secundo⁵z

1020 618 1034 631 α
1049 606 1222 635 Exaltabitur
1243 610 1270 635 et
1291 607 1441 636 extolletur
1473 615 1557 644 super
1585 616 1678 643 omne,
1700 609 1774 646 quod
1794 609 1860 638 dici-

1016 656 1062 681 tur
1083 653 1157 682 Deus
1168 653 1179 670 ⁶
1194 665 1220 681 ».

1337 748 1537 784 QUAESTIONES.

1094 841 1139 870 24.
1153 842 1262 878 Quaest.
1276 841 1293 869 l.
1310 841 1360 870 Sed
1372 842 1518 878 quaeritur
1529 842 1587 870 hic:
1600 850 1663 871 cum
1672 842 1805 871 Dominus
1816 850 1861 871 oc-

1015 888 1089 917 culte
1111 888 1256 917 Ierusalem
1272 888 1426 917 ascenderit
1441 892 1554 925 propter
1576 889 1717 917 vitandum
1738 889 1861 918 furorem

1015 934 1172 968 ludaicunn
1194 934 1267 963 unde
1287 937 1344 969 est,
1366 935 1440 972 quod
1463 935 1550 971 palam
1572 935 1651 964 docet
1671 935 1698 963 in
1721 936 1842 972 templo?

1094 981 1247 1017 Respondet
1280 981 1485 1018 Augustinus⁷‚
1518 993 1531 1006 α
1550 981 1624 1018 quod
1654 981 1770 1015 latebat,
1801 984 1862 1011 erat

1015 1035 1098 1056 causa
1118 1028 1255 1064 exempli;
1277 1028 1351 1065 quod
1372 1028 1461 1065 palam
1477 1028 1604 1065 loquitur
1618 1030 1645 1057 et
1665 1036 1720 1057 non
1736 1031 1859 1064 tenetur,

1014 1077 1056 1103 est
1076 1074 1209 1103 indicium
1231 1075 1373 1112 potestatis
1387 1087 1413 1103 ι).

1093 1121 1176 1149 Aliter
1198 1124 1287 1157 potest
1307 1121 1376 1155 dici,
1398 1121 1472 1158 quod
1493 1121 1552 1158 ipsa
1573 1130 1624 1151 sua
1644 1122 1769 1151 doctrina
1783 1123 1860 1152 furo-

1015 1175 1074 1196 rem
1095 1167 1249 1196 declinabat
1270 1167 1423 1202 Iudaicum,
1445 1168 1511 1196 dum
1539 1177 1586 1197 eos
1616 1169 1705 1198 elevat
1725 1170 1752 1198 in
1774 1169 1860 1199 admi-

1015 1214 1149 1243 rationem
1161 1214 1180 1242 Β.

175 1434 184 1448 ¹
202 1436 266 1459 Vers.
285 1436 321 1460 30,
333 1449 364 1453 -
376 1436 471 1459 inferius
483 1443 525 1464 pro
537 1436 619 1459 docere
631 1435 761 1466 quidquam
774 1435 800 1465 [Β
810 1435 826 1459 C
835 1436 853 1458 G
863 1436 881 1458 N
893 1436 957 1458 omit-

113 1476 163 1497 tunt
179 1474 318 1505 quidquam]
335 1475 372 1498 ed.
389 1475 471 1499 docere
488 1481 638 1505 quemquam.

175 1512 185 1526 Β
202 1514 268 1537 Vers.
286 1514 307 1536 4.
326 1526 358 1531 —
379 1515 474 1537 inferius
495 1517 547 1542 post
568 1514 599 1537 Et
619 1514 652 1537 sic
675 1514 711 1536 ed.
735 1514 827 1542 supplet
848 1513 958 1537 doctrina

113 1552 212 1582 Christi,
229 1553 271 1576 sed
288 1556 384 1582 propter
400 1556 531 1576 contextum
549 1553 631 1575 melius
647 1552 803 1581 supplendum
824 1559 875 1575 esse
895 1552 959 1575 vide-

113 1594 150 1615 tur
167 1592 291 1622 Ch7·istns,·
307 1593 347 1615 cfr.
364 1599 387 1615 v.
405 1599 453 1621 seq.

174 1629 185 1643 ¹³
201 1631 267 1654 Vers.
285 1632 322 1654 Μ.

1076 1434 1086 1447 ⁴¹
1103 1436 1202 1463 Vulgata
1220 1435 1262 1465 qui
1277 1434 1342 1458 misit
1362 1441 1429 1463 eum,
1447 1434 1484 1458 kz‘c
1506 1442 1582 1458 veram
1604 1437 1648 1464 esc,
1666 1436 1689 1459 et
1704 1435 1820 1460 iniustitia
1837 1437 1862 1460 in

1014 1473 1055 1497 illo
1065 1477 1108 1497 etc.
1117 1487 1148 1491 —
1157 1474 1266 1503 Sequitur
1283 1475 1298 1497 l.
1316 1474 1376 1497 Tim.
1390 1474 1410 1502 t,
1424 1473 1463 1496 47.
1472 1486 1504 1491 —
1515 1475 1610 1497 Inferius
1622 1474 1720 1497 vocibus
1731 1475 1774 1498 Est
1785 1474 1861 1505 [multi

1015 1513 1085 1536 codd.
1101 1513 1146 1543 Et]
1164 1513 1237 1536 iudea·
1254 1513 1290 1536 ed.
1308 1513 1415 1542 praefigit
1432 1513 1504 1543 Erqo.

1077 1551 1087 1564 ⁵
1105 1553 1170 1575 Vers.
1189 1553 1210 1575 4.
1227 1552 1272 1576 Cfr.
1290 1553 1400 1581 August.,
1418 1552 1439 1575 in
1457 1553 1545 1581 Evang.
1562 1553 1622 1575 loan.
1639 1556 1666 1575 tr.
1683 1554 1722 1576 29.
1738 1560 1759 1576 n.
1778 1554 1800 1576 8.

1077 1590 1087 1604 Β
1105 1593 1168 1620 Quae
1185 1594 1314 1621 sequuntur
1330 1592 1353 1614 in
1371 1592 1408 1614 ed.
1424 1592 1509 1614 desunt
1530 1592 1553 1614 in
1570 1592 1654 1615 codd.:
1678 1593 1710 1615 De
1727 1593 1860 1616 huiusmodi

1015 1634 1093 1653 autem
1110 1631 1213 1653 doctrina
1230 1633 1297 1658 nota,
1313 1631 1377 1659 quod
1394 1633 1440 1653 est:

370 1710 501 1733 communis
517 1709 676 1738 audientibus,
693 1710 753 1732 loan.
771 1710 811 1738 48,
829 1710 872 1732 20:
892 1718 903 1730 α
914 1710 963 1738 Ego
979 1710 1056 1738 palam
1073 1710 1162 1732 locutus
1178 1716 1230 1732 sum
1243 1709 1343 1738 mundo,
1360 1716 1405 1737 ego
1416 1715 1509 1737 semper
1520 1709 1543 1732 in
1556 1710 1686 1738 synagogis
1698 1710 1768 1733 docui
1778 1720 1788 1731 n
1803 1714 1858 1739 etc.;

418 1752 440 1771 et
457 1749 532 1771 Matth.
551 1750 593 1777 28,
613 1749 652 1771 49:
672 1757 684 1769 α
696 1749 780 1771 Euntes
796 1749 877 1771 docete
894 1755 974 1771 omnes
992 1751 1072 1777 gentes
1089 1749 1232 1777 baptizantes
1248 1755 1288 1771 eos
1299 1757 1311 1769 n
1330 1751 1373 1771 etc.

372 1788 446 1811 tidelis
462 1787 623 1816 credentibus,
640 1790 674 1810 est
690 1788 752 1810 enim
768 1794 852 1816 verax,
869 1788 945 1810 Matth.
963 1789 1006 1815 22,
1024 1788 1065 1810 46:
1085 1796 1097 1808 α
1107 1788 1210 1815 Scimus,
1222 1788 1277 1817 quia
1293 1794 1364 1810 verax
1380 1794 1405 1810 es
1422 1790 1444 1810 et
1469 1788 1531 1810 viam
1548 1788 1589 1811 Dei
1605 1788 1629 1811 in
1645 1789 1741 1811 veritate
1758 1789 1828 1812 doces
1837 1798 1859 1813 n.

418 1828 479 1850 llaec
496 1827 580 1849 veritas
597 1833 644 1849 non
661 1826 770 1849 omnibus
787 1829 861 1856 patet,
878 1827 920 1849 sed
936 1827 1094 1854 credentibus,
1113 1833 1183 1855 supra
1202 1828 1228 1856 3,
1246 1828 1290 1850 33:

184 1913 214 1937 ad
230 1913 329 1941 discipu-

1312 1836 1323 1847 ιι
1336 1827 1379 1856 Qui
1397 1827 1485 1855 accepit
1506 1828 1661 1850 testimonium
1682 1828 1732 1851 eius
1749 1829 1859 1857 signavit,

372 1905 432 1928 utilis
448 1904 674 1933 obtemperantibus,
692 1905 740 1927 lsai.
758 1904 800 1933 48,
820 1904 863 1927 ⁴7:
883 1913 894 1925 α
906 1905 954 1933 Ego
971 1905 1083 1928 Dominus
1100 1905 1161 1928 Deus
1178 1907 1231 1928 tuus
1248 1905 1333 1928 docens
1358 1907 1380 1928 te
1405 1906 1479 1933 utilia,
1504 1905 1637 1933 gubernans
1660 1908 1681 1928 te
1702 1906 1724 1929 in
1747 1907 1796 1935 via,
1813 1913 1859 1936 qua

803 1943 955 1967 Sobrietatem
972 1944 1033 1966 enim
1050 1944 1118 1967 docet
1135 1947 1157 1967 et
1173 1945 1308 1972 sapientiam
1326 1947 1348 1967 et
1365 1944 1473 1967 iustitiam
1491 1947 1513 1967 et
1532 1945 1653 1972 virtutem,
1675 1945 1761 1974 quibus
1783 1946 1859 1969 utilius

418 1983 473 2006 nihil
490 1986 524 2005 est
540 1983 563 2005 in
581 1983 628 2005 vita
645 1982 816 2010 hominibuszz;
841 1984 865 2006 ΙΙ.
891 1983 950 2005 Tim.
977 1984 1003 2011 3,
1030 1983 1071 2005 ⁴6:
1091 1992 1103 2003 ιι
1120 1983 1200 2006 Omnis
1226 1983 1343 2012 Scriptura
1367 1983 1478 2006 divinitus
1500 1984 1608 2012 inspirata
1632 1984 1692 2006 utilis
1713 1988 1748 2007 est
1769 1985 1799 2007 ad
1821 1985 1859 2008 do-

418 2022 519 2045 cendum
531 2031 542 2042 n
562 2025 604 2044 etc.

419 2140 482 2162 Beati
498 2146 614 2168 pauperes
630 2140 712 2168 spiritu
724 2148 735 2160 ι,
756 2142 798 2162 etc.

421 2265 458 2286 28.
476 2270 538 2292 seq-z
557 2273 569 2284 (ι

419 2309 468 2326 non
484 2303 542 2326 sicut
560 2303 653 2325 Scribae
670 2309 751 2326 eorum
767 2306 790 2325 et
806 2303 953 2326 Pharisaei».

114 2169 156 2430 ‘commendabilis
115 2021 142 2152 comparate

372 2185 515 2209 admirabilis
532 2186 700 2215 singularitate,
718 2186 771 2215 quia
788 2187 850 2209 solus
867 2186 915 2209 sine
932 2186 1039 2215 doctore,
1056 2187 1117 2209 loan.
1134 2186 1160 2214 7,
1179 2186 1215 2209 44.
1233 2192 1295 2215 seq.:

420 2228 442 2248 et
459 2224 602 2247 mirabantur
619 2225 708 2253 ludaei,
725 2225 838 2248 dicentes:
855 2226 977 2254 Quomodo
989 2226 1026 2248 hic
1037 2226 1123 2248 litteras
1135 2226 1190 2253 scit,
1202 2231 1254 2248 curn
1273 2232 1320 2247 non
1331 2225 1437 2248 didicerit
1448 2233 1460 2245 ιι
1468 2226 1478 2246 ⁴?
1496 2225 1563 2247 Solus
1574 2225 1622 2247 sine
1633 2224 1732 2253 maiore,
1743 2225 1820 2248 Matth.
1831 2226 1855 2253 7,

373 2341 540 2370 investigabilis
558 2342 726 2370 profunditate;
743 2342 766 2364 in
783 2348 810 2364 eo
827 2342 889 2365 enim
905 2345 959 2365 sunt
974 2349 1055 2365 omnes
1072 2342 1173 2365 thesauri
1184 2342 1322 2370 sapientiae,
1334 2341 1362 2364 ad
1375 2342 1440 2363 Rom.
1454 2341 1496 2368 41,
1508 2341 1550 2363 33:

372 2061 478 2084 sublimis
494 2062 607 2089 perfectos
624 2067 674 2084 csse
690 2061 834 2089 volentibus,
851 2062 873 2084 in
891 2062 957 2084 cuius
974 2062 1007 2084 rei
1024 2062 1118 2090 signum
1136 2062 1249 2084 Dominus
1265 2068 1319 2084 cum
1337 2061 1464 2084 doctrinam
1482 2062 1590 2090 perlectis
1607 2061 1710 2090 tradidit,
1723 2062 1745 2084 in
1756 2065 1859 2086 montem

418 2100 533 2129 ascendit,
551 2101 626 2123 Matth.
644 2101 671 2128 5,
689 2101 710 2123 4.
727 2106 807 2130 seqq.:
827 2109 839 2121 α
851 2101 959 2124 Ascendit
975 2101 1038 2124 lesus
1054 2101 1076 2123 in
1093 2103 1207 2129 montem,
1220 2103 1242 2123 et
1259 2107 1312 2123 cum
1329 2101 1437 2129 sedisset,
1455 2100 1554 2123 docebat
1565 2100 1690 2129 discipulos
1701 2107 1756 2123 suos
1767 2101 1859 2124 dicens:

1316 2195 1327 2206 α
1339 2186 1448 2209 Ascendit
1465 2186 1527 2208 lesus
1544 2186 1567 2208 in
1584 2186 1694 2214 templum
1711 2188 1733 2208 et
1749 2186 1858 2214 docebat,

581 2263 761 2286 Admirabantur
778 2263 859 2287 turbae
875 2271 946 2292 super
963 2264 1065 2287 doctrina
1082 2265 1144 2291 eius;
1169 2266 1218 2287 erat
1234 2264 1295 2286 enim
1312 2264 1398 2286 docens
1420 2269 1459 2286 eos
1481 2263 1540 2286 sicut
1562 2265 1699 2291 potestatem
1721 2263 1820 2291 habens,
1837 2267 1860 2287 et

1571 2350 1582 2361 α
1591 2341 1609 2363 O
1621 2341 1715 2364 altitudo
1727 2341 1858 2364 divitiarum

420 2381 545 2409 sapientiae
568 2383 589 2403 et
613 2381 721 2403 scientiae
745 2381 802 2403 Dei!
827 2387 897 2410 quam
923 2381 1163 2409 incomprehensibilia
1187 2383 1241 2403 sunt
1265 2381 1348 2403 iudicia
1373 2380 1435 2409 eius,
1461 2382 1483 2402 et
1505 2379 1676 2408 investigabiles
1697 2381 1749 2403 viae
1771 2381 1820 2403 eius
1831 2383 1858 2403 »t

198 2420 227 2443 ad
244 2420 314 2448 Magi-

214 2454 286 2474 strum
420 2458 506 2481 rabolis
523 2459 593 2481 multa
606 2467 617 2478 »

420 2420 486 2442 Eccli.
505 2420 547 2447 24,
566 2420 607 2442 46:
627 2428 638 2440 ι(
650 2420 730 2443 Adhuc
747 2420 874 2442 doctrinam
891 2420 958 2449 quasi
974 2420 1119 2447 prophetiam
1138 2419 1253 2442 effundam
1266 2428 1277 2439 »
1298 2422 1353 2446 etc.;
1370 2419 1438 2441 Marc.
1455 2418 1481 2446 4,
1499 2420 1525 2441 2:

1546 2428 1557 2439 u
1569 2419 1670 2442 Docebat
1686 2419 1766 2442 turbas
1782 2420 1804 2442 in
1821 2426 1859 2448 pa-

626 2468 632 2486 ;
649 2461 672 2481 et
688 2459 764 2481 Matth.
783 2459 825 2486 43,
842 2459 868 2481 3:
888 2468 900 2479 ιι
911 2459 1011 2481 Locutus
1028 2461 1062 2481 est
1077 2459 1111 2481 eis
1128 2459 1199 2481 multa
1215 2459 1238 2480 in
1256 2458 1403 2486 parabolis».

373 2497 515 2520 invariabilis
531 2498 698 2527 uniformitate,
716 2498 792 2520 Matth.
810 2498 851 2526 24,
870 2498 912 2520 35:
932 2506 943 2518 τι
956 2497 1049 2521 Caelum
1072 2500 1094 2520 et
1119 2500 1178 2520 terra
1196 2497 1338 2526 transibunt,
1354 2496 1426 2519 verba
1444 2499 1520 2520 autem
1538 2503 1589 2519 mea
1606 2503 1653 2520 non
1669 2497 1857 2525 praeteribuntn.

420 2537 515 2559 Econtra
533 2537 635 2559 doctrina
653 2537 820 2559 haereticorum
837 2537 939 2559 variatur
945 2546 951 2564 ;
969 2537 1032 2559 unde
1048 2537 1105 2565 Eph.
1123 2537 1150 2564 4,
1168 2536 1209 2564 44:

419 1873 473 1895 qula
490 1867 552 1889 Deus
568 1872 638 1888 verax
656 1868 712 1888 est»

227 1945 275 1967 lum
419 1943 524 1967 ambulas
536 1952 562 1972 »;
580 1946 602 1966 et
618 1944 671 1972 Sap.
689 1944 715 1972 8,
732 1944 759 1966 7:
779 1952 791 1964 ιι

422 2577 523 2598 feramur
540 2576 604 2598 omni
621 2579 689 2598 vento
707 2576 824 2598 doctrinae
836 2585 847 2596 ιι
867 2579 922 2605 etc.;
939 2576 1008 2598 Hebr.
1028 2576 1068 2602 ⁴3,
1088 2576 1113 2597 9:
1135 2584 1146 2595 «

348 2614 579 2721 &irreprehensibilis
596 2615 726 2644 sanctitate,
738 2615 792 2644 quia
804 2615 827 2638 id
839 2615 929 2643 ipsum,
946 2615 1010 2643 quod
1027 2615 1116 2643 docuit,
1128 2614 1191 2642 secit;
1209 2614 1270 2636 unde
1286 2615 1334 2636 Act.
1354 2614 1379 2642 ⁴,
1393 2614 1400 2635 =l
1412 2621 1417 2635 :

424 2660 467 2676 nec
483 2656 570 2676 tantum
589 2653 651 2683 fecit,
669 2653 741 2676 immo
758 2654 876 2682 sustinuit,
893 2656 916 2676 et
932 2654 965 2677 sic
981 2654 1108 2676 doctrinam
1127 2660 1193 2675 suam
1210 2651 1418 2676 commendabilem
1437 2652 1501 2680 sacit;
1518 2653 1586 2675 Prov.
1604 2653 1645 2681 49,
1665 2653 1687 2675 Μ
1702 2661 1708 2675 ;

419 2692 462 2715 viri
480 2698 521 2720 per
538 2693 669 2721 patientiam
687 2692 788 2715 noscitur
799 2701 821 2715 ι».

177 2777 186 2791 ⁷
204 2779 227 2801 ln
244 2779 303 2801 loan.
321 2779 408 2808 Evang.
425 2782 453 2801 tr.
470 2779 507 2802 29.
525 2786 547 2802 n.
565 2780 592 2802 2:
610 2780 665 2802 lllud
686 2779 760 2807 enim,
778 2782 803 2802 ut
813 2780 899 2807 lateret,
910 2782 959 2802 erat

116 2823 185 2840 causa
201 2818 311 2846 exempli,
328 2819 371 2841 hoc
388 2819 512 2846 potestatis.

177 2854 187 2868 Β
204 2856 334 2884 Chrysost.,
351 2858 374 2880 in
390 2858 450 2880 loan.
468 2857 546 2880 homil.
564 2857 601 2879 49.
618 2857 682 2886 (alias
700 2857 746 2887 48.)
764 2864 787 2880 n.
807 2859 830 2880 t:
847 2858 908 2886 Quid
919 2858 958 2880 do-

116 2894 200 2924 cuerit,
217 2901 263 2918 non
279 2898 356 2918 narrat
372 2896 527 2925 Evangelista;
544 2896 569 2919 id
585 2897 659 2919 solum
671 2896 738 2924 dicit,
750 2896 813 2926 quod
825 2896 958 2919 mirabiliter

1230 2545 1241 2556 α
1253 2536 1299 2558 lam
1316 2542 1362 2558 non
1379 2536 1451 2558 simus
1468 2536 1559 2564 parvuli
1576 2537 1710 2558 fluctuantes
1726 2538 1748 2559 et
1763 2536 1859 2559 circum-

1159 2575 1271 2598 Doctrinis
1287 2575 1358 2597 variis
1374 2577 1396 2597 et
1412 2575 1540 2603 peregrinis
1557 2575 1625 2597 nolite
1641 2574 1759 2597 abduci».

1438 2622 1449 2633 α
1459 2613 1539 2641 Coepit
1551 2615 1612 2636 lesus
1624 2614 1699 2636 facere
1711 2616 1733 2636 et
1744 2614 1827 2637 docere
1836 2623 1857 2641 »3

1728 2662 1739 2673 ι(
1751 2653 1858 2676 Doctrina

1015 2780 1043 2802 sit
1059 2780 1160 2806 locutus,
1178 2778 1242 2808 quod
1258 2779 1321 2806 ipsos
1337 2778 1472 2801 demulserit
1487 2781 1509 2801 et
1531 2779 1636 2807 mutarit3
1659 2781 1719 2801 tanta
1742 2779 1855 2801 dictorum

1014 2819 1087 2841 virtus
1103 2820 1159 2840 crat.
1176 2818 1220 2846 Qui
1236 2823 1291 2840 vero
1309 2817 1416 2839 dicebant
1432 2816 1526 2840 Seducit
1543 2817 1639 2840 turbam
1656 2818 1735 2840 mutati
1752 2818 1798 2839 iam
1816 2817 1856 2840 ad-

1015 2856 1169 2883 mirabantur,
1195 2856 1294 2885 ideoque
1316 2856 1349 2878 sic
1371 2856 1539 2885 loquebantur:
1558 2855 1680 2884 Quomodo
1699 2855 1745 2879 scit
1765 2855 1855 2879 litteras

1015 2894 1056 2925 qui
1072 2900 1120 2918 non
1136 2894 1233 2918 didicit?

1878 988 1934 1013 Resp.
1948 990 1966 1008 4.

1877 1129 1933 1153 Resp.
1947 1130 1965 1148 2.
