2296 3316
327 607 383 631 Resp.

328 1070 384 1094 Resp.

330 1628 386 1652 Resp.

293 1721 387 1745 Expositio

285 1745 337 1765 rima.
354 1745 387 1763 sed

285 1769 371 1787 aeretica.

398 154 455 183 368
1006 144 1175 174 COMMENT.
1197 144 1229 172 IN
1250 143 1395 172 IOANNEM
1416 143 1443 172 C.
1466 142 1530 171 VIII.

717 226 918 263 QUAEsrioNEs.

478 322 522 350 68.
545 321 654 358 Quaest.
676 320 693 348 Ι.
716 319 767 348 Sed
788 318 933 355 quaeritur
953 317 999 346 hic
1020 316 1110 353 primo
1130 315 1164 344 de
1188 315 1241 344 hoc

400 369 473 407 quod
493 368 595 397 dicitur
615 367 642 395 in
664 366 770 394 littera:
792 365 845 393 Vos
865 373 940 403 quae
952 363 1068 392 vidistis
1092 361 1175 399 apud
1185 370 1241 399 pa-

401 420 471 444 trem
492 417 637 446 vestrum,
659 411 728 441 haec
747 410 856 448 facitis.
871 427 909 431 —
924 411 1071 447 Nunquam
1092 408 1166 437 enim
1184 408 1242 436 dia-

399 462 494 491 bolum
521 460 655 489 viderant.
681 474 718 480 —
744 458 775 487 Et
796 460 955 495 praeterea,
976 464 1068 485 nonne
1089 456 1171 485 etiam
1192 463 1242 493 per

401 517 430 539 se
450 508 523 545 ipsos
542 508 669 544 poterant
690 506 824 542 peccare?

478 555 650 583 Respounsso:
672 551 838 584 Dicendum,
866 549 940 587 quod
967 549 1018 578 etsi
1046 549 1130 577 homo
1157 548 1243 585 possit

401 610 450 640 per
471 609 499 630 se
520 601 610 637 ipsum
631 598 734 636 peccati
755 597 858 626 habere
879 596 1019 630 notitiam,
1041 602 1130 632 pauca
1150 597 1243 623 tamen

400 651 448 677 aut
467 647 544 676 nulla
564 648 644 679 sunt,
665 645 693 673 in
724 643 827 681 quibus
854 642 979 671 diabolus
1009 648 1065 670 non
1085 640 1244 677 interponat

399 697 492 732 partes
513 700 577 722 suas
604 690 785 728 suggerendo.
814 690 846 718 Et
875 688 972 717 videre
998 687 1131 716 dicuntur
1157 694 1243 724 opera

400 740 486 778 patris
505 738 618 772 diaboli,
639 737 707 766 dum
728 736 916 774 suggestiones
930 735 991 764 eius
1004 734 1098 763 vident
1111 734 1139 762 in
1161 733 1244 762 corde

401 790 428 817 et
448 786 586 823 complent
606 785 634 813 in
648 791 732 822 opere
744 784 762 811 ¹.

480 834 524 862 69.
547 833 656 869 Quaest.
678 830 706 858 II.
729 830 794 858 Item
815 828 960 866 quaeritur
981 827 1014 856 de
1036 828 1088 856 boc
1109 827 1183 864 quod
1203 826 1244 855 di—

402 881 452 910 cit:
481 880 534 908 Vos
554 887 588 907 em
606 881 694 915 patre
723 875 838 905 diabolo
859 875 934 903 estis.
956 890 994 894 —
1016 874 1056 902 Ex
1078 874 1130 903 hoc
1151 873 1245 911 arguit

400 927 586 959 Manichaeus,
608 923 682 961 quod
702 922 836 951 Dominus
856 929 910 950 non
932 921 967 950 sit
980 921 1067 950 factor
1088 924 1115 949 et
1136 923 1245 949 creator

400 972 567 1002 110111111111112
587 971 733 999 malorum.

479 1018 517 1047 Ad
537 1018 589 1046 hoc
610 1016 758 1053 respondet
778 1015 947 1051 Augustinus
958 1014 979 1048 ³,
1000 1014 1075 1051 quod
1093 1017 1179 1051 paler
1200 1013 1245 1042 hic

402 1068 516 1094 vocatur
536 1072 591 1092 non
612 1063 660 1100 qui
681 1064 794 1099 generat
814 1069 864 1098 per
879 1061 1038 1098 originem,
1053 1060 1101 1089 sed
1115 1068 1165 1097 per
1179 1060 1245 1088 imi-

403 1112 546 1140 tationem.
568 1109 697 1138 Similiter
719 1109 786 1137 haec
806 1107 974 1144 praepositio
995 1116 1029 1136 ex
1050 1115 1105 1136 non
1119 1107 1186 1135 dicit
1200 1106 1246 1135 hic

401 1157 535 1194 originem
555 1156 584 1185 in
605 1164 663 1184 esse
680 1155 795 1193 primo,
817 1154 865 1183 sed
884 1154 1019 1182 secando.
1047 1153 1123 1182 Unde
1154 1154 1246 1190 Augu-

402 1205 528 1234 stinus4:
556 1215 569 1229 α
583 1203 629 1232 Hic
643 1202 699 1239 filii
717 1202 849 1231 dicuntur
870 1209 924 1229 non
945 1201 1095 1235 nascendo,
1117 1200 1164 1230 sed
1185 1200 1246 1229 imi-

402 1251 484 1279 tando
498 1262 525 1279 11.
557 1250 648 1278 Noluit
675 1249 758 1277 Adam
784 1247 886 1276 imitari
918 1247 1006 1276 Deum
1037 1247 1188 1276 obediendo
1219 1249 1246 1275 et

402 1297 524 1326 imitatus
545 1299 586 1325 est
606 1295 745 1324 diabolum
768 1296 878 1331 peccato
900 1294 1104 1333 consentiendo.

482 1344 526 1371 70.
550 1343 615 1371 Item
635 1342 764 1370 obiicitur
785 1341 819 1370 de
849 1341 902 1370 hoc
929 1340 1003 1378 quod
1025 1340 1104 1369 dicit:
1128 1339 1177 1369 Ille
1198 1339 1246 1368 Ito—

403 1390 513 1419 micida
543 1393 608 1418 erat
637 1389 673 1417 ab
701 1388 792 1417 initio.
814 1404 853 1409 -—
873 1388 914 1416 Ex
936 1388 988 1416 hoc
1017 1387 1130 1424 opponit
1162 1386 1246 1415 Mani—

404 1437 520 1470 chaeus,
543 1436 617 1473 quod
637 1435 741 1464 malitia
760 1434 859 1463 diaboli
891 1442 946 1462 non
967 1433 1052 1462 habet
1073 1433 1197 1467 initium;
1219 1435 1247 1462 et

404 1484 442 1513 sic
463 1483 587 1517 videtur,
609 1482 683 1520 quod
703 1482 758 1511 duo
779 1481 833 1510 sint
854 1480 1003 1518 principia:
1026 1488 1113 1508 unum
1135 1479 1198 1508 boni
1219 1482 1247 1508 et

404 1531 522 1560 alterum
543 1530 639 1558 mali5.

481 1577 658 1605 Respoxnsso:
673 1575 838 1609 Dicendum,
859 1574 934 1611 quod
949 1574 1066 1602 verbum
1082 1572 1150 1601 illud
1164 1572 1245 1609 quin-

404 1631 458 1660 que
478 1623 566 1652 modis
586 1622 745 1659 exponitur.

481 1670 539 1699 Uno
559 1669 640 1698 modo
661 1669 714 1698 sic:
737 1667 883 1697 homicida
910 1670 974 1696 erat
1001 1666 1037 1695 ab
1059 1666 1159 1694 initio:
1181 1665 1247 1702 quia

403 1717 474 1745 sicut
493 1716 616 1745 Verbum
631 1718 691 1744 erat
705 1715 732 1743 in
747 1714 895 1751 prinprio,
911 1714 976 1750 quia
989 1721 1044 1741 non
1058 1712 1157 1741 habuit
1170 1712 1246 1748 prin-

405 1763 514 1799 cipium.
538 1779 573 1782 ——
590 1762 641 1791 Sed
655 1762 723 1790 haec
737 1763 778 1790 est
792 1761 931 1789 haeretica
951 1763 979 1789 et
999 1759 1110 1788 eliditur
1131 1766 1180 1795 per
1202 1758 1246 1787 lit-

404 1813 506 1843 teram3
534 1817 589 1837 non
610 1809 682 1837 enim
703 1808 768 1837 dicit
789 1808 820 1836 ivn
842 1807 924 1836 initio
936 1807 957 1841 ⁶,
980 1807 1026 1835 sed
1049 1806 1084 1835 ab
1106 1806 1198 1834 initio.

466 2025 473 2038 ¹
492 2025 536 2048 Csr.
554 2026 662 2053 August.,
680 2024 701 2046 in
719 2024 779 2047 Ioan.
802 2024 890 2052 iix-ang.
908 2026 935 2046 tr.
953 2023 990 2045 42.
1007 2030 1030 2045 n.
1048 2024 1069 2045 ·2.
1087 2035 1118 2039 —
1136 2022 1247 2051 Superius

404 2070 446 2092 pro
462 2063 570 2086 *notiam
588 2063 635 2085 sola
653 2063 690 2085 ed.
708 2061 847 2092 nequitiam.

466 2101 474 2114 ²
492 2103 570 2125 Plures
587 2102 667 2130 codd,
686 2104 710 2124 ut
727 2101 844 2123 ABHIK
855 2101 884 2128 L,
901 2100 1016 2123 omnium.
1030 2113 1060 2117 —
1071 2100 1131 2122 Vide
1148 2101 1246 2128 August.

404 2141 446 2163 loc.
463 2141 484 2163 in
502 2147 550 2169 seq.
570 2144 622 2163 nota
640 2141 676 2163 cit.

466 2178 475 2191 ⁵
492 2180 515 2201 In
528 2180 588 2201 Ioan.
600 2180 686 2207 Evang.
698 2182 726 2201 tr.
738 2179 774 2201 42.
786 2185 809 2200 n.
825 2179 857 2200 10.
867 2190 898 2194 -
907 2177 950 2200 Csr.
963 2178 1020 2200 infra
1035 2180 1122 2206 quaest.
1135 2177 1163 2200 V.
1174 2184 1195 2199 n.
1208 2178 1247 2199 72.

467 2217 476 2229 ⁴
493 2219 545 2240 Loc.
564 2218 613 2240 citu.
634 2218 719 2240 «Unde
736 2224 791 2245 ergo
810 2217 885 2240 Iudaei
898 2217 936 2239 filii
948 2216 1049 2239 diaboli?
1064 2217 1188 2245 imitando,
1200 2223 1246 2239 non

405 2257 518 2279 nascendo
531 2266 552 2279 u.
570 2257 604 2279 Ad
621 2257 684 2285 quod
701 2256 847 2285 probandum
864 2256 958 2278 adducit
975 2257 1054 2278 Ezecti.
1072 2256 1113 2282 te,
1132 2256 1157 2278 3:
1177 2256 1246 2279 Falci·

406 2297 460 2318 titus
485 2296 660 2323 Amorrhaeus,
678 2297 699 2318 et
719 2297 795 2318 mater
818 2297 859 2318 tua
882 2295 994 2323 Gelliam,
1013 2296 1076 2324 quod
1094 2295 1180 2318 dictum
1198 2298 1247 2317 erat

406 2334 506 2361 Iudaeis,
519 2335 569 2357 iicet
582 2335 623 2362 ipsi
635 2335 664 2357 de
676 2335 710 2357 1115
728 2335 835 2363 gentibus
852 2335 964 2363 originem
982 2341 1026 2357 non
1044 2334 1170 2362 ducebant;
1185 2343 1195 2353 «
1205 2334 1245 2357 sed

407 2373 461 2400 quia
478 2376 541 2395 erant
562 2374 626 2401 impii
648 2374 781 2396 Ainorrbaei
804 2377 826 2396 ct
846 2373 950 2402 Cethaci,
968 2374 1046 2396 Iudaei
1067 2377 1143 2396 autem
1166 2374 1246 2395 imitati

407 2414 459 2433 suut
476 2411 602 2438 impietates
618 2412 718 2440 illorum;
732 2412 866 2434 invenerunt
878 2412 920 2435 sibi
933 2415 1050 2440 parentes⁷
1062 2418 1108 2435 non
1121 2412 1149 2434 de
1161 2412 1247 2441 quibus

409 2452 569 2476 nascerentur,
581 2450 621 2472 sed
633 2456 732 2478 quorum
745 2457 822 2473 mores
833 2451 940 2473 sectando
955 2451 1040 2479 pariter
1052 2451 1215 2473 damnarentur
1224 2460 1234 2471 n
1242 2468 1248 2473 .

407 2487 462 2509 ibid.
480 2494 503 2509 n.
524 2489 544 2509 11
560 2496 564 2509 ;
592 2489 648 2516 Vos,
672 2489 754 2517 inquit,
772 2496 787 2511 [ι
806 2491 877 2518 putri>
894 2489 985 2512 diabolo
1002 2489 1069 2518 estis,
1088 2493 1109 2512 et
1131 2489 1247 2513 desideria

405 2526 481 2554 pati-is
501 2526 571 2549 vesci-i
587 2526 656 2549 vultis
674 2527 758 2556 facere.
776 2528 843 2555 Ecce,
860 2528 921 2550 unde
939 2528 977 2550 filii
995 2529 1056 2550 eius:
1074 2529 1127 2557 quia
1141 2529 1191 2550 talia
1211 2528 1247 2551 de-

408 2564 524 2591 sideratis,
538 2571 583 2586 non
595 2566 647 2593 quia
665 2565 693 2587 de
710 2566 747 2588 illo
765 2567 809 2588 nati
828 2567 888 2589 estis.
907 2567 970 2595 Quae
982 2569 1033 2589 suut
1045 2567 1103 2589 intus
1114 2567 1227 2589 desideria
1237 2568 1247 2588 ἱ)

408 2602 450 2625 Ille
467 2602 581 2625 homicida
600 2605 651 2626 erui
667 2604 696 2626 ab
713 2604 801 2627 initio...
819 2606 898 2627 Mortui
916 2608 967 2627 sunt
980 2605 1057 2634 [primi
1070 2605 1186 2635 homines]
1199 2606 1247 2628 dia-

407 2640 485 2663 bolum
504 2641 631 2670 audiendo,
649 2648 718 2671 quem
736 2649 781 2665 non
799 2644 926 2671 audissent,
938 2644 958 2666 si
975 2644 1099 2666 Dominum
1117 2645 1198 2666 audire
1209 2651 1247 2666 ro-

406 2679 511 2705 luissent;
537 2680 624 2707 positus
641 2681 701 2702 enirn
719 2682 788 2703 homo
809 2681 865 2703 inter
887 2688 940 2703 eum
963 2682 1003 2710 qui
1025 2683 1123 2709 creavit,
1149 2685 1171 2704 et
1193 2689 1246 2705 eum

408 2718 447 2746 qui
464 2718 541 2745 lapsus
558 2721 603 2746 051,
621 2718 780 2747 obtemperare
798 2719 877 2742 debuit
893 2720 1006 2747 Creatori,
1024 2727 1069 2743 non
1086 2721 1212 2749 deceptori.

469 2754 478 2767 ⁵
495 2756 540 2779 Csr.
551 2757 659 2784 August,
671 2758 712 2779 loc.
725 2758 761 2780 cit.
774 2759 795 2780 in
807 2758 913 2785 praeced.
926 2762 987 2781 nota.
1002 2759 1058 2781 VIde
1070 2759 1137 2782 etiarn
1150 2760 1174 2782 11.
1186 2760 1247 2782 Sent.

407 2794 429 2816 d.
449 2794 468 2816 l.
487 2800 509 2822 p.
527 2795 541 2816 I.
559 2801 580 2816 a.
597 2796 619 2817 ἱ).
637 2802 658 2823 q.
678 2796 697 2818 i.

469 2832 478 2845 Β
495 2834 526 2855 De
546 2834 621 2856 Verbo
644 2835 704 2856 enIm
721 2835 804 2857 dicitur
826 2842 895 2863 supra
922 2837 944 2863 1,
965 2837 988 2858 1;
1007 2837 1033 2859 In
1053 2837 1171 2866 pritzcipio
1195 2839 1249 2860 erat

410 2871 510 2895 Verbum
529 2875 572 2895 etc.

470 2909 478 2921 ⁷
495 2911 577 2932 psalm.
593 2911 642 2937 103,
656 2911 693 2933 ⁴26.
702 2924 732 2927 —-
742 2912 843 2934 Subinde
852 2913 972 2940 respicitur
982 2914 1035 2935 ittud
1046 2914 1148 2941 Dionys„
1157 2914 1186 2935 (10
1196 2914 1247 2935 Div.

1374 220 1432 249 Alia
1452 219 1588 257 expositio
1610 221 1666 254 est,
1688 217 1763 256 quod
1783 226 1799 246 a
1820 225 1871 247 suo
1892 218 1969 247 initio
1990 218 2079 248 factus
2100 222 2249 249 0511101111-

2170 248 2236 268 cunda.

1297 266 1401 300 malus,
1423 266 1495 295 sicut
1515 265 1625 294 videtur
1646 265 1738 294 dicere
1769 264 1931 294 psalmus⁷:
1953 265 2051 294 Draco
2072 266 2141 301 iste,

1297 321 1381 351 quem
1394 311 1535 349 formasti
1548 312 1588 340 ad
1602 311 1783 340 illudendum
1798 311 1831 340 ei.
1845 327 1882 332 —
1895 311 1926 340 Et
1940 312 2007 341 haec
2022 314 2063 341 est
2077 312 2143 341 hae-

1297 359 1399 393 retica,
1421 358 1500 395 quia,
1521 358 1593 387 sicut
1614 357 1782 395 impossibile
1796 361 1853 392 est,
1874 358 1949 395 quod
1969 365 2078 387 summe
2099 366 2143 387 ca-

1298 405 1385 434 lidum
1405 405 1554 442 infrigidet,
1576 405 1614 434 sic
1635 404 1710 442 quod
1731 412 1839 433 summe
1853 404 1957 433 bonum
1977 405 2082 433 malum
2103 405 2143 434 fa-

1298 453 1366 487 ciat3
1388 455 1416 481 et
1437 451 1505 480 illud
1535 452 1653 480 verbum
1686 451 1784 480 Psalmi
1812 453 1840 480 et
1867 451 2019 480 consimilia
2042 451 2144 480 intelli-

1298 499 1387 536 genda
1407 500 1473 527 sunt
1493 505 1529 526 ex
1550 499 1612 534 post
1632 497 1703 526 facto
1714 497 1733 525 ⁸.

1378 545 1470 574 Tertia
1491 544 1627 581 expositio
1652 546 1693 573 est
1724 543 1807 572 haec:
1839 542 1987 573 homicida
2012 548 2076 574 erat
2107 544 2143 574 ab

1300 592 1401 626 initio,
1422 591 1449 620 id
1470 593 1512 620 est
1539 590 1631 619 statim
1663 593 1725 627 post
1751 589 1878 625 initium,
1899 590 1966 627 quia
1985 598 2072 628 parva
2092 591 2145 620 fuit

1300 645 1378 667 mora
1399 638 1471 666 inter
1492 637 1658 666 creationem
1679 639 1707 666 et
1727 636 1851 673 lapsum;
1873 639 1901 666 et
1921 637 1982 666 ideo
2002 637 2144 673 subditur;

1299 684 1349 713 Ille
1370 683 1401 712 in
1421 683 1542 712 veritate
1561 691 1621 711 non
1640 683 1733 717 stetit,
1755 682 1821 720 quia
1841 691 1896 712 non
1916 684 2114 720 perseveravit.

2161 548 2229 567 Tertia.

2265 423 2269 484 1

2265 485 2269 499 1

2265 505 2269 531 ἔ

2290 400 2293 420 ι

2291 422 2293 462 1

2278 552 2294 583 ¹¹3

2265 612 2270 690 ξ

2266 704 2270 724 t

1378 731 1483 768 Quarta
1502 730 1640 767 expositio
1660 732 1702 759 est
1722 730 1802 759 haec:
1824 729 1971 759 homicida
1992 730 2029 759 ab
2050 731 2145 768 inicio,
2162 734 2237 758 Quarta.
2266 725 2270 730 ’

1300 786 1355 807 11011
1376 786 1443 812 5110,
1464 777 1512 806 sed
1542 776 1652 814 generis
1682 777 1810 811 humani;
1831 776 1905 806 unde
1935 777 2144 815 Augustinus⁹:

1305 836 1319 850 ιι
1333 825 1391 854 Non
1412 826 1504 861 posset
1524 823 1607 853 homo
1620 823 1722 858 occidi,
1738 823 1789 852 nisi
1804 823 1893 852 factus
1906 823 2004 853 fuisset
2025 824 2145 854 homo».

1379 871 1481 908 Quinta
1511 870 1592 905 haec,
1618 870 1693 908 quod
1723 869 1870 899 homicida
1900 870 1937 899 ab
1958 870 2059 900 initio:
2081 873 2147 910 quia
2163 874 2179 898 0.

1301 919 1329 947 in
1350 918 1446 947 eodem
1467 918 1580 947 instanti
1602 917 1691 954 coepit
1710 923 1770 946 esse
1791 925 1807 945 a
1828 917 1884 946 Deo
1904 920 1932 946 et
1952 918 2043 948 malus
2063 927 2079 948 a
2100 927 2144 955 se,

1301 965 1374 995 sicut
1393 965 1484 994 anima
1504 967 1614 999 nostra,
1635 972 1707 1002 quae
1728 964 1838 1001 corpori
1858 964 2022 994 Infunditur.
2037 982 2076 986 -—
2090 966 2148 995 Pri-

1301 1019 1362 1040 mae
1382 1011 1453 1040 duae
1474 1011 1645 1045 haereticae3
1668 1010 1804 1039 secundae
1824 1010 1896 1039 duae
1917 1011 2082 1046 catholicae;
2104 1012 2148 1041 ul-

1302 1058 1368 1086 tima
1388 1057 1473 1086 dubia
1493 1059 1521 1086 et
1540 1057 1681 1086 declinans
1700 1057 1734 1085 ad
1755 1057 1924 1092 haereticas,
1953 1057 2017 1087 licet
2037 1066 2092 1087 non
2113 1059 2148 1088 sit

1302 1104 1453 1138 haeretica;
1476 1107 1503 1132 et
1524 1103 1585 1132 ideo
1606 1103 1790 1132 communiter
1811 1111 1867 1132 non
1888 1106 2008 1133 tenetur.

1381 1152 1427 1179 71.
1450 1151 1559 1187 Quaest.
1582 1150 1624 1179 IV.
1647 1151 1714 1178 Item
1734 1150 1864 1179 obiicitur
1885 1150 1918 1179 de
1939 1151 1992 1180 hoc
2013 1151 2087 1188 quod
2108 1151 2148 1180 di-

1303 1198 1354 1232 cit,
1386 1197 1460 1234 quod
1490 1197 1616 1225 diabolus
1647 1200 1688 1225 est
1717 1202 1804 1234 pt'er
1834 1197 1988 1226 mendacii.
2018 1214 2054 1219 --
2076 1198 2147 1236 Ergo

1303 1252 1366 1273 cum
1387 1251 1468 1272 omne
1490 1246 1634 1280 peccatum
1656 1243 1691 1272 sit
1718 1243 1905 1278 mendacium,
1927 1243 2050 1279 videtur,
2071 1244 2146 1281 quod

1302 1291 1338 1319 sit
1358 1298 1446 1319 unum
1468 1289 1635 1327 principium
1657 1290 1761 1326 peccati
1772 1289 1804 1317 ¹⁰.

1381 1338 1558 1366 Respoxnsso:
1586 1337 1753 1371 Dicendum,
1786 1337 1860 1374 quod
1891 1345 1946 1366 non
1973 1340 2015 1366 est
2045 1346 2148 1375 ponere

1299 1384 1434 1422 primum
1454 1383 1584 1417 malam,
1606 1383 1680 1420 quod
1711 1383 1822 1420 quidem
1854 1383 1889 1412 sit
1909 1383 2033 1420 primum
2053 1384 2081 1412 in
2102 1392 2148 1422 ge-

1303 1439 1369 1460 nere
1400 1430 1489 1464 emis,
1517 1430 1596 1467 quasi
1628 1438 1683 1458 non
1709 1430 1744 1458 sit
1764 1430 1799 1458 ab
1823 1430 1892 1464 alio;
1914 1430 1962 1459 sed
1983 1433 2024 1459 est
2044 1438 2148 1468 ponere

1300 1477 1434 1514 primam
1455 1476 1585 1510 malam,
1607 1479 1670 1505 ante
1701 1476 1775 1513 quod
1806 1485 1861 1505 non
1892 1477 2042 1513 praecessit
2073 1477 2148 1507 aliud

1304 1523 1424 1557 malum3
1444 1525 1471 1551 et
1492 1523 1544 1551 hoc
1566 1522 1677 1560 quidem
1699 1526 1740 1551 est
1761 1523 1838 1560 origo
1864 1524 2041 1560 sequentiilm
2063 1524 2149 1553 malo-

1303 1578 1382 1604 rum,
1408 1578 1463 1598 non
1494 1578 1603 1607 semper
1634 1569 1773 1607 effective,
1803 1570 1850 1599 sed
1866 1570 2101 1600 occasionaliter
2122 1574 2149 1600 et

1302 1617 1471 1654 sayyescive.
1494 1617 1555 1645 [deo
1576 1617 1656 1645 dicit:
1679 1617 1804 1645 Mendax
1836 1621 1877 1646 est
1903 1622 1929 1646 ec
1955 1621 2041 1655 pater
2069 1619 2148 1653 eius,

1303 1665 1406 1693 scilicet
1428 1664 1562 1693 mendacii
1575 1665 1605 1692 11.

1382 1712 1427 1739 72.
1449 1711 1559 1747 Quaest.
1583 1711 1611 1738 V.
1632 1711 1697 1739 Item
1719 1711 1865 1748 quaeritur
1886 1711 1920 1740 de
1940 1712 1993 1740 hoc
2014 1712 2088 1749 quod
2109 1711 2149 1740 di-

1303 1758 1354 1787 cit:
1379 1758 1436 1794 Qai
1456 1766 1490 1786 eac
1513 1758 1570 1786 Deo
1597 1761 1645 1786 est.
1668 1774 1704 1778 —
1727 1757 1814 1794 Aliqui
1828 1758 1850 1775 ¹2
1875 1761 2037 1787 sumserunt
2062 1758 2149 1787 robur

1303 1804 1423 1838 erroris,
1445 1804 1518 1841 quod
1533 1803 1596 1833 boni
1612 1804 1727 1840 spiritus
1748 1808 1812 1834 sunt
1827 1812 1862 1834 ex
1878 1805 1934 1834 Deo
1947 1804 2148 1834 materialiter.

1304 2022 1370 2044 Nom.
1389 2028 1408 2044 c.
1427 2022 1447 2044 4.
1465 2021 1478 2050 S
1499 2022 1536 2050 19,
1555 2021 1595 2044 ubi
1612 2022 1741 2044 secundum
1762 2022 1892 2045 versionem
1916 2022 2068 2045 Vercellens.:
2087 2022 2150 2045 Sicut

1304 2063 1382 2083 contra
1399 2060 1460 2087 ignis
1476 2063 1582 2082 naturam
1601 2063 1645 2088 est,
1659 2063 1683 2083 ut
1701 2060 1829 2088 infrigide13
1842 2060 1873 2083 510
1885 2062 1964 2083 contra
1976 2063 2082 2083 naturam
2094 2060 2149 2084 boni

1304 2103 1349 2127 est,
1367 2101 1392 2121 ut
1409 2099 1523 2127 producat
1540 2099 1625 2128 aliquid
1644 2106 1688 2121 non
1706 2099 1802 2122 bonum.
1822 2099 1866 2122 Csr.
1890 2102 1945 2122 tom.
1967 2099 1992 2122 II.
2014 2105 2068 2127 pag.
2092 2099 2149 2127 ,543¹

1303 2141 1357 2161 nota
1374 2138 1396 2160 7.
1414 2141 1436 2160 et
1453 2140 1507 2160 tom.
1525 2139 1552 2160 V.
1571 2144 1625 2166 pag.
1643 2138 1700 2166 ⁶225,
1719 2141 1770 2161 nota
1790 2139 1810 2160 t.

1366 2175 1375 2188 Β
1393 2177 1483 2199 Scilicet
1499 2177 1576 2205 ipsum
1594 2178 1717 2199 formatum
1736 2177 1805 2199 faisse
1822 2176 1910 2200 bonum
1928 2179 1950 2199 et
1965 2179 2018 2205 post
2039 2177 2149 2200 cecidisse

1304 2222 1330 2238 ex
1348 2216 1442 2244 propria
1459 2216 1576 2238 voluntate
1596 2218 1639 2238 etc.
1661 2216 1694 2238 De
1715 2217 1757 2238 bac
1779 2216 1895 2243 opinione,
1912 2216 1972 2238 sicut
1988 2218 2010 2238 et
2032 2215 2061 2238 de
2082 2221 2148 2245 seqq.

1303 2256 1344 2277 cfr.
1361 2255 1383 2277 11.
1403 2255 1463 2277 Sent.
1482 2255 1514 2276 111.
1532 2254 1644 2282 Magistri,
1662 2255 1684 2277 d.
1702 2255 1735 2277 111.
1752 2260 1771 2276 c.
1791 2254 1811 2281 4,
1829 2257 1851 2277 et
1867 2254 1924 2277 ibid.
1940 2254 2068 2277 Comment.
2085 2261 2108 2282 p.
2125 2255 2149 2277 11.

1304 2300 1324 2316 a.
1343 2295 1362 2315 1.
1381 2300 1405 2322 q.
1426 2294 1446 2315 i.
1464 2295 1524 2316 012.

1365 2331 1375 2344 ⁹
1392 2333 1414 2355 In
1432 2333 1493 2355 loan.
1510 2333 1597 2360 Evang.
1614 2336 1642 2354 tr.
1661 2333 1696 2355 42.
1714 2339 1737 2355 n.
1758 2333 1797 2359 11,
1815 2332 1855 2355 ubi
1872 2334 1945 2355 textus
1966 2332 2085 2360 originalis
2101 2331 2150 2355 ‘nisi

1300 2371 1370 2401 prius
1388 2371 1455 2401 fieret
1470 2378 1513 2399 pro
1529 2371 1578 2394 uisi
1592 2371 1669 2400 factus
1686 2371 1782 2400 fuisset,
1794 2374 1816 2393 et
1833 2371 1849 2394 C
1863 2372 1959 2400 poterat
1974 2377 2017 2399 pro
2030 2372 2117 2400 posset.

1367 2409 1387 2422 ¹⁰
1404 2410 1448 2433 Csr.
1466 2411 1490 2432 It.
1508 2411 1569 2433 Sent.
1586 2410 1610 2432 d.
1627 2411 1649 2432 5.
1666 2416 1687 2432 a.
1705 2411 1725 2432 2.
1743 2416 1765 2439 q.
1784 2411 1804 2432 2.
1823 2410 1926 2432 fundam.
1944 2411 1966 2432 2.

1369 2448 1387 2461 ¹¹
1405 2450 1515 2478 August.²
1534 2450 1555 2472 in
1572 2450 1633 2472 Ioan.
1650 2451 1736 2477 Evang.
1754 2453 1780 2471 tr.
1799 2449 1871 2471 4211.
1886 2450 1926 2471 43:
1943 2448 2053 2472 Diabolus
2072 2451 2148 2472 autem

1303 2494 1316 2510 a
1334 2495 1358 2511 50
1375 2489 1425 2516 ipso
1444 2489 1541 2511 mendax
1558 2489 1611 2510 suit:
1629 2488 1776 2511 mendacium
1789 2494 1857 2510 suum
1869 2488 1918 2516 ipse
1929 2488 2020 2515 genuit,
2032 2494 2045 2510 a
2057 2488 2149 2510 nemine

1304 2527 1400 2550 audivit.
1417 2527 1540 2555 Quomodo
1558 2528 1618 2550 Deus
1636 2528 1701 2549 Pater
1717 2527 1796 2554 genuit
1812 2526 1892 2549 Filium
1911 2526 2044 2553 veritatem,
2055 2526 2087 2549 sic
2103 2526 2149 2549 dia-

1304 2566 1371 2589 bolus
1388 2567 1466 2594 lapsus
1489 2566 1568 2594 genuit
1590 2567 1656 2595 quasi
1679 2566 1751 2588 filiurn
1774 2566 1944 2588 mendacium...
1967 2566 2024 2588 Nam
2046 2567 2068 2588 tu
2092 2566 2149 2587 sorte

1304 2606 1403 2628 mendax
1422 2612 1458 2632 es,
1476 2606 1530 2634 quia
1548 2606 1694 2628 mendacium
1712 2605 1824 2633 loquerisy
1843 2605 1884 2627 sed
1900 2611 1946 2627 non
1964 2610 1988 2627 es
2005 2607 2070 2632 pater
2091 2604 2147 2626 eius.

1305 2645 1327 2666 Si
1344 2645 1404 2667 enim
1423 2645 1486 2673 quod
1504 2645 1562 2667 dicis
1581 2651 1593 2667 a
1617 2644 1709 2667 diabolo
1731 2644 1840 2672 accepisti
1861 2646 1883 2666 et
1905 2643 1996 2666 diabolo
2019 2643 2148 2670 credidisti,

1304 2684 1403 2706 mendax
1420 2690 1457 2710 es,
1474 2687 1539 2711 pater
1556 2684 1671 2706 mendacii
1688 2689 1734 2705 non
1751 2689 1788 2709 es;
1801 2683 1837 2705 1110
1854 2688 1921 2709 vero,
1933 2682 1987 2711 quia
1999 2688 2044 2704 non
2057 2682 2148 2704 aliunde

1304 2723 1392 2750 accepit
1413 2722 1573 2750 mendacium,
1596 2729 1642 2751 quo
1665 2722 1786 2744 mendacio
1808 2724 1917 2750 tanquam
1941 2726 2031 2743 veneno
2053 2726 2149 2748 serpens

1303 2761 1421 2783 homiuem
1439 2761 1567 2789 occideret,
1586 2764 1650 2788 pater
1668 2763 1701 2783 est
1720 2760 1847 2786 mendacii,
1864 2759 1922 2782 sicut
1944 2759 2005 2781 Deus
2028 2759 2093 2781 Pater
2114 2761 2149 2781 est

1304 2800 1417 2822 Vei-itatis.
1435 2799 1480 2822 Csr.
1498 2799 1567 2822 etiam
1585 2802 1672 2828 quaest.
1690 2800 1711 2821 in
1729 2798 1837 2827 praeced.
1853 2801 1905 2820 nota
1923 2798 2028 2825 allegata.

1367 2835 1385 2848 ¹²
1404 2836 1447 2859 Csr.
1465 2838 1488 2859 It.
1506 2838 1568 2859 Sent.
1585 2837 1607 2859 d.
1629 2838 1663 2859 17.
1683 2843 1703 2859 a.
1724 2838 1742 2859 t.
1760 2843 1782 2866 q.
1804 2837 1826 2864 l,
1842 2836 1881 2859 ubi
1894 2837 1950 2858 haec
1962 2836 2147 2858 Manichaeorum

1304 2875 1382 2903 opinio
1400 2876 1525 2903 explicatur
1542 2879 1563 2898 et
1580 2876 1695 2898 refellitur.

2180 873 2241 917 aaa
2248 879 2262 894 ⁵‘

2165 1340 2221 1364 Resp.

2165 1433 2213 1458 Quid
2221 1433 2245 1452 sit
2252 1438 2262 1457 p

2189 1461 2237 1475 mum
2252 1461 2262 1475 11
