2296 3316
242 696 268 714 De
278 695 369 714 beneficio

254 719 294 738 Noe
303 719 370 738 collato

249 741 286 784 tdtpro
294 745 370 766 tangun-

279 977 368 996 Primum.

252 1823 366 1842 Secundum.

389 193 442 220 l7a

386 269 488 297 eduxit
508 268 591 297 illum
611 270 646 297 de
666 269 736 296 timo
753 271 850 296 terrae
862 267 889 301 ¹,
904 268 1007 297 scilicet
1022 276 1057 297 ex
1074 271 1152 305 parte
1173 276 1234 296 cor-

387 316 477 354 poris;
500 315 679 344 Ecclesiastici
698 315 806 343 decimo
830 315 962 351 septimo:
982 326 995 339 «
1011 315 1084 344 Deus
1105 314 1138 343 de
1160 317 1234 343 terra

388 362 491 391 creavit
514 362 651 390 hominem
668 373 693 389 ι).
724 361 759 389 Et
786 361 864 389 dedit
891 360 935 389 itti
959 361 1115 394 virtutem,
1138 361 1164 389 id
1192 363 1234 389 est

387 412 565 446 potestatem,
587 407 753 436 continendi
773 408 886 441 onznia,
906 407 1025 444 regendo
1040 407 1131 436 omnia
1145 410 1172 435 et
1185 407 1233 435 do-

387 455 518 484 minando
537 455 680 488 omnibus,
703 458 729 482 et
752 454 802 482 hoc
824 462 859 482 ex
882 456 960 490 parte
980 454 1102 487 animae,
1131 453 1234 482 scilicet

386 510 436 539 per
458 502 607 535 rationem,
630 501 782 530 secundum
806 500 873 529 illud
894 500 1006 529 Genesis
1028 501 1132 537 primo:
1152 512 1165 525 ιι
1181 501 1234 528 Do-

386 549 526 578 minamini
555 548 677 585 piscibus
705 549 818 576 maris»
850 552 922 581 etc.;
952 548 1015 576 item
1049 548 1075 576 in
1105 548 1232 576 Psalmo:

390 608 403 620 «
419 595 516 623 Omnia
538 595 680 624 subiecisti
700 594 753 623 snb
775 594 890 631 pedibus
911 594 971 622 eius
986 606 1011 622 ι».

465 642 509 670 Ab
531 641 586 670 hac
607 644 657 670 etc.
681 641 727 670 Hic
748 641 867 669 ostendit
893 640 1056 669 beneficium
1085 640 1233 677 sapientiae

387 689 541 726 specialiter
562 689 665 717 sactum
688 688 739 725 ipsi
763 688 821 717 Noe
848 692 875 717 et
903 688 935 717 iis
958 688 1005 725 qui
1030 696 1093 717 cum
1115 696 1148 716 eo
1175 687 1234 716 sue-

387 740 453 765 runt
476 736 501 764 in
523 743 604 769 arca,
632 735 744 772 quando
773 735 898 764 liberavit
926 735 1017 772 ipsum
1039 743 1055 763 a
1076 734 1180 763 diluvio
1207 737 1234 762 et

386 783 472 812 malos
494 782 619 820 perdidit.
643 783 674 811 Et
696 782 786 819 primo
807 782 893 819 tangit
912 782 1030 819 primam
1044 789 1154 810 causam
1167 789 1234 818 per-

387 831 505 858 ditionis
527 830 673 858 malorum
687 840 696 861 ‚·
711 829 845 863 secundo,
861 829 979 866 primam
996 837 1106 857 causam
1129 828 1233 856 libera-

387 878 473 906 tionis
495 877 654 911 bonorum,
676 877 729 905 ibi:
753 877 879 913 Propter
900 876 998 915 (μιοιί2
1020 879 1071 905 etc.

465 925 553 961 tVers.
580 924 626 960 3.).
649 924 719 952 Dicit
740 931 821 960 ergo:
847 923 888 951 Ab
910 922 982 957 liae,
1003 923 1106 951 scilicet
1127 922 1233 959 sapien-

387 972 438 1005 tia,
461 975 493 999 ut
514 971 646 1001 recessit.-
663 970 874 999 Proverbiorum
891 970 980 1006 primo
992 970 1019 997 ³:
1040 981 1052 994 «
1068 968 1233 1006 Sapientiam

385 1021 468 1055 atque
479 1017 632 1046 doctrinam
644 1016 721 1045 stulti
733 1015 888 1052 despiciunt
899 1026 926 1049 »3
940 1023 988 1052 per
1000 1015 1052 1043 hoc
1063 1015 1145 1048 enim,
1160 1013 1235 1051 quod

385 1064 524 1094 receditur
539 1072 554 1092 a
569 1064 717 1101 sapientia,
740 1062 880 1092 receditur
894 1071 910 1090 a
929 1062 999 1096 Deo:
1022 1070 1108 1099 supra
1129 1061 1233 1098 primo:

390 1124 403 1137 «
418 1111 566 1140 Perversae
587 1110 765 1148 cogitationes
786 1113 914 1147 separant
933 1118 948 1138 a
967 1109 1023 1138 Deo
1038 1120 1064 1140 »ς
1088 1108 1233 1142 iniustus,

386 1159 489 1188 scilicet
510 1158 591 1192 Cain,
613 1158 660 1195 qui
683 1157 785 1187 scilicet
806 1157 927 1186 iniustus
952 1156 1053 1185 dicitur
1074 1159 1235 1185 antonoma-

386 1205 468 1239 stice,
491 1205 555 1242 quia
577 1209 659 1241 caput
687 1204 738 1233 fuit
766 1207 792 1233 et
820 1204 964 1241 exemplar
991 1203 1175 1236 iniustorum:
1204 1202 1235 1231 in

387 1253 435 1281 ira
456 1261 530 1286 sua,
553 1260 608 1289 qua
628 1252 730 1280 scilicet
746 1252 834 1280 iratus
848 1255 889 1280 est
904 1255 1000 1279 contra
1015 1251 1128 1279 fratrem
1151 1258 1234 1279 suum

386 1299 469 1333 Abel3
491 1298 602 1327 Genesis
623 1299 761 1335 quarto4:
788 1310 801 1323 «
817 1298 908 1335 Quare
930 1298 1018 1326 iratus
1033 1305 1062 1326 es
1077 1309 1090 1322 n
1109 1299 1160 1326 etc.
1176 1297 1235 1325 Per

386 1339 466 1374 iram
491 1345 656 1380 homicidii,
679 1346 704 1374 id
727 1348 780 1379 est,
809 1352 880 1383 quae
908 1345 949 1373 ira
976 1345 1028 1373 fuit
1056 1344 1235 1373 homicidium

387 1394 539 1431 spirituale,
552 1393 704 1422 secundum
720 1392 787 1421 illud
802 1392 907 1429 primae
923 1392 1029 1421 ioannis
1044 1391 1140 1421 terlio:
1158 1403 1171 1416 «
1182 1391 1234 1428 Qui

387 1440 444 1469 odit
465 1441 577 1469 fratrem
600 1448 682 1469 suum
706 1439 841 1468 homicida
862 1443 942 1473 est»,
966 1439 1006 1468 vel
1030 1438 1188 1472 transitive,
1204 1442 1235 1466 ut

388 1488 423 1517 sit
444 1496 556 1517 sensus:
587 1488 645 1516 Per
668 1488 746 1516 iram
768 1486 919 1516 homicidii
926 1510 934 1521 ,
957 1486 983 1515 id
1005 1489 1061 1520 est,
1083 1494 1156 1523 quae
1183 1485 1235 1514 fuit

388 1543 471 1564 causa
492 1534 630 1563 homicidii
657 1534 822 1572 corporalis:
852 1534 925 1562 unde
953 1533 1064 1562 Genesis
1092 1532 1234 1570 quarto⁵:

393 1594 406 1607 «ι
420 1582 604 1611 Consurrexit
624 1582 688 1610 Cain
711 1585 807 1610 contra
827 1581 891 1610 Abel
912 1581 1026 1610 tratrem
1043 1588 1125 1609 suum
1147 1583 1174 1609 et
1194 1580 1235 1608 in-

389 1629 495 1658 terfecit
516 1637 579 1658 eum
595 1641 622 1657 n.
646 1629 832 1657 Frater-nitas
851 1628 988 1666 deperiit,
1010 1628 1037 1656 id
1058 1631 1100 1657 est
1121 1627 1236 1656 societas

387 1676 582 1709 fraternitatis,
604 1676 669 1705 Abel
690 1676 872 1712 corporaliter
887 1678 998 1704 mortuo
1019 1679 1046 1704 et
1067 1674 1132 1703 Cain
1155 1674 1236 1711 spiri-

388 1723 506 1752 tualiter.

465 1771 553 1807 (Vers.
567 1770 614 1805 4.).
627 1770 753 1807 Propter
768 1770 845 1808 quod
856 1770 866 1786 ⁶
881 1773 943 1804 etc.,
959 1769 1061 1798 scilicet
1076 1772 1235 1806 peccatum3

387 1818 456 1846 illud
477 1817 549 1846 enim
571 1820 716 1853 peccatum
742 1817 793 1845 fuit
821 1817 910 1854 prima
938 1824 1022 1845 causa
1050 1815 1237 1853 corruptionis

388 1864 556 1902 posteritatis
577 1864 658 1897 Cain,
680 1872 696 1892 a
716 1872 773 1900 qua
793 1864 918 1892 derivata
932 1867 974 1892 est
989 1864 1132 1901 corruptio
1148 1871 1237 1900 usque

387 1912 414 1941 in
438 1919 564 1948 magnam
587 1915 694 1948 partem
714 1911 883 1948 posteritatis
898 1911 979 1945 Seth;
995 1915 1022 1939 et
1037 1911 1179 1947 impletum
1197 1912 1238 1939 est

388 1958 456 1987 illud
476 1958 588 1987 Genesis
610 1961 705 1991 sexto,
721 1957 768 1986 ubi
784 1957 901 1986 dicitur:
923 1969 935 1982 «
951 1957 1046 1986 Omnis
1061 1965 1126 1986 caro
1140 1965 1237 1985 corru-

388 2008 467 2042 perat
488 2005 560 2033 viam
576 2013 655 2034 suam
670 2017 696 2032 n.
720 2004 793 2033 Cum
815 2013 895 2042 aqua
917 2004 1020 2032 deleret
1042 2007 1169 2038 terram,
1191 2003 1238 2032 de-

389 2052 467 2081 lendo
482 2052 585 2081 scilicet
600 2052 740 2080 hominem
762 2054 906 2080 terrenum
920 2051 953 2080 de
969 2051 1116 2088 superficie
1131 2054 1238 2085 terrae;

388 2099 499 2128 Genesis
518 2099 638 2128 sext0⁷z
666 2111 678 2124 «
694 2099 795 2128 Delebo
817 2098 974 2132 hominem,
996 2106 1078 2135 quem
1101 2098 1208 2132 creavi,
1223 2106 1239 2126 a

389 2147 455 2175 facie
471 2150 562 2175 terrae
574 2159 601 2173 ».
614 2147 758 2175 Perierunt
772 2146 845 2174 enim
860 2153 972 2179 omnes,
987 2146 1035 2182 qui
1051 2145 1144 2182 scripti
1160 2148 1239 2174 erant

389 2193 416 2222 in
432 2196 522 2227 terra,
538 2193 641 2221 scilicet
655 2193 735 2226 mali,
750 2192 783 2221 de
798 2192 901 2229 quibus
920 2192 1048 2221 leremiae
1070 2192 1176 2221 decimo
1197 2200 1238 2220 se-

989 189 1160 219 COMMENT.
1184 190 1215 218 lN
1237 190 1428 218 sarlENTlAM
1449 189 1476 218 C.
1500 189 1530 217 X.

1291 267 1390 304 ptimo:
1417 279 1429 292 α
1446 267 1612 296 Recedentes
1632 275 1648 295 a
1670 269 1696 295 te
1717 267 1743 295 in
1767 269 1842 295 terra
1869 267 2026 296 scribentur
2041 278 2068 302 »;
2089 268 2137 297 de-

1291 314 1370 343 lendo
1391 314 1472 343 etiam
1494 321 1602 342 omnem
1625 321 1736 342 carnem
1759 313 1786 342 in
1809 316 1883 342 terra
1905 314 2073 348 viventium,
2095 322 2137 343 se-

1290 361 1412 389 cundum
1434 360 1501 389 illud
1523 360 1635 389 Genesis
1649 360 1781 396 septimo:
1803 372 1816 385 «
1830 360 1979 389 consumta
1993 364 2034 389 est
2048 361 2137 390 omnis

1290 415 1369 441 caro,
1392 415 1463 444 quae
1478 407 1641 435 movebatur
1656 407 1682 435 in
1699 409 1772 435 terra
1789 419 1814 434 ».
1831 407 1955 435 Sanavit
1970 407 2076 435 iturum
2089 416 2136 436 sa.-

1287 454 1416 491 pientia,
1437 453 1540 482 scilicet
1562 453 1713 487 mundum,
1729 453 1801 482 sicut
1815 453 1918 482 scilicet
1932 454 2011 490 prius
2025 462 2137 483 sanave—

1290 503 1333 529 rat
1348 500 1442 534 Adanu
1458 500 1585 533 sanavit,
1601 500 1724 536 inquam,
1738 500 1884 534 mundum,
1899 500 2003 530 scilicet
2016 501 2106 538 ipsum
2122 510 2138 530 a

1290 547 1369 575 malis
1384 547 1542 575 hominibus
1557 546 1713 583 purgando3
1726 555 1780 584 per
1791 547 1997 584 contemptibile
2011 548 2137 585 ligyrium,

1296 594 1343 622 «id
1356 596 1397 622 est
1408 601 1458 630 per
1469 601 1561 622 arcam
1570 593 1581 610 ⁸
1591 605 1604 619 »
1620 593 1853 630 contemptibilem
1866 594 1892 622 in
1905 595 2019 623 materia
2033 598 2060 624 et
2074 603 2138 624 con-

1292 643 1422 677 temptam
1437 640 1472 668 ab
1487 640 1540 669 illis
1555 640 1601 677 qui
1617 648 1677 669 eam
1696 640 1801 669 frustra
1821 641 1958 670 aedificari
1981 642 2137 671 credebant.

1293 688 1423 720 lust-um,
1443 698 1455 711 «ε
1472 687 1576 715 scilicet
1590 687 1644 715 Noe
1659 698 1686 721 »,
1701 687 1736 715 de
1749 695 1806 724 quo
1820 687 1932 716 Genesis
1947 691 2042 717 sexto:
2058 700 2072 714 α
2083 689 2138 718 Noe

1291 734 1334 762 vir
1354 734 1446 762 iustus
1461 745 1474 759 ι»
1499 736 1566 767 etc.;
1587 733 1773 771 gubernans,
1796 732 1899 763 scilicet
1914 735 1985 764 inter
1999 743 2137 772 aquarum

1291 781 1484 809 inundationes
1505 780 1596 817 ipsum
1618 789 1634 808 a
1655 780 1847 810 submersione
1868 781 2025 817 liberando;
2041 790 2138 811 secun-

1291 828 1341 856 dae
1363 827 1433 856 Petri
1456 827 1615 856 secund0⁰z
1643 840 1656 852 «
1671 827 1806 856 Octavum
1835 828 1890 857 Noe
1918 828 2038 858 iustitiae
2059 838 2139 867 prae—

1292 882 1388 904 conem
1416 874 1579 908 custodivit,
1609 874 1712 903 mundo
1737 875 1872 905 diluvium
1894 876 2027 906 inducens
2042 889 2068 905 n.
2097 877 2138 906 Li-

1291 930 1377 959 gnum
1399 925 1492 951 autem
1514 921 1582 950 illud
1602 922 1773 959 significabat
1795 931 1923 957 crucem,
1939 923 2004 961 quia
2018 926 2139 953 contem-

1292 968 1395 1006 ptibilis
1416 971 1457 998 est
1478 969 1651 1003 infidelibus,
1674 969 1736 998 licet
1751 969 1878 998 fidelibus
1900 970 1935 999 sit
1956 970 2139 1005 venerabilis;

1291 1017 1365 1045 unde
1386 1016 1492 1053 primae
1513 1017 1547 1045 ad
1575 1016 1732 1045 Corinthios
1759 1016 1863 1053 primo:
1890 1028 1903 1041 «
1918 1016 2040 1046 Verbum
2066 1018 2138 1046 enim

1292 1063 1384 1092 crucis
1406 1063 1588 1100 pereuntibus
1610 1063 1727 1092 stultitia
1747 1065 1817 1091 est»
1842 1066 1909 1097 elc.;
1931 1063 1996 1092 item
2018 1063 2138 1093 ibidem:

1297 1122 1309 1135 «
1325 1109 1518 1139 Praedicamus
1536 1110 1677 1139 Christum
1693 1109 1879 1143 crucifixum,
1901 1109 2007 1139 Iudaeis
2027 1110 2139 1148 quidem

1293 1157 1452 1186 scandalum
1468 1169 1481 1182 2»
1506 1160 1557 1186 etc.

1371 1204 1450 1233 Haec
1470 1208 1496 1232 et
1516 1204 1548 1232 in
1569 1212 1710 1232 consensu
1731 1206 1782 1232 etc.
1804 1203 1851 1232 Hic
1866 1204 1953 1241 tangit
1973 1204 2138 1234 heneficium

1292 1251 1441 1288 sapientiae
1452 1251 1581 1280 collatum
1596 1251 1623 1279 in
1638 1246 1757 1288 persona
1771 1250 1923 1286 Abrahae,
1938 1251 2029 1289 primo
2042 1253 2140 1291 quoad

1291 1307 1339 1332 se,·
1360 1298 1496 1332 secundo,
1519 1298 1550 1326 in
1570 1306 1628 1326 sua
1646 1298 1831 1335 posteritate:
1854 1299 1888 1327 Et
1910 1298 1941 1327 in
1961 1298 2031 1336 filiis
2043 1299 2067 1316 ¹⁰
2086 1302 2138 1328 etc.

1334 1384 1338 1388 ι
1371 1345 1460 1382 (Vers.
1484 1345 1530 1380 5.).
1552 1345 1623 1374 Dicit
1644 1353 1725 1383 ergo:
1749 1346 1842 1380 Haeo,
1864 1346 1967 1375 scilicet
1991 1346 2138 1383 sapientia,

1292 1397 1333 1427 et,
1355 1393 1454 1427 etiam,
1476 1401 1543 1421 cum
1563 1401 1593 1421 se
1611 1392 1760 1427 nationes,
1783 1392 1810 1421 id
1837 1396 1878 1422 est
1906 1393 1980 1422 illius
2007 1393 2139 1429 temporis

1292 1439 1418 1468 homines
1429 1439 1455 1467 in
1468 1439 1534 1467 vitio
1549 1439 1698 1468 nativitatis
1713 1439 1897 1476 perdurantes
1909 1440 1941 1474 ¹¹,
1956 1439 2138 1474 extulissent,

1293 1486 1319 1515 id
1340 1489 1395 1520 est,
1418 1489 1500 1515 extra
1516 1494 1675 1514 mensuram
1699 1494 1778 1514 suam
1800 1486 1918 1515 elatione
1939 1486 2029 1515 cordis
2049 1488 2076 1515 et
2096 1494 2141 1515 co-

1292 1537 1359 1562 natu
1381 1533 1472 1570 operis
1493 1533 1636 1567 tulissent,
1658 1536 1755 1562 contra
1769 1533 1843 1570 quod
1858 1533 1960 1562 dicitur
1975 1533 2002 1561 in
2018 1533 2139 1562 Psalmo:

1298 1580 1455 1615 «Domine,
1477 1588 1531 1609 non
1553 1583 1594 1609 est
1621 1581 1775 1609 exaltatum
1803 1588 1851 1609 cor
1879 1588 2000 1609 meum»
2025 1582 2076 1609 etc.
2105 1580 2141 1609 In

1293 1636 1434 1656 consensu
1448 1627 1604 1664 superbiae
1616 1627 1656 1661 ¹2,
1678 1627 1704 1655 id
1726 1630 1768 1656 est
1788 1635 1823 1655 ex
1846 1626 1977 1664 superbia
1998 1626 2140 1661 veniente,

1293 1683 1349 1712 quo
1377 1674 1480 1703 scilicet
1507 1682 1659 1709 consensu,
1681 1675 1801 1711 vel-qua
1825 1674 1969 1711 superbia,
1991 1673 2141 1703 voluerunt

1294 1722 1395 1751 turrim
1424 1722 1569 1751 aedificare
1598 1722 1798 1759 pertingentem
1821 1729 1911 1758 usque
1931 1721 1965 1749 ad
1986 1721 2093 1750 caelum
2114 1724 2141 1750 et

1294 1777 1395 1798 nomen
1416 1777 1499 1798 suum
1521 1769 1677 1803 celebrare;
1700 1777 1821 1806 quorum
1843 1772 1996 1805 utrumque
2011 1768 2141 1805 superbia

1293 1817 1360 1851 fuit,
1382 1816 1493 1845 Genesis
1514 1815 1667 1844 undecimo.
1698 1815 1771 1843 Cum
1792 1824 1836 1849 se,
1859 1815 1988 1852 inquam,
2010 1815 2141 1844 nationes

1294 1863 1461 1892 extulissent
1474 1866 1541 1896 etc.;
1557 1863 1656 1897 sciuit,
1679 1862 1782 1891 scilicet
1796 1862 1941 1899 sapientia,
1963 1862 2141 1899 approbando

1294 1914 1321 1939 et
1343 1910 1468 1947 eligendo
1489 1913 1516 1938 et
1537 1918 1553 1938 a
1574 1909 1653 1938 malis
1681 1909 1849 1946 separando;
1879 1909 2015 1938 secundae
2036 1909 2070 1938 ad
2097 1909 2141 1938 Ti-

1295 1957 1437 1986 motheum
1449 1956 1570 1985 secundo
1582 1956 1620 1984 ¹³:
1637 1968 1650 1981 «
1663 1956 1741 1985 Novit
1756 1956 1890 1985 Dominus
1904 1956 1951 1993 qui
1967 1959 2033 1985 sunt
2043 1956 2103 1985 eius
2113 1967 2141 1990 »3

1295 2006 1407 2032 econtra
1428 2003 1506 2032 malis
1531 2003 1633 2032 dicitur
1655 2003 1782 2032 Matthaei
1805 2003 1940 2040 septimo:
1966 2014 1979 2029 «
1994 2003 2141 2040 Nunquam

1294 2051 1356 2079 novi
1379 2058 1427 2079 vos
1441 2061 1468 2084 »;
1497 2050 1626 2084 iustum,
1655 2050 1758 2079 scilicet
1786 2050 1938 2085 Abraham,
1968 2050 2015 2087 qui
2040 2050 2142 2079 dicitur

1295 2098 1390 2126 iustas
1417 2097 1641 2126 antonomastice.
1673 2098 1707 2125 Et
1733 2097 1917 2126 conservavit
1936 2098 1998 2126 sine
2025 2097 2142 2136 querela

1297 2145 1368 2178 Deo,
1395 2144 1450 2172 «in
1480 2143 1570 2172 medio
1597 2152 1699 2181 pravae
1720 2146 1747 2173 et
1768 2152 1916 2181 perversae
1943 2144 2061 2173 nationis
2073 2144 2096 2161 ¹4
2114 2156 2141 2178 »,

1295 2190 1368 2228 quod
1390 2190 1441 2219 fuit
1461 2190 1587 2225 difficile;
1610 2191 1698 2220 Lucae
1720 2191 1825 2228 primo:
1852 2203 1865 2216 «
1880 2191 1964 2220 Erant
1984 2191 2065 2219 ambo
2084 2190 2142 2219 sine

453 2377 462 2390 ¹
481 2378 580 2406 Vulgata
598 2377 743 2400 haec·verba
762 2378 857 2405 omittit,
875 2384 935 2407 quae
952 2378 1020 2400 etiam
1039 2384 1049 2400 a
1069 2378 1131 2401 card.
1144 2378 1204 2406 Hug.
1216 2380 1238 2400 et

390 2418 480 2445 Lyrano
497 2417 641 2440 exhibentur.
657 2429 688 2434 —
705 2418 762 2440 Tres
778 2418 821 2440 loci
838 2424 904 2446 seqq.
921 2421 974 2440 sunt
991 2417 1059 2440 Eccli.
1078 2417 1118 2445 17,
1137 2418 1162 2444 43
1181 2417 1238 2439 Gen.

395 2457 412 2483 l,
431 2457 468 2478 28.
480 2459 502 2478 et
515 2457 550 2478 Ps.
563 2457 588 2483 8,
602 2457 624 2479 8.
644 2469 672 2472 -
690 2457 784 2479 interius
802 2463 843 2485 pro
855 2456 957 2486 rependo
970 2456 1049 2480 ovinia
1062 2458 1083 2479 et
1094 2456 1237 2479 dominando

390 2495 445 2517 edd.
462 2497 483 2518 et
500 2495 646 2518 dovrinandi.

452 2532 461 2546 2
478 2535 508 2557 lta
526 2535 594 2557 etiam
613 2534 734 2562 Rabanus,
752 2535 815 2557 card.
828 2536 894 2563 Hugo
906 2538 928 2557 et
940 2536 1055 2563 Lvranus:
1068 2535 1167 2563 Vulgata
1180 2535 1237 2557 Pro-

387 2575 440 2603 pter
457 2580 534 2603 quem.

453 2611 462 2624 ³
480 2613 545 2635 Vers.
562 2613 585 2635 7.
602 2626 632 2630 —
650 2614 703 2642 Seq.
720 2614 784 2636 locus
801 2617 835 2636 est
852 2615 907 2641 Sap.
925 2614 945 2640 l,
964 2614 985 2635 3.
1004 2626 1032 2629 —
1050 2614 1128 2635 Glossa
1151 2612 1238 2636 interli-

392 2651 484 2675 nearis:
503 2651 537 2675 Ab
554 2652 610 2680 hac,
629 2659 640 2674 a
660 2653 719 2680 Deo,
737 2654 764 2676 ut
779 2652 874 2676 recessit
891 2652 1006 2681 iniustas,
1024 2652 1088 2676 Cain.

454 2690 464 2703 ⁴²
482 2692 549 2714 Vers.
566 2692 588 2714 6.
604 2704 636 2708 -
653 2692 762 2720 Sequitur
778 2693 793 2714 l.
810 2693 872 2714 ioan.
890 2693 916 2720 3,
934 2692 971 2714 15.

453 2729 463 2742 ⁶
481 2731 547 2753 Vers.
565 2732 590 2759 8,
609 2731 648 2753 ubi
666 2738 708 2759 pro
726 2733 810 2754 contra
827 2732 926 2759 Vulgata
948 2731 1070 2754 adt-ersus.
1088 2743 1119 2748 ——
1136 2730 1239 2753 Subinde

392 2776 434 2798 pro
451 2769 602 2799 fraternitas,
623 2771 686 2799 quod
704 2770 811 2793 exhibent
828 2771 896 2793 etiam
915 2770 1036 2798 Rabanus,
1053 2770 1115 2793 card.
1133 2770 1199 2798 Hugo
1217 2772 1239 2792 et

392 2810 507 2837 Lyranus,
525 2810 623 2837 Vulgata
641 2809 750 2839 fraterni.

454 2847 464 2860 ‘²
481 2848 526 2871 Csr.
544 2855 613 2876 supra
631 2853 684 2871 nota
702 2850 723 2871 2.
740 2861 772 2865 —
789 2849 883 2871 Interius
902 2850 1014 2877 allegatur
1034 2849 1090 2871 Gen.
1109 2849 1134 2876 6,
1157 2849 1190 2871 ¹2.
1209 2861 1238 2864 —

392 2887 495 2910 Subinde
513 2894 555 2916 pro
573 2894 586 2910 a
605 2894 651 2917 qua
669 2889 686 2910 Α
704 2894 717 2910 a
736 2894 788 2918 quo.

455 2925 463 2938 ⁷
482 2927 547 2949 Vers.
564 2926 587 2949 7.
604 2939 634 2943 —
651 2928 782 2956 Sequuntur
800 2929 840 2950 lor.
859 2927 895 2956 117,
908 2928 946 2950 13,
959 2930 980 2949 et
992 2928 1048 2950 Gen.
1060 2928 1083 2955 7,
1095 2928 1132 2955 24,
1146 2926 1183 2949 ubi
1196 2933 1238 2955 pro

392 2966 416 2989 in
434 2967 498 2989 terra
517 2966 616 2994 Vulgata
633 2972 705 2995 super
723 2968 821 2989 terram.

455 3004 464 3017 ¹³
482 3007 509 3029 Ut
526 3006 581 3028 dicit
598 3006 676 3028 Glossa
694 3005 866 3034 interlinearis,
884 3012 945 3035 quae
962 3007 1029 3028 etiam
1052 3006 1121 3034 paulo
1144 3005 1239 3027 interius

1293 2384 1335 2406 per
1352 2377 1443 2400 iustum
1460 2378 1527 2400 docet
1549 2377 1643 2405 intelligi
1660 2376 1716 2400 Noe.
1733 2389 1764 2394 -
1782 2378 1834 2406 Seq.
1852 2378 1916 2399 locus
1927 2378 1962 2399 est
1972 2377 2028 2399 Gen.
2041 2376 2066 2405 6,
2077 2376 2100 2398 9.
2111 2387 2142 2392 -

1294 2418 1364 2440 Paulo
1382 2417 1475 2441 inferius
1491 2423 1518 2439 ex
1536 2418 1552 2439 B
1569 2416 1731 2440 substituimus
1748 2416 1772 2440 in
1788 2416 1890 2440 materia
1907 2423 1950 2444 pro
1967 2415 2124 2439 immundam.

1357 2454 1367 2468 ⁹
1384 2457 1450 2478 Vers.
1468 2457 1489 2479 5.
1506 2469 1537 2473 —
1554 2456 1604 2478 Duo
1621 2462 1687 2484 seqq.
1704 2456 1747 2478 loci
1764 2458 1818 2478 sunt
1835 2456 1849 2478 1.
1866 2455 1918 2478 Cor.
1937 2456 1957 2483 1,
1970 2455 2008 2477 18.
2019 2457 2041 2477 et
2052 2455 2089 2477 23.
2102 2455 2143 2476 Ra-

1295 2495 1381 2518 banus:
1399 2495 1483 2518 Altiore
1504 2498 1582 2517 autem
1605 2501 1674 2517 sensu
1689 2501 1734 2524 per
1751 2493 1920 2524 contemptibile
1942 2493 2035 2523 limium
2053 2491 2143 2516 iustum

1294 2533 1443 2564 pubernans,
1460 2533 1574 2563 sapientia
1592 2534 1730 2556 restauravit
1747 2539 1822 2561 genus
1834 2534 1973 2561 humanum,
1990 2532 2084 2561 quando
2101 2537 2143 2559 per

1295 2573 1427 2602 passionem
1445 2573 1520 2596 crucis
1536 2572 1619 2596 Christi
1637 2572 1705 2595 totius
1722 2571 1804 2595 mundi
1820 2571 1906 2594 delevit
1922 2574 2045 2600 peccatum·
2060 2573 2103 2593 etc.

1360 2610 1379 2624 ¹⁰
1396 2611 1518 2639 Rabanus,
1535 2612 1598 2635 card.
1615 2612 1684 2640 Hugo
1695 2614 1718 2634 et
1729 2612 1834 2639 Lyranus
1851 2612 1942 2639 legunt:
1959 2611 1990 2633 Et
2001 2609 2025 2633 in
2036 2609 2091 2641 filiis
2102 2608 2143 2632 mi-

1294 2651 1450 2675 sericordiam
1470 2651 1556 2681 fortem
1578 2650 1718 2679 custodivit,·
1736 2651 1847 2679 Vulgata:
1866 2649 1897 2673 Et
1911 2649 1935 2672 iu
1952 2649 1997 2680 filii
2012 2648 2143 2672 misericor-

1295 2691 1333 2714 dia
1351 2691 1438 2721 fortem
1455 2689 1587 2713 custodivit.

1359 2728 1377 2742 ¹¹
1395 2729 1441 2752 Ctr.
1457 2735 1528 2757 supra
1546 2735 1601 2757 pag.
1620 2729 1677 2756 let,
1695 2731 1749 2751 nota
1766 2728 1789 2751 7.
1800 2741 1831 2745 —
1843 2727 1976 2751 immediate
1987 2729 2041 2755 post
2051 2733 2094 2755 pro
2105 2732 2145 2749 ea:-

1295 2768 1414 2796 tulissent,
1432 2768 1496 2797 quod
1514 2768 1599 2790 habent
1616 2768 1684 2790 etiam
1703 2768 1765 2790 card.
1782 2768 1850 2796 Hugo
1867 2770 1889 2789 et
1911 2767 2026 2794 Lwanus,
2044 2765 2143 2793 Vulgata

1295 2807 1454 2831 contulissent.
1472 2807 1575 2830 Subinde
1592 2808 1703 2835 allegatur
1720 2807 1755 2830 Ps.
1773 2807 1831 2833 130,
1850 2806 1871 2829 1.

1359 2845 1378 2859 ²²
1386 2847 1445 2869 Vide
1454 2852 1524 2875 supra
1534 2853 1588 2875 pag.
1599 2846 1652 2873 171,
1661 2849 1714 2869 nota
1724 2847 1746 2869 5.
1755 2846 1887 2868 —lnl'erius
1893 2846 2003 2873 allegatur
2009 2846 2065 2868 Gen.
2075 2845 2083 2866 1
2092 2845 2112 2871 1,
2122 2844 2143 2867 4.

1359 2884 1378 2897 ¹³
1391 2886 1457 2908 Vers.
1470 2886 1511 2907 la:
1524 2885 1639 2913 Cognovit
1649 2885 1763 2907 Dominus
1774 2887 1816 2907 etc.
1826 2897 1857 2901 —
1867 2884 1975 2913 Sequitur
1986 2884 2062 2906 Matth.
2074 2883 2096 2911 7,
2106 2883 2144 2905 23.

1359 2923 1379 2937 ¹⁴
1390 2924 1445 2947 Phil.
1464 2926 1490 2952 2,
1511 2925 1550 2947 15:
1568 2925 1596 2948 Ut
1613 2924 1661 2947 sitis
1678 2924 1727 2946 sine
1743 2924 1836 2953 querela
1854 2926 1877 2946 et
1893 2923 2022 2951 simplices,
2042 2922 2081 2944 sslii
2103 2921 2144 2944 Dei

1296 2964 1345 2987 sine
1362 2965 1553 2993 reprehensione,
1571 2964 1592 2986 in
1609 2964 1686 2986 medio
1704 2963 1802 2986 nationis
1819 2968 1906 2991 pravae
1922 2965 1945 2985 et
1965 2967 2096 2991 perversae.
2113 2972 2144 2978 —-

1297 3005 1350 3033 seq.
1367 3004 1431 3026 locus
1447 3006 1482 3026 est
1498 3004 1552 3026 Luc.
1572 3003 1592 3031 1,
1610 3003 1632 3025 6.

2157 881 2205 901 Arca
2216 883 2270 909 typus>

2179 910 2244 925 ΕΙἮΒΙΒ.

2169 1210 2238 1234 Duplex
2249 1211 2266 1230 bt

2155 1234 2239 1253 neficium
2254 1232 2277 1254 A*

2157 1257 2226 1276 brahae
2244 1263 2266 1276 co«

2156 1281 2220 1299 latum.

2155 1351 2243 1370 Primum.
