2296 3316
10 1179 11 1195 i
40 1183 81 1202 Non
88 1183 155 1208 proha-

78 1208 114 1225 tur.

65 1419 122 1443 Resp.
136 1419 154 1437 2.

8 1475 9 1485 l
28 1466 99 1485 Verum
106 1467 161 1485 etva-

8 1503 9 1519 1
35 1494 79 1508 num
85 1489 160 1515 triplex.

85 1513 155 1532 Primo.

63 1653 155 1672 Secundo.

87 1982 157 2001 Tertio.

902 159 934 188 IN
956 159 1201 188 ECCLESIASTEN.

176 241 204 274 et
223 238 363 272 Boethius,
385 238 460 276 quod
480 238 572 267 omnia
592 237 698 267 bonum
718 240 868 275 exoptant,
896 240 923 266 61
943 237 1026 266 etiam

177 285 373 322 Philosophus:
395 292 461 322 ergo
481 285 551 314 nihil
571 285 599 313 in
620 285 706 314 rebus
729 284 858 313 omnibus
886 284 1026 320 reperitur

178 340 287 361 vanum.

254 379 280 407 4.
308 379 463 413 Praeterea,
492 379 514 408 si
542 386 645 407 vanum
674 378 830 415 reperitur,
858 380 885 406 et
912 376 1026 406 scientia

176 427 228 456 ista
242 429 284 455 est
297 426 411 455 fundata
425 433 509 462 super
524 425 593 454 illud
607 427 740 462 tanquam
756 432 840 461 super
855 423 1024 457 subiectum3

175 477 202 504 et
223 473 297 512 quod
318 473 464 502 fundatum
478 475 520 501 est
541 480 626 509 super
641 480 743 501 vanum
764 479 868 500 vanum
890 473 943 499 est:
959 478 1025 507 ergo

176 522 243 550 haec
264 520 377 550 scientia
397 528 468 548 vana
487 522 537 548 est.

254 567 428 604 Respondeo:
449 566 484 595 ad
505 566 713 603 intelligentiam
734 565 941 602 praedictorum
968 572 1024 592 uno

175 615 255 645 modo
276 616 366 652 potest
393 613 446 643 dici
468 613 522 647 sic,
551 612 625 650 quod
645 620 757 641 vanum
778 611 880 640 dicitur
907 611 1026 648 duplici-

176 665 233 690 ter:
255 669 311 689 uno
332 660 413 689 modo
437 659 622 697 simpliciter,
644 662 671 688 et
699 658 738 687 sic
759 659 850 695 privat
871 665 970 686 verum
998 660 1025 686 et

175 709 294 742 honum,
317 709 344 736 et
364 707 418 736 tale
439 715 494 735 non
515 709 557 735 est
584 706 612 734 in
634 706 773 735 universo.
796 705 843 734 Est
869 704 922 733 alio
943 704 1024 733 modo

173 763 285 784 vanum
303 762 353 792 per
368 753 618 791 comparationem
638 753 678 781 ad
693 752 849 781 terminum
866 751 1023 785 initialem,

173 802 240 840 quia
259 801 293 830 de
324 801 475 835 nihi103et
505 800 544 829 sic
569 808 624 828 non
654 801 792 836 repugnat
821 799 908 834 bono,
940 798 1024 826 immo

173 856 262 877 unum
276 850 304 876 et
317 847 389 876 idem
403 849 445 876 est
459 847 564 875 honum
577 849 605 875 et
619 853 738 875 vanum:
754 845 801 875 sed
816 844 939 879 bonum,
958 844 1025 881 quia

173 904 189 924 a
203 895 276 924 bono
290 897 317 923 et
331 894 365 923 ad
383 894 503 927 honum;
524 901 653 926 vanum,
675 892 741 929 quia
761 891 795 920 de
816 891 902 920 nihilo
923 894 951 919 et
971 889 1024 919 sibi

173 942 300 971 relictum
315 941 402 970 tendit
416 940 450 969 ad
464 940 549 974 nihil;
565 943 592 968 et
606 939 667 968 talis
689 939 795 968 vanitas
813 938 897 967 habet
917 937 1024 967 honita-

173 993 229 1021 tem
243 989 296 1018 suh
310 988 423 1017 scientia
432 1010 439 1022 ,
453 990 481 1017 et
494 987 555 1016 ideo
569 987 603 1016 de
617 987 663 1016 tali
678 989 768 1024 potest
782 994 842 1015 esse
863 985 976 1015 scientia
996 988 1024 1013 et

171 1036 304 1068 doctrina.
321 1053 357 1056 —
373 1036 405 1064 Et
425 1043 475 1072 per
489 1035 542 1064 hoc
563 1034 631 1063 solvi
646 1037 735 1071 potest
748 1033 783 1062 ad
796 1033 889 1062 omnia
902 1032 1023 1066 obiecta,

172 1083 238 1121 quia
257 1083 424 1120 procedunt,
446 1090 478 1111 ac
499 1082 521 1110 si
543 1084 634 1110 essent
654 1081 688 1110 de
709 1088 780 1109 vano
800 1079 970 1117 simpliciter.

251 1130 309 1159 Sed'
324 1130 392 1158 haec
413 1129 513 1158 solutio
534 1137 588 1157 non
610 1128 707 1162 solvit,
729 1127 794 1164 quia
815 1135 870 1155 non
895 1127 951 1164 agit
975 1127 1023 1155 Ec-

172 1177 311 1207 clesiastes
331 1176 365 1205 de
386 1176 483 1210 rebus,
506 1175 659 1204 secundum
680 1175 755 1212 quod
776 1183 813 1203 ex
834 1174 921 1202 nihilo
942 1177 1022 1207 sunt,

173 1225 257 1254 immo
278 1223 431 1253 secundum
452 1222 528 1260 quod
548 1222 582 1251 ab
603 1222 765 1251 hominibus
788 1224 974 1258 appetuntur;
996 1223 1024 1250 et

173 1274 317 1309 praeterea
337 1270 393 1307 agit
413 1270 446 1299 de
469 1269 588 1298 vanitate
608 1269 728 1306 culpae,
750 1276 822 1307 quae
837 1268 954 1305 privatio
969 1270 1022 1297 est:

172 1319 235 1348 ideo
253 1320 362 1355 oportet
383 1317 462 1346 aliter
483 1316 583 1345 dicere.

250 1364 479 1402 Respondendum
501 1364 586 1401 igitur
606 1363 686 1392 aliter
708 1366 735 1392 et
755 1362 919 1396 dicendum,
949 1361 1023 1399 quod

172 1413 244 1442 sicut
263 1420 366 1441 verum
386 1411 489 1440 dicitur
504 1410 596 1439 tribus
616 1410 719 1443 modis,
742 1410 779 1438 ita
793 1412 820 1438 et
841 1417 953 1437 vanum
972 1408 1022 1437 sihi

172 1459 344 1497 oppositum,
359 1466 408 1496 per
423 1458 549 1495 regulam
564 1458 667 1494 supra1
683 1457 792 1486 dictam.
809 1457 868 1485 Uno
888 1456 969 1485 modo
983 1456 1023 1485 di-

172 1507 245 1536 citur
266 1514 384 1540 verum,
407 1504 560 1534 secundum
578 1504 653 1541 quod
667 1503 846 1532 convertitur
861 1512 927 1532 cum
949 1506 1022 1538 ente,

172 1556 199 1583 et
220 1553 259 1583 sic
280 1552 391 1587 dicitur,
413 1551 487 1589 quod
507 1559 590 1580 omne
604 1559 653 1580 ens
674 1553 715 1580 est
737 1558 849 1585 verum;
871 1553 898 1579 et
913 1550 952 1579 sic
972 1558 1024 1579 va-

171 1609 245 1630 num
259 1608 326 1630 vero
347 1599 505 1637 oppositum
518 1598 621 1627 dicitur
640 1606 775 1632 non-ens,
798 1598 870 1626 sicut
890 1597 1023 1632 dicimus,

173 1648 248 1686 quod
275 1647 415 1677 chimaera
441 1649 483 1676 est
511 1654 640 1674 non-ens.
667 1662 703 1666 -
729 1645 786 1674 Alio
813 1645 895 1673 modo
921 1645 1023 1674 dicitur

172 1703 291 1728 veram,
313 1693 467 1722 secundum
488 1692 563 1730 quod
591 1692 666 1721 ultra
686 1691 828 1721 entitatem
849 1691 924 1720 addit
945 1691 1024 1720 ordi-

172 1751 238 1771 nem
259 1741 299 1770 ad
319 1740 513 1778 operationem
535 1743 561 1768 et
580 1739 684 1776 finem,
706 1739 778 1768 sicut
798 1739 900 1767 dicitur
921 1747 1024 1767 verum

174 1789 285 1823 uinum,
303 1787 378 1825 quod
393 1787 476 1816 habet
490 1794 585 1816 veram
600 1786 788 1823 operationem
805 1786 873 1820 vini,
889 1786 927 1814 sic
941 1784 1024 1814 homo

173 1844 277 1869 verus,
299 1834 347 1872 qui
369 1834 453 1863 habet
474 1833 663 1871 operationem
690 1833 810 1862 debitam
832 1832 938 1861 homini
956 1833 976 1866 ²,
998 1834 1025 1860 et

174 1883 241 1912 haec
262 1886 304 1911 est
324 1881 448 1918 operatio
468 1881 596 1915 virtutis;
618 1883 646 1909 et
667 1880 705 1909 sic
724 1888 838 1908 vanum
858 1879 960 1907 dicitur
975 1886 1024 1915 per

174 1929 356 1968 privationem
388 1927 568 1957 ordinationis
595 1928 623 1956 in
655 1928 754 1961 finem,
786 1930 813 1955 et
844 1926 882 1955 sic
913 1928 1025 1962 peccata

173 1977 266 2007 omnia
285 1978 314 2005 et
333 1975 481 2005 abusiones
501 1983 588 2004 vanae
602 1978 675 2004 sunt.
697 1991 736 1995 —
750 1974 807 2002 Alio
827 1973 909 2002 modo
922 1973 1024 2002 dicitur

173 2032 289 2058 verum,
311 2022 464 2052 secundum
486 2022 561 2059 quod
580 2022 663 2050 addit.
676 2029 762 2058 supra
781 2029 841 2049 6336
855 2019 1024 2058 impermist-

175 2071 279 2100 timwm
300 2070 340 2098 ad
360 2077 505 2103 non-esse,
528 2068 603 2106 quod
623 2068 700 2097 nullo
724 2067 806 2096 modo
830 2067 914 2096 habet
928 2071 1025 2105 poten-

174 2118 240 2148 tiam
253 2117 288 2146 ad
302 2116 383 2151 illud;
399 2119 426 2145 et
440 2116 479 2145 sic
493 2115 595 2145 dicitur
609 2115 713 2144 habere
728 2123 833 2143 verum
854 2123 929 2148 6336,
951 2114 1026 2151 quod

175 2165 259 2194 habet
278 2172 337 2192 6336
358 2162 537 2192 immutabile
544 2173 554 2196 ;
575 2165 602 2191 et
623 2162 675 2190 hoc
696 2161 778 2190 modo
802 2170 913 2190 vanum
940 2169 1026 2198 oppo-

175 2212 258 2241 situm
281 2219 349 2240 vero
364 2213 405 2239 est
425 2209 494 2238 illud
515 2209 589 2247 quod
604 2211 650 2238 est
665 2209 798 2238 mutabile
812 2212 840 2238 et
857 2211 1025 2238 transmuta-

175 2258 237 2288 bile.
260 2258 292 2286 Et
306 2257 344 2286 sic
365 2257 455 2286 omnis
470 2261 611 2285 ereatura
628 2264 711 2285 vana
733 2259 789 2290 est,
804 2256 877 2294 qaia
897 2255 1026 2284 subiecta

171 2305 333 2339 vanitati-³,
356 2304 382 2333 id
403 2307 445 2333 est
465 2303 650 2333 mutabilitati.

1912 166 1929 193 7

1161 238 1204 266 Sic
1226 238 1310 275 igitur
1330 238 1403 267 dicto
1425 247 1495 268 vano
1517 240 1676 277 tripliciter:
1703 250 1758 270 uno
1779 242 1859 271 modo
1879 251 1929 279 per

1082 284 1265 320 privationem
1280 293 1338 313 6336
1358 286 1538 322 simpliciter,
1559 287 1612 316 alio
1626 288 1707 316 modo
1729 296 1778 325 per
1799 290 1929 326 privatio-

1082 339 1146 359 nem
1167 340 1226 359 6336
1247 332 1390 366 ordinati,
1407 333 1488 361 tertio
1509 334 1589 362 modo
1604 342 1653 371 per
1672 335 1855 371 privationem
1870 345 1929 366 6336

1082 378 1350 407 intransmutabilis
1357 390 1367 412 ‚·
1387 379 1421 408 de
1442 380 1532 416 primo
1552 381 1629 409 nullo
1652 381 1733 410 modo
1754 386 1795 411 est
1816 383 1929 412 scientia

1082 432 1132 453 nec
1153 424 1291 459 doctrina,
1313 425 1365 454 nisi
1386 426 1457 455 forte
1478 427 1577 456 habeat
1597 436 1655 456 6336
1672 428 1704 456 in
1724 437 1818 457 causa
1839 432 1866 458 et
1886 437 1928 458 se-

1082 471 1205 499 cundum
1232 471 1301 500 illud
1328 473 1462 509 coynosez·
1488 476 1516 501 et
1538 474 1650 502 edoceri
1658 485 1668 508 ,·
1692 477 1720 503 et
1747 475 1785 504 sic
1806 484 1859 504 non
1888 480 1929 505 est

1082 526 1204 552 vanum;
1233 518 1281 547 sed
1308 519 1462 547 secundum
1487 520 1561 556 quod
1589 529 1699 550 vanum
1727 525 1783 556 est,
1808 530 1857 551 nec
1876 532 1929 559 per

1080 573 1110 592 36
1132 572 1182 593 1166
1199 573 1253 602 per
1281 566 1416 594 accidens
1437 569 1478 594 est
1498 566 1532 595 de
1560 575 1592 595 eo
1613 568 1725 596 scientia
1736 569 1756 596 4.
1773 585 1809 589 —
1825 569 1863 598 De
1888 578 1929 599 se-

1082 611 1173 640 cundo
1193 611 1274 640 modo
1295 620 1349 640 non
1371 615 1412 640 est
1433 612 1547 641 scientia
1565 622 1618 650 per
1638 622 1684 647 36,
1706 614 1753 643 36(1
1771 623 1826 651 per
1853 616 1930 644 aeci-

1081 658 1158 686 dens.
1181 658 1257 687 Sicut
1278 658 1351 687 enim
1372 659 1507 688 medicina
1525 663 1566 689 est
1587 660 1700 689 scientia
1713 661 1771 690 sani
1793 664 1820 690 et
1840 663 1928 699 aegri,

1081 705 1139 733 sani
1167 704 1280 741 quidem
1305 714 1359 742 per
1387 715 1432 740 36,
1464 706 1539 743 aegri
1561 715 1628 736 vero
1654 716 1708 744 per
1729 708 1877 743 accidens,
1899 712 1930 737 ut

1081 753 1141 781 vult
1156 753 1374 790 Philosophus53
1397 753 1435 782 sic
1449 753 1483 782 de
1504 754 1586 791 culpa
1600 754 1643 783 vel
1664 758 1776 791 peccato
1796 758 1838 784 est
1852 756 1929 785 theo-

1081 799 1151 833 rica,
1173 800 1221 828 sed
1242 799 1348 829 ratione
1369 800 1488 829 virtutis.
1505 817 1542 821 —
1557 801 1596 830 De
1611 801 1692 830 tertio
1711 802 1805 836 modo,
1827 802 1930 832 scilicet

1080 846 1114 875 de
1134 846 1318 875 mutabilitate
1338 850 1499 881 creaturae,
1521 848 1634 876 scientia
1654 851 1696 877 est
1713 857 1768 885 per
1787 858 1830 884 36,
1859 850 1931 879 sicut

1081 897 1155 930 patet
1176 894 1210 922 (16
1231 897 1309 927 motu
1330 894 1396 923 solis
1416 897 1444 923 et
1464 895 1575 923 orbium
1589 898 1616 923 et
1637 895 1754 924 aliarum
1775 904 1880 925 rerum.
1893 913 1929 918 —

1081 940 1110 969 ln
1131 941 1184 969 1106
1204 940 1289 978 igitur
1311 941 1382 970 libro
1410 942 1502 978 agitur
1523 941 1557 970 de
1585 943 1704 971 vanitate
1725 943 1930 972 mutabilitatis

1081 988 1138 1017 sive
1159 991 1288 1022 naturae,
1310 988 1376 1025 quia
1389 991 1431 1017 est
1452 989 1549 1025 pulcra
1569 992 1597 1018 et
1617 993 1693 1026 apta,
1715 993 1742 1019 et
1762 990 1796 1019 de
1811 990 1930 1020 vanitate

1081 1035 1201 1072 culpae;
1222 1035 1255 1064 de
1276 1035 1329 1064 alia
1349 1036 1485 1069 vanitate,
1508 1032 1617 1065 scilicet
1632 1037 1811 1074 privationis
1839 1037 1930 1065 omni-

1080 1082 1199 1116 modae,
1232 1091 1287 1111 non
1307 1082 1408 1119 agitur,
1440 1083 1506 1119 quia
1526 1083 1559 1111 de
1591 1083 1637 1112 illa
1660 1091 1715 1112 non
1746 1087 1787 1112 est
1818 1084 1931 1113 scientia

1081 1136 1172 1165 neque
1192 1129 1325 1157 doctrina.

1163 1177 1186 1203 ·l.
1206 1176 1284 1212 Quod
1299 1184 1365 1213 ergo
1380 1176 1470 1212 primo
1484 1176 1623 1210 obiicitur,
1638 1177 1712 1214 quod
1733 1177 1822 1205 omnis
1843 1177 1930 1206 scien-

1081 1222 1118 1251 tia
1139 1225 1181 1251 est
1200 1222 1234 1250 de
1255 1222 1327 1250 bono
1348 1225 1376 1251 et
1397 1230 1478 1257 ver03
1501 1231 1598 1251 verum
1626 1226 1667 1252 est
1688 1231 1737 1260 per
1763 1231 1800 1257 se,
1822 1224 1869 1252 sed
1896 1223 1930 1252 de

1080 1277 1151 1297 vano
1172 1269 1255 1297 etiam
1269 1271 1360 1305 potest
1373 1276 1433 1298 esse
1454 1269 1560 1298 ratione
1582 1270 1655 1304 veri;
1677 1273 1704 1298 et
1723 1270 1770 1307 qui
1792 1270 1931 1307 cognoscit

1080 1315 1216 1353 principia
1236 1323 1318 1350 vera,
1340 1318 1367 1344 et
1387 1316 1455 1344 falsa
1476 1316 1628 1353 cognoscit;
1648 1319 1675 1345 et
1689 1316 1815 1345 similiter
1835 1319 1877 1345 est
1897 1317 1929 1345 de

1080 1370 1163 1400 aegro
1184 1365 1211 1391 et
1231 1370 1314 1397 sano,
1336 1362 1462 1391 similiter
1483 1365 1510 1392 et
1532 1363 1559 1391 in
1581 1363 1722 1400 proposito
1733 1363 1753 1391 ⁶.

1160 1411 1185 1438 9..
1203 1410 1228 1439 3.
1244 1410 1270 1438 [ι.
1287 1410 1366 1446 Quod
1380 1410 1523 1444 obiicitur,
1538 1410 1612 1447 quod
1627 1414 1771 1439 creaturae
1792 1418 1846 1439 non
1865 1414 1929 1439 sunt

1082 1465 1180 1491 vanae,
1197 1457 1262 1494 quia
1276 1456 1355 1485 valde
1370 1457 1457 1486 bonae
1472 1460 1498 1486 et
1514 1457 1541 1485 in
1553 1457 1637 1486 finem
1650 1457 1807 1492 ordinatae;
1823 1458 1930 1486 solven-

1080 1504 1161 1538 dum,
1183 1504 1258 1541 quod
1279 1512 1333 1533 non
1354 1504 1487 1533 dicuntur
1514 1513 1609 1533 vanae
1630 1512 1679 1541 per
1704 1504 1841 1533 desectum
1865 1505 1929 1533 honi

1081 1552 1125 1580 vel
1145 1551 1265 1586 ordinis,
1292 1551 1339 1580 sed
1360 1559 1410 1588 per
1435 1551 1572 1580 defectum
1593 1560 1652 1580 6336
1666 1551 1912 1580 incommutabilis
1919 1563 1929 1585 ,-

1081 1602 1108 1628 et
1129 1599 1168 1627 sic
1188 1598 1277 1627 omnis
1302 1600 1432 1627 creatura
1452 1606 1535 1633 vana,
1557 1606 1607 1627 nec
1628 1601 1670 1627 est
1690 1598 1728 1627 ita
1750 1607 1834 1633 vana,
1862 1599 1930 1636 quin

1080 1645 1181 1674 habeat
1206 1645 1351 1674 veritatem
1372 1648 1399 1674 et
1420 1645 1607 1679 bonitatem⁷;
1630 1648 1656 1674 et
1682 1645 1742 1673 ideo
1763 1645 1876 1674 scientia
1903 1649 1930 1674 et

1080 1692 1206 1721 doctrina
1227 1692 1261 1721 de
1282 1692 1342 1729 ipsa
1362 1696 1403 1721 est
1424 1700 1498 1721 vera.

1167 1786 1306 1822 QUAESTIO
1328 1786 1366 1814 111.
1392 1786 1430 1814 De
1450 1786 1535 1814 modo
1556 1786 1663 1823 ayemli
1685 1787 1715 1814 in
1736 1787 1839 1815 eodem.

1161 1880 1243 1913 ltem,
1265 1879 1410 1916 quaeritur
1438 1879 1472 1908 de
1493 1880 1577 1908 modo
1604 1879 1727 1917 (19611111,-
1755 1880 1860 1908 dictum
1888 1882 1929 1908 est

1081 1927 1169 1960 enim,
1191 1926 1265 1963 quod
1286 1926 1342 1963 agit
1362 1929 1389 1955 et
1403 1926 1527 1964 loquitur
1546 1927 1573 1955 in
1588 1927 1713 1963 personis
1734 1927 1862 1961 diversis,
1878 1927 1929 1956 361-

1081 1974 1144 2003 11661
1165 1973 1232 2002 fatui
1254 1976 1281 2002 et
1302 1974 1440 2010 sapientis.

1160 2023 1228 2050 San:
1247 2023 1270 2049 l.
1286 2021 1363 2050 Sicut
1382 2021 1483 2050 dicitur
1505 2021 1685 2050 Ecclesiastici
1708 2021 1839 2058 vigesimo
1853 2021 1879 2055 ⁸,
1896 2030 1930 2049 61

1082 2077 1131 2097 ore
1151 2067 1233 2105 fatui
1253 2067 1460 2105 reprobabitur
1477 2068 1639 2105 parabola.-
1661 2075 1727 2104 ergo
1748 2071 1776 2096 et
1797 2068 1931 2096 sententia

1080 2115 1153 2144 dicta
1174 2115 1202 2143 in
1223 2122 1340 2151 persona
1361 2114 1427 2143 fatui
1453 2122 1507 2142 non
1536 2117 1578 2143 est
1605 2114 1783 2143 attendenda:
1813 2122 1880 2151 ergo
1908 2114 1930 2142 si

1082 2161 1217 2191 sententia
1238 2161 1373 2190 librorum
1395 2169 1539 2190 sacrorum
1554 2164 1595 2189 est
1615 2161 1795 2195 attendenda,
1810 2169 1865 2189 non
1886 2161 1932 2190 de-

1082 2209 1129 2238 bet
1150 2208 1225 2245 loqui
1246 2208 1274 2236 in
1296 2216 1414 2245 persona
1434 2208 1511 2237 fatui.

1162 2257 1187 2283 2.
1211 2255 1292 2289 Item,
1314 2263 1387 2292 quae
1406 2255 1472 2284 dicit
1493 2255 1521 2283 in
1542 2263 1660 2292 persona
1680 2256 1747 2284 fatui
1767 2259 1794 2284 et
1815 2255 1932 2284 carnalis

1083 2305 1148 2331 sunt
1180 2301 1371 2339 reprobanda3
1404 2301 1451 2330 sed
1482 2302 1620 2336 nescitur,
1652 2302 1762 2339 quando
1794 2301 1931 2338 loquitur,

239 2450 247 2463 ¹
266 2452 357 2479 Quaest.
377 2451 397 2473 l.
416 2451 437 2472 in
455 2456 516 2479 resp.

239 2488 248 2502 ²
266 2490 371 2517 Aristot,
390 2490 426 2512 lV.
443 2490 535 2512 Meteor.
554 2492 605 2512 text.
623 2489 660 2512 54.
674 2490 702 2517 (6.
715 2488 763 2518 1111.)
774 2498 779 2511 2
791 2489 872 2512 Omnia
885 2491 961 2511 autem
974 2491 1026 2511 sunt

177 2530 296 2552 terminata
313 2535 395 2557 opcre;
412 2529 491 2551 omnia
508 2529 584 2556 enim,
601 2535 662 2557 quae
677 2531 774 2556 possunt
785 2529 860 2550 facere
871 2534 940 2550 suum
953 2534 1025 2556 opus,

179 2574 231 2592 vere
247 2570 312 2595 sunt,
330 2570 355 2590 ut
370 2567 463 2596 oculus,
480 2568 498 2590 si
516 2567 592 2596 videt,
609 2567 673 2596 quod
690 2570 767 2590 autem
785 2573 831 2589 non
849 2569 936 2595 potest,
948 2566 1025 2596 aequi-

179 2614 243 2636 voce,
262 2610 286 2630 ut
304 2609 408 2629 mortuus
425 2609 469 2629 etc.
485 2606 532 2629 Ct‘r.
549 2607 576 2629 V.
594 2607 693 2635 Metaph.
710 2608 763 2628 [ext.
780 2606 818 2628 34.
835 2605 883 2634 (lV.
901 2612 920 2628 c.
938 2605 994 2634 29.)-

241 2645 250 2658 ³
267 2647 334 2668 Rom.
351 2646 378 2672 8,
396 2646 437 2668 20:
455 2645 555 2668 Vanitati
579 2646 640 2668 onim
665 2647 770 2667 creatura
795 2644 898 2667 subiecta
923 2647 958 2667 est
982 2647 1025 2667 etc.

178 2687 223 2710 Csr.
241 2686 256 2708 l.
272 2686 334 2708 Sent.
351 2685 374 2707 d.
392 2685 413 2707 8.
431 2691 454 2713 p.
471 2686 487 2708 1.
504 2691 524 2707 a.
538 2685 559 2707 l.
575 2691 599 2714 q.
612 2685 633 2707 1.
645 2697 676 2700 -
687 2685 751 2711 Vat.,
763 2684 932 2712 refragantibus
944 2684 1025 2712 codd.‚

178 2726 245 2754 legit:
262 2726 286 2748 et
301 2724 344 2748 hoc
355 2724 425 2748 modo
437 2731 524 2747 vanum
535 2723 664 2754 opponitur
676 2730 732 2746 vero
740 2729 786 2753 per
797 2723 957 2753 privationem
975 2729 1026 2746 esse

179 2766 250 2793 illius,
267 2764 331 2794 quod
347 2766 382 2788 est
398 2763 545 2788 immutabile
561 2765 582 2787 et
599 2763 815 2787 intransmutabile.
837 2764 867 2786 Et
891 2762 925 2786 sic
948 2762 1026 2786 omnis·

179 2806 292 2828 creatura
309 2805 345 2827 est
358 2803 463 2828 subiecta
479 2803 592 2831 vanitati,
610 2802 667 2833 quia
684 2802 844 2826 mutabilitati.

242 2841 252 2855 ⁶
269 2842 372 2871 Aristot.,
390 2843 405 2865 l.
422 2843 508 2865 Poster.
525 2848 546 2864 6.
563 2843 589 2864 2:
607 2842 675 2871 Quod
691 2848 738 2865 non
755 2844 789 2864 est
805 2848 851 2864 non
868 2844 902 2864 est
913 2840 987 2869 scire,
1002 2843 1027 2863 ut

180 2882 244 2912 quod
260 2881 373 2904 diameter
389 2881 418 2904 sit
435 2883 569 2909 symmeter.

242 2919 253 2933 ⁵
268 2920 330 2943 Libr.
347 2921 384 2944 Vl.
402 2920 483 2948 Topic.
500 2926 521 2942 6.
537 2920 560 2942 3.
579 2920 608 2948 (c.
625 2919 669 2948 5.),
686 2919 727 2943 11111
744 2922 843 2942 tractans
860 2919 890 2942 de
906 2920 949 2941 hac
971 2919 1026 2941 defi-

180 2961 265 2983 nitione
282 2960 422 2983 medicinae:
440 2959 533 2983 scientia
550 2959 670 2982 sanitatem
683 2961 705 2982 et
716 2959 886 2987 aegritudinem
898 2958 1025 2985 efficiendi,

1082 2449 1124 2471 ait:
1144 2458 1155 2469 «ι
1168 2449 1224 2471 Nam
1241 2449 1271 2472 de
1289 2449 1323 2471 illa
1349 2448 1444 2477 quidem
1466 2454 1511 2477 per
1528 2454 1553 2470 36
1569 2448 1665 2474 dicitur,
1688 2448 1717 2470 de
1735 2449 1776 2469 liae
1794 2450 1871 2469 autem
1885 2453 1930 2476 per

1082 2488 1206 2516 666ἰά6η3,’
1224 2488 1358 2516 simpliciter
1375 2487 1437 2509 enim
1456 2487 1556 2509 alienum
1581 2493 1594 2509 a
1620 2487 1734 2509 medicina
1760 2486 1929 2514 aegritudinem

1082 2529 1173 2550 efficere
1187 2537 1196 2547 n
1211 2530 1254 2549 616.
1266 2539 1297 2543 -
1309 2527 1359 2549 Mox
1371 2532 1414 2554 pro
1426 2525 1529 2549 theorica
1543 2525 1573 2548 ob
1585 2525 1784 2548 abbreviationem
1796 2525 1865 2547 codd.
1885 2525 1930 2553 legi

1082 2570 1161 2595 posset
1177 2565 1268 2589 theoria
1285 2566 1321 2588 vel
1339 2564 1464 2595 theologia.
1481 2565 1625 2587 Retinuimus
1642 2564 1746 2587 theorica
1764 2565 1777 2586 i.
1795 2570 1815 2586 e.
1832 2567 1931 2586 contem-

1082 2606 1166 2634 plativa
1184 2605 1246 2631 sive,
1264 2607 1288 2627 ut
1304 2605 1417 2632 Origenes
1435 2605 1485 2633 (cfr.
1502 2607 1555 2626 tom.
1572 2604 1600 2626 V.
1618 2610 1672 2632 pag,
1685 2604 1742 2631 363,
1755 2606 1807 2625 nola
1820 2604 1850 2630 8.)
1869 2604 1930 2630 vult,

1082 2645 1209 2673 inspectiva
1226 2644 1328 2667 scientia.

1144 2682 1154 2695 ⁶
1172 2684 1276 2712 Aristot.,
1294 2684 1309 2706 1.
1327 2684 1357 2706 de
1374 2683 1467 2710 Anima,
1485 2685 1537 2705 text.
1555 2682 1593 2704 85.
1611 2682 1640 2710 (6.
1663 2682 1707 2709 5.):
1725 2681 1846 2703 Sufficiens
1868 2681 1929 2702 enim

1082 2726 1116 2746 est
1133 2724 1203 2745 altera
1221 2729 1274 2751 pars
1291 2722 1457 2745 contrarietatis
1473 2727 1498 2743 se
1515 2721 1590 2749 ipsam
1607 2720 1735 2743 diiudicare
1752 2723 1774 2742 et
1785 2720 1928 2748 oppositam3

1082 2764 1145 2784 recto
1162 2761 1223 2783 enim
1241 2764 1263 2783 et
1287 2761 1364 2789 ipsum
1390 2763 1412 2782 et
1436 2759 1557 2788 obliquum
1582 2759 1758 2787 cognoscimus,
1774 2758 1842 2780 iudex
1867 2758 1928 2780 enim

1083 2803 1235 2829 utrorumque
1245 2801 1337 2828 regula;
1347 2799 1467 2828 obliquum
1477 2800 1554 2820 autem
1566 2804 1642 2826 neque
1654 2798 1688 2820 sui
1702 2797 1772 2825 ipsius
1781 2803 1856 2825 neque
1867 2797 1929 2818 recti.

1145 2837 1153 2850 '¹
1172 2839 1279 2865 Hieron.,
1296 2839 1339 2861 106.
1356 2838 1406 2865 cit.,
1424 2836 1547 2859 obiectioni
1564 2836 1702 2864 respondet:
1719 2836 1843 2858 Possumus
1861 2834 1929 2862 igitur

1083 2881 1105 2901 et
1122 2884 1164 2900 nos
1182 2878 1203 2900 in
1221 2879 1282 2900 hunc
1300 2877 1396 2900 modum
1413 2876 1515 2903 caelum,
1533 2878 1641 2898 terram...
1658 2874 1718 2897 hona
1736 2874 1830 2902 quidem
1848 2880 1889 2901 per
1905 2879 1928 2895 se

1083 2917 1172 2943 dicere,
1189 2917 1230 2939 sed
1248 2917 1277 2939 ad
1294 2917 1368 2939 Deum
1385 2917 1529 2943 comparata,
1547 2921 1598 2937 esse
1615 2920 1657 2942 pro
1675 2914 1744 2936 nihilo
1761 2916 1803 2935 etc.

1146 2955 1155 2968 ¹³
1173 2957 1238 2979 Vers.
1256 2957 1293 2978 22.

1969 389 1996 408 De
2014 390 2074 413 primo

1945 418 1992 439 vano
2001 418 2037 439 non
2047 415 2074 432 est

1945 438 2030 455 seientia.

1946 575 1981 602 De.
1992 576 2074 602 secundo

1955 601 2034 617 scientia
2042 604 2074 622 per

1954 622 2049 640 accidens.

1968 832 1972 835 .
1977 808 2012 835 ΒΕῥ
2017 809 2075 828 tertio

1946 834 2024 851 scientia
2041 837 2075 856 per

1947 861 1974 874 se.

1947 950 1963 968 Α
1967 950 2062 974 pplicatio.

1947 1183 2018 1202 Salutio
2032 1189 2064 1207 op-

1950 1207 2060 1230 positorum.

1950 2025 1979 2044 Ad
1992 2026 2066 2048 oppos}

1984 2051 2021 2067 lum
2026 2062 2029 2066 .
