2296 3316
313 183 396 213 XXlV
1024 180 1268 210 PROLEGOMENA
1288 181 1317 209 C.
1338 182 1368 209 ll.
1401 215 1404 219 ι

315 262 428 284 exeuntis.
452 261 638 284 Commentarius
659 261 741 289 incipit
764 261 802 283 [01.
826 261 847 283 1.
864 267 884 283 r.
900 264 926 283 ut
941 260 1010 288 editi,
1027 260 1068 283 sed
1085 260 1108 282 in
1130 260 1169 282 de-

315 315 385 332 cursu
402 311 437 332 est
453 315 524 337 saepe
539 309 665 337 ampliatus
681 309 719 331 vel
735 308 900 337 interpolatus,
921 308 981 331 sicut
1004 308 1098 330 videtur
1121 308 1169 330 sere

315 356 338 378 in
355 356 466 379 omnibus
481 356 657 384 manuscriptis,
674 362 736 385 qnae
752 356 790 378 hic
807 355 902 378 interius
919 355 1065 378 subiit-imus.
1082 355 1169 377 Desinit

316 403 354 426 [01.
371 403 424 426 294.
441 410 476 426 r.:
495 403 604 427 GlorIose
628 405 651 426 et
674 402 796 426 individae
819 402 945 431 minitati,
964 403 1017 426 Iesu
1032 401 1077 425 Xti
1093 401 1168 425 cruci—

314 450 364 481 fixe
379 450 532 479 humanitati,
550 450 615 474 beate
630 451 708 474 Marte
724 450 815 480 virqini
837 450 914 473 ‘matri
933 450 964 474 sit
981 449 1036 473 laus
1053 451 1075 473 et
1091 449 1168 472 honor

315 500 338 522 et
353 498 434 528 qloria
450 498 480 522 ab
495 498 563 522 omni
578 500 692 522 creatio-a
709 497 735 521 in
750 497 897 528 sempiterna
920 497 1002 521 secula
1022 496 1168 521 seculorum.

317 535 400 569 Amen.

380 593 417 615 16.
433 592 581 623 Bamberyae
598 594 621 616 in
637 593 748 621 navaria,
770 592 909 616 bibliotheca
932 592 1049 620 Civitatis,
1069 591 1123 614 cod.
1142 592 1169 620 Q.

316 642 350 664 lll.
369 641 405 664 13.
422 642 495 664 chart.
512 641 534 663 in
552 641 590 664 [01.
605 647 667 664 saec.
683 641 736 664 XV.
753 641 815 663 circa
836 640 994 663 medietatem.
1010 640 1034 662 ln
1050 642 1117 667 parte
1133 645 1169 661 su-

317 689 410 717 periore
426 689 472 711 [0111
488 688 558 716 primi
574 688 745 716 praemittitur:
764 688 846 712 Gerra
861 693 935 717 saper
953 686 1085 710 Iohannem
1101 692 1169 709 evan-

316 735 435 766 qettstam.
454 736 544 759 Deinde
561 736 606 758 col.
626 736 654 758 l:
674 735 744 763 Ecce,
762 734 875 765 intelliget
891 738 934 759 etc,
952 734 1038 757 Desinit
1050 733 1103 756 [0110
1116 733 1169 756 155.

317 791 355 806 xz:
373 783 475 807 Domino
492 784 546 807 Iesu
562 782 692 807 adiurante
708 784 730 806 et
746 782 896 811 auxiliante,
914 781 956 812 qui
971 781 1028 805 *civit
1044 782 1067 804 et
1082 782 1170 811 reqnat

317 831 341 854 in
357 831 445 855 secula·
455 831 600 855 seculorum.
617 832 702 854 Amen.
720 831 779 853 111110
790 831 890 858 scriptor
901 836 926 853 se
938 830 1017 858 prodit
1028 831 1072 852 hoc
1084 829 1168 852 modo:

317 878 346 902 Si
361 879 382 901 al
394 880 504 908 ponatur
521 880 542 902 ec
559 878 601 901 ber
617 878 754 902 associatur
771 879 794 901 et
810 881 846 901 tus
870 877 976 901 addatur
992 890 1024 894 —
1042 876 1090 905 Qui
1110 876 1171 900 scri-

313 926 365 956 psit
379 927 418 949 Btc
435 928 536 950 coeatur
553 926 670 955 (Albertus
686 926 744 955 nic).

385 974 419 996 17.
436 974 550 1003 Bremae,
578 973 718 996 bibliotheca
743 973 858 1001 Civitatis,
880 973 933 995 cod.
950 974 976 995 Α.
994 972 1031 995 27.
1050 973 1123 994 chart.
1145 972 1169 995 in

319 1022 357 1044 [01.
373 1027 434 1044 saec.
451 1021 511 1044 xlv.
529 1021 642 1044 excuntis.
666 1020 853 1043 Commentarius
878 1020 958 1047 incipit
984 1020 1021 1042 [01.
1041 1020 1063 1042 2.
1080 1026 1113 1046 r.,
1130 1019 1171 1042 ubi

318 1069 498 1098 praemittuntur
515 1070 572 1091 hacc
589 1068 678 1091 verba:
694 1067 758 1091 Assit
783 1067 815 1090 ad
839 1067 959 1097 inceptum
982 1068 1067 1090 sancta
1089 1066 1171 1090 Maria

318 1122 406 1139 meum.
424 1115 508 1146 Incipit
524 1116 604 1140 Gor-ra
615 1121 689 1145 super
700 1114 838 1138 Iohannem.
851 1114 938 1137 Desinit
949 1114 1002 1136 [0110
1015 1114 1095 1136 ultimo
1107 1113 1171 1142 ipsis-

318 1163 384 1186 simis
399 1163 479 1186 verbis
494 1163 582 1186 codicis
599 1162 768 1191 praecedentis.
784 1162 841 1185 Dein
858 1161 966 1184 additur:
984 1159 1126 1190 Eapliciunt
1137 1159 1172 1183 di-

318 1213 356 1234 cta
372 1217 445 1240 super·
461 1210 584 1240 evanqelia
603 1209 724 1233 Iohannis.
742 1209 815 1233 Orate
828 1215 876 1239 pro
892 1209 1017 1238 scriptore.

386 1259 420 1281 18.
438 1257 578 1286 Cracoviae,
597 1257 735 1280 bibliotheca
747 1257 863 1284 Civitatis,
880 1257 920 1280 Ms.
934 1256 1002 1279 1317.
1015 1256 1040 1278 Α.
1052 1256 1078 1279 Α.
1091 1256 1136 1279 Vll.
1149 1256 1171 1278 7.

319 1307 391 1329 chart.
409 1306 430 1328 in
448 1306 484 1328 [01.
502 1311 563 1328 5000.
581 1306 641 1328 ΧΝ.
658 1305 771 1328 exeuntis.
787 1304 868 1333 lncipit
884 1310 940 1332 pag.
961 1305 967 1326 l
997 1304 1041 1326 col.
1059 1304 1085 1325 l:
1103 1303 1169 1332 Ecce,

285 1340 287 1342 .
320 1353 435 1383 intelliqet
449 1359 535 1377 servus
551 1359 619 1376 meus
636 1356 679 1375 etc.
696 1352 784 1375 Desinit
801 1359 855 1381 pag.
877 1352 938 1374 289:
956 1352 1010 1381 Ipso
1027 1350 1172 1379 adiuvante,

320 1400 363 1431 qui
376 1400 433 1424 cit-it
450 1400 474 1423 in
490 1400 572 1424 secula
588 1399 734 1424 seculorum.
751 1402 835 1423 Amen.
852 1400 875 1421 ln
899 1399 1003 1421 chartula
1029 1398 1101 1420 asseri
1119 1398 1172 1420 inte-

320 1449 369 1471 11115
385 1448 473 1471 adnexa
490 1448 589 1476 legitur:
608 1448 689 1471 Gorra
705 1453 779 1477 supet·
797 1446 934 1469 Iohannem.

386 1496 424 1518 19.
439 1494 539 1523 Ibidem,
559 1495 582 1517 in
599 1495 682 1517 eadem
698 1493 852 1520 bibliotheca,
869 1494 908 1516 Ms.
928 1493 997 1515 1316.
1014 1493 1042 1515 Α.
1053 1493 1079 1515 Λ.
1093 1492 1139 1515 Vll.
1151 1493 1173 1514 8.

320 1544 393 1566 chart.
410 1543 433 1565 in
451 1543 488 1565 [01.
505 1548 567 1565 saec.
594 1542 655 1564 XlV.
680 1541 791 1564 exeuntis.
813 1541 900 1569 Pagina
926 1541 934 1563 1
957 1540 1071 1563 habetur:
1089 1539 1174 1569 Incipit

317 1590 436 1620 proloqus
453 1590 479 1613 in.
494 1590 634 1614 Iohannem.
650 1589 719 1613 Dicta
736 1588 855 1613 Gai-rani.
869 1588 940 1617 Ecce,
952 1587 1066 1617 intelliqet
1077 1590 1122 1610 etc.
1133 1587 1175 1609 Dc-

321 1639 375 1661 sinit
391 1645 445 1667 pag.
463 1638 509 1661 304
527 1641 551 1661 ιιι
568 1638 711 1666 praecedens
728 1637 816 1665 codex;
837 1636 946 1659 additur:
957 1635 1101 1665 Eaplicittnt
1111 1634 1175 1658 dicta

323 1687 403 1711 Gurre
418 1692 492 1716 super
509 1685 653 1712 Iohannem,
677 1684 722 1708 sub
743 1690 808 1707 anno
826 1683 956 1707 nativitatis
974 1682 1097 1706 Domini...
1116 1683 1175 1705 neti-

322 1740 368 1763 qua
385 1733 556 1756 desiderantur.

386 1781 425 1804 20.
444 1780 544 1808 Ibidem,
562 1781 602 1803 llis.
624 1780 689 1803 1336.
707 1780 733 1802 Α.
750 1780 777 1802 Α.
795 1780 840 1802 Vll.
866 1779 887 1801 9.
911 1780 984 1801 chart.
1010 1779 1032 1800 in
1054 1778 1091 1800 [01.
1113 1783 1175 1800 saec.

320 1830 380 1853 XlV.
397 1828 508 1852 exeuntis.
526 1828 608 1856 Incipit
624 1833 680 1856 pag.
706 1828 714 1849 l
736 1830 760 1850 et
776 1827 861 1850 desinit
877 1832 932 1855 pag:
949 1826 1029 1848 ultima
1055 1828 1081 1848 ut
1102 1825 1175 1848 codex

320 1876 476 1905 praecedens,
492 1876 601 1898 additur:
624 1875 689 1898 Laus
706 1874 748 1898 tibi
763 1874 794 1898 sit
810 1875 870 1902 Xte,
890 1873 1006 1903 quoniam
1023 1871 1082 1895 liber
1098 1871 1176 1902 empli-

321 1924 352 1948 cit
369 1924 418 1947 ista.
435 1923 577 1953 Ezplicinnt
601 1922 665 1946 dicta
681 1922 783 1953 Nicohry
799 1921 827 1945 de
845 1922 944 1945 Gorran
960 1927 1035 1950 super
1051 1919 1176 1949 eranyctia

322 1970 435 1995 Iohannis
451 1970 555 2001 apostoli
570 1972 592 1994 et
608 1969 758 2000 evanqeliste.

385 2019 422 2041 21.
439 2018 541 2047 Ibidem,
558 2019 600 2041 Ms.
620 2018 690 2040 1338.
706 2018 733 2040 Α.
750 2017 776 2039 Α.
794 2017 840 2039 Vll.
859 2016 896 2039 to.
913 2017 986 2038 chart.
1004 2015 1027 2037 in
1044 2016 1082 2037 [01.
1094 2014 1177 2043 Incipit

323 2072 377 2094 pag.
396 2067 404 2088 1
426 2070 449 2088 et
473 2065 558 2089 desinit
576 2071 632 2093 pag.
660 2065 713 2087 222.
738 2064 792 2087 Post
816 2069 888 2087 anien
913 2062 1022 2085 additur:
1048 2062 1112 2085 Laus
1135 2060 1178 2085 tibi

321 2113 403 2143 ‘rii-qo,
417 2112 461 2143 pia
477 2112 585 2142 qenicrsx
601 2112 717 2142 vii-yoque
739 2110 828 2135 Maria.
853 2109 961 2140 Empticit
985 2110 1084 2134 Gorran
1101 2115 1175 2139 super

322 2160 445 2191 evangelia
462 2160 577 2184 Iohannis
588 2159 741 2189 ecanqeh'ste.
754 2160 825 2183 Anno
836 2157 935 2181 Domini
944 2157 1072 2181 millesimo
1085 2156 1175 2181 CCCO’.

323 2208 363 2230 11⁰.
381 2207 443 2237 feria
460 2208 524 2230 IIII·.
538 2209 594 2237 post
611 2206 673 2230 diem
689 2206 768 2229 sancti
783 2205 869 2229 Marci.

386 2256 425 2277 22.
442 2254 593 2278 Chremisani
609 2253 817 2283 (Krcmsmsmster)
830 2254 853 2276 in
865 2253 955 2276 Austria
963 2270 969 2280 ,
981 2253 1121 2275 bibliotheca
1133 2253 1177 2275 Mo-

323 2303 415 2326 nasterii
433 2302 520 2325 ordinis
537 2302 609 2325 sancti
626 2301 757 2329 Benedicti,
774 2301 827 2324 cod.
839 2302 893 2324 223.
910 2302 984 2324 chart.
1000 2301 1023 2323 in
1040 2301 1079 2323 sol.
1098 2300 1178 2328 lncipit

324 2351 361 2373 [01.
383 2351 402 2372 l.
418 2351 462 2373 col.
480 2351 508 2372 ·1;
527 2350 599 2378 Ecce,
620 2349 735 2379 intelliget
750 2352 793 2372 etc.
811 2349 928 2377 Expositio
939 2348 1032 2377 prologi
1043 2348 1115 2371 sancti
1127 2348 1177 2370 Hie·

323 2398 415 2426 ronymi
431 2398 501 2420 valde
516 2397 665 2426 protrahitur.
682 2396 870 2420 Commentarius
886 2396 972 2419 desinit
993 2396 1032 2418 [01.
1058 2395 1110 2418 131.
1133 2395 1177 2418 snb

324 2445 418 2468 verbis:
436 2445 576 2475 Expliciunt
591 2444 654 2468 dicta
667 2445 745 2468 Gorre
755 2450 829 2473 saper
840 2443 991 2473 ecanqelinm
1002 2443 1117 2466 Iohannis
1128 2442 1178 2466 iam

324 2493 393 2523 finita
406 2499 451 2522 per
468 2492 598 2515 Iohannem
606 2492 774 2522 presbyterum
785 2497 850 2515 anno
862 2490 960 2514 Domini
969 2491 1001 2513 M.
1014 2490 1095 2514 CCCC.
1106 2491 1176 2514 XIII.

326 2540 351 2563 in
367 2539 403 2563 die
420 2539 582 2563 decollationis
599 2539 678 2563 sancti
693 2539 807 2562 Iohannis
825 2538 946 2569 Baptiste..

389 2588 426 2610 23.
445 2586 553 2615 Gor-litii,
570 2587 710 2610 bibliotheca
732 2586 848 2615 Civitatis,
864 2586 963 2609 cod-A.
980 2586 1006 2609 B.
1026 2587 1078 2608 126.
1097 2586 1120 2608 111
1140 2586 1178 2608 [01.

326 2640 388 2657 saec.
404 2634 457 2656 XV.
474 2634 581 2656 ineuntis.
598 2634 678 2662 lncipit
695 2635 732 2656 [01.
751 2635 772 2656 1.
789 2640 809 2656 r.
828 2634 871 2656 col.
890 2634 911 2656 ’1.
929 2636 952 2656 et
968 2633 1052 2656 desinit
1069 2633 1107 2655 [01.
1124 2633 1178 2655 125.

326 2688 350 2703 v.
366 2682 409 2704 001.
427 2682 457 2704 2:
474 2681 576 2704 Domino
600 2682 654 2704 Iesu
670 2681 812 2709 adiuvante,
830 2680 873 2711 qni
889 2680 946 2704 civit
961 2682 984 2704 et
998 2681 1085 2709 reynat
1102 2679 1126 2702 in
1143 2685 1179 2702 se—

326 2728 383 2752 cula
398 2728 544 2752 seculorum.
561 2728 643 2751 Amen.
661 2728 692 2751 Et
708 2728 812 2757 alariosc
823 2729 844 2751 et
856 2728 977 2751 individae
990 2727 1113 2755 Trinitali,
1126 2727 1179 2750 Iesu

326 2776 372 2799 Xli
387 2775 501 2806 crucifixi
508 2775 675 2804 humanitati,
693 2775 756 2798 beate
773 2775 850 2798 Maria
866 2775 957 2804 rirqini
966 2774 1042 2797 matri
1051 2775 1083 2797 sit
1093 2774 1178 2802 honor,

327 2823 382 2846 laus
399 2824 422 2846 et
437 2822 517 2852 qloria
533 2822 563 2845 ab
580 2822 647 2845 omni
663 2824 777 2845 creatura
794 2822 818 2845 in
834 2822 978 2852 smnpiterna
994 2822 1084 2845 secula.
1097 2822 1179 2844 Amen..

325 2870 421 2900 Respice
433 2871 546 2899 peccator
561 2881 594 2886 —
610 2869 639 2893 Si
653 2875 702 2892 non
718 2875 790 2892 verus
812 2870 907 2892 amator
925 2882 955 2885 -—
973 2869 1037 2893 Nam
1059 2870 1081 2892 te
1106 2869 1182 2892 morti

327 2917 399 2947 arati
414 2930 446 2934 —
461 2917 585 2941 Moriendo
601 2916 727 2947 vivificavi.

390 2965 428 2987 24.
445 2963 559 2988 Lambaci
575 2964 597 2986 in
614 2964 704 2987 nustria
726 2964 859 2992 superiore.
884 2964 1024 2987 bibliotheca
1049 2965 1180 2987 Monosterii

326 3012 415 3035 ordinis
435 3012 508 3035 sancti
533 3012 665 3039 Benedicti,
682 3012 734 3034 cod.
753 3012 806 3034 119.
823 3013 896 3034 chart.
915 3012 977 3034 Folio
999 3013 1016 3034 l.
1033 3019 1052 3035 r.
1070 3011 1181 3035 habetur:

1225 259 1342 289 Incipient·
1360 259 1441 283 Gorra
1458 266 1532 290 snper
1548 259 1677 283 Iohannem
1689 269 1698 289 ‚·
1715 266 1786 290 saepe
1802 261 1897 289 saepius
1914 261 2080 290 interpolatur,

1225 310 1248 330 et
1263 307 1348 330 desinit
1358 307 1400 330 [01.
1419 307 1471 330 139.
1488 313 1508 330 r.
1532 308 1575 330 col.
1602 308 1623 330 t.
1647 307 1692 331 sub
1717 307 1826 331 rubrica:
1852 308 1992 338 Eoepliciunl
2015 308 2081 333 dicta

1226 355 1304 378 Gorre
1319 360 1393 384 super
1410 354 1534 384 euanyelia
1551 354 1665 379 Iohannis
1682 355 1825 385 evanqeliste
1833 362 1878 386 pei·
1890 362 1978 379 manus
1990 355 2081 380 Mathia

1225 401 1310 425 Fanca
1326 401 1388 431 feria
1404 401 1509 425 secunda
1522 403 1580 432 post
1595 402 1692 426 vincula
1703 402 1783 426 sancti
1797 402 1870 426 Petri.
1886 403 1993 432 Budecz,
2010 410 2075 428 anno

1226 449 1352 472 millesimo
1369 448 1616 479 quadi-inqentesimo,
1634 449 1722 473 mensis
1739 449 1865 480 februarii.

1289 496 1328 519 25.
1345 496 1494 526 Moynntiae,
1511 496 1652 520 bibliotheca
1676 497 1784 525 Publica,
1809 498 1862 521 cod.
1888 499 1960 521 chart.
1983 498 2005 521 4.
2029 505 2080 527 pro-

1226 551 1301 573 gress.
1317 545 1417 568 xxvitt.
1436 545 1460 567 in
1478 546 1514 568 tol.
1533 546 1614 574 incipit
1630 546 1683 568 [0110
1701 546 1724 569 2.
1740 552 1761 568 r.
1779 546 1822 568 col.
1836 547 1844 568 1
1859 546 1949 574 :Ecce,
1967 545 2082 576 intelliqet

1225 597 1311 615 sei-eus
1327 598 1395 615 meus
1412 594 1455 615 etc.
1473 592 1560 615 Desinit
1577 593 1614 616 [01.
1634 593 1684 615 102.
1701 599 1721 615 r.
1739 593 1783 615 001.
1801 594 1830 615 2:
1848 592 1873 616 in
1889 592 2035 623 sempiterna
2046 599 2081 617 se·

1226 637 1290 662 cala.
1307 638 1449 669 Expliciunt
1464 638 1528 663 dicta
1544 639 1627 669 eareat*
1642 639 1746 663 doctoris
1765 640 1843 664 Garre
1853 639 1882 663 de
1896 640 1959 670 Lyra
1971 640 1995 670 (t)
2007 646 2081 670 supet·

1226 685 1349 716 eoanqelio
1366 686 1488 710 Iohannis.
1509 687 1590 709 Postea
1607 687 1728 716 sequitur:
1744 687 1873 717 Reportata
1886 693 1932 717 per
1950 687 2081 711 Iohannem

1227 732 1316 757 dictum
1333 734 1431 764 IIoppen
1448 733 1492 758 sub
1509 740 1573 758 anno
1591 734 1689 758 Domini
1703 733 1933 758 MCCGLXXXVII.
1955 733 1980 758 in
1998 733 2081 765 viqilia.

1226 781 1390 805 Bai-tholomei
1405 781 1522 813 apostoli..

1290 829 1328 852 26.
1346 829 1470 860 Neoburyi
1486 830 1707 860 (Klosterneuburg)
1725 830 1747 853 in
1765 830 1870 858 Austrin,
1884 830 2024 853 bibliotheca
2036 831 2082 853 Mo-

1227 877 1320 899 nastcrii
1328 895 1335 905 ,
1352 878 1404 900 cod.
1422 877 1475 900 489.
1493 879 1566 901 chart.
1578 878 1600 900 in
1612 878 1673 900 [0110.
1685 877 1872 901 Commentarius
1884 878 1964 906 incipit
1975 878 2014 901 [01.
2026 878 2080 901 128.

1227 931 1247 947 r.
1263 925 1307 948 col.
1326 926 1335 947 1
1350 933 1355 948 :
1373 925 1446 953 Ecce,
1463 925 1578 955 intelliget
1593 931 1678 949 servus
1695 931 1771 949 mens.
1787 926 1875 948 Desinit
1892 926 1929 948 [01.
1948 925 2029 948 111ιί1110
2046 931 2081 948 r.:

1228 973 1282 1002 Ipso
1299 972 1436 1001 adiuvante,
1449 972 1491 1002 qui
1502 972 1560 996 vicit
1576 974 1599 996 et
1613 974 1701 1002 reqnat
1712 972 1736 995 in
1747 972 1829 996 secula
1839 972 1985 996 seculorum.
1997 973 2083 996 Anien.

1230 1019 1371 1049 Eoepliciunt
1386 1018 1449 1043 dicta
1467 1019 1574 1043 Gom-am
1590 1026 1664 1049 super
1679 1019 1830 1050 evanqelinm
1842 1019 1963 1049 Iohannis,
1975 1019 2044 1050 finim-
2055 1019 2080 1044 in

1228 1066 1321 1090 civitate
1341 1065 1451 1089 Vienensi
1462 1072 1508 1096 per
1525 1072 1613 1089 manns
1629 1066 1806 1095 Bai-tholomei,
1828 1066 1964 1096 conscripta
1980 1066 2084 1097 fideliter

1228 1115 1250 1137 et
1266 1113 1419 1141 continuata,
1436 1119 1501 1137 anno
1519 1113 1616 1137 Domini
1630 1113 1749 1137 LXXXV
1764 1113 1854 1143 (1385).

1292 1160 1331 1183 27.
1350 1159 1466 1184 Olomutii
1480 1161 1504 1183 in
1520 1160 1636 1188 Horatia,
1653 1159 1793 1183 bibliotheca
1810 1161 1895 1190 Regia,
1912 1161 1953 1183 lils.
1970 1161 1984 1183 1.
2003 1161 2029 1183 B.
2044 1161 2082 1183 29.

1229 1210 1301 1231 chart.
1318 1208 1343 1231 ln
1360 1208 1397 1231 [01.
1413 1214 1460 1231 11011
1486 1210 1607 1230 numerato
1631 1208 1712 1236 incipit
1737 1211 1790 1236 post
1806 1208 1849 1231 alia
1866 1208 1914 1231 duo
1930 1208 2044 1237 opuscula
2060 1210 2085 1230 et

1229 1256 1314 1279 desinit
1330 1258 1355 1279 ut
1372 1256 1395 1278 in
1412 1256 1483 1279 edito.
1499 1256 1553 1279 Post
1572 1256 1620 1279 duo
1636 1262 1707 1279 amen
1732 1255 1825 1278 additur
1850 1258 1914 1278 actas
1937 1255 2025 1278 codicis
2048 1254 2084 1278 his

1229 1302 1324 1326 verbis:
1341 1304 1394 1326 Iam
1409 1309 1465 1326 sum
1483 1302 1555 1331 tiber,
1575 1302 1631 1332 quia
1648 1302 1731 1333 finitus
1756 1304 1791 1327 est
1816 1302 1874 1326 liber
1891 1302 1962 1325 annis
1979 1301 2085 1325 millenis

1229 1350 1330 1374 tei-cenis
1346 1350 1466 1380 octoocnis
1483 1350 1532 1373 Vl⁰.
1551 1350 1596 1374 hoc
1606 1349 1725 1380 scriptam
1736 1350 1815 1374 sancti
1825 1349 1912 1374 Iacinti
1921 1349 1990 1373 tertio
2002 1349 2080 1372 idus...

1230 1398 1310 1420 ultima
1327 1397 1400 1420 verba
1417 1398 1586 1421 desiderantur.

1294 1445 1332 1468 28.
1349 1444 1450 1474 Ibidem,
1473 1445 1513 1468 Ms.
1530 1446 1556 1468 ll.
1572 1445 1599 1468 D.
1617 1445 1655 1467 t8.
1671 1446 1744 1468 chart.
1761 1445 1785 1467 in
1803 1445 1840 1468 [01.
1857 1451 1919 1468 saec.
1937 1445 1989 1468 XV.
2007 1443 2085 1466 ineun-

1231 1492 1267 1514 tis.
1283 1492 1365 1520 lncipit
1382 1493 1421 1515 [01.
1437 1493 1460 1515 2.
1477 1499 1497 1515 r.
1513 1493 1556 1516 001,
1573 1493 1603 1515 2:
1623 1492 1693 1520 Ecce,
1711 1491 1829 1522 intelliqet
1841 1495 1883 1515 etc.
1900 1491 1988 1515 Desinit
2000 1491 2038 1514 [01.
2052 1491 2084 1514 111-

1231 1539 1288 1562 ι11110
1305 1546 1359 1562 cum
1376 1541 1420 1563 hac
1435 1540 1569 1563 additione:
1590 1539 1696 1569 Explicit
1713 1539 1764 1569 (sic)
1782 1538 1846 1563 dicta
1863 1539 1941 1563 Gerre
1957 1545 2032 1569 super
2048 1539 2084 1562 10Δ

1231 1586 1347 1615 hannem,
1365 1586 1427 1610 bona
1442 1589 1464 1611 et
1480 1588 1598 1611 correcta.

1295 1635 1333 1656 29.
1350 1634 1463 1664 Pelplini,
1482 1634 1621 1658 bibliotheca
1638 1634 1774 1663 Seminarii,
1790 1634 1843 1657 cod.
1854 1634 1884 1657 V.
1895 1634 1924 1657 K.
1937 1635 1952 1656 [.
1968 1635 1990 1657 2.
2007 1634 2081 1656 chart..

1232 1681 1255 1704 in
1277 1683 1339 1705 tolio.
1361 1683 1486 1705 Titutatur:
1511 1682 1592 1713 Super
1608 1682 1752 1710 Iohannem,
1776 1682 1818 1704 sed
1843 1688 1928 1704 manus
1949 1680 2086 1710 posterioris

1232 1730 1284 1753 aevi
1300 1730 1402 1753 addidit:
1420 1730 1533 1754 Nicotaus
1550 1730 1579 1753 de
1596 1730 1686 1754 Gorra..
1702 1730 1759 1753 111110
1781 1730 1890 1752 columna
1907 1729 1995 1757 prima:
2013 1728 2084 1756 Ecce,

1232 1777 1347 1808 intelliqct
1361 1780 1418 1805 etc.,
1442 1778 1591 1807 prosequitur
1608 1780 1633 1800 ut
1657 1777 1680 1800 in
1705 1777 1780 1800 editis.
1805 1777 1828 1799 111
1854 1777 1900 1799 ane
1924 1778 1977 1804 post
2003 1775 2086 1804 triplex

1232 1826 1309 1849 Amen
1325 1825 1431 1848 additur:
1448 1825 1607 1849 sacrosancte
1628 1824 1733 1854 qloriose
1749 1827 1806 1852 etc.,
1829 1826 1854 1847 ut
1870 1824 1917 1846 iam
1940 1823 1964 1845 in
1981 1822 2030 1846 aliis
2046 1828 2087 1845 no-

1233 1869 1350 1901 tavimus,
1365 1873 1462 1896 deinde:
1483 1873 1553 1896 Anno
1575 1871 1674 1896 Domini
1693 1872 1726 1896 Μ.
1738 1871 1800 1895 000.
1812 1872 1915 1895 LXXX.
1930 1871 1979 1894 VII.
2001 1869 2085 1900 finitus

1233 1921 1268 1943 est
1283 1920 1326 1943 iste
1343 1919 1402 1943 liber
1415 1926 1460 1950 pei·
1477 1925 1566 1943 manns
1582 1918 1710 1942 cuiusdam
1729 1918 1755 1942 in
1772 1917 1809 1942 die
1824 1917 1904 1942 sancti
1922 1916 2087 1940 Bartholomei

1233 1967 1269 1991 die
1284 1967 1364 1991 sabati
1379 1967 1404 1990 in
1416 1967 1486 1991 domo
1494 1973 1634 1997 pauperum
1645 1967 1783 1997 reportatas
1796 1957 1899 1996 propter
1916 1968 1959 1988 etc.
1978 1965 2086 1988 Tandem

1232 2017 1276 2039 0110
1294 2022 1389 2039 manns:
1411 2014 1478 2039 Venit
1494 2014 1518 2038 in
1535 2014 1636 2045 Pelplyn
1653 2013 1846 2037 MCGCGXXVI.

1295 2064 1336 2087 30.
1352 2063 1452 2092 Ibidem,
1469 2063 1493 2085 in
1510 2062 1592 2085 eadem
1605 2061 1758 2089 bibliotheca,
1774 2061 1826 2084 cod.
1845 2061 1873 2084 V.
1884 2061 1915 2083 K.
1926 2061 1950 2083 d.
1962 2061 1999 2083 16.
2012 2061 2086 2083 chart.

1233 2112 1256 2134 in
1273 2112 1318 2134 [01.·
1328 2117 1390 2134 5000.
1406 2110 1466 2133 XlV.
1484 2110 1595 2133 exeuntis.
1616 2109 1699 2137 Incipit
1716 2109 1753 2131 [01.
1777 2109 1800 2131 1.
1816 2115 1834 2131 r.
1853 2108 1897 2131 col.
1917 2108 1940 2130 1.
1964 2110 1987 2130 et
2003 2107 2088 2130 desinit

1234 2160 1272 2182 [01.
1290 2159 1343 2182 125.
1360 2165 1378 2181 ι’.
1396 2159 1439 2181 col.
1458 2159 1480 2180 t.
1496 2160 1549 2180 ante
1565 2156 1685 2179 medium:
1702 2157 1756 2186 Ipso
1772 2155 1914 2183 adiuvante,
1935 2154 1978 2185 qui
1992 2154 2051 2178 vivit
2066 2155 2089 2178 et

1233 2208 1321 2237 reynat
1337 2206 1362 2229 in
1378 2205 1459 2229 secula
1481 2204 1626 2228 seculorum.
1644 2204 1727 2227 Amen.
1750 2203 1840 2227 Gorra.
1859 2201 2001 2232 Eaplicinnt
2024 2201 2088 2225 dicta

1233 2260 1306 2284 super
1323 2252 1445 2283 evangelio
1460 2251 1581 2276 Iohannis.

1299 2302 1337 2324 31.
1353 2301 1461 2330 Praqae,
1478 2300 1619 2322 bibliotheca
1631 2298 1803 2325 Universitatis,
1820 2297 1873 2320 cod.
1887 2298 1902 2320 l.
1920 2298 1945 2320 B.
1961 2297 1999 2329 35.
2015 2297 2088 2319 chart.

1236 2349 1259 2372 in
1276 2350 1315 2372 [01.
1331 2354 1392 2371 saec.
1414 2348 1465 2371 XV.
1483 2347 1590 2370 ineuntis.
1612 2346 1677 2369 1111ιί0
1703 2346 1741 2368 [01.
1760 2346 1780 2368 1.
1803 2345 1975 2373 praemittitur:
1999 2343 2089 2367 Thema

1235 2395 1348 2426 nuzfistri
1364 2396 1441 2420 Gorre
1457 2401 1530 2425 super
1547 2394 1678 2418 Iohannem
1690 2392 1864 2416 eaehortationis
1881 2393 1937 2415 ante
1950 2391 2089 2421 proloquim-

1235 2445 1325 2467 Deinde
1341 2444 1385 2467 col.
1405 2444 1430 2465 l:
1453 2443 1526 2471 Ecce,
1543 2441 1659 2471 intelliqet
1678 2442 1722 2463 etc.
1740 2439 1827 2462 Desinit
1847 2439 1885 2461 [οΙ.
1903 2439 1949 2461 150
1966 2445 1985 2461 r.
2002 2438 2044 2461 col.
2062 2439 2086 2460 2.

1236 2492 1271 2514 his
1287 2491 1379 2514 verbis:
1398 2489 1539 2520 Expliciunt
1554 2488 1617 2512 dicta-
1639 2488 1717 2511 Garre
1733 2485 1820 2516 fratris
1842 2485 1939 2509 Nicotai
1958 2491 2032 2514 super
2051 2485 2090 2508 Io-

1236 2538 1348 2561 hannem.

1300 2585 1336 2607 32.
1355 2583 1453 2611 Ibidem,
1471 2583 1496 2605 111
1512 2582 1595 2605 eadem
1607 2581 1758 2609 bibliotheca,
1775 2580 1830 2603 cod.
1846 2580 1884 2602 tv.
1896 2579 1922 2602 B.
1937 2579 1960 2602 7.
1977 2579 2050 2601 chart.
2063 2578 2087 2600 111

1237 2633 1274 2655 [01.
1291 2638 1352 2655 saec.
1370 2631 1429 2654 XlV.
1441 2630 1552 2653 exeuntis.
1570 2629 1651 2658 lncipit
1668 2629 1706 2651 [οΙ.
1718 2629 1739 2650 ’1.
1752 2634 1772 2650 r.
1788 2627 1818 2650 ab
1835 2627 1979 2656 expositione
1995 2626 2089 2654 prologi

1234 2679 1309 2702 sancti
1326 2678 1476 2706 Hieronymi:
1493 2676 1537 2700 Hic
1555 2678 1589 2700 est
1601 2676 1719 2700 Iohannes
1736 2674 1894 2705 evangelista,
1912 2677 1934 2696 et
1951 2673 2035 2696 desinit
2051 2673 2088 2695 tol.

1237 2727 1291 2749 116.
1307 2733 1340 2754 r.,
1357 2726 1395 2748 cui
1412 2725 1486 2748 scriba
1509 2724 1624 2753 posterior
1641 2723 1746 2746 subiicit:
1768 2721 1909 2752 Eat-pliciunt
1932 2721 1995 2744 dicta
2013 2720 2093 2744 θοή-0

1236 2780 1309 2804 saper
1326 2773 1457 2796 Iohannem
1463 2780 1473 2801 ,·
1493 2771 1603 2799 coi-rezi,
1625 2770 1687 2794 sicut
1700 2769 1784 2800 potui:
1802 2770 1870 2792 orate
1883 2774 1930 2798 pro
1947 2774 1985 2791 me
2004 2768 2087 2791 Deum.

1237 2823 1292 2845 Item
1318 2821 1375 2843 alius
1400 2820 1478 2842 adhuc
1502 2819 1628 2842 recentior:
1646 2817 1725 2840 Etiam
1748 2823 1790 2846 eqo
1807 2815 1917 2844 correxi,
1933 2815 1998 2839 sicut
2013 2814 2090 2844 potui.

1237 2870 1307 2893 Anno
1328 2866 1400 2892 1461.

1302 2916 1340 2938 33.
1357 2914 1457 2943 Ibidem,
1474 2914 1525 2937 cod.
1544 2914 1581 2936 lV.
1598 2912 1624 2936 C.
1639 2913 1673 2935 16.
1690 2913 1762 2935 chart.
1775 2911 1797 2933 in
1815 2911 1852 2933 [01.
1869 2916 1929 2933 5000.
1942 2909 1995 2932 XV.
2012 2909 2091 2931 incun-

1239 2964 1274 2986 tis.
1284 2963 1365 2991 lncipit
1376 2963 1412 2985 [01.
1426 2963 1447 2984 1.
1460 2968 1479 2984 r.
1493 2962 1537 2985 col.
1555 2961 1577 2983 1.
1588 2963 1611 2983 et
1622 2960 1707 2983 desinit
1718 2959 1755 2982 [01.
1768 2958 1821 2981 tte.
1833 2965 1851 2980 r.
1864 2958 1907 2980 col.
1919 2958 1940 2980 2.
1952 2963 1995 2986 per
2006 2955 2092 2978 verba:

1239 3010 1382 3041 Explictnnt
1394 3009 1490 3040 postille
1508 3010 1586 3033 Gorre
1601 3014 1675 3037 supet·
1690 3006 1815 3036 ecanaelia
1832 3004 1946 3032 Iohannis
1962 3003 2054 3034 finales.

2262 127 2289 266 0—css‘

2273 470 2278 514 ,αν
2273 439 2277 457 -,
2274 418 2277 428 μ
2274 399 2275 408 „„
2272 319 2275 328 -

2274 515 2285 790 -ffl—:t
