2296 3316
393 156 448 184 {538

247 240 315 266 ορῑηῑρ
332 240 375 259 hat»
392 235 433 262 est
454 240 517 260 vere
539 231 626 259 cibus.
649 230 763 267 Propter
792 231 844 258 hoc
870 229 966 257 dicunt
994 228 1141 262 haeretici,
1163 228 1238 265 quod

279 266 344 283 retica.

317 613 374 636 Resp.

248 800 344 825 Expositio
357 800 375 819 1.

250 987 345 1012 Expositio
357 987 375 1006 2.

392 277 476 307 verba
507 277 559 305 ista
585 276 760 313 intelligenda
790 278 856 305 sunt
882 274 1076 312 spiritualiter,
1099 274 1136 302 ita
1163 274 1237 311 quod

391 333 446 353 non
467 322 630 357 carnaliter;
652 330 702 352 nec
724 321 948 359 intelligendum,
970 321 1044 358 quod
1065 321 1099 350 ad
1118 320 1237 349 litteram

391 378 533 400 sumamus
554 377 666 398 carnem
688 368 789 398 Christi
811 368 863 397 sub
885 368 1069 397 Sacramento.
1086 367 1118 396 Et
1132 366 1237 400 dicunt,

391 417 539 454 discipulos
560 424 625 445 suos
646 416 731 445 fuisse
758 415 957 452 reprehensos,
979 414 1027 451 qui
1058 414 1111 444 hoc
1136 413 1237 451 cogita-

391 464 470 499 bant;
491 463 564 493 unde
585 463 696 497 dicunt,
717 462 791 500 quod
806 470 860 491 non
875 461 958 491 estin
973 462 1150 490 Sacramento
1170 461 1238 490 alta-

392 511 431 541 ris
451 510 502 540 nisi
524 510 596 540 sicut
616 510 643 539 in
665 510 743 547 signo
756 510 774 537 ¹.

470 557 522 586 Sed
552 556 670 594 pessime
701 556 873 593 intelligunt,
905 555 986 593 quia,
1016 555 1084 584 dum
1115 558 1238 584 renuunt

392 611 519 637 carnem,
540 603 651 640 fugiunt
672 602 825 631 veritatem.
848 602 903 631 Etsi
931 602 1004 631 enim
1026 602 1111 631 verba
1136 602 1237 631 Christi

392 649 447 679 sint
466 648 647 687 spiritualiter
669 648 861 686 intelligenda,
876 651 968 678 tamen
989 648 1170 678 nihilominus
1190 649 1237 678 de-

391 696 457 725 bent
478 703 537 725 esse
558 703 632 725 vera.
661 696 776 732 Propter
804 696 856 724 hoc
877 695 1040 730 dicendum,
1062 695 1137 733 quod
1158 703 1238 730 caro,

392 751 475 781 quam
497 743 584 772 traxit
615 742 648 772 de
676 742 804 780 Virgine,
825 746 866 772 est
888 750 972 771 verus
992 742 1079 772 cibus.
1102 759 1138 764 —
1160 742 1239 779 Quod

392 793 485 819 autem
506 790 624 824 dicitur,
652 790 727 827 quod
754 798 812 818 ozon
841 790 959 827 prodest
988 790 1165 828 quidquam,
1197 789 1238 818 in-

392 836 526 874 telligitur
547 836 710 874 dupliciter:
733 837 776 866 vel
790 837 856 874 quia
876 836 945 865 nihil
966 836 1078 873 prodest
1097 836 1160 865 εἰπε
1180 836 1238 873 spi-

394 883 455 912 ritu
462 894 473 917 ;
494 883 567 912 sicut
597 883 670 912 enim
699 883 782 912 carbo
804 891 859 912 non
880 883 1018 912 comburit
1045 883 1096 912 nisi
1119 883 1238 920 ignitus,

395 932 488 959 tamen
509 929 612 967 ignitus
633 930 706 963 urit;
728 930 767 958 sic
789 937 852 958 caro
874 929 991 963 Christi,
1013 929 1035 958 si
1057 932 1203 966 separetur
1223 938 1240 958 a

396 977 502 1011 Verbo,
524 985 578 1005 non
599 977 738 1011 accendit,
756 976 803 1005 sed
831 976 922 1005 Verbo
950 976 1097 1005 coniuncta
1118 980 1159 1005 est
1180 980 1240 1005 tan-

394 1031 478 1060 quam
498 1023 601 1060 ignitus
632 1023 715 1052 carbo
728 1023 747 1051 2.
771 1039 807 1043 —
834 1022 917 1051 Aliter
943 1022 1143 1060 respondetur,
1165 1023 1239 1060 quod

394 1078 465 1098 caro
485 1069 560 1099 m'lzz't
578 1070 695 1108 prodest
715 1069 868 1099 secundum
900 1070 1051 1098 carnalem
1082 1069 1240 1107 intelligyen-

395 1117 484 1151 tiam,
506 1117 544 1146 sic
566 1116 756 1154 intelligendo,
778 1116 853 1153 quod
874 1116 1002 1146 Christus
1023 1125 1135 1146 carnem
1162 1125 1240 1145 suam

394 1163 473 1193 daret
502 1164 647 1192 dividendo
671 1163 743 1192 sicut
770 1171 867 1192 carnes
894 1164 922 1192 in
950 1164 1080 1198 macello,
1102 1167 1129 1193 et
1155 1167 1241 1193 mate-

395 1210 501 1239 rialiter
521 1210 690 1239 masticando
711 1210 763 1239 sub
778 1210 866 1239 forma
887 1211 987 1240 carnis.
1009 1210 1097 1245 Talis,
1119 1210 1241 1248 inquam,

395 1257 573 1294 intelligentia
586 1265 644 1285 non
656 1257 788 1295 prodest;
810 1257 857 1286 sed
871 1257 946 1295 quod
962 1265 1027 1286 vera
1040 1265 1105 1286 caro
1126 1258 1184 1287 sine
1199 1258 1243 1286 sui

396 1304 515 1333 sectione
536 1303 563 1332 in
585 1305 760 1333 Sacramento
781 1304 935 1333 comeditur
947 1305 966 1332 ³.

471 1351 534 1380 110.
543 1351 653 1388 Quaest.
662 1351 701 1379 Ill.
712 1351 777 1380 Item
787 1352 932 1388 quaeritur
939 1351 973 1380 de
981 1352 1243 1389 responsionePetri:

477 1399 501 1426 1.
514 1399 604 1435 Quare
616 1398 713 1427 Petrus
724 1398 798 1427 solus
810 1398 949 1435 respondit
961 1399 1079 1435 etmagis
1087 1407 1170 1436 quam
1178 1398 1244 1427 alii?

476 1446 502 1473 2.
525 1445 604 1479 item,
629 1453 715 1482 quare
743 1453 797 1473 non
822 1448 863 1474 est
888 1444 997 1473 laudata
1014 1445 1074 1473 eius
1097 1445 1243 1479 confessio,

398 1492 470 1521 sicut
490 1492 618 1521 Matthaei
639 1492 744 1521 decimo
762 1495 842 1521 sexto
853 1492 888 1520 4?

478 1539 503 1568 3.
525 1539 592 1568 Item
620 1539 742 1573 videtur,
764 1538 837 1576 quod
866 1538 998 1567 mentitus
1023 1538 1119 1572 fuerit,
1148 1537 1244 1567 saltem

398 1594 450 1624 pro
471 1586 549 1621 Iuda,
571 1586 636 1623 quia
656 1586 714 1623 ipse
735 1586 935 1623 pro.omnibus
956 1585 1130 1622 loquebatur.

1009 151 1178 180 COMMENT.
1201 153 1233 180 ΙΝ
1255 153 1400 180 itt-xxxam
1422 153 1450 179 C.
1474 153 1524 179 vll.

1374 229 1548 257 Responnso:
1564 228 1728 262 Dicendum,
1744 227 1817 264 quod
1833 228 1930 256 Petrus
1944 228 2072 256 omnibus
2087 228 2139 256 fuit

1295 274 1453 309 ferventior,
1475 275 1547 303 sicut
1561 277 1635 311 patet
1656 274 1683 302 in
1698 273 1791 302 verbis
1808 273 1878 307 suis,
1893 276 1920 302 et
1941 274 2072 303 audacter
2086 274 2138 303 Do-

1291 314 1368 350 ‘mino
1383 321 1564 358 loquebatur3
1586 321 1631 349 alii
1652 328 1707 349 non
1725 320 1762 349 ita
1782 320 1932 355 audebant3
1954 323 1982 350 et
1999 320 2059 350 ideo
2079 323 2139 349 erat

1294 376 1325 397 os
1346 368 1537 405 Apostolorum
1559 370 1586 397 et
1607 367 1635 396 in
1657 367 1815 404 quaerendo
1836 370 1863 396 et
1883 367 1911 396 in
1933 367 2139 405 respondendo,

1294 417 1322 444 et
1342 414 1403 444 ideo
1424 423 1476 452 pro
1496 414 1625 443 omnibus
1645 413 1794 450 respondit.

1373 462 1400 490 2.
1422 461 1459 490 Ad
1480 461 1554 490 aliud
1575 461 1641 490 dicit
1662 461 1875 497 Chrysostomus
1886 460 1906 495 ⁵,
1928 460 2003 498 quod
2030 468 2141 498 respon-

1294 508 1334 537 dit
1355 508 1400 537 hic
1421 516 1471 545 pro
1498 508 1642 542 omnibus;
1664 510 1692 536 et
1719 506 1785 544 quia
1809 507 1877 536 fides
1898 507 1979 536 Iudae
1999 515 2054 536 non
2081 509 2141 537 erat

1295 555 1454 590 laudabilis,
1477 555 1537 584 ideo
1558 554 1685 583 laudatus
1706 562 1760 582 non
1781 556 1831 582 est.

1374 602 1399 631 3.
1422 602 1475 630 Nec
1496 604 1586 630 tamen
1608 604 1650 629 est
1664 601 1809 634 mentitus,
1828 600 1891 629 licet
1904 601 2004 630 falsum
2025 600 2141 635 dixerit,

1295 648 1361 686 quia
1381 649 1426 685 pio
1447 655 1544 677 errore
1562 647 1764 684 decipiebatur,
1786 647 1855 676 bene
1870 647 2016 676 iudicando
2036 647 2070 677 de
2084 647 2142 677 suis

1296 695 1467 732 coapostolis.

1377 743 1440 771 111.
1462 742 1572 778 Quaest.
1595 741 1636 770 IV.
1666 741 1732 770 Item
1761 741 1906 779 quaeritur
1933 741 1967 770 de
1988 741 2041 770 hoc
2068 741 2142 779 quod

1295 788 1376 817 dicit:
1403 788 1484 817 Unus
1504 797 1539 816 ew
1553 787 1633 816 vobis
1653 787 1788 816 diabolus
1808 791 1856 816 est.
1872 805 1912 809 —
1925 787 2039 824 Quaerit
2056 787 2142 825 Chry-

1296 835 1479 864 sostomus⁶:
1501 842 1588 872 quare
1619 842 1673 862 non
1705 837 1770 863 sunt
1798 834 1967 869 contristati,
1998 834 2071 864 sicut
2101 835 2143 864 in-

1295 882 1338 911 fra
1365 882 1471 911 decimo
1499 881 1596 916 tertio,
1622 889 1686 910 cum
1710 880 1800 909 dixit:
1831 881 1912 909 Unus
1939 890 1974 910 ex
1999 881 2079 910 vobis
2099 890 2143 911 me

1297 928 1415 957 tradet?

1375 976 1552 1009 Rnseounao,
1574 974 1648 1012 quod
1669 974 1740 1003 infra
1761 983 1816 1003 non
1836 977 1892 1004 tam
1911 978 1977 1004 sunt
1991 975 2144 1005 contristati

1296 1078 1313 1099 a
1333 1077 1384 1098 suo
1398 1069 1533 1106 discipulo
1553 1068 1709 1103 inferenda3
1732 1068 1777 1097 hic
1795 1071 1887 1097 autem
1902 1069 1991 1097 solum
2007 1068 2146 1106 expressit

1297 1116 1430 1145 malitiam
1443 1115 1461 1144 ⁷.

1380 1163 1443 1192 112.
1466 1163 1576 1200 Quaest.
1598 1162 1629 1191 V.
1652 1162 1730 1196 Item,
1753 1169 1840 1198 quare
1865 1170 1919 1190 non
1944 1161 2043 1191 abiecit
2067 1170 2145 1197 eum,

1299 1218 1335 1239 ex
1357 1218 1413 1247 quo
1433 1210 1559 1238 diabolus
1579 1212 1654 1244 erat,
1676 1212 1703 1238 et
1724 1208 1843 1243 sciebat,
1872 1208 1946 1246 quod
1974 1216 2083 1246 semper
2102 1209 2146 1238 fu—

1300 1260 1383 1286 turus
1404 1260 1476 1286 esset
1496 1257 1611 1286 malus?

1380 1303 1533 1341 Respondet
1553 1303 1723 1341 Augustinus
1734 1303 1755 1337 Β,
1776 1303 1850 1340 quod
1876 1314 1889 1328 «
1908 1302 1988 1332 malis
2014 1302 2146 1340 operibus

1300 1351 1370 1380 bene
1391 1351 1480 1380 utitur
1501 1351 1591 1385 Deus,
1620 1350 1692 1379 sicut
1712 1350 1795 1379 homo
1820 1350 1890 1379 male
1915 1349 2005 1379 utitur
2025 1349 2104 1379 bonis
2118 1362 2144 1379 n.

1300 1398 1362 1427 Ideo
1383 1398 1523 1427 hominem
1543 1397 1695 1434 reprobum
1715 1397 1797 1434 elegit
1823 1396 1931 1431 ludam,
1953 1399 1984 1425 ut
2011 1404 2061 1434 per
2081 1403 2146 1425 eum

1300 1445 1466 1482 dispensatio
1486 1444 1594 1473 divinae
1621 1443 1826 1473 misericordiae
1849 1444 1878 1472 in
1905 1444 2022 1473 salutem
2050 1443 2146 1473 mundi

1300 1492 1479 1529 impleretur;
1501 1494 1528 1520 et
1549 1491 1742 1520 ostenderetur
1769 1491 1904 1520 mirabilis
1924 1491 2055 1528 patientia
2081 1491 2146 1526 Dei,

1300 1538 1375 1575 quod
1395 1540 1451 1566 tam
1472 1537 1599 1574 iniquum
1620 1537 1648 1565 in
1669 1539 1744 1566 tanto
1764 1537 1855 1566 officio
1876 1537 2043 1572 sustinebat;
2068 1539 2095 1566 et
2116 1539 2148 1566 ut

1300 1592 1382 1614 nemo
1402 1584 1537 1621 glorietur
1558 1584 1592 1613 de
1612 1583 1751 1621 praesenti
1772 1584 1922 1613 vocatione.

1158 1742 1319 1771 CArlrouM
1340 1742 1392 1770 Vll.

535 1898 625 1929 Tertio,
643 1898 716 1922 Filius
734 1898 773 1921 Dei
790 1905 813 1921 se
829 1898 965 1922 manifestat
981 1897 1114 1922 directorem

643 1937 667 1961 et
683 1936 850 1961 illustratorem
866 1937 1001 1968 tripliciter.

481 2041 505 2068 1.
528 2040 599 2068 Post
627 2038 719 2068 haec⁹
747 2039 919 2068 ambulabat
946 2040 1027 2068 Iesus
1047 2042 1098 2068 etc.
1121 2039 1246 2068 Ostendit

400 2086 533 2115 Dominus
553 2094 639 2123 supra
660 2094 688 2115 se
709 2089 867 2115 curatorem
888 2089 916 2115 et
936 2088 1174 2120 conservatorem;
1201 2086 1246 2115 hic

401 2133 496 2170 incipit
516 2133 598 2162 tertia
618 2141 698 2170 pars,
720 2133 747 2161 in
769 2142 824 2170 qua
845 2141 874 2162 se
898 2132 1054 2162 manifestat
1074 2135 1101 2162 et
1128 2133 1247 2162 ostendit

403 2179 572 2208 directorem
586 2183 610 2208 et
631 2180 861 2214 illustrator-enm
875 2183 903 2209 et
917 2180 985 2209 haec
999 2187 1064 2217 pars
1085 2179 1246 2208 extenditur

467 2419 475 2432 ¹
493 2420 539 2443 Crr.
556 2421 593 2443 lV.
609 2422 672 2443 sent.
689 2421 712 2443 d.
730 2422 766 2443 40.
784 2428 806 2449 p.
825 2422 840 2444 Ι.
857 2428 879 2450 q.
898 2422 906 2443 4
919 2439 924 2449 ‚
942 2421 981 2444 ubi
1000 2422 1036 2444 hie
1053 2428 1117 2444 error
1133 2422 1250 2444 refellitur.

467 2458 476 2471 ²³
494 2459 625 2482 Secundum
648 2459 764 2487 Damasc.,
787 2460 823 2482 lV.
841 2460 871 2483 dc
893 2461 948 2483 Fide
970 2461 1061 2483 orthod.
1078 2467 1099 2483 c.
1117 2461 1158 2483 '¹32
1174 2460 1249 2483 Carbo

405 2504 452 2520 non
469 2501 502 2521 est
518 2498 614 2526 simplex
636 2499 738 2527 lignum,
755 2500 796 2522 sed
820 2500 866 2528 igni
890 2500 990 2528 unitum3
1014 2500 1046 2522 sic
1068 2506 1163 2529 quoque
1184 2500 1250 2528 panis

407 2537 576 2559 communionis
594 2543 639 2559 non
658 2538 753 2565 simplex
772 2541 805 2560 est
822 2539 900 2566 panis,
918 2539 959 2561 sed
976 2538 1091 2561 Divinitati
1114 2539 1192 2561 unitus
1208 2541 1251 2561 etc.

405 2574 450 2597 Ctr.
468 2575 505 2598 1V.
523 2576 584 2598 Sent.
600 2576 624 2598 d.
642 2576 677 2598 40.
696 2582 720 2603 p.
737 2577 751 2598 1.
775 2583 797 2605 q.
817 2578 836 2599 t.
857 2577 886 2599 ad
905 2577 930 2604 43
954 2577 1008 2599 ibid.
1032 2577 1062 2599 ad
1079 2577 1100 2600 5.
1123 2577 1251 2599 insinuatur

406 2614 507 2637 secunda
523 2615 650 2642 explicatio.

468 2650 478 2664 ³
495 2652 540 2675 Csr.
556 2653 664 2680 August,
683 2653 705 2675 in
722 2654 783 2676 loan.
804 2655 891 2682 Evang.
915 2657 942 2677 tr.
960 2654 996 2677 27.
1020 2661 1042 2677 n.
1060 2655 1086 2683 5,
1103 2654 1144 2677 ubi
1166 2655 1251 2682 duplex

406 2692 463 2715 haec
480 2692 590 2719 expositio
607 2691 735 2714 exhibetur.
753 2693 811 2715 Vide
827 2694 895 2715 etiam
912 2694 944 2715 111.
962 2694 1024 2716 Sent.
1041 2694 1063 2716 d.
1081 2694 1104 2715 9.
1121 2693 1177 2716 dub.
1195 2693 1215 2716 4.

468 2728 478 2742 4
495 2730 560 2753 Vers.
578 2730 615 2752 47.

469 2767 479 2781 ⁵
496 2769 520 2791 ln
536 2769 597 2791 loon.
615 2770 692 2791 homil.
712 2770 748 2792 47.
767 2770 830 2798 (alias
848 2770 894 2799 46.)
912 2777 934 2793 n.
952 2771 978 2793 3:
997 2771 1068 2798 Vide,
1091 2777 1190 2800 quaeso,
1211 2771 1253 2793 sra-

407 2811 468 2831 trum
485 2811 613 2836 amantem,
630 2810 749 2837 quomodo
766 2810 835 2832 totius
852 2813 930 2832 coetus
947 2816 1040 2832 causam
1058 2813 1123 2838 agat3
1139 2816 1184 2832 non
1197 2810 1253 2832 dixit

408 2847 482 2870 enirn:
500 2847 619 2875 Cognovi,
636 2848 677 2870 sed
695 2848 875 2878 cognovimus...
899 2850 958 2878 Quid
981 2856 1037 2877 ergo
1059 2849 1180 2872 Christus?
1203 2850 1252 2872 Non

407 2887 511 2909 laudavit
526 2893 568 2909 nee
589 2887 714 2909 celebravit
736 2888 841 2915 Petrum,
864 2889 928 2917 quod
951 2891 1027 2911 tamen
1050 2888 1103 2911 alibi
1126 2889 1182 2911 fecit.
1207 2889 1252 2911 Sed

409 2926 466 2955 quid
484 2926 556 2948 dicit?
574 2926 658 2949 Nonne
674 2932 716 2956 eqo
733 2932 774 2949 vos
791 2926 913 2950 duodecim
930 2927 1000 2957 elegi,
1017 2929 1040 2951 et
1055 2934 1118 2951 unas*
1135 2934 1166 2951 ez
1188 2927 1252 2951 vobis

1302 1906 1393 1936 usque
1409 1899 1443 1927 ad
1457 1898 1636 1928 undecimum
1651 1898 1812 1936 capitulum.
1828 1898 1953 1928 Ostendit
1970 1898 2104 1928 Dominus
2118 1906 2147 1928 se

1302 1945 1394 1974 lucem
1415 1948 1442 1974 et
1455 1945 1622 1974 directorem
1644 1945 1800 1983 tripliciter:
1816 1946 1919 1983 primo,
1940 1945 2025 1974 verbo
2039 1945 2147 1975 doetri-

1301 2000 1372 2026 nae;
1393 1992 1526 2026 secundo,
1548 1992 1693 2021 miraculo
1705 1993 1862 2030 potentiae,
1878 1993 1905 2021 in
1921 1993 2056 2030 principio
2070 1993 2149 2028 noni,

1302 2039 1340 2068 ibi
1352 2039 1390 2068 ¹⁰:
1414 2040 1447 2068 Et
1466 2039 1645 2076 praeteriens
1667 2040 1749 2067 Iesus
1762 2039 1836 2068 vidit
1850 2038 1993 2068 hominem
2012 2048 2149 2074 caecum;

1302 2085 1399 2120 tertio,
1420 2085 1546 2123 exemplo
1575 2086 1664 2114 bonae
1683 2086 1775 2120 vitae,
1804 2086 1875 2115 infra
1895 2086 1923 2115 in
1944 2087 2080 2124 principio
2104 2087 2150 2116 de-

1302 2132 1383 2161 cimi:
1406 2134 1507 2167 Amen,
1529 2141 1615 2161 amen
1636 2133 1700 2162 dico
1721 2133 1817 2167 vobis,
1839 2133 1891 2172 qui
1910 2142 1969 2162 non
1983 2134 2077 2163 intrat
2093 2142 2148 2172 per

1303 2180 1418 2208 ostium.

1306 2420 1415 2445 diabolus
1431 2423 1482 2445 est?
1500 2422 1557 2450 Quia
1579 2422 1641 2444 enim
1658 2421 1695 2444 ille
1718 2421 1817 2444 dixerat:
1834 2421 1864 2444 Et
1881 2427 1923 2444 nos
1940 2420 2097 2449 credidimus,
2115 2427 2152 2444 ex-

1307 2460 1363 2489 cipit
1378 2467 1405 2483 ex
1421 2466 1518 2483 numero
1535 2460 1615 2483 ludam
1632 2462 1675 2483 ete.

1368 2498 1379 2511 θ
1395 2500 1419 2522 ln
1435 2499 1496 2521 loan.
1514 2499 1592 2522 homil.
1609 2499 1645 2521 47.
1664 2498 1729 2528 (alias
1747 2498 1793 2528 46.)
1812 2506 1835 2522 n.
1853 2499 1874 2522 4.
1885 2512 1917 2516 —
1928 2498 2030 2522 Subinde
2042 2499 2152 2527 allegatur

1306 2539 1367 2561 loan.
1385 2539 1426 2566 43,
1444 2538 1482 2560 2⁴.

1369 2575 1378 2589 ⁷
1396 2577 1526 2605 Chrysost.,
1544 2577 1587 2600 loc.
1604 2577 1653 2605 cit.,
1670 2580 1760 2605 censet,
1777 2577 1841 2606 quod
1858 2578 1938 2600 Petrus
1954 2577 2032 2600 adhuc
2048 2583 2095 2599 non
2112 2583 2153 2599 au-

1307 2617 1381 2639 dierat
1403 2616 1584 2644 increpationem
1601 2616 1684 2639 Christi
1702 2615 1791 2646 [Matth.
1810 2616 1850 2643 46,
1869 2615 1935 2645 23.]:
1956 2615 2018 2639 Vade
2031 2616 2087 2646 post
2102 2621 2151 2644 me,

1306 2656 1406 2683 satana,
1429 2655 1528 2684 ideoque
1550 2661 1611 2677 nunc
1634 2662 1679 2678 non
1701 2655 1788 2683 timuit,
1811 2655 1852 2677 sed
1874 2657 1997 2683 postquam
2022 2654 2153 2682 increpatus

1309 2693 1363 2721 suit,
1381 2694 1423 2715 hac
1440 2696 1549 2721 percepta
1566 2699 1637 2716 voce:
1655 2694 1722 2716 Unus
1739 2700 1770 2716 ea·
1781 2692 1845 2716 vobis
1857 2692 1935 2716 tradet
1945 2699 1995 2721 me,
2006 2692 2057 2715 iure
2068 2692 2151 2715 timuit.

1371 2730 1381 2744 Β
1398 2733 1421 2755 ln
1439 2733 1500 2755 loan.
1516 2733 1602 2760 Evang.
1620 2735 1648 2755 tr.
1666 2732 1703 2755 27.
1725 2739 1747 2755 n.
1764 2732 1808 2754 1οε
1832 2732 1894 2755 Sicut
1916 2731 1977 2754 enim
2000 2731 2073 2760 iniqui
2093 2731 2153 2754 male

1309 2773 1405 2794 utuntur
1421 2770 1488 2793 bonis
1505 2771 1616 2799 operibus
1632 2771 1684 2798 Dei,
1702 2771 1734 2794 sic
1750 2773 1828 2794 contra
1846 2771 1907 2793 Deus
1926 2770 1985 2793 bene
2001 2770 2071 2793 utitur
2087 2770 2153 2792 malis

1309 2809 1419 2838 operibus
1436 2810 1557 2832 hominum
1575 2810 1714 2838 iniquorum.
1732 2809 1778 2833 Csr.
1795 2809 1872 2832 XVlll.
1895 2809 1924 2831 de
1940 2808 1989 2831 Civ.
2007 2808 2061 2836 Dei,
2077 2814 2096 2831 c.
2115 2808 2153 2831 49.

1372 2847 1381 2861 ⁹
1399 2849 1496 2877 Vulgata
1513 2849 1578 2872 addit
1594 2850 1681 2872 autem.

1372 2886 1392 2901 ¹⁰
1408 2888 1474 2910 Vers.
1493 2889 1517 2916 l;
1537 2894 1585 2917 seq.
1603 2888 1667 2911 locus
1683 2890 1717 2911 est
1735 2888 1774 2917 40,
1796 2889 1814 2911 l.

2157 235 2213 259 Resp.
2228 237 2251 255 ad
2263 237 2269 256 1

2158 466 2188 485 Ad
2199 466 2217 486 2.

2159 606 2189 625 Aa
2202 606 2220 625 3.

2161 981 2217 1004 Hesp.

2162 1308 2220 1332 Resp-

2162 1401 2238 1444 Trizlizx
2249 1407 2265 1420 ra
2276 1415 2279 1426 :

2166 1907 2243 1927 Divisio.
2274 1928 2275 1933 ¹
2286 1926 2287 1930 ,
