2296 3316
13 636 17 686 1

13 709 16 753 l
33 732 130 761 Tertium3

17 1623 120 1647 Quartum.

737 130 907 159 COMMENT.
930 130 962 159 IN
983 131 1175 160 SAPIENTIAM
1196 132 1225 160 C.
1247 132 1310 161 VIll.

144 208 325 238 Ecclesiastici
356 208 489 246 vigesimo
523 211 644 245 quarto:
680 219 694 233 ε(
708 208 834 237 Transite
865 208 900 237 ad
930 216 990 242 me,

143 264 255 291 omnes,
286 255 335 293 qui
365 255 561 292 concupiscitis
581 263 641 289 me,
662 258 690 284 et
719 263 736 283 a
766 255 992 292 generationibus

142 303 212 333 meis
232 302 426 340 implemini».
454 302 489 330 Et
513 305 632 330 amator
655 301 757 340 factus
782 310 851 330 sum
876 301 991 339 formae

142 350 239 384 illius,
261 349 288 378 id
309 351 351 378 est
373 348 568 386 pulcritudinis
589 348 754 392 sapientiae,
775 351 802 377 et
824 349 876 377 hoc
897 356 991 386 perse-

143 396 267 427 verantia
288 399 316 425 et
336 395 469 424 ferventis
489 395 643 424 dilectionis
663 403 758 424 amore
779 403 840 424 eam
861 395 941 433 quasi
963 395 997 427 in.

142 443 269 473 habitum
291 442 490 477 convertendo;
513 442 662 471 Zachariae
684 443 794 471 non01:
821 454 835 468 α
849 443 921 479 Quid
942 443 990 471 bo-

142 498 210 520 num
230 492 258 519 et
278 489 346 527 quid
367 489 498 526 pulcrum
528 489 589 518 eius
619 489 671 518 nisi
696 489 870 518 frumentum
890 490 991 518 electo—

142 546 206 567 rum
227 540 255 566 et
275 537 372 565 vinum
393 536 551 574 germinans
572 536 693 574 virgines
708 540 739 565 »ἲ
759 536 786 565 id
807 540 848 566 est
874 537 925 566 nisi
948 544 991 566 sa-

142 585 259 622 pientia,
281 591 353 621 quae
376 583 466 613 reficit
486 583 616 612 affectum
647 587 674 612 et
694 583 827 613 castificat
848 584 891 613 vel
913 584 990 621 puri-

140 631 205 661 ficat
226 631 396 660 intellectum
418 639 434 659 a
454 630 634 667 corruptione
655 631 768 659 erroris.

220 678 309 713 (Vers.
332 678 381 714 3.).
407 677 633 706 Generositatem
647 681 698 706 etc.
714 678 753 706 lta
767 678 870 706 amavi
883 678 990 714 sapien-

142 726 206 755 tiam
228 728 291 760 etc.,
312 728 339 754 et
360 725 475 759 merito,
497 725 563 762 quia
582 725 716 762 sapientia
730 725 868 759 increata,
883 723 991 753 liabens

140 772 380 806 contubernium,
402 772 428 800 id
449 775 491 801 est
512 772 682 801 consortium
704 775 731 801 et
745 772 990 806 cohabitationem,

142 820 195 849 Dei
198 830 209 853 ;
229 819 324 848 Glossa
336 818 362 847 2:
390 830 405 844 tt
418 819 505 848 Patris
514 841 521 854 ,
536 819 602 856 quia
616 821 657 848 est
671 819 696 848 ei
711 822 857 848 coaeterna
870 829 898 853 »;
914 819 990 847 loan-

140 867 184 896 nis
203 866 312 895 decimo
332 869 449 903 quarto:
476 878 489 891 α
504 866 559 903 Ego
580 866 608 894 in
629 866 721 900 Patre,
747 869 775 895 et
796 866 876 895 Pater
896 866 924 894 in
945 873 989 894 me

139 916 181 942 est
196 924 223 948 »ς
245 913 310 942 item
333 913 440 942 loannis
460 913 566 950 primo:
592 924 606 938 α
621 912 649 941 In
670 912 807 950 principio
834 916 894 942 erat
921 912 989 941 Ver-

139 960 223 995 bum,
238 963 266 989 et
287 960 409 989 Verbum
430 962 491 989 erat
511 959 586 997 apud
613 959 702 988 Deum
717 971 744 994 »;
770 959 919 997 ylorificat
942 968 989 997 93—

138 1008 324 1037 nerosicatem
346 1007 443 1041 illius,
463 1018 479 1032 «ι
491 1006 519 1035 id
533 1009 583 1041 est,
598 1010 800 1044 repraesentat
820 1007 988 1044 generosita-

139 1058 194 1085 tem
216 1055 304 1084 Patris
318 1067 345 1089 »‚
367 1054 522 1083 secundum
549 1054 703 1083 Glossamss.
730 1054 790 1091 lpse
810 1054 884 1083 enim
905 1054 989 1083 Filius

138 1102 187 1132 Dei
198 1102 227 1131 in
241 1110 270 1131 se
285 1101 373 1130 Patris
387 1101 502 1138 gloriam
518 1104 717 1138 repraesentat,
733 1101 799 1139 quia
812 1104 854 1130 est
873 1113 887 1127 α
898 1101 989 1138 splen-

138 1150 189 1179 dor
209 1149 314 1187 gloriae
334 1151 363 1177 et
382 1148 473 1186 figura
500 1148 671 1177 substantiae
691 1148 752 1177 eius
767 1160 794 1183 »‚
816 1151 848 1177 ut
869 1148 989 1177 habetur

137 1196 172 1225 ad
193 1196 330 1225 Hebraeos
350 1196 455 1233 primo;
478 1195 543 1224 item
569 1195 782 1224 Proverbiorum
804 1195 924 1229 decimo,
946 1203 988 1224 se-

138 1243 260 1272 cundum
272 1242 353 1271 aliam
369 1242 502 1271 litteram:
521 1254 535 1267 «
546 1241 638 1270 Gloria
652 1242 740 1279 patris
751 1242 826 1271 filius
840 1242 949 1279 sapiens
960 1254 987 1270 ι).

137 1290 203 1319 Item
225 1290 286 1319 eius
306 1289 422 1327 gloriam
443 1289 554 1318 mundo
575 1288 764 1326 manifestat:
785 1289 859 1318 unde
880 1289 988 1318 Ioannis

137 1340 249 1366 octavo:
276 1348 289 1362 «
305 1337 360 1375 Ego
387 1336 503 1374 gloriam
532 1344 622 1365 meam
649 1345 703 1365 non
726 1344 848 1374 quaero,
869 1336 916 1365 sed
939 1337 988 1365 ho-

137 1384 253 1413 norifico
266 1396 280 1410 »
305 1387 357 1413 etc.
390 1384 445 1413 Sed
475 1387 501 1412 et
532 1384 664 1412 omnium
694 1384 855 1418 Dominus,
884 1384 989 1413 scilicet

137 1431 232 1466 Pater,
253 1431 287 1460 de
308 1439 365 1468 quo
385 1431 413 1459 in
436 1431 578 1460 Psalmo⁴:
606 1442 620 1456 α
633 1431 768 1460 Dominus
788 1431 861 1459 dixit
874 1430 908 1459 ad
930 1438 987 1459 me:

136 1478 221 1507 Filius
241 1486 322 1508 meus
342 1486 372 1507 es
386 1481 417 1507 tu
433 1490 446 1504 »
464 1481 526 1513 etc.;
541 1478 642 1507 dilexit
656 1478 754 1512 illam,-
773 1490 787 1504 a
801 1479 881 1507 Pater
899 1478 988 1515 diligit

137 1525 274 1560 Filium»,
296 1525 404 1554 loannis
425 1525 531 1563 quinto.

216 1572 306 1607 (Vers.
328 1572 376 1607 4.).
404 1572 435 1601 Et
455 1572 570 1606 merit0;
592 1572 708 1601 doctrix
728 1572 806 1601 enim
833 1575 875 1600 est
901 1572 988 1600 disci-

134 1620 234 1658 ptinae
258 1619 324 1653 Dei,-
346 1620 455 1649 Baruch
477 1620 595 1648 tertio-¹²:
622 1631 635 1644 ι(
651 1619 697 1648 Hic
718 1619 858 1648 adinvenit
879 1626 988 1647 omnem

136 1667 209 1696 viam
230 1667 390 1704 disciplinae
405 1678 418 1692 n
443 1670 495 1695 etc.
517 1666 667 1703 Disciplina
687 1666 793 1703 duplex
814 1669 871 1700 est,
886 1658 990 1695 scilicet

135 1713 287 1752 factorum
310 1717 338 1742 et
364 1713 539 1746 verborum;
566 1713 643 1742 unde
667 1713 695 1741 in
723 1713 848 1741 Psalmo:
874 1724 888 1737 α
903 1712 989 1741 Disci-

135 1760 212 1798 plina
226 1763 274 1789 tua
288 1760 413 1789 correxit
434 1768 477 1789 me
499 1760 527 1788 in
548 1760 645 1794 finem,
660 1763 687 1789 et
702 1760 846 1797 disciplina
868 1762 916 1788 tua
930 1760 987 1797 ipsa

136 1815 181 1836 me
201 1806 351 1836 docebit».
373 1807 489 1843 Propter
511 1807 563 1835 hoc
584 1806 665 1835 dicit:
697 1807 818 1835 Doctrix
839 1809 907 1840 etc,
936 1806 988 1835 sci—

137 1853 201 1883 licet
221 1853 325 1883 verbis.
359 1854 390 1882 Et
411 1856 492 1888 nota,
513 1853 588 1891 quod
615 1853 760 1891 disciplina
787 1854 835 1882 Dei
857 1857 899 1883 est
919 1853 988 1882 fides

136 1900 266 1935 formata,
288 1909 360 1938 quae
381 1901 445 1930 facit
470 1901 621 1938 discipulos
649 1901 712 1935 Dei3
736 1902 853 1929 Actuum
874 1900 986 1929 non0⁶z

141 1948 269 1977 «Saulus
289 1948 381 1977 adhuc
402 1948 511 1985 spirans
531 1948 671 1976 minarum
693 1951 720 1976 et
745 1947 836 1977 caedis
857 1948 885 1976 in
905 1947 987 1976 disci-

136 1995 217 2032 pulos
237 1994 347 2024 Domini
363 2007 390 2029 n,
411 1995 438 2023 id
460 1998 502 2024 est
521 1995 549 2023 in
564 1994 666 2023 fideles.
685 1995 720 2023 Et
733 1994 850 2023 electrix
865 2003 987 2032 operum

135 2041 232 2076 illius,
253 2041 280 2070 id
301 2044 343 2071 est
362 2042 536 2079 disciplinae,
558 2049 629 2079 quae
650 2044 692 2070 est
706 2042 733 2070 in
748 2040 855 2079 faeti&
870 2041 986 2070 electrix

136 2097 257 2126 opffl’um
277 2088 372 2123 illius,
394 2089 421 2118 id
441 2092 483 2118 est
504 2089 606 2126 eligere
627 2088 728 2117 docens
756 2097 842 2126 opera
866 2088 986 2126 discipli-

1843 136 1893 164 ¹61

1049 217 1100 238 nae
1121 209 1192 238 fidei.
1220 221 1234 235 «
1249 210 1326 240 Fides
1346 211 1420 240 enim
1441 212 1500 240 sine
1520 212 1652 249 operibus
1676 216 1787 242 mortua
1813 216 1855 242 est
1869 225 1898 248 ι,

1049 256 1137 286 lacobi
1159 257 1280 286 secundo
1291 258 1310 286 ⁷.

1128 303 1163 331 Et
1183 303 1211 331 si
1231 304 1350 333 divitiae
1371 308 1558 342 appetuntur.
1584 306 1631 335 Hic
1651 306 1771 336 ostendit
1791 306 1896 337 deside-

1048 349 1123 378 rium
1143 353 1287 379 causatum
1309 359 1344 380 ex
1373 352 1522 388 sapientiae
1549 353 1643 382 valore
1670 356 1844 391 comparato,
1869 357 1897 384 et

1047 396 1138 433 primo
1159 397 1187 425 in
1207 398 1411 434 comparatione
1431 398 1466 427 ad
1484 400 1655 436 pecuniam,
1677 408 1748 437 quae
1769 403 1811 429 est
1831 408 1896 437 per-

1047 443 1128 472 fectio
1149 443 1289 479 fortunae;
1311 445 1447 479 secundo,
1469 446 1497 474 in
1528 447 1733 483 comparatione
1754 447 1788 475 ad
1809 447 1896 476 indu-

1046 490 1170 524 striam,
1185 498 1257 528 quae
1271 494 1313 520 est
1327 491 1459 528 perfectio
1474 495 1591 522 naturae
1597 504 1606 521 :·
1619 493 1653 522 Si
1666 497 1762 523 autem
1777 502 1896 528 sensus,-

1048 537 1146 572 tertio,
1168 537 1195 566 in
1215 538 1420 574 comparatione
1440 539 1474 567 ad
1496 539 1650 574 virtutem,
1672 548 1743 577 quae
1774 544 1816 570 est
1836 549 1896 578 per-

1046 583 1127 613 fectio
1148 584 1268 621 gratiae:
1291 585 1325 613 Et
1346 585 1374 613 si
1393 585 1539 614 iustitiam
1546 597 1556 620 ,·
1578 589 1687 624 quarto,
1703 587 1731 616 in
1752 595 1895 624 compara-

1048 631 1121 660 tione
1141 631 1176 660 ad
1196 631 1363 666 scientiam,
1384 640 1456 669 quae
1477 636 1519 662 est
1540 633 1672 670 perfectio
1686 634 1895 672 intelligentiae:

1048 678 1085 706 Et
1103 678 1132 707 si
1151 678 1375 707 multitudinem.

1126 725 1216 762 (Vers.
1239 725 1287 758 5.).
1311 726 1345 756 Et
1364 726 1393 754 si
1412 726 1532 755 divitiae
1552 731 1746 764 appetuntur,
1768 728 1896 765 quamvis

1046 772 1216 810 appetendae
1246 781 1301 802 non
1331 776 1436 808 essent;
1463 785 1477 799 (ι
1491 774 1539 811 qui
1568 774 1642 803 enim
1674 775 1770 803 volunt
1797 775 1896 805 divites

1046 819 1106 848 fieri
1128 819 1260 848 incidunt¹
1274 820 1302 849 in
1324 820 1502 849 tentationem
1524 823 1552 850 et
1566 821 1594 849 in
1609 821 1741 858 laqueum
1755 821 1895 857 diaboli»,

1046 866 1153 903 primae
1173 866 1208 895 ad
1228 867 1404 896 Timotheum
1425 870 1506 896 sexto
1518 867 1544 902 ⁸;
1560 868 1626 897 item
1640 868 1668 897 in
1683 868 1802 898 Psalmo:
1821 880 1835 894 α
1850 869 1896 898 Di-

1046 913 1128 942 vitiae
1159 914 1180 942 si
1212 914 1344 949 affluant,
1365 915 1450 944 nolite
1477 923 1525 944 cor
1555 923 1695 952 apponere
1710 927 1737 950 »ς
1759 916 1790 945 in
1815 917 1894 950 vita,

1046 961 1149 990 seilicet
1164 962 1315 998 praesenti,
1330 969 1381 998 pro
1395 962 1456 990 eius
1470 963 1670 991 sustentatione
1681 966 1710 992 et
1720 963 1893 992 sufficientia.

1047 1008 1126 1044 Quid
1145 1009 1292 1045 sapientia
1313 1009 1497 1046 locupletius,
1518 1018 1593 1047 quae
1607 1014 1749 1047 operatur
1769 1011 1894 1040 omnia?

1046 1055 1153 1083 loannis
1173 1055 1271 1092 quinto
1282 1056 1309 1083 ⁹:
1330 1067 1343 1080 α
1358 1056 1437 1084 Pater
1458 1064 1538 1085 meus
1551 1064 1642 1094 usque
1656 1057 1738 1085 modo
1751 1060 1894 1094 operatur,

1045 1104 1073 1131 et
1093 1109 1143 1139 ego
1164 1110 1265 1139 operor
1280 1113 1306 1136 »3
1329 1111 1393 1139 e90‚
1415 1103 1519 1132 scilicet
1539 1103 1672 1140 sapientia
1692 1103 1829 1138 increata;
1845 1111 1895 1133 nec

1046 1152 1136 1186 potest
1156 1157 1216 1178 esse
1238 1157 1360 1186 pauper,
1380 1150 1430 1186 qui
1457 1150 1549 1178 omnia
1574 1153 1715 1187 operatur.
1745 1151 1800 1180 Scit
1821 1151 1894 1180 enim

1045 1196 1135 1225 facere
1156 1199 1303 1233 argentum
1324 1199 1352 1225 et
1372 1204 1475 1225 aurum
1503 1200 1530 1225 et
1552 1197 1727 1232 huiusmodi3
1749 1197 1810 1227 ideo
1830 1198 1896 1227 dicit

1045 1243 1261 1272 Proverbiorum
1282 1246 1394 1272 octavo:
1421 1255 1435 1269 a
1450 1244 1557 1273 Mecum
1578 1247 1644 1273 sunt
1664 1244 1776 1274 divitiae
1796 1248 1824 1273 et
1838 1245 1895 1282 glo-

1045 1290 1100 1324 ria,
1114 1298 1181 1327 opes
1195 1290 1332 1327 superbae
1346 1301 1373 1324 »;
1389 1290 1559 1327 Augustinus
1571 1291 1610 1319 ¹⁰:
1630 1302 1644 1315 α
1658 1291 1743 1319 Nimis
1761 1291 1837 1320 dives
1855 1294 1896 1319 est

1045 1337 1195 1365 christiana
1217 1337 1329 1374 religio,
1351 1336 1396 1365 cui
1417 1336 1512 1365 datum
1533 1340 1575 1366 est
1596 1337 1625 1365 in
1644 1337 1767 1366 omnium
1790 1344 1896 1374 posses—

1045 1391 1108 1412 sore
1128 1383 1221 1412 omnia
1241 1383 1383 1420 possidere
1397 1395 1423 1411 ».

1124 1431 1213 1465 (Vers.
1237 1431 1284 1466 6.).
1308 1430 1341 1459 Si
1361 1434 1459 1459 autem
1479 1440 1598 1465 sensus,
1621 1431 1648 1460 id
1673 1434 1715 1461 est
1745 1431 1895 1466 naturalis,

1045 1478 1089 1506 vel
1110 1478 1246 1515 acquisita
1266 1477 1419 1512 industria,
1444 1481 1599 1515 operatur,
1621 1478 1687 1515 quia
1712 1490 1725 1503 «x
1740 1486 1786 1507 ars
1806 1478 1895 1507 imita-

1034 1527 1093 1553 *tur
1108 1528 1237 1553 naturam
1248 1536 1261 1550 ι»
1274 1525 1302 1553 in
1316 1525 1466 1561 operando,
1481 1525 1636 1554 secundum
1652 1525 1848 1562 Philosophum
1857 1527 1893 1559 ¹¹;

1917 312 1945 332 De
1958 313 2020 333 valore

1912 339 2021 361 comparatu

1913 362 2000 384 quatuor.

1912 734 2003 753 Primum.

1913 1436 2032 1457 Secundum*

1045 1572 1112 1610 quis
1133 1571 1238 1600 horum
1260 1580 1335 1610 quae
1354 1575 1438 1606 sunt,
1459 1572 1557 1610 mayis
1576 1581 1666 1611 quam
1688 1572 1740 1601 illa
1760 1576 1802 1601 est
1822 1573 1909 1601 arti-2

1045 1617 1116 1656 few?
1137 1619 1216 1656 quasi
1237 1618 1325 1647 dicat:
1346 1619 1455 1653 nullus;
1477 1619 1551 1648 unde
1572 1619 1599 1648 in
1621 1620 1742 1648 Psalmo:
1769 1631 1783 1645 c<
1796 1619 1895 1648 Omnia

1045 1666 1073 1694 in
1095 1666 1228 1703 sapientia
1248 1666 1336 1694 fecisti
1351 1678 1376 1694 ».
1400 1666 1538 1702 Sapientia
1560 1667 1676 1704 replevit
1691 1666 1824 1695 Dominus
1846 1666 1895 1695 Be-

1044 1712 1142 1746 seleel‚
1164 1715 1195 1741 ut
1215 1712 1299 1741 sciret
1319 1712 1409 1742 facere
1429 1720 1514 1749 opera
1529 1712 1698 1741 tabernaculi
1729 1716 1760 1741 ut
1776 1712 1894 1741 habetur

1046 1759 1132 1788 Exodi
1153 1759 1294 1797 trigesimo
1315 1759 1413 1796 primo.

1123 1807 1212 1844 (Vers.
1234 1807 1282 1843 7.).
1307 1807 1342 1835 Et
1361 1807 1389 1835 si
1409 1807 1555 1835 iustitiam
1576 1806 1767 1845 quistliliyit,
1790 1806 1895 1835 scilicet

1044 1854 1216 1891 generalem,
1238 1854 1265 1882 id
1286 1856 1328 1882 est
1359 1854 1497 1882 humanae
1525 1854 1597 1882 vitae
1628 1853 1840 1887 rectitudinem,
1861 1853 1894 1882 de

1043 1908 1100 1938 qua
1114 1909 1200 1937 supra
1214 1901 1304 1937 primo
1316 1901 1353 1929 ¹2:
1373 1912 1386 1925 ει
1402 1900 1511 1937 Diligite
1526 1901 1660 1931 iustitiam
1671 1912 1685 1926 »
1700 1904 1751 1929 etc.
1771 1900 1894 1928 Labores

1043 1946 1150 1981 huius,
1172 1947 1275 1976 scilicet
1297 1947 1462 1984 sapientiae,
1484 1947 1590 1984 quibus
1609 1955 1660 1984 pro
1688 1947 1747 1984 ipsa
1768 1946 1894 1975 habenda

1044 1994 1201 2028 laboratur;
1223 1996 1251 2022 et
1270 1994 1337 2023 dicit
1358 1993 1471 2022 labores·
1492 1994 1650 2031 pluraliter,
1672 1994 1738 2031 quia
1759 2002 1811 2031 pro
1832 1994 1891 2030 ipsa

1043 2041 1169 2070 habenda
1188 2044 1298 2078 oportet
1318 2041 1440 2070 multum
1467 2041 1765 2076 laborareysecundae
1786 2041 1820 2069 ad
1840 2041 1892 2069 Co-

1042 2088 1160 2117 rinthios
1186 2088 1346 2117 undecimo:
1372 2088 1430 2117 a-[n
1459 2088 1601 2118 laboribus
1631 2088 1760 2125 plurimis
1775 2099 1802 2123 ».;
1828 2097 1893 2117 ma-

198 2278 206 2291 ¹
225 2279 291 2302 Vers.
308 2279 350 2302 47:
367 2279 429 2308 Quid
450 2279 512 2302 enim
538 2279 626 2302 bonum
651 2280 701 2302 eius
718 2283 763 2309 est,
781 2283 803 2303 et
820 2280 876 2309 quid
894 2283 937 2303 etc.
954 2293 985 2297 —

134 2317 260 2341 Rabanus:
276 2319 359 2341 Forma
376 2319 439 2341 enim
456 2319 582 2347 sapientiae
599 2320 685 2342 veritas
701 2323 748 2348 est,
763 2326 835 2349 quani
852 2326 934 2343 omnes
948 2326 985 2342 ve—

134 2357 217 2380 raciter
241 2357 343 2386 religiosi
367 2358 493 2386 praecipue
517 2360 630 2386 appetunt
654 2364 794 2386 agnoscere,
811 2359 866 2387 quia
888 2365 915 2381 ea
937 2359 984 2381 sola

134 2399 181 2424 est,
197 2403 245 2426 qua
262 2403 344 2419 omnes
359 2397 424 2420 electi
441 2397 481 2419 Dei
499 2400 594 2425 sperant
610 2398 633 2419 in
650 2400 742 2420 aeterna
762 2398 839 2427 quiete
857 2404 881 2420 se
899 2397 985 2420 beatifi-

134 2436 188 2458 cari.
206 2436 270 2458 Unde
295 2436 345 2464 ipsa
370 2436 461 2459 Veritas
485 2437 507 2458 in
532 2436 657 2464 Evangelio
681 2437 711 2459 ad
736 2437 827 2459 Patrem
852 2437 884 2459 ait
907 2436 983 2466 [ioan.

136 2474 172 2502 ⁴7,
185 2474 230 2504 3.]:
248 2475 310 2498 Haec
326 2477 361 2498 est
376 2475 425 2499 vita
441 2477 550 2504 aeterna,
562 2477 590 2498 ut
601 2477 747 2505 coquoscant
762 2477 783 2499 te
799 2482 883 2499 verum
896 2475 983 2504 Deum,

134 2515 156 2537 et
172 2520 242 2544 quem
258 2514 346 2537 mis-isti
360 2515 440 2538 lesum
456 2514 587 2538 Christum.
604 2515 637 2537 De
657 2521 705 2544 quo
722 2518 745 2538 et
761 2515 925 2543 subiungitur:
944 2515 985 2538 Ge-

133 2552 286 2576 nerositatem
303 2552 424 2584 §terrificat
439 2556 481 2576 etc.

196 2590 205 2604 ⁹
223 2592 311 2620 Nempe
328 2592 489 2615 interlinearis
506 2593 635 2616 secundum
652 2593 783 2616 Rabanum.
800 2606 831 2611 —
848 2594 898 2616 Duo
917 2600 984 2623 seqq.

133 2631 178 2653 loci
194 2633 248 2653 sunt
264 2632 326 2654 ioan.
346 2631 388 2659 ⁴4,
407 2632 444 2654 40.
460 2634 484 2654 et
501 2633 521 2660 l,
540 2633 560 2654 l.

196 2668 206 2682 ³
223 2670 312 2693 Scilicet
336 2670 495 2694 ordinariam.
518 2684 548 2687 -—
572 2672 705 2701 Sequuntur
729 2672 798 2695 Hebr.
823 2673 844 2701 i,
868 2673 894 2701 33
916 2673 984 2695 Prov.

134 2710 176 2738 lO,
195 2710 219 2732 l:
237 2710 306 2733 Filius
322 2710 415 2738 sapiens
432 2711 538 2733 laetificat
555 2713 658 2738 patrem;
676 2712 736 2734 loan.
754 2713 781 2739 8,
800 2711 837 2734 49.
854 2718 916 2740 seq.:
935 2713 983 2740 Ego

132 2749 282 2771 daemonium
305 2755 351 2772 non
373 2749 460 2778 habeo,
477 2750 518 2772 sed
540 2750 667 2772 honorifico
685 2750 775 2773 Patrem
793 2757 884 2778 meum,
901 2754 924 2773 et
940 2757 983 2773 vos

133 2788 287 2810 inhonorastis
311 2794 357 2811 me.
379 2789 427 2816 Ego
450 2791 526 2811 autem
552 2795 598 2811 non
620 2795 708 2818 quaero
726 2789 823 2817 gloriam
841 2796 931 2817 meam,
949 2793 983 2812 est

133 2827 172 2856 qui
189 2830 285 2856 quaerat
301 2830 324 2850 et
340 2827 434 2850 iudiCet.

195 2865 205 2878 ⁴
221 2866 304 2888 Psalm.
321 2867 349 2893 2,
365 2866 388 2889 7.
406 2879 435 2883 —
452 2867 506 2895 Seq.
522 2867 587 2889 locus
604 2870 638 2889 est
655 2868 716 2889 ioan.
734 2868 761 2895 5,
778 2868 816 2890 20.

195 2904 205 2917 ⁶
222 2906 287 2928 Vers.
305 2906 342 2928 37.
359 2918 390 2923 —
407 2906 516 2935 Sequitur
532 2906 569 2929 Ps.
590 2907 626 2935 «17,
644 2907 681 2929 36.

197 2943 207 2956 ⁶
222 2945 286 2967 Vers.
306 2945 328 2967 l.
833 2944 841 2958 ⁷
860 2947 925 2968 Vei-s.
942 2947 980 2969 20.

226 2991 252 3015 S.
269 2992 360 3015 Bonav.
371 3004 402 3009 -
415 2993 483 3015 Tom.
500 2993 538 3015 Vl.

1105 2279 1114 2292 ⁸
1131 2281 1198 2303 Vers.
1214 2281 1237 2302 9.
1253 2292 1285 2297 —
1302 2280 1411 2309 Sequitur
1428 2280 1464 2302 Ps.
1481 2280 1518 2308 61,
1539 2280 1572 2301 Μ.

1104 2318 1114 2331 ⁹
1131 2320 1198 2342 Vers.
1216 2319 1253 2342 ⁴7.
1271 2331 1303 2336 -
1319 2320 1372 2348 Seq.
1389 2320 1452 2342 locus
1468 2321 1503 2341 est
1520 2319 1588 2341 Prov.
1605 2319 1632 2347 8,
1651 2319 1689 2341 48.

1105 2357 1125 2370 ¹⁰
1141 2358 1188 2381 Csr.
1204 2358 1305 2380 Enarrat.
1331 2359 1353 2380 in
1379 2358 1414 2381 Ps.
1437 2357 1474 2380 48.
1497 2364 1566 2380 serm.
1590 2358 1611 2380 i.
1628 2364 1652 2380 n.
1669 2358 1696 2384 3,
1714 2356 1766 2385 ubi,
1784 2356 1891 2379 adductis

1041 2398 1110 2420 Prov.
1128 2397 1170 2425 ⁴7,
1188 2398 1217 2420 6:
1236 2397 1311 2420 Fideli
1326 2397 1419 2420 homini
1433 2396 1540 2420 muudus
1557 2398 1619 2420 totus
1637 2396 1778 2419 divitiarum
1794 2397 1829 2419 est
1846 2396 1892 2424 (Se-

1042 2437 1185 2465 ptuaginta),
1203 2439 1224 2458 et
1242 2437 1265 2459 ll.
1282 2436 1334 2459 Cor.
1353 2437 1379 2463 6,
1399 2436 1443 2458 l0:
1467 2435 1543 2464 Quasi
1564 2435 1625 2458 nihil
1646 2434 1756 2458 habeam
1773 2436 1796 2457 et
1811 2434 1891 2457 omnia

1038 2475 1198 2506 possedentes,
1223 2476 1302 2499 addit:
1327 2485 1339 2496 α
1351 2476 1394 2504 Qui
1418 2476 1467 2498 vult
1489 2481 1546 2503 ergo
1569 2481 1620 2497 esse
1642 2475 1709 2497 dives
1732 2480 1778 2497 non
1800 2475 1893 2496 haereat

1041 2515 1114 2544 parti,
1131 2518 1153 2537 et
1170 2518 1243 2538 totum
1262 2515 1405 2543 possidebit;
1422 2515 1451 2537 illi
1474 2515 1602 2541 inhaereat,
1619 2514 1659 2542 qui
1676 2516 1749 2536 totum
1772 2513 1859 2536 creavit
1870 2521 1892 2535 ιι.

1043 2555 1101 2577 Vide
1117 2555 1186 2577 etiam
1205 2555 1278 2577 Serm.
1297 2554 1334 2576 36.
1353 2554 1419 2582 (alias
1436 2554 1490 2576 2⁴2.
1507 2554 1537 2576 de
1555 2554 1695 2582 Tempore),
1714 2559 1733 2575 c.
1745 2553 1766 2574 3.
1780 2559 1801 2574 n.
1814 2553 1840 2579 3,
1852 2551 1891 2574 ubi

1041 2594 1120 2621 docet,
1137 2594 1202 2623 quod
1219 2594 1336 2624 Christus,
1354 2599 1443 2622 pauper
1460 2594 1546 2620 sactus,
1562 2599 1604 2615 nos
1616 2593 1713 2615 ditavit:
1727 2601 1739 2612 «
1751 2592 1811 2620 Quid
1822 2592 1892 2614 ditius

1041 2639 1081 2660 eo,
1103 2638 1145 2660 per
1167 2639 1238 2661 quem
1261 2633 1395 2655 factasunt
1416 2632 1494 2654 onmia
1505 2633 1532 2654 n?
1555 2633 1629 2654 Serm.
1653 2631 1704 2653 ⁴42.
1727 2631 1790 2659 (alias
1808 2630 1844 2653 54.
1862 2630 1891 2653 dc

1042 2671 1126 2695 Verbis
1142 2672 1244 2701 Domini)
1257 2678 1276 2694 c,
1294 2672 1316 2693 5.
1334 2678 1357 2693 n.
1374 2671 1401 2693 5:
1421 2680 1433 2691 α
1447 2672 1468 2693 Si
1481 2672 1543 2694 enim
1555 2670 1698 2701 [ChriStum]
1711 2671 1740 2692 ita
1752 2669 1891 2698 quaesieris,

1041 2711 1179 2740 possidebis.
1197 2711 1296 2733 Tenebis
1313 2711 1374 2733 enim
1391 2716 1459 2739 eum,
1476 2717 1518 2739 per
1534 2716 1604 2739 quem
1622 2711 1680 2733 facta
1698 2712 1751 2732 sunt
1768 2709 1857 2735 omnia,
1869 2712 1888 2730 ei

1040 2758 1094 2774 curn
1112 2752 1164 2779 ipso
1186 2751 1264 2773 omnia
1287 2750 1418 2778 possidebis
1430 2759 1451 2772 n.
1473 2750 1505 2772 De
1522 2750 1609 2772 divitiis
1625 2749 1743 2772 Ecclesiae
1759 2750 1800 2771 cfr.
1817 2749 1890 2770 Serm.

1040 2791 1070 2813 de
1081 2790 1204 2818 symbolo,
1216 2791 1255 2819 qui
1269 2791 1363 2818 incipit:
1377 2790 1466 2813 Notum
1477 2790 1513 2812 est
1524 2789 1592 2816 (inter
1603 2794 1674 2816 opera
1687 2788 1805 2815 August),
1818 2793 1838 2809 c.
1855 2787 1889 2808 ¹2.

1102 2828 1121 2841 ¹¹
1139 2829 1200 2852 Libr.
1218 2830 1241 2851 ll.
1259 2830 1325 2857 Phys.
1343 2831 1396 2851 text.
1413 2829 1450 2850 22.
1468 2831 1490 2850 et
1509 2827 1546 2849 79.
1566 2828 1594 2856 (c.
1612 2828 1633 2849 2.
1649 2830 1672 2848 et
1689 2826 1729 2854 8.).
1743 2838 1771 2841 —
1784 2825 1887 2847 Subinde

1038 2869 1167 2896 allegantur
1183 2868 1219 2890 Ps.
1237 2868 1295 2895 403,
1313 2867 1349 2889 24.
1367 2870 1390 2889 et
1408 2867 1475 2889 Exod.
1489 2867 1526 2894 3⁴,
1544 2867 1565 2888 3.
1583 2872 1660 2894 seqq:
1678 2866 1703 2887 Et
1721 2864 1816 2892 implevi
1834 2870 1886 2885 eum

1039 2906 1170 2937 [Beseleel]
1187 2907 1268 2934 spiritu
1288 2907 1340 2933 Dei,
1357 2906 1467 2934 sapientia
1485 2909 1507 2928 et
1525 2905 1671 2933 intelligentia
1689 2907 1733 2926 ete.

1102 2945 1120 2958 ¹²
1138 2947 1204 2969 Vers,
1223 2946 1243 2968 l.
1260 2958 1291 2962 —
1309 2946 1416 2974 Sequitur
1434 2945 1457 2967 li.
1475 2944 1528 2967 Cor.
1546 2945 1582 2972 ll,
1600 2944 1636 2966 23.

1764 2989 1787 3010 2¹

1911 1813 2001 1832 Tertium.
