2296 3316
263 763 319 787 Resp.
333 768 375 781 curn

254 786 382 805 distinctione.

405 179 461 208 530

404 257 488 286 bendz'
508 260 577 284 sant
592 272 628 276 —
643 256 709 293 quia
730 264 817 292 parva
837 258 878 284 est
899 258 995 284 nostra
1009 255 1161 292 capacitas;
1178 255 1251 284 unde

403 312 489 341 supra
516 303 622 332 decimo
649 304 767 332 sexto¹:
794 302 907 331 «Multa
928 302 1017 331 habeo
1038 302 1116 331 vobis
1142 302 1250 337 dicere,

403 350 450 380 sed
470 358 525 379 non
546 350 660 387 potestis
683 352 794 387 portare
815 349 934 378 modo».

752 444 899 481 QUAnsno.

480 539 525 566 57.
548 538 599 567 Sed
621 538 688 576 quid
703 541 757 572 est,
772 538 846 576 quod
868 538 947 572 dicit,
968 538 1042 576 quod
1058 538 1158 575 signa2
1172 538 1252 566 Chri-

401 585 435 614 sti
456 593 512 614 non
533 588 645 622 possent
666 585 725 622 capi
747 585 775 614 in
796 588 854 614 toto
875 585 995 619 mundo,
1010 593 1074 614 cum
1090 593 1145 614 non
1161 584 1251 613 solum

400 635 461 661 acta
481 640 547 666 sua,
569 632 616 661 sed
638 632 744 666 omnia,
766 640 838 669 quae
858 635 935 669 gesta
956 636 1021 661 sunt
1042 632 1077 660 ab
1098 632 1177 660 initio
1192 640 1251 661 sae-

401 679 474 714 culi,
496 679 518 708 si
541 679 716 714 scribantur,
738 682 850 716 caperet
870 678 993 707 mundus
1014 679 1121 708 libros?

480 726 511 754 Et
532 726 695 760 dicendum,
718 725 792 764 quod
813 725 919 762 duplex
941 728 983 754 est
1007 725 1158 762 capacitas:
1185 733 1250 754 eor-

399 773 513 811 pot-alls
526 776 553 802 et
566 773 751 811 spiritualis,
767 781 839 811 quae
857 776 899 802 est
914 780 963 810 per
978 772 1158 802 intellectum.
1174 772 1201 801 Si
1216 772 1250 802 de

1020 176 1191 205 COMMENT.
1214 177 1246 205 ΙΝ
1268 177 1414 206 ΙΟΑΝΝΕΜ
1435 176 1463 205 C.
1486 175 1551 204 XXI.

1307 254 1458 292 corporali
1470 254 1662 291 dicatur,per
1681 252 1861 292 hyperbolem
1883 255 1989 285 dictum
2010 259 2067 292 est,
2089 255 2161 285 sicut

1308 302 1336 330 in
1350 301 1410 330 aliis
1425 301 1491 330 locis
1506 300 1682 337 scripturae,
1698 303 1729 329 ut
1745 300 1772 329 in
1788 301 1894 330 Psalmo
1906 302 1933 331 ⁸:
1949 303 2118 332 Posueram
2129 302 2162 332 in

1308 348 1420 377 eaelum
1436 356 1468 376 os-
1482 356 1590 381 saum,·
1611 350 1638 376 et
1659 347 1693 376 de
1714 347 1874 383 Salomone,
1889 348 1964 385 quod
1979 349 2042 378 fecit
2057 352 2161 378 tantam

1308 395 1416 432 copiam
1437 395 1569 432 arpenti,
1595 398 1710 433 quanta
1730 398 1772 424 esc
1786 395 1921 433 lapidum
1935 395 1967 424 in
1981 397 2160 432 Jerusalem,

1309 442 1383 471 tertii
1406 443 1509 480 Regum
1524 442 1640 472 decimo.
1657 442 1682 472 Si
1698 446 1791 472 autem
1807 442 1841 472 de
1856 446 1939 480 captu
1958 443 2162 482 intelliyentiae

1308 490 1418 518 dicatur
1434 490 1475 518 vel
1489 489 1652 526 accipiatur,
1667 498 1766 519 verum
1777 493 1819 519 est
1830 490 1864 519 ad
1876 489 2009 524 litteram3
2021 490 2095 519 unde
2106 490 2160 519 Au-

1308 536 1478 574 gustinus4:
1506 548 1519 562 «
1534 537 1587 566 Nos
1612 537 1746 572 scientes,
1768 537 1843 575 quod
1864 536 2045 574 intelligentia
2065 539 2162 566 nostra

1307 593 1362 614 non
1377 587 1488 622 caperet
1502 593 1574 622 quae
1588 585 1622 614 de
1636 585 1747 614 Christo
1762 585 1845 614 scribi
1867 587 1992 623 possent;
2013 592 2161 620 curemus,

1307 634 1384 660 recta
1406 631 1459 660 tide
1474 631 1651 669 intelligendo
1665 640 1738 669 quae
1759 632 1883 669 scripsit,
1905 634 1981 661 recta
2001 631 2162 668 operatione

1307 676 1465 707 exercendo
1479 686 1551 716 quae
1565 678 1675 713 docuit,
1690 678 1724 707 ad
1738 678 1810 708 dona
1821 679 1989 717 sempiterna
2002 678 2161 716 pervenire,

1307 733 1379 763 quae
1401 726 1536 755 Dominus
1557 726 1615 763 ipse
1644 726 1771 763 promisit
1789 738 1816 761 »,
1845 727 1905 764 ipso
1925 726 2090 760 adiuvante,
2112 726 2160 763 qui

1306 772 1375 801 vivit
1395 776 1423 801 et
1444 775 1542 810 regnat
1563 773 1590 801 in
1612 772 1723 802 saecula
1744 773 1929 803 saeculorum.
1952 773 2036 803 Amen
2048 772 2068 802 ⁵.

1212 836 1348 864 Exrucrr.

464 968 471 981 ¹
491 969 557 991 Vers.
577 969 612 991 ¹2.
961 966 971 979 ²
989 967 1031 990 Ed.
1050 967 1115 990 addit
1131 968 1154 991 et
1170 973 1251 997 opera.

463 1006 472 1020 ³
489 1008 572 1030 Psalm.
586 1007 630 1034 72,
641 1008 704 1029 9.-
713 1007 822 1036 Sequitur
834 1007 867 1029 ΙΙΙ.
877 1007 934 1034 Reg.
945 1007 986 1034 lO,
995 1006 1033 1029 27.
1042 1006 1147 1035 August„
1156 1006 1180 1028 in
1189 1007 1251 1029 loan.

402 1049 489 1075 Evung.
501 1050 528 1069 tr.
542 1046 594 1069 124.
609 1053 632 1069 n.
650 1047 675 1068 8:
693 1046 743 1068 Non
760 1046 834 1074 spatio
852 1046 956 1068 locorum
975 1046 1118 1068 credendum
1136 1048 1170 1068 est
1186 1052 1252 1068 mun-

400 1087 455 1109 dum
473 1092 557 1114 capere
574 1092 621 1108 non
638 1092 718 1114 posse,
730 1091 791 1114 quae
808 1085 831 1107 in
848 1091 876 1107 eo
888 1084 957 1107 scribi
975 1084 1094 1114 quomodo
1112 1087 1219 1113 possent,
1231 1084 1251 1107 si

402 1126 486 1153 scripta
503 1131 548 1148 non
567 1126 651 1148 ferret?
673 1125 718 1147 Sed
736 1124 863 1153 capacitate
880 1124 1005 1152 legentium
1023 1124 1191 1153 comprehendi
1208 1125 1252 1147 sor-

402 1168 461 1188 tasse
478 1171 523 1188 non
540 1167 647 1193 possent,
664 1164 774 1193 quamvis
791 1164 855 1186 salva
866 1170 944 1186 rerum
960 1163 1007 1186 fide
1019 1163 1160 1193 plerumque
1176 1162 1248 1186 verba

402 1204 512 1227 excedere
529 1204 651 1227 videantur
669 1204 748 1227 fidem.
765 1203 833 1232 Quod
850 1209 896 1226 non
909 1203 945 1231 fit,
957 1203 1052 1232 quando
1069 1203 1168 1232 aliquid,
1186 1202 1251 1232 quod

400 1246 449 1266 erat
465 1243 592 1266 obscurum
610 1243 646 1265 vel
658 1242 770 1270 dubium,
788 1249 857 1265 causa
870 1245 892 1265 et
908 1242 997 1265 ratione
1008 1242 1098 1265 reddita
1116 1242 1249 1270 exponitur;

400 1283 439 1306 sed
458 1283 552 1312 quando
569 1283 603 1311 id,
622 1282 686 1312 quod
702 1285 808 1311 apertum
826 1284 871 1309 est,
889 1282 925 1304 vel
937 1284 1037 1310 augetur
1053 1282 1090 1304 vel
1107 1284 1250 1310 extenuatur,

401 1328 442 1345 nec
459 1324 537 1345 tamen
555 1329 568 1344 a
585 1322 676 1344 tramite
692 1322 858 1350 significandae
880 1321 983 1344 veritatis
1007 1324 1120 1344 erratur...
1138 1321 1204 1344 Hunc
1221 1321 1251 1343 lo-

401 1362 488 1392 quendi
505 1362 602 1385 modum
620 1362 708 1385 Graeco
725 1361 821 1384 nomine
837 1367 884 1383 non
904 1361 979 1384 solum
997 1361 1150 1388 Graecarum,
1167 1366 1250 1383 verum

401 1402 470 1424 etiam
487 1402 619 1425 Latinarum
642 1401 769 1424 litterarum
791 1400 896 1429 magistri
917 1399 1068 1430 hyperbolem
1090 1402 1182 1423 vocant.
1206 1400 1251 1429 Qui

403 1441 498 1469 modus,
515 1441 574 1464 sicut
590 1442 634 1463 hoc
650 1441 712 1468 loco,
730 1440 760 1463 ita
778 1440 801 1462 in
818 1440 934 1463 nonnullis
951 1439 1000 1462 aliis
1017 1439 1103 1462 divinis
1123 1439 1202 1462 litteris
1218 1439 1250 1461 in-

402 1481 507 1508 venitur,
525 1483 549 1503 ut
566 1483 600 1503 est
618 1479 663 1510 [Ps.
679 1480 721 1508 72,
739 1480 784 1508 9.}:
803 1480 939 1502 Posuerunt
955 1479 980 1502 in
1002 1478 1095 1502 caelum
1115 1484 1142 1502 os
1158 1484 1250 1507 saum,-

402 1523 423 1542 ει
440 1519 488 1549 [Ps.
506 1519 547 1547 67,
565 1518 628 1548 22.]:
650 1518 762 1542 verticem
784 1517 866 1548 capilli
881 1517 1101 1548 perambulantium
1119 1517 1144 1540 in
1161 1517 1250 1540 delictz's

400 1558 451 1582 sais
468 1561 510 1581 etc.

463 1596 473 1609 4
490 1596 567 1619 Verba
576 1598 626 1626 ipsa
635 1604 681 1620 non
693 1597 838 1624 invenimus;
850 1598 890 1619 cfr.
902 1597 926 1619 in
938 1597 999 1619 ioan.
1008 1597 1097 1624 Evang.
1108 1599 1133 1618 tr.
1144 1595 1182 1618 45.
1191 1602 1213 1618 n.
1223 1595 1250 1622 7,

401 1637 441 1660 ubi
458 1637 524 1665 dicit,
542 1637 606 1666 quod
628 1637 647 1659 si
666 1636 792 1659 verborum
815 1636 947 1664 Scripturae
971 1644 982 1656 «
1003 1642 1050 1658 non
1072 1635 1250 1664 apprehendero

1309 967 1494 996 intelligentiam,
1511 968 1548 990 vel
1565 966 1692 995 explicandi
1705 966 1769 995 quod
1786 966 1890 995 intelligo
1902 973 1947 990 non
1964 967 2068 991 habuero
2092 968 2162 991 sacul-

1309 1007 1440 1034 tatem,ch
1458 1008 1504 1029 tam
1518 1006 1585 1028 suerit
1601 1006 1701 1035 quisque
1713 1005 1804 1032 tardus,
1822 1007 1847 1028 ut
1858 1005 1927 1028 etiam
1944 1009 2099 1034 exponentem
2116 1013 2161 1030 non

1308 1048 1432 1074 sequatur,
1449 1051 1496 1068 non
1514 1045 1543 1068 de
1554 1051 1579 1067 so
1591 1045 1709 1073 desperet,
1729 1046 1820 1066 maneat
1831 1043 1857 1066 in
1872 1043 1929 1074 fide,
1947 1044 2050 1068 ambulet
2066 1045 2091 1069 in
2108 1045 2157 1075 via,

1308 1085 1388 1107 audiat
1404 1085 1540 1113 Apostolum
1558 1084 1672 1107 dicentem
1695 1083 1760 1113 [Phil.
1784 1083 1809 1111 3,
1828 1082 1887 1113 «1542
1904 1083 1934 1107 Et
1949 1083 1972 1108 si
1988 1084 2047 1114 quid
2062 1085 2158 1115 sapiae,

1308 1123 1352 1147 hoc
1370 1129 1463 1153 quoque
1479 1122 1544 1146 vobis
1562 1123 1625 1146 Deus
1642 1121 1765 1150 revelabit,
1784 1125 1950 1146 verumtamen
1961 1122 1986 1146 in
2003 1123 2068 1153 quod
2079 1130 2162 1154 perve-

1307 1161 1402 1191 nimus,
1420 1161 1445 1185 in
1469 1168 1495 1185 eo
1517 1161 1676 1185 ambutemus.
1702 1161 1761 1184 Vide
1786 1160 1842 1183 ibid.
1861 1163 1888 1183 tr.
1915 1160 1952 1184 47.
1971 1167 1995 1184 n.
2016 1161 2030 1184 6
2044 1178 2050 1184 .
2067 1174 2097 1178 —
2117 1162 2161 1185 Pro

1310 1200 1370 1224 unde
1387 1200 1537 1230 Aayustinus
1557 1201 1594 1224 ed.
1611 1202 1640 1224 ut
1659 1199 1715 1224 dicit
1735 1198 1892 1230 Augustinus.
1915 1199 1988 1222 Etiam
2010 1200 2035 1222 B.
2060 1199 2160 1229 Albert.‚

1308 1240 1397 1263 Postilla
1411 1241 1433 1263 in
1452 1241 1513 1263 toan.
1525 1241 1550 1263 24
1562 1259 1567 1269 ,
1579 1240 1621 1263 25:
1644 1240 1710 1263 Unde
1726 1239 1883 1268 Augustinus:
1903 1239 1949 1262 Nos
1968 1239 2078 1268 scientes,
2096 1239 2161 1268 quod

1308 1279 1458 1308 intelligentia
1475 1282 1553 1302 nostra
1565 1286 1610 1302 non
1628 1283 1721 1308 caperet
1737 1279 1767 1302 de
1783 1279 1873 1302 Christo
1890 1285 1950 1308 quae
1967 1278 2038 1301 scribi
2054 1280 2160 1307 possent,

1308 1325 1428 1347 curemus,
1446 1321 1507 1341 recta
1529 1318 1576 1341 flde
1593 1319 1688 1341 credere
1701 1321 1724 1341 et
1740 1318 1866 1347 intelligere
1883 1323 1944 1348 quae
1968 1317 2071 1346 scripsit,
2097 1319 2159 1340 recta

1308 1360 1443 1389 operatione
1467 1360 1596 1382 exercendo
1614 1359 1711 1388 implere
1727 1365 1789 1389 quae
1805 1359 1895 1387 docuit,
1913 1361 1938 1381 ut
1954 1358 1985 1382 ad
1997 1358 2058 1381 dona
2074 1358 2159 1386 sempi-

1308 1403 1372 1423 terna
1385 1400 1509 1428 pervenire
1526 1400 1659 1427 valeamus,
1676 1405 1737 1428 quae
1753 1399 1866 1422 Dominus
1883 1398 1997 1427 promisit.

1371 1437 1381 1451 ⁵
1398 1439 1438 1462 Ed.
1455 1445 1509 1462 cum
1527 1438 1634 1467 pluribus
1657 1439 1737 1467 codd.‚
1760 1440 1785 1461 ut
1802 1438 1923 1466 AHlKL,
1945 1438 2011 1461 addit
2032 1438 2097 1461 Laus
2119 1436 2162 1461 tibi

1309 1478 1413 1507 Christe,
1437 1477 1551 1508 quoniam
1574 1477 1642 1501 tabor
1665 1477 1762 1507 captivit
1784 1477 1834 1501 iste.
1857 1477 1945 1500 Deinde
1966 1477 2005 1500 ed.
2026 1475 2159 1505 subiungit:

1310 1517 1416 1547 Eoeplioit
1428 1516 1527 1547 postilla
1545 1517 1635 1547 optima
1652 1523 1724 1546 super·
1742 1517 1862 1544 loannem,
1880 1515 1943 1539 edita
1954 1522 1970 1539 a
1982 1515 2082 1539 Domino
2098 1515 2158 1539 Fra-

1307 1558 1344 1580 tre
1361 1557 1531 1580 Bonaventura
1548 1555 1575 1579 de
1593 1555 1681 1579 Balneo
1698 1555 1764 1585 reqio
1784 1555 1881 1579 Ordinis
1899 1555 2017 1579 Fratrum
2033 1554 2158 1579 Minorum

1308 1595 1443 1623 cardinali,
1464 1595 1496 1618 ad
1512 1601 1585 1618 usum
1601 1595 1719 1618 Fratrum
1736 1594 1868 1619 Minor-am.
1880 1594 1936 1617 Cod.
1956 1595 1973 1617 B
1990 1595 2057 1622 legit:
2076 1593 2158 1624 Expli-

1307 1634 1338 1658 cit
1355 1633 1494 1664 explanatio
1512 1632 1639 1663 Evanyelii
1654 1632 1758 1656 loannis.
1777 1633 1807 1656 C:
1825 1632 1939 1663 Explicit.

1145 1718 1409 1755 SCHOLION.

463 1800 599 1823 Ultimarum
617 1800 759 1823 divisionum
777 1799 896 1826 membra,
914 1804 974 1828 quae
992 1798 1023 1821 ibi
1041 1798 1126 1821 omissa
1143 1800 1208 1826 sunt,
1226 1797 1267 1820 ubi
1284 1797 1406 1825 posuimus
1422 1798 1478 1824 eta,
1495 1796 1570 1819 videri
1587 1798 1685 1825 possunt
1700 1796 1723 1819 in
1740 1796 1801 1819 notis
1818 1795 1993 1824 marginalibus.

1191 1865 1313 1900 SonnMA
1339 1865 1361 1898 Ι.

511 1953 566 1975 Pars
594 1953 609 1975 1.
634 1952 667 1974 De

527 1983 605 2006 Verbo
615 1990 666 2006 con-

526 2016 627 2038 siderato
644 2016 666 2038 in

526 2053 552 2070 se
559 2047 608 2075 c.t‚
619 2047 666 2069 1-6.

739 1972 829 1992 centem
845 1972 879 1992 est
896 1969 919 1991 in
936 1975 964 1991 eo

738 2062 799 2085 quae
817 2062 858 2084 per
876 2056 952 2084 ipsum
969 2056 1091 2084 dicuntur,
1109 2059 1143 2078 cst

1017 2134 1047 2156 de
1073 2134 1230 2169 incarnatione

1094 2172 1118 2188 tn
1135 2172 1161 2188 se

700 2252 779 2282 quoad
789 2251 968 2274 incarnationem

713 2290 732 2307 c.
753 2284 774 2311 t,
792 2284 805 2306 6
823 2295 854 2300 -
872 2284 909 2311 tt,
930 2283 957 2305 46

397 2415 429 2565 Evangeliun'i
400 2307 422 2396 loannis
403 2256 422 2290 cst
400 2210 423 2239 de
399 2114 423 2192 Verbo
400 1980 423 2097 incarnato

432 2370 455 2499 secundum
431 2235 460 2352 duplicem
432 2168 455 2218 eius
434 2038 455 2152 naturam.

1031 2385 1174 2407 nirestatione

1071 2422 1091 2439 c.
1112 2417 1133 2443 t,
1152 2417 1189 2439 45.

510 2440 566 2462 Pars
588 2440 611 2462 tt.
635 2440 668 2462 De

528 2471 606 2507 Verbo
621 2478 668 2507 car-

526 2509 549 2525 ni
575 2509 668 2526 coniun-

527 2536 563 2557 cto
592 2535 668 2562 agitur
1001 2542 1030 2564 de.
1063 2541 1253 2564 antecedentibus

512 2572 533 2588 c.
545 2565 598 2594 l‚7.
607 2572 672 2595 seqq.
876 2598 880 2601 ι
1033 2573 1165 2601 passionem
1184 2573 1225 2595 tria

713 2598 792 2627 quoad
821 2603 953 2626 passmnem

709 2635 729 2651 ρ’
743 2630 779 2656 ’Μ’
790 2629 858 2651 47—
869 2629 906 2657 ω’
917 2629 952 2651 42¹
975 2568 984 2696 ἑ
1000 2651 1030 2674 de
1045 2650 1256 2673 concomitantibus

1033 2688 1084 2704 eam
1102 2689 1116 2711 q
1120 2689 1132 2704 U
1136 2688 1147 2704 a
1151 2686 1203 2705 [ΠΟΥ

1294 2188 1323 2211 de
1340 2189 1441 2211 adventu
1459 2187 1541 2211 Christi
1562 2175 1568 2217 f

1294 2314 1383 2342 primo,
1402 2314 1424 2336 in
1441 2314 1544 2342 generali

995 2354 1024 2376 de
1037 2353 1200 2376 incarnationis
1213 2359 1258 2375 ma-

1274 2649 1280 2695 <
1296 2651 1325 2673 de
1337 2650 1417 2673 Christi
1432 2650 1640 2678 comprehensione
1651 2662 1682 2667 —
1694 2650 1889 2673 condemnatione

1305 2691 1316 2702 1>

707 1938 783 1967 primo
801 1938 825 1960 in
850 1937 1035 1960 consideratione
1060 1937 1089 1960 ad
1115 1937 1149 1960 di·
1168 1949 1173 1969 ς
1192 1937 1268 1959 unitas
1285 1936 1308 1958 in
1326 1936 1425 1959 essentia
1442 1948 1473 1952 —
1490 1936 1569 1958 alietas
1587 1935 1608 1957 in
1626 1941 1725 1963 persona

1167 1971 1173 1995 t
1190 1968 1316 1997 aequalitas
1332 1968 1355 1990 in
1373 1968 1492 1990 maiestate
1508 1980 1539 1984 —
1555 1967 1678 1989 aeternitas
1711 1967 1732 1989 in
1751 1966 1875 1989 duratione

707 2024 811 2047 secundo
832 2024 853 2046 in
876 2024 1060 2046 consideratione
1076 2024 1107 2046 ad
1123 2029 1149 2046 ea
1168 2024 1175 2071 ζ
1192 2023 1333 2052 principium
1351 2023 1467 2045 sufficiens
1484 2035 1514 2039 —
1532 2022 1666 2044 indeficiens

1350 2060 1550 2083 praecognoscens
1567 2066 1596 2069 —
1614 2053 1772 2081 cognitionem
1790 2052 1904 2081 praebens

1293 2110 1323 2133 de
1339 2109 1441 2132 adventu
1459 2108 1618 2137 praecursoris

1585 2171 1725 2194 adveniendi
1743 2171 1800 2193 ratio
1817 2183 1848 2187 —
1865 2170 2009 2193 advenientis
2026 2171 2145 2199 despectio

1584 2203 1698 2225 adventus
1716 2202 1800 2225 utilitas
1816 2214 1848 2219 —
1865 2202 2006 2225 adveniendi
2023 2202 2109 2225 modus

1584 2265 1656 2288 Verbi
1674 2265 1787 2288 incarnati
1802 2265 1903 2293 cognitio

1585 2344 1741 2372 cognoscendi
1753 2350 1787 2366 ra-

1564 2398 1568 2406 x
1609 2376 1640 2398 tio
1658 2376 1738 2404 triplex
1821 2365 1863 2387 per
1879 2359 2021 2387 singularem
2038 2360 2146 2382 effectum

1822 2334 1863 2356 per
1880 2327 2039 2351 testimonium

1803 2329 1812 2421 ζ
1818 2397 1860 2419 per
1865 2391 1983 2419 singulare
1987 2391 2154 2414 documentum

1271 2474 1276 2488 ,h
1294 2454 1407 2482 secundo,
1425 2454 1448 2476 in
1465 2454 1558 2482 speciali
1575 2446 1581 2492 ξ
1600 2453 1650 2477 vide
1667 2453 1870 2477 continuationem
1887 2452 1912 2476 in
1928 2453 2047 2476 schemate
2063 2454 2093 2476 ll.

1295 2525 1431 2547 ludaeorum
1450 2524 1589 2547 machinatio
1899 2523 1905 2544 l

1293 2557 1408 2584 passionis
1424 2556 1508 2579 Christi
1526 2556 1653 2584 praedictio

1292 2588 1459 2616 discipulorum
1478 2588 1623 2610 confirmatio

1939 2608 1994 2625 nem
2006 2602 2031 2625 in
2046 2602 2151 2626 schema-

1923 2570 1976 2594 vide
1998 2570 2153 2594 continuatio-

1940 2635 1961 2657 te
1979 2634 2021 2657 ΙΙΙ.

1372 2690 1384 2702 r>
1430 2682 1538 2710 passione
1549 2694 1581 2698 —
1592 2682 1725 2710 sepulturae
1743 2681 1876 2704 conditione

977 2747 982 2773 s
1001 2745 1030 2767 de
1046 2745 1199 2767 solIIcitudine
1215 2745 1382 2773 discipulorum
1399 2747 1422 2767 et
1440 2745 1563 2767 mulierum

709 2824 786 2853 quoad
813 2824 959 2847 resurrectio-

740 2862 795 2878 nem
813 2862 832 2878 ο.
857 2856 895 2878 20.
921 2856 958 2878 21.

741 2893 810 2916 seqq.

1000 2855 1029 2877 de
1054 2854 1237 2877 manifestatione
1266 2810 1464 2926 resurrectionis{

1480 2808 1538 2830 sacta
1556 2808 1640 2830 Mariae
1658 2807 1733 2835 Magd.
1751 2809 1793 2830 etc.

1718 2870 1747 2893 de
1764 2870 1839 2898 prima
1857 2870 1899 2892 tria
1916 2872 1958 2892 etc.

1717 2902 1747 2924 de
1764 2901 1865 2924 secunda
1883 2901 1930 2923 duo
1948 2903 1990 2923 etc.

1718 2933 1748 2956 de
1765 2932 1830 2955 tertia
1847 2933 1894 2955 duo
1911 2935 1954 2954 etc.

1481 2903 1538 2924 lacta
1556 2902 1677 2930 discipulis

975 2977 982 3025 i
999 2996 1029 3018 de
1045 2995 1218 3019 confirmatIOne
1235 2997 1325 3018 nostrae
1343 2995 1396 3018 [idei
