<?xml version="1.0" encoding="UTF-8"?>
<!DOCTYPE html PUBLIC "-//W3C//DTD XHTML 1.0 Transitional//EN"
    "http://www.w3.org/TR/xhtml1/DTD/xhtml1-transitional.dtd">
<html xmlns="http://www.w3.org/1999/xhtml" xml:lang="en" lang="en">
 <head>
  <title>
</title>
<meta http-equiv="Content-Type" content="text/html;charset=utf-8" />
  <meta name='ocr-system' content='tesseract 3.04.00' />
  <meta name='ocr-capabilities' content='ocr_page ocr_carea ocr_par ocr_line ocrx_word'/>
</head>
<body>
  <div class='ocr_page' id='page_1' title='image "./doctorisseraphic06bona_0431.png"; bbox 0 0 2296 3316; ppageno 0'>
   <div class='ocr_carea' id='block_1_1' title="bbox 10 1284 115 1304">
    <p class='ocr_par' dir='ltr' id='par_1_1' title="bbox 10 1284 115 1304">
     <span class='ocr_line' id='line_1_1' title="bbox 10 1284 115 1304; baseline -0.01 0"><span class='ocrx_word' id='word_1_1' title='bbox 10 1290 11 1297; x_wconf 64' lang='lat'>¹</span> <span class='ocrx_word' id='word_1_2' title='bbox 17 1284 115 1304; x_wconf 46' lang='lat' dir='ltr'>recundum.</span> 
     </span>
    </p>
   </div>
   <div class='ocr_carea' id='block_1_2' title="bbox 0 2584 12 3047">
    <p class='ocr_par' dir='ltr' id='par_1_2' title="bbox 0 2584 12 3047">
     <span class='ocr_line' id='line_1_2' title="bbox 0 2584 12 3047; baseline 0 269"><span class='ocrx_word' id='word_1_3' title='bbox 0 2584 12 3047; x_wconf 95' lang='lat' dir='ltr'> </span> 
     </span>
    </p>
   </div>
   <div class='ocr_carea' id='block_1_3' title="bbox 758 127 1253 158">
    <p class='ocr_par' dir='ltr' id='par_1_3' title="bbox 758 127 1253 158">
     <span class='ocr_line' id='line_1_3' title="bbox 758 127 1253 158; baseline 0.006 -3"><span class='ocrx_word' id='word_1_4' title='bbox 758 127 929 156; x_wconf 88' lang='lat' dir='ltr'>COMMENT.</span> <span class='ocrx_word' id='word_1_5' title='bbox 952 128 984 157; x_wconf 94' lang='lat' dir='ltr'>lN</span> <span class='ocrx_word' id='word_1_6' title='bbox 1005 128 1151 158; x_wconf 88' lang='lat' dir='ltr'>lOANNEM</span> <span class='ocrx_word' id='word_1_7' title='bbox 1171 129 1199 158; x_wconf 94' lang='lat' dir='ltr'>C.</span> <span class='ocrx_word' id='word_1_8' title='bbox 1221 130 1253 158; x_wconf 91' lang='lat' dir='ltr'>X.</span> 
     </span>
    </p>
   </div>
   <div class='ocr_carea' id='block_1_4' title="bbox 131 204 982 1365">
    <p class='ocr_par' dir='ltr' id='par_1_4' title="bbox 131 204 981 755">
     <span class='ocr_line' id='line_1_4' title="bbox 131 204 978 242; baseline -0.002 -7"><span class='ocrx_word' id='word_1_9' title='bbox 131 206 226 235; x_wconf 85' lang='lat' dir='ltr'>fideles</span> <span class='ocrx_word' id='word_1_10' title='bbox 239 208 266 235; x_wconf 88' lang='lat' dir='ltr'>et</span> <span class='ocrx_word' id='word_1_11' title='bbox 280 205 401 234; x_wconf 75' lang='lat' dir='ltr'>humiles</span> <span class='ocrx_word' id='word_1_12' title='bbox 414 204 546 242; x_wconf 88' lang='lat' dir='ltr'>opprimit</span> <span class='ocrx_word' id='word_1_13' title='bbox 560 216 587 234; x_wconf 89' lang='lat'>».</span> <span class='ocrx_word' id='word_1_14' title='bbox 602 204 641 233; x_wconf 92' lang='lat' dir='ltr'>De</span> <span class='ocrx_word' id='word_1_15' title='bbox 659 204 760 233; x_wconf 84' lang='lat' dir='ltr'>talibus</span> <span class='ocrx_word' id='word_1_16' title='bbox 775 205 848 242; x_wconf 88' lang='lat' dir='ltr'>lupis</span> <span class='ocrx_word' id='word_1_17' title='bbox 862 205 978 234; x_wconf 77' lang='lat' dir='ltr'>Actuum</span> 
     </span>
     <span class='ocr_line' id='line_1_5' title="bbox 131 250 979 290; baseline -0.002 -9"><span class='ocrx_word' id='word_1_18' title='bbox 131 252 277 290; x_wconf 89' lang='lat' dir='ltr'>vigesimo:</span> <span class='ocrx_word' id='word_1_19' title='bbox 296 263 311 277; x_wconf 83' lang='lat'>«</span> <span class='ocrx_word' id='word_1_20' title='bbox 322 251 382 280; x_wconf 88' lang='lat' dir='ltr'>Scio</span> <span class='ocrx_word' id='word_1_21' title='bbox 394 263 422 286; x_wconf 61' lang='lat' dir='ltr'>w,</span> <span class='ocrx_word' id='word_1_22' title='bbox 442 250 533 288; x_wconf 89' lang='lat' dir='ltr'>inquit</span> <span class='ocrx_word' id='word_1_23' title='bbox 547 250 664 285; x_wconf 84' lang='lat' dir='ltr'>Paulus,</span> <span class='ocrx_word' id='word_1_24' title='bbox 683 261 697 276; x_wconf 88' lang='lat'>«</span> <span class='ocrx_word' id='word_1_25' title='bbox 708 250 782 287; x_wconf 89' lang='lat' dir='ltr'>quod</span> <span class='ocrx_word' id='word_1_26' title='bbox 804 253 865 288; x_wconf 89' lang='lat' dir='ltr'>post</span> <span class='ocrx_word' id='word_1_27' title='bbox 878 251 979 280; x_wconf 91' lang='lat' dir='ltr'>disces-</span> 
     </span>
     <span class='ocr_line' id='line_1_6' title="bbox 132 297 979 335; baseline -0.001 -8"><span class='ocrx_word' id='word_1_28' title='bbox 132 307 193 328; x_wconf 91' lang='lat' dir='ltr'>sum</span> <span class='ocrx_word' id='word_1_29' title='bbox 217 306 311 327; x_wconf 90' lang='lat' dir='ltr'>meum</span> <span class='ocrx_word' id='word_1_30' title='bbox 332 298 476 326; x_wconf 91' lang='lat' dir='ltr'>intrabunt</span> <span class='ocrx_word' id='word_1_31' title='bbox 497 297 524 326; x_wconf 90' lang='lat' dir='ltr'>in</span> <span class='ocrx_word' id='word_1_32' title='bbox 543 305 592 326; x_wconf 88' lang='lat' dir='ltr'>vos</span> <span class='ocrx_word' id='word_1_33' title='bbox 613 297 670 334; x_wconf 92' lang='lat' dir='ltr'>lupi</span> <span class='ocrx_word' id='word_1_34' title='bbox 692 305 818 334; x_wconf 80' lang='lat' dir='ltr'>rapaces,</span> <span class='ocrx_word' id='word_1_35' title='bbox 840 305 894 326; x_wconf 90' lang='lat' dir='ltr'>non</span> <span class='ocrx_word' id='word_1_36' title='bbox 916 306 979 335; x_wconf 93' lang='lat' dir='ltr'>par-</span> 
     </span>
     <span class='ocr_line' id='line_1_7' title="bbox 132 343 979 382; baseline 0 -8"><span class='ocrx_word' id='word_1_37' title='bbox 132 349 225 374; x_wconf 90' lang='lat' dir='ltr'>centes</span> <span class='ocrx_word' id='word_1_38' title='bbox 239 345 354 382; x_wconf 82' lang='lat' dir='ltr'>gregi».</span> <span class='ocrx_word' id='word_1_39' title='bbox 370 344 407 373; x_wconf 78' lang='lat' dir='ltr'>Ad</span> <span class='ocrx_word' id='word_1_40' title='bbox 421 343 570 373; x_wconf 91' lang='lat' dir='ltr'>adventum</span> <span class='ocrx_word' id='word_1_41' title='bbox 585 344 648 373; x_wconf 82' lang='lat' dir='ltr'>talis</span> <span class='ocrx_word' id='word_1_42' title='bbox 663 344 720 381; x_wconf 91' lang='lat' dir='ltr'>lupi</span> <span class='ocrx_word' id='word_1_43' title='bbox 736 345 925 374; x_wconf 79' lang='lat' dir='ltr'><strong>mercenarius</strong></span> <span class='ocrx_word' id='word_1_44' title='bbox 939 345 979 374; x_wconf 92' lang='lat' dir='ltr'>di-</span> 
     </span>
     <span class='ocr_line' id='line_1_8' title="bbox 132 390 979 427; baseline -0.001 -6"><span class='ocrx_word' id='word_1_45' title='bbox 132 392 215 421; x_wconf 78' lang='lat' dir='ltr'>mittit</span> <span class='ocrx_word' id='word_1_46' title='bbox 235 399 316 426; x_wconf 86' lang='lat' dir='ltr'>oves;</span> <span class='ocrx_word' id='word_1_47' title='bbox 339 391 486 419; x_wconf 79' lang='lat' dir='ltr'>Zachariae</span> <span class='ocrx_word' id='word_1_48' title='bbox 505 390 667 419; x_wconf 88' lang='lat' dir='ltr'>undecimo:</span> <span class='ocrx_word' id='word_1_49' title='bbox 693 401 707 415; x_wconf 70' lang='lat' dir='ltr'>a</span> <span class='ocrx_word' id='word_1_50' title='bbox 722 390 745 418; x_wconf 92' lang='lat' dir='ltr'>O</span> <span class='ocrx_word' id='word_1_51' title='bbox 759 394 853 427; x_wconf 90' lang='lat' dir='ltr'>pastor</span> <span class='ocrx_word' id='word_1_52' title='bbox 874 394 901 420; x_wconf 86' lang='lat' dir='ltr'>et</span> <span class='ocrx_word' id='word_1_53' title='bbox 922 391 979 420; x_wconf 92' lang='lat' dir='ltr'>ido-</span> 
     </span>
     <span class='ocr_line' id='line_1_9' title="bbox 133 436 979 474; baseline -0.002 -7"><span class='ocrx_word' id='word_1_54' title='bbox 133 439 203 472; x_wconf 90' lang='lat' dir='ltr'>lum,</span> <span class='ocrx_word' id='word_1_55' title='bbox 231 437 426 474; x_wconf 88' lang='lat' dir='ltr'>derelinquens</span> <span class='ocrx_word' id='word_1_56' title='bbox 453 444 565 474; x_wconf 82' lang='lat' dir='ltr'>gregem</span> <span class='ocrx_word' id='word_1_57' title='bbox 584 439 617 465; x_wconf 79' lang='lat' dir='ltr'>»l</span> <span class='ocrx_word' id='word_1_58' title='bbox 639 436 677 465; x_wconf 77' lang='lat' dir='ltr'>Ad</span> <span class='ocrx_word' id='word_1_59' title='bbox 705 436 791 465; x_wconf 91' lang='lat' dir='ltr'>huius</span> <span class='ocrx_word' id='word_1_60' title='bbox 816 438 979 466; x_wconf 81' lang='lat' dir='ltr'>mercenarii</span> 
     </span>
     <span class='ocr_line' id='line_1_10' title="bbox 131 482 981 521; baseline -0.001 -8"><span class='ocrx_word' id='word_1_61' title='bbox 131 484 224 521; x_wconf 81' lang='lat' dir='ltr'>fugam</span> <span class='ocrx_word' id='word_1_62' title='bbox 245 483 372 520; x_wconf 87' lang='lat' dir='ltr'>sequitur</span> <span class='ocrx_word' id='word_1_63' title='bbox 399 483 492 512; x_wconf 90' lang='lat' dir='ltr'>ovium</span> <span class='ocrx_word' id='word_1_64' title='bbox 518 482 652 520; x_wconf 90' lang='lat' dir='ltr'>dispersio</span> <span class='ocrx_word' id='word_1_65' title='bbox 660 494 667 518; x_wconf 91' lang='lat'>;</span> <span class='ocrx_word' id='word_1_66' title='bbox 689 485 717 512; x_wconf 91' lang='lat' dir='ltr'>et</span> <span class='ocrx_word' id='word_1_67' title='bbox 744 483 804 512; x_wconf 89' lang='lat' dir='ltr'>ideo</span> <span class='ocrx_word' id='word_1_68' title='bbox 831 483 912 512; x_wconf 88' lang='lat' dir='ltr'>dicit:</span> <span class='ocrx_word' id='word_1_69' title='bbox 945 484 981 512; x_wconf 85' lang='lat' dir='ltr'>Et</span> 
     </span>
     <span class='ocr_line' id='line_1_11' title="bbox 132 530 980 568; baseline -0.001 -9"><span class='ocrx_word' id='word_1_70' title='bbox 132 531 224 568; x_wconf 50' lang='lat' dir='ltr'>lupus*</span> <span class='ocrx_word' id='word_1_71' title='bbox 240 530 320 567; x_wconf 83' lang='lat' dir='ltr'>rapit</span> <span class='ocrx_word' id='word_1_72' title='bbox 347 533 372 558; x_wconf 85' lang='lat' dir='ltr'>et</span> <span class='ocrx_word' id='word_1_73' title='bbox 392 530 535 567; x_wconf 69' lang='lat' dir='ltr'>disperyit</span> <span class='ocrx_word' id='word_1_74' title='bbox 561 538 626 558; x_wconf 85' lang='lat' dir='ltr'>oves</span> <span class='ocrx_word' id='word_1_75' title='bbox 633 540 643 563; x_wconf 90' lang='lat'><em>;</em></span> <span class='ocrx_word' id='word_1_76' title='bbox 665 530 814 559; x_wconf 84' lang='lat' dir='ltr'>Ezechielis</span> <span class='ocrx_word' id='word_1_77' title='bbox 838 530 980 567; x_wconf 86' lang='lat' dir='ltr'>trigesimo</span> 
     </span>
     <span class='ocr_line' id='line_1_12' title="bbox 131 576 980 614; baseline -0.001 -8"><span class='ocrx_word' id='word_1_78' title='bbox 131 580 232 614; x_wconf 89' lang='lat' dir='ltr'>quarto</span> <span class='ocrx_word' id='word_1_79' title='bbox 244 578 270 605; x_wconf 81' lang='lat'>1:</span> <span class='ocrx_word' id='word_1_80' title='bbox 295 588 309 602; x_wconf 83' lang='lat'>«</span> <span class='ocrx_word' id='word_1_81' title='bbox 325 577 413 613; x_wconf 87' lang='lat' dir='ltr'>Super</span> <span class='ocrx_word' id='word_1_82' title='bbox 434 576 530 605; x_wconf 89' lang='lat' dir='ltr'>faciem</span> <span class='ocrx_word' id='word_1_83' title='bbox 553 579 644 605; x_wconf 87' lang='lat' dir='ltr'>terrae</span> <span class='ocrx_word' id='word_1_84' title='bbox 664 576 781 613; x_wconf 90' lang='lat' dir='ltr'>dispersi</span> <span class='ocrx_word' id='word_1_85' title='bbox 797 580 862 605; x_wconf 89' lang='lat' dir='ltr'>sunt</span> <span class='ocrx_word' id='word_1_86' title='bbox 883 585 980 614; x_wconf 85' lang='lat' dir='ltr'>greges</span> 
     </span>
     <span class='ocr_line' id='line_1_13' title="bbox 132 623 980 661; baseline -0.001 -8"><span class='ocrx_word' id='word_1_87' title='bbox 132 624 201 659; x_wconf 89' lang='lat' dir='ltr'>mei,</span> <span class='ocrx_word' id='word_1_88' title='bbox 222 627 249 653; x_wconf 90' lang='lat' dir='ltr'>et</span> <span class='ocrx_word' id='word_1_89' title='bbox 270 632 324 652; x_wconf 92' lang='lat' dir='ltr'>non</span> <span class='ocrx_word' id='word_1_90' title='bbox 346 626 406 652; x_wconf 91' lang='lat' dir='ltr'>erat</span> <span class='ocrx_word' id='word_1_91' title='bbox 426 623 473 660; x_wconf 87' lang='lat' dir='ltr'>qui</span> <span class='ocrx_word' id='word_1_92' title='bbox 496 623 653 660; x_wconf 87' lang='lat' dir='ltr'>requireret</span> <span class='ocrx_word' id='word_1_93' title='bbox 674 635 701 652; x_wconf 73' lang='lat' dir='ltr'>n.</span> <span class='ocrx_word' id='word_1_94' title='bbox 724 624 755 652; x_wconf 85' lang='lat' dir='ltr'>Et</span> <span class='ocrx_word' id='word_1_95' title='bbox 776 624 847 652; x_wconf 92' lang='lat' dir='ltr'>ratio</span> <span class='ocrx_word' id='word_1_96' title='bbox 872 624 980 661; x_wconf 88' lang='lat' dir='ltr'>praedi-</span> 
     </span>
     <span class='ocr_line' id='line_1_14' title="bbox 132 670 979 705; baseline -0.001 -5"><span class='ocrx_word' id='word_1_97' title='bbox 132 674 240 700; x_wconf 86' lang='lat' dir='ltr'>ctorum</span> <span class='ocrx_word' id='word_1_98' title='bbox 268 671 410 705; x_wconf 89' lang='lat' dir='ltr'>redditur,</span> <span class='ocrx_word' id='word_1_99' title='bbox 438 670 561 700; x_wconf 82' lang='lat' dir='ltr'>defectus</span> <span class='ocrx_word' id='word_1_100' title='bbox 589 671 692 700; x_wconf 81' lang='lat' dir='ltr'>scilicet</span> <span class='ocrx_word' id='word_1_101' title='bbox 719 679 801 700; x_wconf 89' lang='lat' dir='ltr'>verae</span> <span class='ocrx_word' id='word_1_102' title='bbox 828 671 979 705; x_wconf 83' lang='lat' dir='ltr'>amicitiae;</span> 
     </span>
     <span class='ocr_line' id='line_1_15' title="bbox 132 717 443 755; baseline 0 -9"><span class='ocrx_word' id='word_1_103' title='bbox 132 720 246 755; x_wconf 87' lang='lat' dir='ltr'>propter</span> <span class='ocrx_word' id='word_1_104' title='bbox 267 717 342 754; x_wconf 87' lang='lat' dir='ltr'>quod</span> <span class='ocrx_word' id='word_1_105' title='bbox 362 717 443 746; x_wconf 90' lang='lat' dir='ltr'>dicit:</span> 
     </span>
    </p>

    <p class='ocr_par' dir='ltr' id='par_1_5' title="bbox 132 763 982 1224">
     <span class='ocr_line' id='line_1_16' title="bbox 213 763 981 802; baseline 0 -10"><span class='ocrx_word' id='word_1_106' title='bbox 213 765 257 792; x_wconf 86' lang='lat'>18.</span> <span class='ocrx_word' id='word_1_107' title='bbox 282 764 371 800; x_wconf 90' lang='lat' dir='ltr'>(Vers.</span> <span class='ocrx_word' id='word_1_108' title='bbox 390 764 455 799; x_wconf 85' lang='lat'>13.).</span> <span class='ocrx_word' id='word_1_109' title='bbox 471 764 672 793; x_wconf 71' lang='lat' dir='ltr'>Mercenarius</span> <span class='ocrx_word' id='word_1_110' title='bbox 687 768 783 793; x_wconf 88' lang='lat' dir='ltr'>autem</span> <span class='ocrx_word' id='word_1_111' title='bbox 798 763 893 801; x_wconf 62' lang='lat' dir='ltr'>fugit,</span> <span class='ocrx_word' id='word_1_112' title='bbox 908 764 981 802; x_wconf 86' lang='lat' dir='ltr'>quia</span> 
     </span>
     <span class='ocr_line' id='line_1_17' title="bbox 132 810 980 849; baseline -0.001 -9"><span class='ocrx_word' id='word_1_113' title='bbox 132 811 335 840; x_wconf 73' lang='lat' dir='ltr'>mercenarius</span> <span class='ocrx_word' id='word_1_114' title='bbox 355 814 412 846; x_wconf 85' lang='lat' dir='ltr'>est,</span> <span class='ocrx_word' id='word_1_115' title='bbox 434 814 458 840; x_wconf 87' lang='lat' dir='ltr'>et</span> <span class='ocrx_word' id='word_1_116' title='bbox 479 820 537 840; x_wconf 80' lang='grc' dir='ltr'>ηοη</span> <span class='ocrx_word' id='word_1_117' title='bbox 556 811 682 849; x_wconf 73' lang='lat' dir='ltr'>pertinet</span> <span class='ocrx_word' id='word_1_118' title='bbox 702 812 743 839; x_wconf 83' lang='lat' dir='ltr'>ad</span> <span class='ocrx_word' id='word_1_119' title='bbox 766 820 832 840; x_wconf 86' lang='lat' dir='ltr'>eum</span> <span class='ocrx_word' id='word_1_120' title='bbox 859 811 894 839; x_wconf 84' lang='lat' dir='ltr'>de</span> <span class='ocrx_word' id='word_1_121' title='bbox 921 810 980 839; x_wconf 80' lang='lat' dir='ltr'>ovi—</span> 
     </span>
     <span class='ocr_line' id='line_1_18' title="bbox 133 857 979 894; baseline -0.001 -8"><span class='ocrx_word' id='word_1_122' title='bbox 133 857 202 892; x_wconf 83' lang='lat' dir='ltr'>bus,</span> <span class='ocrx_word' id='word_1_123' title='bbox 224 857 277 886; x_wconf 91' lang='lat' dir='ltr'>hoc</span> <span class='ocrx_word' id='word_1_124' title='bbox 297 860 354 892; x_wconf 91' lang='lat' dir='ltr'>est,</span> <span class='ocrx_word' id='word_1_125' title='bbox 380 857 445 894; x_wconf 86' lang='lat' dir='ltr'>quia</span> <span class='ocrx_word' id='word_1_126' title='bbox 473 857 561 894; x_wconf 86' lang='lat' dir='ltr'>diligit</span> <span class='ocrx_word' id='word_1_127' title='bbox 588 857 743 886; x_wconf 85' lang='lat' dir='ltr'>mercedem</span> <span class='ocrx_word' id='word_1_128' title='bbox 771 860 799 885; x_wconf 90' lang='lat' dir='ltr'>et</span> <span class='ocrx_word' id='word_1_129' title='bbox 823 865 878 886; x_wconf 93' lang='lat' dir='ltr'>non</span> <span class='ocrx_word' id='word_1_130' title='bbox 905 865 979 886; x_wconf 90' lang='lat' dir='ltr'>oves.</span> 
     </span>
     <span class='ocr_line' id='line_1_19' title="bbox 133 903 980 941; baseline 0 -9"><span class='ocrx_word' id='word_1_131' title='bbox 133 903 209 933; x_wconf 86' lang='lat' dir='ltr'>Unde</span> <span class='ocrx_word' id='word_1_132' title='bbox 236 903 428 941; x_wconf 78' lang='lat' dir='ltr'>Gregorius2:</span> <span class='ocrx_word' id='word_1_133' title='bbox 461 915 475 929; x_wconf 71' lang='grc' dir='ltr'>«ι</span> <span class='ocrx_word' id='word_1_134' title='bbox 490 904 567 932; x_wconf 89' lang='lat' dir='ltr'>Stare</span> <span class='ocrx_word' id='word_1_135' title='bbox 595 904 623 932; x_wconf 92' lang='lat' dir='ltr'>in</span> <span class='ocrx_word' id='word_1_136' title='bbox 650 904 775 940; x_wconf 87' lang='lat' dir='ltr'>periculo</span> <span class='ocrx_word' id='word_1_137' title='bbox 802 903 896 932; x_wconf 90' lang='lat' dir='ltr'>ovium</span> <span class='ocrx_word' id='word_1_138' title='bbox 926 912 980 932; x_wconf 92' lang='lat' dir='ltr'>non</span> 
     </span>
     <span class='ocr_line' id='line_1_20' title="bbox 133 951 981 989; baseline -0.001 -9"><span class='ocrx_word' id='word_1_139' title='bbox 133 954 223 989; x_wconf 91' lang='lat' dir='ltr'>potest</span> <span class='ocrx_word' id='word_1_140' title='bbox 250 952 299 989; x_wconf 89' lang='lat' dir='ltr'>qui</span> <span class='ocrx_word' id='word_1_141' title='bbox 326 951 354 980; x_wconf 91' lang='lat' dir='ltr'>in</span> <span class='ocrx_word' id='word_1_142' title='bbox 379 959 426 986; x_wconf 91' lang='lat' dir='ltr'>eo,</span> <span class='ocrx_word' id='word_1_143' title='bbox 455 951 530 988; x_wconf 89' lang='lat' dir='ltr'>quod</span> <span class='ocrx_word' id='word_1_144' title='bbox 557 951 656 980; x_wconf 89' lang='lat' dir='ltr'>ovibus</span> <span class='ocrx_word' id='word_1_145' title='bbox 682 953 808 987; x_wconf 85' lang='lat' dir='ltr'>praeest,</span> <span class='ocrx_word' id='word_1_146' title='bbox 833 959 887 979; x_wconf 88' lang='lat' dir='ltr'>non</span> <span class='ocrx_word' id='word_1_147' title='bbox 915 958 981 979; x_wconf 91' lang='lat' dir='ltr'>oves</span> 
     </span>
     <span class='ocr_line' id='line_1_21' title="bbox 133 997 981 1036; baseline -0.001 -9"><span class='ocrx_word' id='word_1_148' title='bbox 133 998 236 1036; x_wconf 88' lang='lat' dir='ltr'>diligit,</span> <span class='ocrx_word' id='word_1_149' title='bbox 264 999 312 1027; x_wconf 90' lang='lat' dir='ltr'>sed</span> <span class='ocrx_word' id='word_1_150' title='bbox 339 999 451 1027; x_wconf 91' lang='lat' dir='ltr'>lucrum</span> <span class='ocrx_word' id='word_1_151' title='bbox 479 1001 623 1027; x_wconf 87' lang='lat' dir='ltr'>terrenum</span> <span class='ocrx_word' id='word_1_152' title='bbox 645 998 797 1035; x_wconf 75' lang='lat' dir='ltr'>quaerit».</span> <span class='ocrx_word' id='word_1_153' title='bbox 819 998 858 1026; x_wconf 92' lang='lat' dir='ltr'>De</span> <span class='ocrx_word' id='word_1_154' title='bbox 879 997 981 1026; x_wconf 88' lang='lat' dir='ltr'>talibus</span> 
     </span>
     <span class='ocr_line' id='line_1_22' title="bbox 132 1044 980 1074; baseline -0.002 0"><span class='ocrx_word' id='word_1_155' title='bbox 132 1045 234 1074; x_wconf 89' lang='lat' dir='ltr'>dicitur</span> <span class='ocrx_word' id='word_1_156' title='bbox 256 1045 404 1074; x_wconf 82' lang='lat' dir='ltr'>Ezechielis</span> <span class='ocrx_word' id='word_1_157' title='bbox 424 1045 531 1074; x_wconf 89' lang='lat' dir='ltr'>decimo</span> <span class='ocrx_word' id='word_1_158' title='bbox 552 1045 648 1074; x_wconf 88' lang='lat' dir='ltr'>tertio:</span> <span class='ocrx_word' id='word_1_159' title='bbox 669 1056 682 1070; x_wconf 76' lang='grc' dir='ltr'>α</span> <span class='ocrx_word' id='word_1_160' title='bbox 697 1045 755 1073; x_wconf 93' lang='lat' dir='ltr'>Non</span> <span class='ocrx_word' id='word_1_161' title='bbox 770 1044 930 1073; x_wconf 75' lang='lat' dir='ltr'>ascendistis</span> <span class='ocrx_word' id='word_1_162' title='bbox 944 1052 980 1073; x_wconf 86' lang='lat' dir='ltr'>ex</span> 
     </span>
     <span class='ocr_line' id='line_1_23' title="bbox 133 1091 980 1129; baseline -0.004 -7"><span class='ocrx_word' id='word_1_163' title='bbox 133 1092 249 1122; x_wconf 89' lang='lat' dir='ltr'>adverso</span> <span class='ocrx_word' id='word_1_164' title='bbox 270 1100 320 1121; x_wconf 90' lang='lat' dir='ltr'>nec</span> <span class='ocrx_word' id='word_1_165' title='bbox 341 1092 510 1129; x_wconf 89' lang='lat' dir='ltr'>opposuistis</span> <span class='ocrx_word' id='word_1_166' title='bbox 530 1100 579 1121; x_wconf 88' lang='lat' dir='ltr'>vos</span> <span class='ocrx_word' id='word_1_167' title='bbox 592 1100 707 1120; x_wconf 84' lang='lat' dir='ltr'>murum</span> <span class='ocrx_word' id='word_1_168' title='bbox 723 1099 773 1128; x_wconf 90' lang='lat' dir='ltr'>pro</span> <span class='ocrx_word' id='word_1_169' title='bbox 787 1091 868 1120; x_wconf 89' lang='lat' dir='ltr'>domo</span> <span class='ocrx_word' id='word_1_170' title='bbox 883 1091 980 1125; x_wconf 85' lang='lat' dir='ltr'>Israel,</span> 
     </span>
     <span class='ocr_line' id='line_1_24' title="bbox 134 1138 982 1176; baseline -0.005 -7"><span class='ocrx_word' id='word_1_171' title='bbox 134 1142 166 1169; x_wconf 87' lang='lat' dir='ltr'>ut</span> <span class='ocrx_word' id='word_1_172' title='bbox 176 1140 286 1169; x_wconf 89' lang='lat' dir='ltr'>staretis</span> <span class='ocrx_word' id='word_1_173' title='bbox 297 1140 324 1168; x_wconf 90' lang='lat' dir='ltr'>in</span> <span class='ocrx_word' id='word_1_174' title='bbox 338 1139 442 1176; x_wconf 88' lang='lat' dir='ltr'>praelio</span> <span class='ocrx_word' id='word_1_175' title='bbox 454 1139 481 1167; x_wconf 94' lang='lat' dir='ltr'>in</span> <span class='ocrx_word' id='word_1_176' title='bbox 492 1139 536 1168; x_wconf 92' lang='lat' dir='ltr'>die</span> <span class='ocrx_word' id='word_1_177' title='bbox 547 1138 655 1167; x_wconf 90' lang='lat' dir='ltr'>Domini</span> <span class='ocrx_word' id='word_1_178' title='bbox 667 1150 694 1167; x_wconf 82' lang='grc'>».</span> <span class='ocrx_word' id='word_1_179' title='bbox 706 1138 857 1175; x_wconf 88' lang='lat' dir='ltr'>Gregorius</span> <span class='ocrx_word' id='word_1_180' title='bbox 868 1138 878 1155; x_wconf 78' lang='lat'>³</span> <span class='ocrx_word' id='word_1_181' title='bbox 889 1148 894 1166; x_wconf 93' lang='lat'>:</span> <span class='ocrx_word' id='word_1_182' title='bbox 909 1149 921 1163; x_wconf 76' lang='grc' dir='ltr'>α</span> <span class='ocrx_word' id='word_1_183' title='bbox 929 1138 982 1166; x_wconf 93' lang='lat' dir='ltr'>Fu-</span> 
     </span>
     <span class='ocr_line' id='line_1_25' title="bbox 134 1185 979 1224; baseline -0.002 -9"><span class='ocrx_word' id='word_1_184' title='bbox 134 1187 187 1224; x_wconf 86' lang='lat' dir='ltr'>git,</span> <span class='ocrx_word' id='word_1_185' title='bbox 202 1187 269 1224; x_wconf 88' lang='lat' dir='ltr'>quia</span> <span class='ocrx_word' id='word_1_186' title='bbox 282 1187 410 1221; x_wconf 83' lang='lat' dir='ltr'>tacuit»,</span> <span class='ocrx_word' id='word_1_187' title='bbox 433 1186 499 1223; x_wconf 86' lang='lat' dir='ltr'>quia</span> <span class='ocrx_word' id='word_1_188' title='bbox 520 1186 630 1220; x_wconf 86' lang='lat' dir='ltr'>timuit;</span> <span class='ocrx_word' id='word_1_189' title='bbox 653 1186 736 1214; x_wconf 90' lang='lat' dir='ltr'>timor</span> <span class='ocrx_word' id='word_1_190' title='bbox 757 1185 829 1214; x_wconf 90' lang='lat' dir='ltr'>enim</span> <span class='ocrx_word' id='word_1_191' title='bbox 852 1185 917 1222; x_wconf 86' lang='lat' dir='ltr'>suga</span> <span class='ocrx_word' id='word_1_192' title='bbox 930 1188 979 1214; x_wconf 91' lang='lat' dir='ltr'>est.</span> 
     </span>
    </p>

    <p class='ocr_par' dir='ltr' id='par_1_6' title="bbox 133 1232 981 1365">
     <span class='ocr_line' id='line_1_26' title="bbox 215 1232 981 1271; baseline -0.003 -9"><span class='ocrx_word' id='word_1_193' title='bbox 215 1234 258 1262; x_wconf 83' lang='lat'>19.</span> <span class='ocrx_word' id='word_1_194' title='bbox 281 1233 371 1270; x_wconf 91' lang='lat' dir='ltr'>(Vers.</span> <span class='ocrx_word' id='word_1_195' title='bbox 396 1233 461 1269; x_wconf 54' lang='lat' dir='ltr'>tlt).</span> <span class='ocrx_word' id='word_1_196' title='bbox 485 1234 545 1271; x_wconf 70' lang='lat' dir='ltr'>qu</span> <span class='ocrx_word' id='word_1_197' title='bbox 566 1241 632 1261; x_wconf 84' lang='lat' dir='ltr'>sum</span> <span class='ocrx_word' id='word_1_198' title='bbox 651 1236 756 1269; x_wconf 77' lang='lat' dir='ltr'>pastor</span> <span class='ocrx_word' id='word_1_199' title='bbox 781 1232 881 1261; x_wconf 80' lang='lat' dir='ltr'>bonus.</span> <span class='ocrx_word' id='word_1_200' title='bbox 910 1233 981 1261; x_wconf 88' lang='lat' dir='ltr'>Tan-</span> 
     </span>
     <span class='ocr_line' id='line_1_27' title="bbox 135 1279 981 1318; baseline -0.004 -8"><span class='ocrx_word' id='word_1_201' title='bbox 135 1281 210 1318; x_wconf 86' lang='lat' dir='ltr'>gitur</span> <span class='ocrx_word' id='word_1_202' title='bbox 231 1281 276 1310; x_wconf 89' lang='lat' dir='ltr'>hic</span> <span class='ocrx_word' id='word_1_203' title='bbox 297 1280 466 1315; x_wconf 90' lang='lat' dir='ltr'>secundum,</span> <span class='ocrx_word' id='word_1_204' title='bbox 489 1280 592 1309; x_wconf 88' lang='lat' dir='ltr'>scilicet</span> <span class='ocrx_word' id='word_1_205' title='bbox 613 1279 713 1308; x_wconf 84' lang='lat' dir='ltr'>Christi</span> <span class='ocrx_word' id='word_1_206' title='bbox 736 1279 809 1308; x_wconf 89' lang='lat' dir='ltr'>circa</span> <span class='ocrx_word' id='word_1_207' title='bbox 829 1287 894 1308; x_wconf 89' lang='lat' dir='ltr'>oves</span> <span class='ocrx_word' id='word_1_208' title='bbox 915 1279 981 1307; x_wconf 81' lang='lat' dir='ltr'>dili-</span> 
     </span>
     <span class='ocr_line' id='line_1_28' title="bbox 133 1324 981 1365; baseline -0.004 -10"><span class='ocrx_word' id='word_1_209' title='bbox 133 1327 248 1365; x_wconf 65' lang='lat' dir='ltr'>gentia,</span> <span class='ocrx_word' id='word_1_210' title='bbox 270 1334 342 1364; x_wconf 79' lang='lat' dir='ltr'>quae</span> <span class='ocrx_word' id='word_1_211' title='bbox 363 1326 487 1355; x_wconf 83' lang='lat' dir='ltr'>consistit</span> <span class='ocrx_word' id='word_1_212' title='bbox 508 1326 535 1354; x_wconf 92' lang='lat' dir='ltr'>in</span> <span class='ocrx_word' id='word_1_213' title='bbox 558 1326 652 1355; x_wconf 86' lang='lat' dir='ltr'>ovium</span> <span class='ocrx_word' id='word_1_214' title='bbox 666 1325 832 1354; x_wconf 86' lang='lat' dir='ltr'>discretione</span> <span class='ocrx_word' id='word_1_215' title='bbox 847 1328 874 1353; x_wconf 94' lang='lat' dir='ltr'>et</span> <span class='ocrx_word' id='word_1_216' title='bbox 889 1324 981 1362; x_wconf 87' lang='lat' dir='ltr'>cogni-</span> 
     </span>
    </p>
   </div>
   <div class='ocr_carea' id='block_1_5' title="bbox 135 1511 981 1968">
    <p class='ocr_par' dir='ltr' id='par_1_7' title="bbox 197 1511 862 1540">
     <span class='ocr_line' id='line_1_29' title="bbox 197 1511 862 1540; baseline 0 -6"><span class='ocrx_word' id='word_1_217' title='bbox 197 1511 205 1524; x_wconf 89' lang='lat'>²</span> <span class='ocrx_word' id='word_1_218' title='bbox 223 1512 290 1534; x_wconf 88' lang='lat' dir='ltr'>Vers.</span> <span class='ocrx_word' id='word_1_219' title='bbox 307 1512 328 1533; x_wconf 83' lang='lat'>6.</span> <span class='ocrx_word' id='word_1_220' title='bbox 345 1523 376 1528; x_wconf 94' lang='lat'>—-</span> <span class='ocrx_word' id='word_1_221' title='bbox 393 1511 488 1534; x_wconf 82' lang='lat' dir='ltr'>inferius</span> <span class='ocrx_word' id='word_1_222' title='bbox 504 1518 547 1540; x_wconf 87' lang='lat' dir='ltr'>pro</span> <span class='ocrx_word' id='word_1_223' title='bbox 564 1511 672 1535; x_wconf 82' lang='lat' dir='ltr'>redditur·</span> <span class='ocrx_word' id='word_1_224' title='bbox 690 1512 726 1534; x_wconf 90' lang='lat' dir='ltr'>ed.</span> <span class='ocrx_word' id='word_1_225' title='bbox 743 1511 862 1535; x_wconf 73' lang='lat' dir='ltr'>subditur.</span> 
     </span>
    </p>

    <p class='ocr_par' dir='ltr' id='par_1_8' title="bbox 135 1549 981 1659">
     <span class='ocr_line' id='line_1_30' title="bbox 197 1549 981 1579; baseline 0 -6"><span class='ocrx_word' id='word_1_226' title='bbox 197 1549 206 1563; x_wconf 80' lang='lat'><strong>²</strong></span> <span class='ocrx_word' id='word_1_227' title='bbox 223 1550 284 1574; x_wconf 88' lang='lat' dir='ltr'>Libr.</span> <span class='ocrx_word' id='word_1_228' title='bbox 302 1551 317 1574; x_wconf 90' lang='lat' dir='ltr'>l.</span> <span class='ocrx_word' id='word_1_229' title='bbox 338 1551 423 1573; x_wconf 86' lang='lat' dir='ltr'>Homil.</span> <span class='ocrx_word' id='word_1_230' title='bbox 439 1551 462 1573; x_wconf 92' lang='lat' dir='ltr'>in</span> <span class='ocrx_word' id='word_1_231' title='bbox 484 1551 571 1579; x_wconf 87' lang='lat' dir='ltr'>Evang.</span> <span class='ocrx_word' id='word_1_232' title='bbox 594 1551 673 1573; x_wconf 92' lang='lat' dir='ltr'>homil.</span> <span class='ocrx_word' id='word_1_233' title='bbox 693 1551 729 1573; x_wconf 71' lang='lat'>⁴4.</span> <span class='ocrx_word' id='word_1_234' title='bbox 749 1558 772 1574; x_wconf 90' lang='lat' dir='ltr'>n.</span> <span class='ocrx_word' id='word_1_235' title='bbox 790 1552 812 1574; x_wconf 86' lang='lat'>3.</span> <span class='ocrx_word' id='word_1_236' title='bbox 828 1563 859 1568; x_wconf 87' lang='lat'>--</span> <span class='ocrx_word' id='word_1_237' title='bbox 876 1550 981 1574; x_wconf 80' lang='lat' dir='ltr'>Subinde</span> 
     </span>
     <span class='ocr_line' id='line_1_31' title="bbox 136 1589 981 1619; baseline 0 -6"><span class='ocrx_word' id='word_1_238' title='bbox 136 1590 246 1618; x_wconf 80' lang='lat' dir='ltr'>allegatur</span> <span class='ocrx_word' id='word_1_239' title='bbox 263 1591 343 1613; x_wconf 79' lang='lat' dir='ltr'>Ezech,</span> <span class='ocrx_word' id='word_1_240' title='bbox 363 1590 404 1617; x_wconf 69' lang='lat'>⁴3,</span> <span class='ocrx_word' id='word_1_241' title='bbox 422 1590 444 1612; x_wconf 85' lang='lat'>5.</span> <span class='ocrx_word' id='word_1_242' title='bbox 455 1589 500 1613; x_wconf 85' lang='lat' dir='ltr'>Csr.</span> <span class='ocrx_word' id='word_1_243' title='bbox 518 1590 551 1612; x_wconf 92' lang='lat' dir='ltr'>lll.</span> <span class='ocrx_word' id='word_1_244' title='bbox 569 1590 629 1612; x_wconf 87' lang='lat' dir='ltr'>Sent.</span> <span class='ocrx_word' id='word_1_245' title='bbox 642 1590 665 1612; x_wconf 91' lang='lat' dir='ltr'>d.</span> <span class='ocrx_word' id='word_1_246' title='bbox 682 1589 720 1612; x_wconf 88' lang='lat'>27.</span> <span class='ocrx_word' id='word_1_247' title='bbox 731 1596 752 1613; x_wconf 89' lang='lat' dir='ltr'>a.</span> <span class='ocrx_word' id='word_1_248' title='bbox 770 1591 792 1613; x_wconf 83' lang='lat'>2.</span> <span class='ocrx_word' id='word_1_249' title='bbox 803 1597 826 1619; x_wconf 86' lang='lat' dir='ltr'>q.</span> <span class='ocrx_word' id='word_1_250' title='bbox 840 1591 862 1613; x_wconf 79' lang='lat'>2.</span> <span class='ocrx_word' id='word_1_251' title='bbox 880 1590 904 1613; x_wconf 92' lang='lat' dir='ltr'>in</span> <span class='ocrx_word' id='word_1_252' title='bbox 916 1597 981 1619; x_wconf 87' lang='lat' dir='ltr'>corp.</span> 
     </span>
     <span class='ocr_line' id='line_1_32' title="bbox 135 1628 870 1659; baseline 0 -7"><span class='ocrx_word' id='word_1_253' title='bbox 135 1642 166 1647; x_wconf 95' lang='lat'><strong>—</strong></span> <span class='ocrx_word' id='word_1_254' title='bbox 184 1629 294 1658; x_wconf 85' lang='lat' dir='ltr'>Superius</span> <span class='ocrx_word' id='word_1_255' title='bbox 310 1629 363 1651; x_wconf 90' lang='lat' dir='ltr'>voci</span> <span class='ocrx_word' id='word_1_256' title='bbox 380 1628 511 1652; x_wconf 81' lang='lat' dir='ltr'>mercedem</span> <span class='ocrx_word' id='word_1_257' title='bbox 527 1629 564 1651; x_wconf 85' lang='lat' dir='ltr'>ed.</span> <span class='ocrx_word' id='word_1_258' title='bbox 582 1629 689 1657; x_wconf 80' lang='lat' dir='ltr'>praefigit</span> <span class='ocrx_word' id='word_1_259' title='bbox 707 1628 870 1659; x_wconf 82' lang='lat' dir='ltr'>temporalem.</span> 
     </span>
    </p>

    <p class='ocr_par' dir='ltr' id='par_1_9' title="bbox 135 1666 981 1968">
     <span class='ocr_line' id='line_1_33' title="bbox 197 1666 980 1697; baseline 0 -7"><span class='ocrx_word' id='word_1_260' title='bbox 197 1666 207 1680; x_wconf 74' lang='lat'>³</span> <span class='ocrx_word' id='word_1_261' title='bbox 223 1669 277 1691; x_wconf 83' lang='lat' dir='ltr'>Loc.</span> <span class='ocrx_word' id='word_1_262' title='bbox 294 1668 332 1690; x_wconf 89' lang='lat' dir='ltr'>cit.</span> <span class='ocrx_word' id='word_1_263' title='bbox 348 1674 370 1690; x_wconf 92' lang='lat' dir='ltr'>n.</span> <span class='ocrx_word' id='word_1_264' title='bbox 389 1669 416 1690; x_wconf 84' lang='lat'>2:</span> <span class='ocrx_word' id='word_1_265' title='bbox 433 1668 478 1690; x_wconf 86' lang='lat' dir='ltr'>Sed</span> <span class='ocrx_word' id='word_1_266' title='bbox 496 1668 514 1690; x_wconf 93' lang='lat' dir='ltr'>is</span> <span class='ocrx_word' id='word_1_267' title='bbox 531 1668 570 1697; x_wconf 91' lang='lat' dir='ltr'>qui</span> <span class='ocrx_word' id='word_1_268' title='bbox 588 1670 666 1696; x_wconf 85' lang='lat' dir='ltr'>pastor</span> <span class='ocrx_word' id='word_1_269' title='bbox 683 1674 734 1690; x_wconf 88' lang='lat' dir='ltr'>esse</span> <span class='ocrx_word' id='word_1_270' title='bbox 750 1667 874 1691; x_wconf 86' lang='lat' dir='ltr'>videbatur</span> <span class='ocrx_word' id='word_1_271' title='bbox 896 1670 919 1690; x_wconf 90' lang='lat' dir='ltr'>et</span> <span class='ocrx_word' id='word_1_272' title='bbox 934 1674 980 1690; x_wconf 92' lang='lat' dir='ltr'>non</span> 
     </span>
     <span class='ocr_line' id='line_1_34' title="bbox 135 1707 979 1736; baseline 0 -7"><span class='ocrx_word' id='word_1_273' title='bbox 135 1709 195 1736; x_wconf 83' lang='lat' dir='ltr'>erat,</span> <span class='ocrx_word' id='word_1_274' title='bbox 212 1707 321 1736; x_wconf 87' lang='lat' dir='ltr'>relinquit</span> <span class='ocrx_word' id='word_1_275' title='bbox 337 1713 394 1729; x_wconf 82' lang='lat' dir='ltr'>oves</span> <span class='ocrx_word' id='word_1_276' title='bbox 410 1709 432 1729; x_wconf 84' lang='lat' dir='ltr'>et</span> <span class='ocrx_word' id='word_1_277' title='bbox 454 1707 523 1735; x_wconf 84' lang='lat' dir='ltr'>rugit,</span> <span class='ocrx_word' id='word_1_278' title='bbox 540 1707 606 1736; x_wconf 86' lang='lat' dir='ltr'>quia,</span> <span class='ocrx_word' id='word_1_279' title='bbox 623 1707 680 1730; x_wconf 90' lang='lat' dir='ltr'>dum</span> <span class='ocrx_word' id='word_1_280' title='bbox 697 1707 742 1729; x_wconf 89' lang='lat' dir='ltr'>sibi</span> <span class='ocrx_word' id='word_1_281' title='bbox 759 1707 788 1730; x_wconf 87' lang='lat' dir='ltr'>ab</span> <span class='ocrx_word' id='word_1_282' title='bbox 805 1713 833 1730; x_wconf 90' lang='lat' dir='ltr'>eo</span> <span class='ocrx_word' id='word_1_283' title='bbox 851 1707 979 1735; x_wconf 86' lang='lat' dir='ltr'>periculum</span> 
     </span>
     <span class='ocr_line' id='line_1_35' title="bbox 136 1745 980 1774; baseline 0.001 -7"><span class='ocrx_word' id='word_1_284' title='bbox 136 1745 228 1774; x_wconf 87' lang='lat' dir='ltr'>metuit,</span> <span class='ocrx_word' id='word_1_285' title='bbox 244 1745 351 1768; x_wconf 83' lang='lat' dir='ltr'>resistere</span> <span class='ocrx_word' id='word_1_286' title='bbox 375 1745 425 1768; x_wconf 87' lang='lat' dir='ltr'>eius</span> <span class='ocrx_word' id='word_1_287' title='bbox 446 1745 569 1768; x_wconf 83' lang='lat' dir='ltr'>iniustitiae</span> <span class='ocrx_word' id='word_1_288' title='bbox 590 1752 636 1768; x_wconf 90' lang='lat' dir='ltr'>non</span> <span class='ocrx_word' id='word_1_289' title='bbox 658 1746 793 1774; x_wconf 87' lang='lat' dir='ltr'>praesumit.</span> <span class='ocrx_word' id='word_1_290' title='bbox 814 1746 882 1774; x_wconf 89' lang='lat' dir='ltr'>Fugit</span> <span class='ocrx_word' id='word_1_291' title='bbox 903 1748 980 1768; x_wconf 90' lang='lat' dir='ltr'>autem</span> 
     </span>
     <span class='ocr_line' id='line_1_36' title="bbox 135 1784 980 1814; baseline 0 -7"><span class='ocrx_word' id='word_1_292' title='bbox 135 1791 181 1807; x_wconf 89' lang='lat' dir='ltr'>non</span> <span class='ocrx_word' id='word_1_293' title='bbox 197 1784 308 1807; x_wconf 83' lang='lat' dir='ltr'>mutando</span> <span class='ocrx_word' id='word_1_294' title='bbox 329 1785 419 1811; x_wconf 89' lang='lat' dir='ltr'>locum,</span> <span class='ocrx_word' id='word_1_295' title='bbox 443 1785 485 1807; x_wconf 87' lang='lat' dir='ltr'>sed</span> <span class='ocrx_word' id='word_1_296' title='bbox 502 1784 660 1807; x_wconf 85' lang='lat' dir='ltr'>subtrahendo</span> <span class='ocrx_word' id='word_1_297' title='bbox 685 1785 800 1808; x_wconf 89' lang='lat' dir='ltr'>solatium.</span> <span class='ocrx_word' id='word_1_298' title='bbox 825 1785 903 1813; x_wconf 85' lang='lat' dir='ltr'>Fugit,</span> <span class='ocrx_word' id='word_1_299' title='bbox 926 1785 980 1814; x_wconf 88' lang='lat' dir='ltr'>quia</span> 
     </span>
     <span class='ocr_line' id='line_1_37' title="bbox 135 1823 980 1852; baseline 0.001 -7"><span class='ocrx_word' id='word_1_300' title='bbox 135 1823 268 1846; x_wconf 86' lang='lat' dir='ltr'>iniustitiam</span> <span class='ocrx_word' id='word_1_301' title='bbox 284 1823 343 1846; x_wconf 81' lang='lat' dir='ltr'>vidit</span> <span class='ocrx_word' id='word_1_302' title='bbox 359 1826 382 1846; x_wconf 90' lang='lat' dir='ltr'>et</span> <span class='ocrx_word' id='word_1_303' title='bbox 398 1823 474 1846; x_wconf 80' lang='lat' dir='ltr'>tacuit.</span> <span class='ocrx_word' id='word_1_304' title='bbox 488 1824 566 1852; x_wconf 82' lang='lat' dir='ltr'>Fugit,</span> <span class='ocrx_word' id='word_1_305' title='bbox 583 1824 637 1852; x_wconf 86' lang='lat' dir='ltr'>quia</span> <span class='ocrx_word' id='word_1_306' title='bbox 649 1830 674 1846; x_wconf 90' lang='lat' dir='ltr'>se</span> <span class='ocrx_word' id='word_1_307' title='bbox 690 1823 734 1846; x_wconf 86' lang='lat' dir='ltr'>sub</span> <span class='ocrx_word' id='word_1_308' title='bbox 751 1824 840 1846; x_wconf 88' lang='lat' dir='ltr'>silentio</span> <span class='ocrx_word' id='word_1_309' title='bbox 853 1823 980 1846; x_wconf 81' lang='lat' dir='ltr'>abscondit.</span> 
     </span>
     <span class='ocr_line' id='line_1_38' title="bbox 135 1861 980 1892; baseline 0.001 -8"><span class='ocrx_word' id='word_1_310' title='bbox 135 1861 225 1891; x_wconf 85' lang='lat' dir='ltr'>Quibus</span> <span class='ocrx_word' id='word_1_311' title='bbox 236 1861 294 1885; x_wconf 84' lang='lat' dir='ltr'>bene</span> <span class='ocrx_word' id='word_1_312' title='bbox 310 1868 352 1890; x_wconf 89' lang='lat' dir='ltr'>per</span> <span class='ocrx_word' id='word_1_313' title='bbox 364 1862 501 1890; x_wconf 84' lang='lat' dir='ltr'>Prophetam</span> <span class='ocrx_word' id='word_1_314' title='bbox 519 1861 610 1892; x_wconf 84' lang='lat' dir='ltr'>[Ezech.</span> <span class='ocrx_word' id='word_1_315' title='bbox 624 1863 666 1891; x_wconf 50' lang='lat'>113,</span> <span class='ocrx_word' id='word_1_316' title='bbox 680 1862 711 1891; x_wconf 83' lang='lat'>5.]</span> <span class='ocrx_word' id='word_1_317' title='bbox 723 1863 819 1885; x_wconf 90' lang='lat' dir='ltr'>dicitur:</span> <span class='ocrx_word' id='word_1_318' title='bbox 837 1861 890 1885; x_wconf 79' lang='lat' dir='ltr'>Non</span> <span class='ocrx_word' id='word_1_319' title='bbox 902 1867 980 1885; x_wconf 79' lang='lat' dir='ltr'>ascen-</span> 
     </span>
     <span class='ocr_line' id='line_1_39' title="bbox 135 1900 981 1930; baseline 0 -7"><span class='ocrx_word' id='word_1_320' title='bbox 135 1900 200 1924; x_wconf 82' lang='lat' dir='ltr'>distis</span> <span class='ocrx_word' id='word_1_321' title='bbox 217 1903 260 1923; x_wconf 85' lang='lat' dir='ltr'>ete.</span> <span class='ocrx_word' id='word_1_322' title='bbox 276 1900 321 1924; x_wconf 83' lang='lat' dir='ltr'>Csr.</span> <span class='ocrx_word' id='word_1_323' title='bbox 339 1901 448 1930; x_wconf 83' lang='lat' dir='ltr'>August.,</span> <span class='ocrx_word' id='word_1_324' title='bbox 466 1901 489 1923; x_wconf 89' lang='lat' dir='ltr'>in</span> <span class='ocrx_word' id='word_1_325' title='bbox 505 1902 567 1924; x_wconf 87' lang='lat' dir='ltr'>loan.</span> <span class='ocrx_word' id='word_1_326' title='bbox 584 1902 671 1929; x_wconf 85' lang='lat' dir='ltr'>Evang.</span> <span class='ocrx_word' id='word_1_327' title='bbox 693 1904 720 1924; x_wconf 91' lang='lat' dir='ltr'>tr.</span> <span class='ocrx_word' id='word_1_328' title='bbox 737 1901 775 1924; x_wconf 77' lang='lat'>46.</span> <span class='ocrx_word' id='word_1_329' title='bbox 795 1907 819 1923; x_wconf 88' lang='lat' dir='ltr'>n.</span> <span class='ocrx_word' id='word_1_330' title='bbox 842 1902 869 1923; x_wconf 83' lang='lat'>8:</span> <span class='ocrx_word' id='word_1_331' title='bbox 887 1901 905 1923; x_wconf 94' lang='lat' dir='ltr'>O</span> <span class='ocrx_word' id='word_1_332' title='bbox 922 1907 981 1923; x_wconf 87' lang='lat' dir='ltr'>mer-</span> 
     </span>
     <span class='ocr_line' id='line_1_40' title="bbox 135 1939 981 1968; baseline -0.001 -5"><span class='ocrx_word' id='word_1_333' title='bbox 135 1939 237 1967; x_wconf 87' lang='lat' dir='ltr'>cenarie,</span> <span class='ocrx_word' id='word_1_334' title='bbox 254 1940 335 1968; x_wconf 87' lang='lat' dir='ltr'>lupum</span> <span class='ocrx_word' id='word_1_335' title='bbox 352 1940 482 1962; x_wconf 88' lang='lat' dir='ltr'>venientem</span> <span class='ocrx_word' id='word_1_336' title='bbox 499 1940 577 1963; x_wconf 84' lang='lat' dir='ltr'>vidisti</span> <span class='ocrx_word' id='word_1_337' title='bbox 594 1942 616 1963; x_wconf 90' lang='lat' dir='ltr'>et</span> <span class='ocrx_word' id='word_1_338' title='bbox 628 1940 715 1968; x_wconf 74' lang='lat' dir='ltr'>fugisti!</span> <span class='ocrx_word' id='word_1_339' title='bbox 733 1940 867 1968; x_wconf 84' lang='lat' dir='ltr'>Respondet</span> <span class='ocrx_word' id='word_1_340' title='bbox 885 1941 942 1962; x_wconf 74' lang='lat' dir='ltr'>torte</span> <span class='ocrx_word' id='word_1_341' title='bbox 959 1942 981 1962; x_wconf 89' lang='lat' dir='ltr'>et</span> 
     </span>
    </p>
   </div>
   <div class='ocr_carea' id='block_1_6' title="bbox 201 1983 391 2012">
    <p class='ocr_par' dir='ltr' id='par_1_10' title="bbox 201 1983 391 2012">
     <span class='ocr_line' id='line_1_41' title="bbox 201 1983 391 2012; baseline 0 -7"><span class='ocrx_word' id='word_1_342' title='bbox 201 1983 227 2006; x_wconf 92' lang='lat' dir='ltr'>Et</span> <span class='ocrx_word' id='word_1_343' title='bbox 243 1985 296 2006; x_wconf 89' lang='lat' dir='ltr'>nota</span> <span class='ocrx_word' id='word_1_344' title='bbox 303 2000 309 2010; x_wconf 94' lang='lat'>,</span> <span class='ocrx_word' id='word_1_345' title='bbox 327 1983 391 2012; x_wconf 87' lang='lat' dir='ltr'>quod</span> 
     </span>
    </p>
   </div>
   <div class='ocr_carea' id='block_1_7' title="bbox 1007 787 1011 1334">
    <p class='ocr_par' dir='ltr' id='par_1_11' title="bbox 1007 787 1011 1334">
     <span class='ocr_line' id='line_1_42' title="bbox 1007 787 1011 1334; baseline 0 0"><span class='ocrx_word' id='word_1_346' title='bbox 1007 787 1011 1334; x_wconf 95' lang='lat' dir='ltr'> </span> 
     </span>
    </p>
   </div>
   <div class='ocr_carea' id='block_1_8' title="bbox 1824 130 1880 160">
    <p class='ocr_par' dir='ltr' id='par_1_12' title="bbox 1824 130 1880 160">
     <span class='ocr_line' id='line_1_43' title="bbox 1824 130 1880 160; baseline 0 0"><span class='ocrx_word' id='word_1_347' title='bbox 1824 130 1880 160; x_wconf 85' lang='lat'>387</span> 
     </span>
    </p>
   </div>
   <div class='ocr_carea' id='block_1_9' title="bbox 1036 206 1883 1362">
    <p class='ocr_par' dir='ltr' id='par_1_13' title="bbox 1036 206 1882 606">
     <span class='ocr_line' id='line_1_44' title="bbox 1036 206 1880 246; baseline 0.004 -12"><span class='ocrx_word' id='word_1_348' title='bbox 1036 206 1125 241; x_wconf 88' lang='lat' dir='ltr'>tione,</span> <span class='ocrx_word' id='word_1_349' title='bbox 1148 210 1262 244; x_wconf 86' lang='lat' dir='ltr'>propter</span> <span class='ocrx_word' id='word_1_350' title='bbox 1282 215 1367 245; x_wconf 85' lang='lat' dir='ltr'>quam</span> <span class='ocrx_word' id='word_1_351' title='bbox 1387 207 1453 237; x_wconf 87' lang='lat' dir='ltr'>dicit</span> <span class='ocrx_word' id='word_1_352' title='bbox 1468 216 1497 237; x_wconf 91' lang='lat' dir='ltr'>se</span> <span class='ocrx_word' id='word_1_353' title='bbox 1508 211 1656 246; x_wconf 74' lang='lat' dir='ltr'>pastorem</span> <span class='ocrx_word' id='word_1_354' title='bbox 1672 207 1798 242; x_wconf 60' lang='lat' dir='ltr'>hominu</span> <span class='ocrx_word' id='word_1_355' title='bbox 1817 217 1880 246; x_wconf 91' lang='lat' dir='ltr'>pro-</span> 
     </span>
     <span class='ocr_line' id='line_1_45' title="bbox 1036 253 1880 292; baseline 0.004 -11"><span class='ocrx_word' id='word_1_356' title='bbox 1036 255 1099 290; x_wconf 90' lang='lat' dir='ltr'>pter</span> <span class='ocrx_word' id='word_1_357' title='bbox 1121 253 1195 290; x_wconf 90' lang='lat' dir='ltr'>quod</span> <span class='ocrx_word' id='word_1_358' title='bbox 1209 254 1274 283; x_wconf 88' lang='lat' dir='ltr'>dicit</span> <span class='ocrx_word' id='word_1_359' title='bbox 1287 265 1293 282; x_wconf 72' lang='grc' dir='ltr'>ε</span> <span class='ocrx_word' id='word_1_360' title='bbox 1309 255 1369 292; x_wconf 73' lang='lat' dir='ltr'>Eyo</span> <span class='ocrx_word' id='word_1_361' title='bbox 1382 263 1449 283; x_wconf 81' lang='lat' dir='ltr'>sum</span> <span class='ocrx_word' id='word_1_362' title='bbox 1465 258 1570 292; x_wconf 82' lang='lat' dir='ltr'>pastor</span> <span class='ocrx_word' id='word_1_363' title='bbox 1583 254 1675 283; x_wconf 75' lang='lat' dir='ltr'>bonus</span> <span class='ocrx_word' id='word_1_364' title='bbox 1696 258 1722 283; x_wconf 86' lang='lat' dir='ltr'>et</span> <span class='ocrx_word' id='word_1_365' title='bbox 1742 263 1880 292; x_wconf 70' lang='lat' dir='ltr'>coquo-sco</span> 
     </span>
     <span class='ocr_line' id='line_1_46' title="bbox 1036 302 1880 338; baseline 0.002 -10"><span class='ocrx_word' id='word_1_366' title='bbox 1036 302 1123 328; x_wconf 56' lang='lat' dir='ltr'>oves⁴</span> <span class='ocrx_word' id='word_1_367' title='bbox 1149 309 1246 335; x_wconf 79' lang='lat' dir='ltr'>meas,</span> <span class='ocrx_word' id='word_1_368' title='bbox 1274 304 1299 329; x_wconf 85' lang='lat' dir='ltr'>et</span> <span class='ocrx_word' id='word_1_369' title='bbox 1326 305 1502 338; x_wconf 65' lang='lat' dir='ltr'>cognoscunt</span> <span class='ocrx_word' id='word_1_370' title='bbox 1528 310 1573 330; x_wconf 85' lang='lat' dir='ltr'>me</span> <span class='ocrx_word' id='word_1_371' title='bbox 1599 310 1700 335; x_wconf 85' lang='lat' dir='ltr'>meae,·</span> <span class='ocrx_word' id='word_1_372' title='bbox 1724 304 1752 330; x_wconf 92' lang='lat' dir='ltr'>et</span> <span class='ocrx_word' id='word_1_373' title='bbox 1773 302 1801 330; x_wconf 90' lang='lat' dir='ltr'>in</span> <span class='ocrx_word' id='word_1_374' title='bbox 1828 302 1880 331; x_wconf 87' lang='lat' dir='ltr'>hoc</span> 
     </span>
     <span class='ocr_line' id='line_1_47' title="bbox 1036 347 1881 384; baseline 0.002 -9"><span class='ocrx_word' id='word_1_375' title='bbox 1036 350 1149 375; x_wconf 87' lang='lat' dir='ltr'>notatur</span> <span class='ocrx_word' id='word_1_376' title='bbox 1170 347 1338 384; x_wconf 71' lang='lat' dir='ltr'>diliyentia,</span> <span class='ocrx_word' id='word_1_377' title='bbox 1360 347 1512 376; x_wconf 90' lang='lat' dir='ltr'>secundum</span> <span class='ocrx_word' id='word_1_378' title='bbox 1531 348 1599 376; x_wconf 91' lang='lat' dir='ltr'>illud</span> <span class='ocrx_word' id='word_1_379' title='bbox 1614 347 1827 377; x_wconf 86' lang='lat' dir='ltr'>Proverhiorum</span> <span class='ocrx_word' id='word_1_380' title='bbox 1841 348 1881 377; x_wconf 92' lang='lat' dir='ltr'>vi-</span> 
     </span>
     <span class='ocr_line' id='line_1_48' title="bbox 1036 393 1882 431; baseline 0.002 -10"><span class='ocrx_word' id='word_1_381' title='bbox 1036 393 1140 430; x_wconf 87' lang='lat' dir='ltr'>gesimo</span> <span class='ocrx_word' id='word_1_382' title='bbox 1160 394 1294 430; x_wconf 88' lang='lat' dir='ltr'>septimo:</span> <span class='ocrx_word' id='word_1_383' title='bbox 1321 406 1335 419; x_wconf 84' lang='lat'>«</span> <span class='ocrx_word' id='word_1_384' title='bbox 1350 394 1500 431; x_wconf 86' lang='lat' dir='ltr'>Diligenter</span> <span class='ocrx_word' id='word_1_385' title='bbox 1520 402 1637 431; x_wconf 88' lang='lat' dir='ltr'>agnosce</span> <span class='ocrx_word' id='word_1_386' title='bbox 1651 394 1759 423; x_wconf 90' lang='lat' dir='ltr'>vultum</span> <span class='ocrx_word' id='word_1_387' title='bbox 1774 394 1882 431; x_wconf 83' lang='lat' dir='ltr'>pecoris</span> 
     </span>
     <span class='ocr_line' id='line_1_49' title="bbox 1037 439 1881 477; baseline 0.002 -10"><span class='ocrx_word' id='word_1_388' title='bbox 1037 439 1077 467; x_wconf 88' lang='lat' dir='ltr'>tui</span> <span class='ocrx_word' id='word_1_389' title='bbox 1106 442 1224 476; x_wconf 89' lang='lat' dir='ltr'>tuosque</span> <span class='ocrx_word' id='word_1_390' title='bbox 1248 448 1346 477; x_wconf 87' lang='lat' dir='ltr'>greges</span> <span class='ocrx_word' id='word_1_391' title='bbox 1373 440 1516 469; x_wconf 90' lang='lat' dir='ltr'>considera</span> <span class='ocrx_word' id='word_1_392' title='bbox 1530 451 1557 475; x_wconf 85' lang='lat'>»;</span> <span class='ocrx_word' id='word_1_393' title='bbox 1579 440 1715 469; x_wconf 86' lang='lat' dir='ltr'>secundae</span> <span class='ocrx_word' id='word_1_394' title='bbox 1736 440 1770 469; x_wconf 90' lang='lat' dir='ltr'>ad</span> <span class='ocrx_word' id='word_1_395' title='bbox 1790 441 1881 469; x_wconf 90' lang='lat' dir='ltr'>Timo-</span> 
     </span>
     <span class='ocr_line' id='line_1_50' title="bbox 1037 485 1879 524; baseline 0.004 -11"><span class='ocrx_word' id='word_1_396' title='bbox 1037 485 1134 513; x_wconf 89' lang='lat' dir='ltr'>theum</span> <span class='ocrx_word' id='word_1_397' title='bbox 1156 486 1295 514; x_wconf 88' lang='lat' dir='ltr'>secundo:</span> <span class='ocrx_word' id='word_1_398' title='bbox 1322 497 1336 511; x_wconf 88' lang='lat'>«</span> <span class='ocrx_word' id='word_1_399' title='bbox 1349 486 1429 515; x_wconf 90' lang='lat' dir='ltr'>Novit</span> <span class='ocrx_word' id='word_1_400' title='bbox 1449 486 1583 516; x_wconf 87' lang='lat' dir='ltr'>Dominus</span> <span class='ocrx_word' id='word_1_401' title='bbox 1602 487 1649 524; x_wconf 89' lang='lat' dir='ltr'>qui</span> <span class='ocrx_word' id='word_1_402' title='bbox 1671 490 1737 516; x_wconf 88' lang='lat' dir='ltr'>sunt</span> <span class='ocrx_word' id='word_1_403' title='bbox 1756 487 1838 516; x_wconf 84' lang='lat' dir='ltr'>eius⁵</span> <span class='ocrx_word' id='word_1_404' title='bbox 1852 499 1879 516; x_wconf 87' lang='lat'>».</span> 
     </span>
     <span class='ocr_line' id='line_1_51' title="bbox 1037 532 1881 570; baseline 0.004 -10"><span class='ocrx_word' id='word_1_405' title='bbox 1037 547 1074 552; x_wconf 91' lang='lat'>—</span> <span class='ocrx_word' id='word_1_406' title='bbox 1096 532 1169 561; x_wconf 84' lang='lat' dir='ltr'>lianc</span> <span class='ocrx_word' id='word_1_407' title='bbox 1195 532 1363 569; x_wconf 82' lang='lat' dir='ltr'>diligentiam</span> <span class='ocrx_word' id='word_1_408' title='bbox 1392 533 1546 562; x_wconf 84' lang='lat' dir='ltr'>manifestat</span> <span class='ocrx_word' id='word_1_409' title='bbox 1573 542 1623 570; x_wconf 89' lang='lat' dir='ltr'>per</span> <span class='ocrx_word' id='word_1_410' title='bbox 1650 534 1779 569; x_wconf 74' lang='lat' dir='ltr'>simile⁶;</span> <span class='ocrx_word' id='word_1_411' title='bbox 1806 533 1881 563; x_wconf 88' lang='lat' dir='ltr'>unde</span> 
     </span>
     <span class='ocr_line' id='line_1_52' title="bbox 1037 578 1148 606; baseline 0 0"><span class='ocrx_word' id='word_1_412' title='bbox 1037 578 1148 606; x_wconf 87' lang='lat' dir='ltr'>subdit:</span> 
     </span>
    </p>

    <p class='ocr_par' dir='ltr' id='par_1_14' title="bbox 1036 625 1882 1176">
     <span class='ocr_line' id='line_1_53' title="bbox 1115 625 1881 665; baseline 0.005 -12"><span class='ocrx_word' id='word_1_413' title='bbox 1115 626 1161 653; x_wconf 77' lang='lat'>⁶20.</span> <span class='ocrx_word' id='word_1_414' title='bbox 1184 625 1273 661; x_wconf 91' lang='lat' dir='ltr'>(Vers.</span> <span class='ocrx_word' id='word_1_415' title='bbox 1298 626 1363 661; x_wconf 57' lang='lat'>15).</span> <span class='ocrx_word' id='word_1_416' title='bbox 1387 626 1468 654; x_wconf 82' lang='lat' dir='ltr'>Sicut</span> <span class='ocrx_word' id='word_1_417' title='bbox 1494 627 1575 655; x_wconf 76' lang='lat' dir='ltr'>novit</span> <span class='ocrx_word' id='word_1_418' title='bbox 1597 636 1642 656; x_wconf 85' lang='lat' dir='ltr'>me</span> <span class='ocrx_word' id='word_1_419' title='bbox 1663 628 1764 662; x_wconf 82' lang='lat' dir='ltr'>Pater,</span> <span class='ocrx_word' id='word_1_420' title='bbox 1785 631 1811 656; x_wconf 87' lang='lat' dir='ltr'>et</span> <span class='ocrx_word' id='word_1_421' title='bbox 1830 636 1881 665; x_wconf 75' lang='lat' dir='ltr'>eyo</span> 
     </span>
     <span class='ocr_line' id='line_1_54' title="bbox 1036 671 1881 710; baseline 0.006 -12"><span class='ocrx_word' id='word_1_422' title='bbox 1036 678 1162 707; x_wconf 67' lang='lat' dir='ltr'>aquosi-o</span> <span class='ocrx_word' id='word_1_423' title='bbox 1184 671 1321 705; x_wconf 84' lang='lat' dir='ltr'>Patrem,</span> <span class='ocrx_word' id='word_1_424' title='bbox 1342 672 1397 706; x_wconf 90' lang='lat' dir='ltr'>sic,</span> <span class='ocrx_word' id='word_1_425' title='bbox 1419 673 1532 709; x_wconf 86' lang='lat' dir='ltr'>supple,</span> <span class='ocrx_word' id='word_1_426' title='bbox 1553 681 1671 710; x_wconf 85' lang='lat' dir='ltr'>agnosco</span> <span class='ocrx_word' id='word_1_427' title='bbox 1690 681 1780 708; x_wconf 83' lang='lat' dir='ltr'>meas,</span> <span class='ocrx_word' id='word_1_428' title='bbox 1795 677 1822 702; x_wconf 88' lang='lat' dir='ltr'>et</span> <span class='ocrx_word' id='word_1_429' title='bbox 1835 681 1881 703; x_wconf 91' lang='lat' dir='ltr'>co-</span> 
     </span>
     <span class='ocr_line' id='line_1_55' title="bbox 1037 718 1881 755; baseline 0.005 -11"><span class='ocrx_word' id='word_1_430' title='bbox 1037 720 1174 753; x_wconf 89' lang='lat' dir='ltr'>gnoscunt</span> <span class='ocrx_word' id='word_1_431' title='bbox 1193 726 1238 746; x_wconf 91' lang='lat' dir='ltr'>me</span> <span class='ocrx_word' id='word_1_432' title='bbox 1259 726 1344 747; x_wconf 89' lang='lat' dir='ltr'>meae.</span> <span class='ocrx_word' id='word_1_433' title='bbox 1363 718 1618 755; x_wconf 88' lang='lat' dir='ltr'>Chrysostomus⁷:</span> <span class='ocrx_word' id='word_1_434' title='bbox 1637 731 1650 745; x_wconf 77' lang='lat' dir='ltr'>«x</span> <span class='ocrx_word' id='word_1_435' title='bbox 1667 720 1747 748; x_wconf 76' lang='lat' dir='ltr'>Sicut</span> <span class='ocrx_word' id='word_1_436' title='bbox 1762 722 1803 748; x_wconf 87' lang='lat' dir='ltr'>est</span> <span class='ocrx_word' id='word_1_437' title='bbox 1816 722 1881 748; x_wconf 89' lang='lat' dir='ltr'>nota</span> 
     </span>
     <span class='ocr_line' id='line_1_56' title="bbox 1037 763 1880 802; baseline 0.004 -11"><span class='ocrx_word' id='word_1_438' title='bbox 1037 763 1239 799; x_wconf 81' lang='lat' dir='ltr'>similitudinis,</span> <span class='ocrx_word' id='word_1_439' title='bbox 1267 773 1322 793; x_wconf 94' lang='lat' dir='ltr'>non</span> <span class='ocrx_word' id='word_1_440' title='bbox 1347 765 1521 802; x_wconf 87' lang='lat' dir='ltr'>aequalitatis</span> <span class='ocrx_word' id='word_1_441' title='bbox 1535 777 1563 800; x_wconf 73' lang='lat'>1»,</span> <span class='ocrx_word' id='word_1_442' title='bbox 1585 766 1656 794; x_wconf 89' lang='lat' dir='ltr'>sicut</span> <span class='ocrx_word' id='word_1_443' title='bbox 1677 765 1748 794; x_wconf 85' lang='lat' dir='ltr'>infra</span> <span class='ocrx_word' id='word_1_444' title='bbox 1774 765 1880 794; x_wconf 90' lang='lat' dir='ltr'>decimo</span> 
     </span>
     <span class='ocr_line' id='line_1_57' title="bbox 1037 809 1880 849; baseline 0.004 -12"><span class='ocrx_word' id='word_1_445' title='bbox 1037 809 1153 846; x_wconf 89' lang='lat' dir='ltr'>septimo</span> <span class='ocrx_word' id='word_1_446' title='bbox 1180 810 1279 845; x_wconf 90' lang='lat' dir='ltr'>Filius,</span> <span class='ocrx_word' id='word_1_447' title='bbox 1307 819 1390 840; x_wconf 89' lang='lat' dir='ltr'>orans</span> <span class='ocrx_word' id='word_1_448' title='bbox 1418 812 1525 841; x_wconf 87' lang='lat' dir='ltr'>Patrem</span> <span class='ocrx_word' id='word_1_449' title='bbox 1546 820 1597 849; x_wconf 84' lang='lat' dir='ltr'>pro</span> <span class='ocrx_word' id='word_1_450' title='bbox 1617 812 1774 849; x_wconf 89' lang='lat' dir='ltr'>discipulis,</span> <span class='ocrx_word' id='word_1_451' title='bbox 1799 811 1880 846; x_wconf 86' lang='lat' dir='ltr'>dicit,</span> 
     </span>
     <span class='ocr_line' id='line_1_58' title="bbox 1042 857 1881 896; baseline 0.002 -11"><span class='ocrx_word' id='word_1_452' title='bbox 1042 867 1056 881; x_wconf 82' lang='lat'><strong><em>«</em></strong></span> <span class='ocrx_word' id='word_1_453' title='bbox 1070 859 1102 885; x_wconf 87' lang='lat' dir='ltr'>ut</span> <span class='ocrx_word' id='word_1_454' title='bbox 1122 857 1177 886; x_wconf 90' lang='lat' dir='ltr'>sint</span> <span class='ocrx_word' id='word_1_455' title='bbox 1198 866 1301 893; x_wconf 92' lang='lat' dir='ltr'>unum,</span> <span class='ocrx_word' id='word_1_456' title='bbox 1323 859 1395 887; x_wconf 91' lang='lat' dir='ltr'>sicut</span> <span class='ocrx_word' id='word_1_457' title='bbox 1416 861 1443 888; x_wconf 91' lang='lat' dir='ltr'>et</span> <span class='ocrx_word' id='word_1_458' title='bbox 1464 867 1514 888; x_wconf 93' lang='lat' dir='ltr'>nos</span> <span class='ocrx_word' id='word_1_459' title='bbox 1528 871 1554 887; x_wconf 73' lang='lat' dir='ltr'>n.</span> <span class='ocrx_word' id='word_1_460' title='bbox 1577 859 1649 888; x_wconf 87' lang='lat' dir='ltr'>Hanc</span> <span class='ocrx_word' id='word_1_461' title='bbox 1664 859 1746 888; x_wconf 89' lang='lat' dir='ltr'>etiam</span> <span class='ocrx_word' id='word_1_462' title='bbox 1766 859 1881 896; x_wconf 92' lang='lat' dir='ltr'>diligen—</span> 
     </span>
     <span class='ocr_line' id='line_1_59' title="bbox 1037 903 1881 943; baseline 0.004 -12"><span class='ocrx_word' id='word_1_463' title='bbox 1037 903 1104 932; x_wconf 87' lang='lat' dir='ltr'>tiam</span> <span class='ocrx_word' id='word_1_464' title='bbox 1131 904 1287 933; x_wconf 84' lang='lat' dir='ltr'>manifestat</span> <span class='ocrx_word' id='word_1_465' title='bbox 1313 913 1363 942; x_wconf 90' lang='lat' dir='ltr'>per</span> <span class='ocrx_word' id='word_1_466' title='bbox 1391 904 1540 943; x_wconf 83' lang='lat' dir='ltr'>effectum;</span> <span class='ocrx_word' id='word_1_467' title='bbox 1561 906 1635 934; x_wconf 91' lang='lat' dir='ltr'>unde</span> <span class='ocrx_word' id='word_1_468' title='bbox 1654 906 1738 934; x_wconf 91' lang='lat' dir='ltr'>dicit:</span> <span class='ocrx_word' id='word_1_469' title='bbox 1762 906 1796 934; x_wconf 87' lang='lat' dir='ltr'>Et</span> <span class='ocrx_word' id='word_1_470' title='bbox 1817 905 1881 934; x_wconf 78' lang='lat' dir='ltr'>ani-</span> 
     </span>
     <span class='ocr_line' id='line_1_60' title="bbox 1036 952 1882 989; baseline 0.004 -11"><span class='ocrx_word' id='word_1_471' title='bbox 1036 959 1118 979; x_wconf 86' lang='lat' dir='ltr'>mam</span> <span class='ocrx_word' id='word_1_472' title='bbox 1137 960 1233 979; x_wconf 86' lang='lat' dir='ltr'>meam</span> <span class='ocrx_word' id='word_1_473' title='bbox 1258 960 1334 988; x_wconf 81' lang='lat' dir='ltr'>pono</span> <span class='ocrx_word' id='word_1_474' title='bbox 1360 961 1417 989; x_wconf 82' lang='lat' dir='ltr'>pro</span> <span class='ocrx_word' id='word_1_475' title='bbox 1445 952 1546 981; x_wconf 77' lang='lat' dir='ltr'>ovibus</span> <span class='ocrx_word' id='word_1_476' title='bbox 1572 953 1651 981; x_wconf 83' lang='lat' dir='ltr'>meis.</span> <span class='ocrx_word' id='word_1_477' title='bbox 1674 953 1716 981; x_wconf 91' lang='lat' dir='ltr'>Sic</span> <span class='ocrx_word' id='word_1_478' title='bbox 1737 952 1882 989; x_wconf 82' lang='lat' dir='ltr'>Apostolus</span> 
     </span>
     <span class='ocr_line' id='line_1_61' title="bbox 1037 997 1881 1036; baseline 0.001 -11"><span class='ocrx_word' id='word_1_479' title='bbox 1037 997 1143 1033; x_wconf 92' lang='lat' dir='ltr'>primae</span> <span class='ocrx_word' id='word_1_480' title='bbox 1170 997 1203 1026; x_wconf 88' lang='lat' dir='ltr'>ad</span> <span class='ocrx_word' id='word_1_481' title='bbox 1231 997 1388 1027; x_wconf 86' lang='lat' dir='ltr'>Corinthios</span> <span class='ocrx_word' id='word_1_482' title='bbox 1414 999 1520 1027; x_wconf 90' lang='lat' dir='ltr'>decimo</span> <span class='ocrx_word' id='word_1_483' title='bbox 1548 999 1686 1036; x_wconf 65' lang='lat' dir='ltr'>quintoss:</span> <span class='ocrx_word' id='word_1_484' title='bbox 1720 1010 1733 1024; x_wconf 70' lang='grc' dir='ltr'>ι(</span> <span class='ocrx_word' id='word_1_485' title='bbox 1754 998 1881 1035; x_wconf 89' lang='lat' dir='ltr'>Quotidie</span> 
     </span>
     <span class='ocr_line' id='line_1_62' title="bbox 1038 1044 1882 1082; baseline 0.001 -10"><span class='ocrx_word' id='word_1_486' title='bbox 1038 1044 1143 1073; x_wconf 89' lang='lat' dir='ltr'>morior</span> <span class='ocrx_word' id='word_1_487' title='bbox 1164 1048 1279 1081; x_wconf 88' lang='lat' dir='ltr'>propter</span> <span class='ocrx_word' id='word_1_488' title='bbox 1300 1045 1415 1081; x_wconf 87' lang='lat' dir='ltr'>gloriam</span> <span class='ocrx_word' id='word_1_489' title='bbox 1437 1049 1573 1080; x_wconf 88' lang='lat' dir='ltr'>vestram,</span> <span class='ocrx_word' id='word_1_490' title='bbox 1600 1046 1701 1074; x_wconf 86' lang='lat' dir='ltr'>fratres</span> <span class='ocrx_word' id='word_1_491' title='bbox 1714 1056 1741 1080; x_wconf 70' lang='lat'>»3</span> <span class='ocrx_word' id='word_1_492' title='bbox 1770 1048 1797 1074; x_wconf 88' lang='lat' dir='ltr'>et</span> <span class='ocrx_word' id='word_1_493' title='bbox 1823 1045 1882 1082; x_wconf 90' lang='lat' dir='ltr'>ipse</span> 
     </span>
     <span class='ocr_line' id='line_1_63' title="bbox 1037 1091 1881 1125; baseline 0.001 -6"><span class='ocrx_word' id='word_1_494' title='bbox 1037 1091 1187 1125; x_wconf 88' lang='lat' dir='ltr'>Dominus,</span> <span class='ocrx_word' id='word_1_495' title='bbox 1209 1091 1338 1120; x_wconf 83' lang='lat' dir='ltr'>Ieremiae</span> <span class='ocrx_word' id='word_1_496' title='bbox 1359 1092 1540 1121; x_wconf 86' lang='lat' dir='ltr'>duodecimo:</span> <span class='ocrx_word' id='word_1_497' title='bbox 1567 1104 1580 1118; x_wconf 85' lang='lat'>«</span> <span class='ocrx_word' id='word_1_498' title='bbox 1594 1092 1660 1121; x_wconf 87' lang='lat' dir='ltr'>Dedi</span> <span class='ocrx_word' id='word_1_499' title='bbox 1681 1092 1808 1121; x_wconf 82' lang='lat' dir='ltr'>dilectam</span> <span class='ocrx_word' id='word_1_500' title='bbox 1823 1092 1881 1120; x_wconf 86' lang='lat' dir='ltr'>ani-</span> 
     </span>
     <span class='ocr_line' id='line_1_64' title="bbox 1037 1138 1613 1176; baseline 0.002 -10"><span class='ocrx_word' id='word_1_501' title='bbox 1037 1146 1111 1166; x_wconf 86' lang='lat' dir='ltr'>mam</span> <span class='ocrx_word' id='word_1_502' title='bbox 1133 1146 1222 1166; x_wconf 91' lang='lat' dir='ltr'>meam</span> <span class='ocrx_word' id='word_1_503' title='bbox 1243 1138 1271 1166; x_wconf 93' lang='lat' dir='ltr'>in</span> <span class='ocrx_word' id='word_1_504' title='bbox 1292 1146 1391 1167; x_wconf 89' lang='lat' dir='ltr'>manus</span> <span class='ocrx_word' id='word_1_505' title='bbox 1411 1139 1571 1176; x_wconf 90' lang='lat' dir='ltr'>iniquorum</span> <span class='ocrx_word' id='word_1_506' title='bbox 1586 1151 1613 1167; x_wconf 86' lang='lat'>».</span> 
     </span>
    </p>

    <p class='ocr_par' dir='ltr' id='par_1_15' title="bbox 1037 1185 1883 1362">
     <span class='ocr_line' id='line_1_65' title="bbox 1116 1185 1882 1223; baseline 0.001 -10"><span class='ocrx_word' id='word_1_507' title='bbox 1116 1186 1162 1213; x_wconf 83' lang='lat'>21.</span> <span class='ocrx_word' id='word_1_508' title='bbox 1186 1185 1275 1221; x_wconf 89' lang='lat' dir='ltr'>(Vers.</span> <span class='ocrx_word' id='word_1_509' title='bbox 1301 1186 1366 1221; x_wconf 90' lang='grc'>16.).</span> <span class='ocrx_word' id='word_1_510' title='bbox 1391 1186 1424 1213; x_wconf 86' lang='lat' dir='ltr'>Et</span> <span class='ocrx_word' id='word_1_511' title='bbox 1444 1186 1521 1214; x_wconf 81' lang='lat' dir='ltr'>alias</span> <span class='ocrx_word' id='word_1_512' title='bbox 1543 1194 1608 1214; x_wconf 78' lang='lat' dir='ltr'>oves</span> <span class='ocrx_word' id='word_1_513' title='bbox 1629 1185 1725 1214; x_wconf 75' lang='lat' dir='ltr'>liabeo.</span> <span class='ocrx_word' id='word_1_514' title='bbox 1748 1186 1882 1223; x_wconf 87' lang='lat' dir='ltr'>Tangitur</span> 
     </span>
     <span class='ocr_line' id='line_1_66' title="bbox 1038 1231 1881 1270; baseline 0.001 -10"><span class='ocrx_word' id='word_1_515' title='bbox 1038 1232 1083 1260; x_wconf 88' lang='lat' dir='ltr'>hic</span> <span class='ocrx_word' id='word_1_516' title='bbox 1105 1232 1227 1266; x_wconf 85' lang='lat' dir='ltr'>tertium,</span> <span class='ocrx_word' id='word_1_517' title='bbox 1249 1232 1353 1261; x_wconf 86' lang='lat' dir='ltr'>scilicet</span> <span class='ocrx_word' id='word_1_518' title='bbox 1375 1231 1486 1261; x_wconf 73' lang='lat' dir='ltr'>Christi</span> <span class='ocrx_word' id='word_1_519' title='bbox 1499 1241 1570 1270; x_wconf 73' lang='lat' dir='ltr'>crya</span> <span class='ocrx_word' id='word_1_520' title='bbox 1584 1241 1648 1260; x_wconf 81' lang='lat' dir='ltr'>oves</span> <span class='ocrx_word' id='word_1_521' title='bbox 1660 1233 1671 1249; x_wconf 80' lang='lat'>⁹</span> <span class='ocrx_word' id='word_1_522' title='bbox 1682 1233 1881 1269; x_wconf 82' lang='lat' dir='ltr'>providentia,</span> 
     </span>
     <span class='ocr_line' id='line_1_67' title="bbox 1037 1279 1883 1316; baseline 0 -9"><span class='ocrx_word' id='word_1_523' title='bbox 1037 1287 1109 1316; x_wconf 89' lang='lat' dir='ltr'>quae</span> <span class='ocrx_word' id='word_1_524' title='bbox 1136 1279 1260 1307; x_wconf 87' lang='lat' dir='ltr'>consistit</span> <span class='ocrx_word' id='word_1_525' title='bbox 1288 1279 1314 1307; x_wconf 90' lang='lat' dir='ltr'>in</span> <span class='ocrx_word' id='word_1_526' title='bbox 1343 1279 1436 1307; x_wconf 89' lang='lat' dir='ltr'>ovium</span> <span class='ocrx_word' id='word_1_527' title='bbox 1466 1287 1581 1307; x_wconf 85' lang='lat' dir='ltr'>suarum</span> <span class='ocrx_word' id='word_1_528' title='bbox 1602 1279 1783 1314; x_wconf 88' lang='lat' dir='ltr'>adunatione,</span> <span class='ocrx_word' id='word_1_529' title='bbox 1811 1279 1883 1308; x_wconf 88' lang='lat' dir='ltr'>sicut</span> 
     </span>
     <span class='ocr_line' id='line_1_68' title="bbox 1037 1325 1881 1362; baseline 0 -8"><span class='ocrx_word' id='word_1_530' title='bbox 1037 1328 1131 1362; x_wconf 90' lang='lat' dir='ltr'>pastor</span> <span class='ocrx_word' id='word_1_531' title='bbox 1146 1326 1173 1354; x_wconf 93' lang='lat' dir='ltr'>in</span> <span class='ocrx_word' id='word_1_532' title='bbox 1188 1333 1276 1354; x_wconf 89' lang='lat' dir='ltr'>unum</span> <span class='ocrx_word' id='word_1_533' title='bbox 1292 1325 1395 1362; x_wconf 87' lang='lat' dir='ltr'>colligit</span> <span class='ocrx_word' id='word_1_534' title='bbox 1409 1333 1490 1360; x_wconf 84' lang='lat' dir='ltr'>oves,</span> <span class='ocrx_word' id='word_1_535' title='bbox 1512 1333 1545 1354; x_wconf 91' lang='lat' dir='ltr'>ne</span> <span class='ocrx_word' id='word_1_536' title='bbox 1566 1325 1707 1362; x_wconf 88' lang='lat' dir='ltr'>patiantur</span> <span class='ocrx_word' id='word_1_537' title='bbox 1728 1326 1881 1354; x_wconf 88' lang='lat' dir='ltr'>incursum.</span> 
     </span>
    </p>
   </div>
   <div class='ocr_carea' id='block_1_10' title="bbox 1037 1510 1885 1968">
    <p class='ocr_par' dir='ltr' id='par_1_16' title="bbox 1037 1510 1885 1853">
     <span class='ocr_line' id='line_1_69' title="bbox 1038 1510 1882 1540; baseline -0.001 -6"><span class='ocrx_word' id='word_1_538' title='bbox 1038 1511 1104 1534; x_wconf 84' lang='lat' dir='ltr'>dicit:</span> <span class='ocrx_word' id='word_1_539' title='bbox 1121 1518 1186 1540; x_wconf 85' lang='lat' dir='ltr'>ecce,</span> <span class='ocrx_word' id='word_1_540' title='bbox 1204 1511 1241 1534; x_wconf 86' lang='lat' dir='ltr'>hic</span> <span class='ocrx_word' id='word_1_541' title='bbox 1257 1517 1322 1539; x_wconf 89' lang='lat' dir='ltr'>sum,</span> <span class='ocrx_word' id='word_1_542' title='bbox 1340 1517 1385 1533; x_wconf 89' lang='lat' dir='ltr'>non</span> <span class='ocrx_word' id='word_1_543' title='bbox 1404 1511 1467 1539; x_wconf 66' lang='lat' dir='ltr'>fugi,</span> <span class='ocrx_word' id='word_1_544' title='bbox 1485 1510 1573 1539; x_wconf 75' lang='lat' dir='ltr'>fugisti,</span> <span class='ocrx_word' id='word_1_545' title='bbox 1590 1510 1644 1539; x_wconf 77' lang='lat' dir='ltr'>quIa</span> <span class='ocrx_word' id='word_1_546' title='bbox 1662 1511 1762 1539; x_wconf 87' lang='lat' dir='ltr'>tacuisti;</span> <span class='ocrx_word' id='word_1_547' title='bbox 1779 1510 1882 1539; x_wconf 83' lang='lat' dir='ltr'>tacuisti,</span> 
     </span>
     <span class='ocr_line' id='line_1_70' title="bbox 1038 1546 1884 1579; baseline -0.001 -7"><span class='ocrx_word' id='word_1_548' title='bbox 1038 1551 1092 1579; x_wconf 85' lang='lat' dir='ltr'>quia</span> <span class='ocrx_word' id='word_1_549' title='bbox 1110 1551 1212 1572; x_wconf 87' lang='lat' dir='ltr'>timuisti.</span> <span class='ocrx_word' id='word_1_550' title='bbox 1229 1551 1292 1578; x_wconf 83' lang='lat' dir='ltr'>Fuga</span> <span class='ocrx_word' id='word_1_551' title='bbox 1310 1550 1380 1572; x_wconf 87' lang='lat' dir='ltr'>animi</span> <span class='ocrx_word' id='word_1_552' title='bbox 1393 1550 1460 1572; x_wconf 88' lang='lat' dir='ltr'>timor</span> <span class='ocrx_word' id='word_1_553' title='bbox 1477 1554 1518 1572; x_wconf 85' lang='lat' dir='ltr'>est.</span> <span class='ocrx_word' id='word_1_554' title='bbox 1536 1546 1638 1577; x_wconf 80' lang='lat' dir='ltr'>Corpore</span> <span class='ocrx_word' id='word_1_555' title='bbox 1650 1549 1742 1578; x_wconf 85' lang='lat' dir='ltr'>stetisti⁷</span> <span class='ocrx_word' id='word_1_556' title='bbox 1759 1550 1840 1577; x_wconf 86' lang='lat' dir='ltr'>spiritu</span> <span class='ocrx_word' id='word_1_557' title='bbox 1852 1550 1884 1572; x_wconf 80' lang='lat' dir='ltr'>su-</span> 
     </span>
     <span class='ocr_line' id='line_1_71' title="bbox 1038 1588 1882 1618; baseline 0 -6"><span class='ocrx_word' id='word_1_558' title='bbox 1038 1590 1091 1618; x_wconf 84' lang='lat' dir='ltr'>gisti</span> <span class='ocrx_word' id='word_1_559' title='bbox 1108 1592 1149 1612; x_wconf 87' lang='lat' dir='ltr'>etc.</span> <span class='ocrx_word' id='word_1_560' title='bbox 1168 1589 1212 1612; x_wconf 85' lang='lat' dir='ltr'>Csr.</span> <span class='ocrx_word' id='word_1_561' title='bbox 1230 1592 1285 1612; x_wconf 85' lang='lat' dir='ltr'>tom.</span> <span class='ocrx_word' id='word_1_562' title='bbox 1302 1590 1335 1612; x_wconf 84' lang='lat'>111.</span> <span class='ocrx_word' id='word_1_563' title='bbox 1352 1595 1405 1617; x_wconf 88' lang='lat' dir='ltr'>pag.</span> <span class='ocrx_word' id='word_1_564' title='bbox 1424 1588 1484 1617; x_wconf 79' lang='lat'>766,</span> <span class='ocrx_word' id='word_1_565' title='bbox 1500 1591 1553 1611; x_wconf 87' lang='lat' dir='ltr'>nota</span> <span class='ocrx_word' id='word_1_566' title='bbox 1572 1588 1593 1611; x_wconf 80' lang='lat'>5.</span> <span class='ocrx_word' id='word_1_567' title='bbox 1610 1601 1641 1605; x_wconf 97' lang='lat'><strong>—</strong></span> <span class='ocrx_word' id='word_1_568' title='bbox 1657 1588 1697 1610; x_wconf 89' lang='lat' dir='ltr'>Ed.</span> <span class='ocrx_word' id='word_1_569' title='bbox 1715 1588 1781 1616; x_wconf 87' lang='lat' dir='ltr'>legit:</span> <span class='ocrx_word' id='word_1_570' title='bbox 1800 1588 1882 1618; x_wconf 61' lang='lat' dir='ltr'>Fugit,</span> 
     </span>
     <span class='ocr_line' id='line_1_72' title="bbox 1038 1626 1882 1659; baseline -0.004 -7"><span class='ocrx_word' id='word_1_571' title='bbox 1038 1628 1095 1659; x_wconf 79' lang='lat' dir='ltr'>quia</span> <span class='ocrx_word' id='word_1_572' title='bbox 1111 1628 1200 1657; x_wconf 78' lang='lat' dir='ltr'>tacuit,·</span> <span class='ocrx_word' id='word_1_573' title='bbox 1217 1628 1272 1658; x_wconf 76' lang='lat' dir='ltr'>quia</span> <span class='ocrx_word' id='word_1_574' title='bbox 1293 1634 1318 1651; x_wconf 85' lang='lat' dir='ltr'>se</span> <span class='ocrx_word' id='word_1_575' title='bbox 1334 1627 1378 1651; x_wconf 76' lang='lat' dir='ltr'>sul]</span> <span class='ocrx_word' id='word_1_576' title='bbox 1397 1627 1492 1651; x_wconf 79' lang='lat' dir='ltr'>silentio</span> <span class='ocrx_word' id='word_1_577' title='bbox 1509 1627 1645 1656; x_wconf 78' lang='lat' dir='ltr'>abscondit,·</span> <span class='ocrx_word' id='word_1_578' title='bbox 1667 1626 1723 1657; x_wconf 77' lang='lat' dir='ltr'>quia</span> <span class='ocrx_word' id='word_1_579' title='bbox 1746 1627 1824 1650; x_wconf 84' lang='lat' dir='ltr'>timuit</span> <span class='ocrx_word' id='word_1_580' title='bbox 1839 1630 1882 1650; x_wconf 87' lang='lat' dir='ltr'>etc.</span> 
     </span>
     <span class='ocr_line' id='line_1_73' title="bbox 1037 1665 1885 1696; baseline 0 -6"><span class='ocrx_word' id='word_1_581' title='bbox 1037 1669 1154 1690; x_wconf 83' lang='lat' dir='ltr'>Gorranus</span> <span class='ocrx_word' id='word_1_582' title='bbox 1172 1667 1255 1690; x_wconf 89' lang='lat' dir='ltr'>habet:</span> <span class='ocrx_word' id='word_1_583' title='bbox 1281 1667 1363 1696; x_wconf 72' lang='lat' dir='ltr'>Fuqit,</span> <span class='ocrx_word' id='word_1_584' title='bbox 1389 1666 1445 1696; x_wconf 82' lang='lat' dir='ltr'>quia.</span> <span class='ocrx_word' id='word_1_585' title='bbox 1470 1667 1531 1689; x_wconf 84' lang='lat' dir='ltr'>tacet</span> <span class='ocrx_word' id='word_1_586' title='bbox 1554 1666 1596 1696; x_wconf 82' lang='lat' dir='ltr'>qui</span> <span class='ocrx_word' id='word_1_587' title='bbox 1612 1666 1701 1694; x_wconf 81' lang='lat' dir='ltr'>timuit,</span> <span class='ocrx_word' id='word_1_588' title='bbox 1726 1672 1755 1689; x_wconf 75' lang='lat' dir='ltr'>rie</span> <span class='ocrx_word' id='word_1_589' title='bbox 1773 1665 1885 1695; x_wconf 82' lang='lat' dir='ltr'>perderet</span> 
     </span>
     <span class='ocr_line' id='line_1_74' title="bbox 1038 1704 1883 1736; baseline -0.002 -7"><span class='ocrx_word' id='word_1_590' title='bbox 1038 1706 1101 1736; x_wconf 83' lang='lat' dir='ltr'>quod</span> <span class='ocrx_word' id='word_1_591' title='bbox 1117 1705 1211 1735; x_wconf 71' lang='lat' dir='ltr'>diliqit,·</span> <span class='ocrx_word' id='word_1_592' title='bbox 1228 1705 1299 1729; x_wconf 86' lang='lat' dir='ltr'>timor</span> <span class='ocrx_word' id='word_1_593' title='bbox 1317 1705 1380 1728; x_wconf 80' lang='lat' dir='ltr'>enim</span> <span class='ocrx_word' id='word_1_594' title='bbox 1400 1705 1460 1734; x_wconf 73' lang='lat' dir='ltr'>fuya</span> <span class='ocrx_word' id='word_1_595' title='bbox 1481 1706 1516 1728; x_wconf 86' lang='lat' dir='ltr'>est</span> <span class='ocrx_word' id='word_1_596' title='bbox 1530 1704 1671 1734; x_wconf 87' lang='lat' dir='ltr'>[secundum</span> <span class='ocrx_word' id='word_1_597' title='bbox 1694 1705 1796 1727; x_wconf 89' lang='lat' dir='ltr'>Glossam</span> <span class='ocrx_word' id='word_1_598' title='bbox 1819 1704 1883 1728; x_wconf 87' lang='lat' dir='ltr'>ordi-</span> 
     </span>
     <span class='ocr_line' id='line_1_75' title="bbox 1037 1743 1881 1773; baseline -0.002 -5"><span class='ocrx_word' id='word_1_599' title='bbox 1037 1745 1134 1768; x_wconf 79' lang='lat' dir='ltr'>nariam</span> <span class='ocrx_word' id='word_1_600' title='bbox 1151 1745 1174 1767; x_wconf 91' lang='lat' dir='ltr'>in</span> <span class='ocrx_word' id='word_1_601' title='bbox 1190 1745 1251 1767; x_wconf 87' lang='lat' dir='ltr'>loan.</span> <span class='ocrx_word' id='word_1_602' title='bbox 1268 1745 1309 1772; x_wconf 74' lang='lat'>40,</span> <span class='ocrx_word' id='word_1_603' title='bbox 1328 1743 1385 1773; x_wconf 76' lang='lat' dir='ltr'>i2.].</span> <span class='ocrx_word' id='word_1_604' title='bbox 1397 1745 1439 1766; x_wconf 82' lang='lat' dir='ltr'>Pro</span> <span class='ocrx_word' id='word_1_605' title='bbox 1451 1743 1525 1767; x_wconf 76' lang='lat' dir='ltr'>tacuit</span> <span class='ocrx_word' id='word_1_606' title='bbox 1542 1744 1607 1766; x_wconf 89' lang='lat' dir='ltr'>multi</span> <span class='ocrx_word' id='word_1_607' title='bbox 1624 1744 1694 1766; x_wconf 88' lang='lat' dir='ltr'>codd.</span> <span class='ocrx_word' id='word_1_608' title='bbox 1710 1744 1782 1772; x_wconf 82' lang='lat' dir='ltr'>tacet,</span> <span class='ocrx_word' id='word_1_609' title='bbox 1800 1746 1822 1766; x_wconf 89' lang='lat' dir='ltr'>et</span> <span class='ocrx_word' id='word_1_610' title='bbox 1838 1750 1881 1772; x_wconf 89' lang='lat' dir='ltr'>pro</span> 
     </span>
     <span class='ocr_line' id='line_1_76' title="bbox 1038 1782 1882 1812; baseline -0.002 -6"><span class='ocrx_word' id='word_1_611' title='bbox 1038 1783 1116 1807; x_wconf 78' lang='lat' dir='ltr'>timuit</span> <span class='ocrx_word' id='word_1_612' title='bbox 1133 1784 1150 1806; x_wconf 90' lang='lat' dir='ltr'>B</span> <span class='ocrx_word' id='word_1_613' title='bbox 1167 1783 1239 1806; x_wconf 78' lang='lat' dir='ltr'>timet.</span> <span class='ocrx_word' id='word_1_614' title='bbox 1255 1783 1360 1805; x_wconf 80' lang='lat' dir='ltr'>Fortasse</span> <span class='ocrx_word' id='word_1_615' title='bbox 1377 1789 1420 1811; x_wconf 89' lang='lat' dir='ltr'>pro</span> <span class='ocrx_word' id='word_1_616' title='bbox 1438 1782 1568 1812; x_wconf 67' lang='lat' dir='ltr'>Gregorius</span> <span class='ocrx_word' id='word_1_617' title='bbox 1580 1782 1766 1805; x_wconf 88' lang='lat' dir='ltr'>substituendum</span> <span class='ocrx_word' id='word_1_618' title='bbox 1783 1785 1818 1804; x_wconf 87' lang='lat' dir='ltr'>est</span> <span class='ocrx_word' id='word_1_619' title='bbox 1834 1782 1882 1805; x_wconf 81' lang='lat' dir='ltr'>Au-</span> 
     </span>
     <span class='ocr_line' id='line_1_77' title="bbox 1037 1821 1682 1853; baseline -0.005 -7"><span class='ocrx_word' id='word_1_620' title='bbox 1037 1823 1159 1853; x_wconf 71' lang='lat' dir='ltr'>qustz&#39;nus,</span> <span class='ocrx_word' id='word_1_621' title='bbox 1177 1823 1243 1845; x_wconf 87' lang='lat' dir='ltr'>cuius</span> <span class='ocrx_word' id='word_1_622' title='bbox 1260 1821 1332 1844; x_wconf 87' lang='lat' dir='ltr'>verba</span> <span class='ocrx_word' id='word_1_623' title='bbox 1349 1822 1418 1850; x_wconf 87' lang='lat' dir='ltr'>paulo</span> <span class='ocrx_word' id='word_1_624' title='bbox 1435 1822 1541 1850; x_wconf 89' lang='lat' dir='ltr'>superius</span> <span class='ocrx_word' id='word_1_625' title='bbox 1558 1822 1682 1844; x_wconf 84' lang='lat' dir='ltr'>attulimus.</span> 
     </span>
    </p>

    <p class='ocr_par' dir='ltr' id='par_1_17' title="bbox 1037 1859 1880 1929">
     <span class='ocr_line' id='line_1_78' title="bbox 1100 1859 1880 1889; baseline -0.003 -5"><span class='ocrx_word' id='word_1_626' title='bbox 1100 1861 1110 1873; x_wconf 75' lang='lat'>⁴</span> <span class='ocrx_word' id='word_1_627' title='bbox 1128 1862 1225 1889; x_wconf 80' lang='lat' dir='ltr'>Vulgata</span> <span class='ocrx_word' id='word_1_628' title='bbox 1243 1861 1326 1884; x_wconf 89' lang='lat' dir='ltr'>omittit</span> <span class='ocrx_word' id='word_1_629' title='bbox 1342 1866 1402 1884; x_wconf 71' lang='lat' dir='ltr'>oves.</span> <span class='ocrx_word' id='word_1_630' title='bbox 1420 1873 1450 1877; x_wconf 97' lang='lat'><strong>—</strong></span> <span class='ocrx_word' id='word_1_631' title='bbox 1466 1861 1516 1883; x_wconf 91' lang='lat' dir='ltr'>Duo</span> <span class='ocrx_word' id='word_1_632' title='bbox 1539 1867 1603 1889; x_wconf 87' lang='lat' dir='ltr'>seqq.</span> <span class='ocrx_word' id='word_1_633' title='bbox 1620 1860 1662 1883; x_wconf 88' lang='lat' dir='ltr'>loci</span> <span class='ocrx_word' id='word_1_634' title='bbox 1685 1862 1737 1882; x_wconf 90' lang='lat' dir='ltr'>sunt</span> <span class='ocrx_word' id='word_1_635' title='bbox 1753 1860 1820 1882; x_wconf 80' lang='lat' dir='ltr'>Prov.</span> <span class='ocrx_word' id='word_1_636' title='bbox 1838 1859 1880 1886; x_wconf 85' lang='lat'>27,</span> 
     </span>
     <span class='ocr_line' id='line_1_79' title="bbox 1037 1900 1331 1929; baseline -0.003 -6"><span class='ocrx_word' id='word_1_637' title='bbox 1037 1901 1074 1923; x_wconf 85' lang='lat'>23.</span> <span class='ocrx_word' id='word_1_638' title='bbox 1092 1903 1114 1923; x_wconf 88' lang='lat' dir='ltr'>el</span> <span class='ocrx_word' id='word_1_639' title='bbox 1131 1901 1155 1923; x_wconf 90' lang='lat' dir='ltr'>ll.</span> <span class='ocrx_word' id='word_1_640' title='bbox 1172 1901 1233 1922; x_wconf 86' lang='lat' dir='ltr'>Tim.</span> <span class='ocrx_word' id='word_1_641' title='bbox 1250 1901 1276 1929; x_wconf 83' lang='lat'>2,</span> <span class='ocrx_word' id='word_1_642' title='bbox 1295 1900 1331 1922; x_wconf 75' lang='lat'>49.</span> 
     </span>
    </p>

    <p class='ocr_par' dir='ltr' id='par_1_18' title="bbox 1100 1938 1490 1968">
     <span class='ocr_line' id='line_1_80' title="bbox 1100 1938 1490 1968; baseline -0.003 -6"><span class='ocrx_word' id='word_1_643' title='bbox 1100 1938 1109 1952; x_wconf 86' lang='lat'>⁵</span> <span class='ocrx_word' id='word_1_644' title='bbox 1126 1940 1167 1962; x_wconf 89' lang='lat' dir='ltr'>Ed.</span> <span class='ocrx_word' id='word_1_645' title='bbox 1185 1939 1222 1962; x_wconf 91' lang='lat' dir='ltr'>hic</span> <span class='ocrx_word' id='word_1_646' title='bbox 1238 1939 1302 1962; x_wconf 86' lang='lat' dir='ltr'>addit</span> <span class='ocrx_word' id='word_1_647' title='bbox 1319 1945 1367 1968; x_wconf 85' lang='lat' dir='ltr'>seq.</span> <span class='ocrx_word' id='word_1_648' title='bbox 1384 1940 1490 1962; x_wconf 87' lang='lat' dir='ltr'>schema:</span> 
     </span>
    </p>
   </div>
   <div class='ocr_carea' id='block_1_11' title="bbox 392 2024 1881 2056">
    <p class='ocr_par' dir='ltr' id='par_1_19' title="bbox 392 2024 1881 2056">
     <span class='ocr_line' id='line_1_81' title="bbox 392 2024 1881 2056; baseline -0.002 -7"><span class='ocrx_word' id='word_1_649' title='bbox 392 2026 417 2048; x_wconf 92' lang='lat' dir='ltr'>in</span> <span class='ocrx_word' id='word_1_650' title='bbox 434 2033 576 2055; x_wconf 86' lang='lat' dir='ltr'>pascuorum</span> <span class='ocrx_word' id='word_1_651' title='bbox 593 2027 718 2054; x_wconf 86' lang='lat' dir='ltr'>electione;</span> <span class='ocrx_word' id='word_1_652' title='bbox 736 2027 799 2049; x_wconf 88' lang='lat' dir='ltr'>unde</span> <span class='ocrx_word' id='word_1_653' title='bbox 810 2027 891 2049; x_wconf 79' lang='lat' dir='ltr'>Ezech.</span> <span class='ocrx_word' id='word_1_654' title='bbox 905 2026 942 2055; x_wconf 76' lang='lat'>34,</span> <span class='ocrx_word' id='word_1_655' title='bbox 955 2027 992 2049; x_wconf 72' lang='lat'>43.</span> <span class='ocrx_word' id='word_1_656' title='bbox 1005 2033 1067 2056; x_wconf 88' lang='lat' dir='ltr'>seq.:</span> <span class='ocrx_word' id='word_1_657' title='bbox 1084 2035 1094 2046; x_wconf 74' lang='grc' dir='ltr'>ιι</span> <span class='ocrx_word' id='word_1_658' title='bbox 1107 2027 1200 2049; x_wconf 74' lang='lat' dir='ltr'>pascam</span> <span class='ocrx_word' id='word_1_659' title='bbox 1214 2032 1253 2048; x_wconf 88' lang='lat' dir='ltr'>eas</span> <span class='ocrx_word' id='word_1_660' title='bbox 1265 2026 1287 2048; x_wconf 92' lang='lat' dir='ltr'>in</span> <span class='ocrx_word' id='word_1_661' title='bbox 1299 2025 1417 2048; x_wconf 85' lang='lat' dir='ltr'>montibus</span> <span class='ocrx_word' id='word_1_662' title='bbox 1428 2025 1502 2054; x_wconf 85' lang='lat' dir='ltr'>lsrael,</span> <span class='ocrx_word' id='word_1_663' title='bbox 1515 2025 1536 2047; x_wconf 92' lang='lat' dir='ltr'>in</span> <span class='ocrx_word' id='word_1_664' title='bbox 1548 2025 1641 2053; x_wconf 89' lang='lat' dir='ltr'>pascuis</span> <span class='ocrx_word' id='word_1_665' title='bbox 1653 2024 1776 2047; x_wconf 88' lang='lat' dir='ltr'>uberrimis</span> <span class='ocrx_word' id='word_1_666' title='bbox 1787 2027 1881 2052; x_wconf 84' lang='lat' dir='ltr'>pascam</span> 
     </span>
    </p>
   </div>
   <div class='ocr_carea' id='block_1_12' title="bbox 214 2065 1882 2211">
    <p class='ocr_par' dir='ltr' id='par_1_20' title="bbox 443 2065 1147 2094">
     <span class='ocr_line' id='line_1_82' title="bbox 443 2065 1147 2094; baseline -0.001 -6"><span class='ocrx_word' id='word_1_667' title='bbox 443 2071 482 2088; x_wconf 88' lang='lat' dir='ltr'>eas</span> <span class='ocrx_word' id='word_1_668' title='bbox 494 2074 516 2088; x_wconf 72' lang='lat' dir='ltr'>x».</span> <span class='ocrx_word' id='word_1_669' title='bbox 533 2066 594 2088; x_wconf 87' lang='lat' dir='ltr'>Talis</span> <span class='ocrx_word' id='word_1_670' title='bbox 610 2068 689 2094; x_wconf 89' lang='lat' dir='ltr'>pastor</span> <span class='ocrx_word' id='word_1_671' title='bbox 706 2065 822 2093; x_wconf 88' lang='lat' dir='ltr'>Christus,</span> <span class='ocrx_word' id='word_1_672' title='bbox 840 2065 902 2088; x_wconf 89' lang='lat' dir='ltr'>unde</span> <span class='ocrx_word' id='word_1_673' title='bbox 919 2066 942 2088; x_wconf 92' lang='lat' dir='ltr'>in</span> <span class='ocrx_word' id='word_1_674' title='bbox 959 2066 1031 2088; x_wconf 88' lang='lat' dir='ltr'>littera</span> <span class='ocrx_word' id='word_1_675' title='bbox 1050 2065 1082 2094; x_wconf 91' lang='lat' dir='ltr'>(v.</span> <span class='ocrx_word' id='word_1_676' title='bbox 1099 2065 1147 2094; x_wconf 76' lang='lat'>9.):</span> 
     </span>
    </p>

    <p class='ocr_par' dir='ltr' id='par_1_21' title="bbox 214 2096 1882 2173">
     <span class='ocr_line' id='line_1_83' title="bbox 214 2096 1882 2133; baseline -0.002 -6"><span class='ocrx_word' id='word_1_677' title='bbox 214 2096 238 2118; x_wconf 69' lang='lat' dir='ltr'>in</span> <span class='ocrx_word' id='word_1_678' title='bbox 263 2096 355 2118; x_wconf 62' lang='lat' dir='ltr'>SOles‘ia</span> <span class='ocrx_word' id='word_1_679' title='bbox 396 2104 419 2127; x_wconf 92' lang='lat' dir='ltr'>in</span> <span class='ocrx_word' id='word_1_680' title='bbox 437 2107 584 2133; x_wconf 86' lang='lat' dir='ltr'>temporanea</span> <span class='ocrx_word' id='word_1_681' title='bbox 601 2105 751 2132; x_wconf 88' lang='lat' dir='ltr'>educatione,</span> <span class='ocrx_word' id='word_1_682' title='bbox 768 2105 845 2127; x_wconf 87' lang='lat' dir='ltr'>Matth.</span> <span class='ocrx_word' id='word_1_683' title='bbox 862 2104 904 2132; x_wconf 77' lang='lat'>24,</span> <span class='ocrx_word' id='word_1_684' title='bbox 923 2105 964 2127; x_wconf 78' lang='lat'>45:</span> <span class='ocrx_word' id='word_1_685' title='bbox 985 2113 996 2125; x_wconf 66' lang='lat' dir='ltr'>a</span> <span class='ocrx_word' id='word_1_686' title='bbox 1008 2105 1092 2127; x_wconf 84' lang='lat' dir='ltr'>Fidelis</span> <span class='ocrx_word' id='word_1_687' title='bbox 1108 2111 1191 2127; x_wconf 87' lang='lat' dir='ltr'>servus</span> <span class='ocrx_word' id='word_1_688' title='bbox 1207 2107 1229 2127; x_wconf 84' lang='lat' dir='ltr'>et</span> <span class='ocrx_word' id='word_1_689' title='bbox 1246 2104 1361 2132; x_wconf 87' lang='lat' dir='ltr'>prudens,</span> <span class='ocrx_word' id='word_1_690' title='bbox 1378 2110 1447 2132; x_wconf 83' lang='lat' dir='ltr'>quem</span> <span class='ocrx_word' id='word_1_691' title='bbox 1466 2103 1582 2126; x_wconf 86' lang='lat' dir='ltr'>constituit</span> <span class='ocrx_word' id='word_1_692' title='bbox 1600 2102 1711 2125; x_wconf 90' lang='lat' dir='ltr'>Dominus</span> <span class='ocrx_word' id='word_1_693' title='bbox 1728 2108 1797 2130; x_wconf 87' lang='lat' dir='ltr'>super</span> <span class='ocrx_word' id='word_1_694' title='bbox 1820 2102 1882 2124; x_wconf 82' lang='lat' dir='ltr'>sami-</span> 
     </span>
     <span class='ocr_line' id='line_1_84' title="bbox 443 2142 1771 2173; baseline -0.002 -7"><span class='ocrx_word' id='word_1_695' title='bbox 443 2144 496 2166; x_wconf 87' lang='lat' dir='ltr'>liam</span> <span class='ocrx_word' id='word_1_696' title='bbox 513 2150 592 2172; x_wconf 84' lang='lat' dir='ltr'>suam,</span> <span class='ocrx_word' id='word_1_697' title='bbox 610 2146 635 2166; x_wconf 92' lang='lat' dir='ltr'>ut</span> <span class='ocrx_word' id='word_1_698' title='bbox 651 2144 690 2166; x_wconf 87' lang='lat' dir='ltr'>det</span> <span class='ocrx_word' id='word_1_699' title='bbox 707 2144 749 2166; x_wconf 89' lang='lat' dir='ltr'>illis</span> <span class='ocrx_word' id='word_1_700' title='bbox 765 2150 842 2166; x_wconf 85' lang='lat' dir='ltr'>escam</span> <span class='ocrx_word' id='word_1_701' title='bbox 860 2144 882 2166; x_wconf 91' lang='lat' dir='ltr'>in</span> <span class='ocrx_word' id='word_1_702' title='bbox 899 2147 1004 2172; x_wconf 86' lang='lat' dir='ltr'>tempore</span> <span class='ocrx_word' id='word_1_703' title='bbox 1015 2153 1038 2171; x_wconf 72' lang='lat' dir='ltr'>n,</span> <span class='ocrx_word' id='word_1_704' title='bbox 1055 2144 1105 2166; x_wconf 87' lang='lat' dir='ltr'>sive</span> <span class='ocrx_word' id='word_1_705' title='bbox 1121 2143 1189 2173; x_wconf 90' lang='lat' dir='ltr'>[Luc.</span> <span class='ocrx_word' id='word_1_706' title='bbox 1209 2144 1250 2170; x_wconf 66' lang='lat'>42,</span> <span class='ocrx_word' id='word_1_707' title='bbox 1268 2142 1318 2173; x_wconf 58' lang='lat'>42]</span> <span class='ocrx_word' id='word_1_708' title='bbox 1337 2151 1348 2163; x_wconf 82' lang='grc' dir='ltr'>α</span> <span class='ocrx_word' id='word_1_709' title='bbox 1361 2143 1382 2165; x_wconf 90' lang='lat' dir='ltr'>in</span> <span class='ocrx_word' id='word_1_710' title='bbox 1400 2146 1503 2170; x_wconf 87' lang='lat' dir='ltr'>tempore</span> <span class='ocrx_word' id='word_1_711' title='bbox 1520 2142 1586 2164; x_wconf 89' lang='lat' dir='ltr'>tritici</span> <span class='ocrx_word' id='word_1_712' title='bbox 1605 2147 1736 2164; x_wconf 86' lang='lat' dir='ltr'>mensuram</span> <span class='ocrx_word' id='word_1_713' title='bbox 1749 2150 1771 2163; x_wconf 63' lang='grc' dir='ltr'>ω.</span> 
     </span>
    </p>

    <p class='ocr_par' dir='ltr' id='par_1_22' title="bbox 397 2180 1882 2211">
     <span class='ocr_line' id='line_1_85' title="bbox 397 2180 1882 2211; baseline -0.003 -6"><span class='ocrx_word' id='word_1_714' title='bbox 397 2183 419 2205; x_wconf 91' lang='lat' dir='ltr'>in</span> <span class='ocrx_word' id='word_1_715' title='bbox 436 2183 522 2205; x_wconf 87' lang='lat' dir='ltr'>liberali</span> <span class='ocrx_word' id='word_1_716' title='bbox 539 2183 749 2210; x_wconf 85' lang='lat' dir='ltr'>administratione,</span> <span class='ocrx_word' id='word_1_717' title='bbox 767 2185 792 2205; x_wconf 88' lang='lat' dir='ltr'>ut</span> <span class='ocrx_word' id='word_1_718' title='bbox 808 2185 888 2211; x_wconf 85' lang='lat' dir='ltr'>pascat</span> <span class='ocrx_word' id='word_1_719' title='bbox 904 2183 992 2210; x_wconf 85' lang='lat' dir='ltr'>verbo,</span> <span class='ocrx_word' id='word_1_720' title='bbox 1009 2183 1114 2211; x_wconf 82' lang='lat' dir='ltr'>exemplo</span> <span class='ocrx_word' id='word_1_721' title='bbox 1131 2185 1154 2205; x_wconf 88' lang='lat' dir='ltr'>et</span> <span class='ocrx_word' id='word_1_722' title='bbox 1170 2182 1289 2210; x_wconf 87' lang='lat' dir='ltr'>temporali</span> <span class='ocrx_word' id='word_1_723' title='bbox 1307 2181 1426 2210; x_wconf 85' lang='lat' dir='ltr'>subsidio;</span> <span class='ocrx_word' id='word_1_724' title='bbox 1452 2184 1546 2209; x_wconf 85' lang='lat' dir='ltr'>propter</span> <span class='ocrx_word' id='word_1_725' title='bbox 1570 2180 1634 2209; x_wconf 89' lang='lat' dir='ltr'>quod</span> <span class='ocrx_word' id='word_1_726' title='bbox 1659 2180 1746 2202; x_wconf 84' lang='lat' dir='ltr'>dictum</span> <span class='ocrx_word' id='word_1_727' title='bbox 1764 2182 1798 2202; x_wconf 85' lang='lat' dir='ltr'>est</span> <span class='ocrx_word' id='word_1_728' title='bbox 1815 2180 1882 2201; x_wconf 81' lang='lat' dir='ltr'>Petro</span> 
     </span>
    </p>
   </div>
   <div class='ocr_carea' id='block_1_13' title="bbox 198 2127 356 2181">
    <p class='ocr_par' dir='ltr' id='par_1_23' title="bbox 198 2127 356 2181">
     <span class='ocr_line' id='line_1_86' title="bbox 198 2127 356 2156; baseline -0.006 -6"><span class='ocrx_word' id='word_1_729' title='bbox 198 2127 318 2156; x_wconf 85' lang='lat' dir='ltr'>pascendi,</span> <span class='ocrx_word' id='word_1_730' title='bbox 334 2130 356 2149; x_wconf 89' lang='lat' dir='ltr'>et</span> 
     </span>
     <span class='ocr_line' id='line_1_87' title="bbox 198 2159 242 2181; baseline 0 0"><span class='ocrx_word' id='word_1_731' title='bbox 198 2159 242 2181; x_wconf 89' lang='lat' dir='ltr'>hoc</span> 
     </span>
    </p>
   </div>
   <div class='ocr_carea' id='block_1_14' title="bbox 443 2222 927 2251">
    <p class='ocr_par' dir='ltr' id='par_1_24' title="bbox 443 2222 927 2251">
     <span class='ocr_line' id='line_1_88' title="bbox 443 2222 927 2251; baseline 0 -7"><span class='ocrx_word' id='word_1_732' title='bbox 443 2223 504 2244; x_wconf 86' lang='lat' dir='ltr'>ioan.</span> <span class='ocrx_word' id='word_1_733' title='bbox 521 2223 563 2251; x_wconf 79' lang='lat'>21,</span> <span class='ocrx_word' id='word_1_734' title='bbox 582 2222 626 2244; x_wconf 72' lang='lat'>47:</span> <span class='ocrx_word' id='word_1_735' title='bbox 646 2231 658 2242; x_wconf 78' lang='grc' dir='ltr'>α</span> <span class='ocrx_word' id='word_1_736' title='bbox 670 2223 739 2244; x_wconf 83' lang='lat' dir='ltr'>Pasce</span> <span class='ocrx_word' id='word_1_737' title='bbox 756 2228 813 2244; x_wconf 87' lang='lat' dir='ltr'>oves</span> <span class='ocrx_word' id='word_1_738' title='bbox 830 2228 894 2244; x_wconf 86' lang='lat' dir='ltr'>meas</span> <span class='ocrx_word' id='word_1_739' title='bbox 906 2231 927 2244; x_wconf 73' lang='lat' dir='ltr'>n.</span> 
     </span>
    </p>
   </div>
   <div class='ocr_carea' id='block_1_15' title="bbox 200 2364 364 2449">
    <p class='ocr_par' dir='ltr' id='par_1_25' title="bbox 200 2364 364 2449">
     <span class='ocr_line' id='line_1_89' title="bbox 200 2364 364 2392; baseline 0 -6"><span class='ocrx_word' id='word_1_740' title='bbox 200 2364 223 2386; x_wconf 91' lang='lat' dir='ltr'>in</span> <span class='ocrx_word' id='word_1_741' title='bbox 248 2364 364 2392; x_wconf 83' lang='lat' dir='ltr'>diligentia</span> 
     </span>
     <span class='ocr_line' id='line_1_90' title="bbox 211 2395 364 2423; baseline -0.007 -5"><span class='ocrx_word' id='word_1_742' title='bbox 211 2395 364 2423; x_wconf 87' lang='lat' dir='ltr'>custodiendi,</span> 
     </span>
     <span class='ocr_line' id='line_1_91' title="bbox 212 2428 294 2449; baseline 0 0"><span class='ocrx_word' id='word_1_743' title='bbox 212 2429 234 2449; x_wconf 85' lang='lat' dir='ltr'>et</span> <span class='ocrx_word' id='word_1_744' title='bbox 250 2428 294 2449; x_wconf 88' lang='lat' dir='ltr'>hoc</span> 
     </span>
    </p>
   </div>
   <div class='ocr_carea' id='block_1_16' title="bbox 136 2118 166 2441">
    <p class='ocr_par' dir='ltr' id='par_1_26' title="bbox 136 2118 166 2441">
     <span class='ocr_line' id='line_1_92' title="bbox 136 2118 166 2441; textangle 90"><span class='ocrx_word' id='word_1_745' title='bbox 137 2351 161 2441; x_wconf 82' lang='lat' dir='ltr'>bonitas</span> <span class='ocrx_word' id='word_1_746' title='bbox 137 2237 166 2334; x_wconf 88' lang='lat' dir='ltr'>pastoris</span> <span class='ocrx_word' id='word_1_747' title='bbox 136 2118 159 2221; x_wconf 89' lang='lat' dir='ltr'>consistit</span> 
     </span>
    </p>
   </div>
   <div class='ocr_carea' id='block_1_17' title="bbox 444 2426 749 2454">
    <p class='ocr_par' dir='ltr' id='par_1_27' title="bbox 444 2426 749 2454">
     <span class='ocr_line' id='line_1_93' title="bbox 444 2426 749 2454; baseline 0 -6"><span class='ocrx_word' id='word_1_748' title='bbox 444 2429 537 2454; x_wconf 84' lang='lat' dir='ltr'>grotum</span> <span class='ocrx_word' id='word_1_749' title='bbox 555 2432 602 2448; x_wconf 88' lang='lat' dir='ltr'>non</span> <span class='ocrx_word' id='word_1_750' title='bbox 618 2426 715 2448; x_wconf 79' lang='lat' dir='ltr'>sanastis</span> <span class='ocrx_word' id='word_1_751' title='bbox 727 2434 749 2448; x_wconf 68' lang='lat' dir='ltr'>n.</span> 
     </span>
    </p>
   </div>
   <div class='ocr_carea' id='block_1_18' title="bbox 1170 2063 1812 2093">
    <p class='ocr_par' dir='ltr' id='par_1_28' title="bbox 1170 2063 1812 2093">
     <span class='ocr_line' id='line_1_94' title="bbox 1170 2063 1812 2093; baseline -0.005 -6"><span class='ocrx_word' id='word_1_752' title='bbox 1170 2073 1180 2085; x_wconf 73' lang='grc' dir='ltr'>κ</span> <span class='ocrx_word' id='word_1_753' title='bbox 1192 2065 1334 2093; x_wconf 85' lang='lat' dir='ltr'>ingredietur</span> <span class='ocrx_word' id='word_1_754' title='bbox 1351 2068 1373 2087; x_wconf 90' lang='lat' dir='ltr'>et</span> <span class='ocrx_word' id='word_1_755' title='bbox 1389 2065 1520 2092; x_wconf 81' lang='lat' dir='ltr'>egredietur</span> <span class='ocrx_word' id='word_1_756' title='bbox 1537 2067 1559 2086; x_wconf 94' lang='lat' dir='ltr'>et</span> <span class='ocrx_word' id='word_1_757' title='bbox 1575 2070 1660 2092; x_wconf 84' lang='lat' dir='ltr'>pascua</span> <span class='ocrx_word' id='word_1_758' title='bbox 1678 2063 1812 2085; x_wconf 83' lang='lat' dir='ltr'>inveniet».</span> 
     </span>
    </p>
   </div>
   <div class='ocr_carea' id='block_1_19' title="bbox 396 2264 1884 2416">
    <p class='ocr_par' dir='ltr' id='par_1_29' title="bbox 396 2264 1882 2337">
     <span class='ocr_line' id='line_1_95' title="bbox 396 2264 1882 2298; baseline -0.004 -7"><span class='ocrx_word' id='word_1_759' title='bbox 396 2270 417 2291; x_wconf 91' lang='lat' dir='ltr'>in</span> <span class='ocrx_word' id='word_1_760' title='bbox 435 2270 514 2292; x_wconf 90' lang='lat' dir='ltr'>ovium</span> <span class='ocrx_word' id='word_1_761' title='bbox 540 2269 682 2298; x_wconf 88' lang='lat' dir='ltr'>cognitione,</span> <span class='ocrx_word' id='word_1_762' title='bbox 707 2270 776 2291; x_wconf 84' lang='lat' dir='ltr'>Prov.</span> <span class='ocrx_word' id='word_1_763' title='bbox 801 2269 842 2296; x_wconf 88' lang='lat'>27,</span> <span class='ocrx_word' id='word_1_764' title='bbox 868 2269 910 2291; x_wconf 82' lang='lat'>23:</span> <span class='ocrx_word' id='word_1_765' title='bbox 931 2269 1078 2297; x_wconf 86' lang='lat' dir='ltr'>«Diligenter</span> <span class='ocrx_word' id='word_1_766' title='bbox 1095 2274 1194 2296; x_wconf 81' lang='lat' dir='ltr'>agnosce</span> <span class='ocrx_word' id='word_1_767' title='bbox 1211 2268 1301 2290; x_wconf 90' lang='lat' dir='ltr'>vultum</span> <span class='ocrx_word' id='word_1_768' title='bbox 1327 2266 1417 2294; x_wconf 88' lang='lat' dir='ltr'>pecoris</span> <span class='ocrx_word' id='word_1_769' title='bbox 1442 2266 1473 2288; x_wconf 88' lang='lat' dir='ltr'>tui</span> <span class='ocrx_word' id='word_1_770' title='bbox 1498 2268 1596 2293; x_wconf 86' lang='lat' dir='ltr'>tuosque</span> <span class='ocrx_word' id='word_1_771' title='bbox 1621 2270 1705 2292; x_wconf 85' lang='lat' dir='ltr'>greges</span> <span class='ocrx_word' id='word_1_772' title='bbox 1729 2264 1882 2286; x_wconf 81' lang='lat' dir='ltr'>consideran.</span> 
     </span>
     <span class='ocr_line' id='line_1_96' title="bbox 444 2307 1329 2337; baseline -0.003 -6"><span class='ocrx_word' id='word_1_773' title='bbox 444 2309 505 2331; x_wconf 88' lang='lat' dir='ltr'>Talis</span> <span class='ocrx_word' id='word_1_774' title='bbox 521 2308 637 2337; x_wconf 85' lang='lat' dir='ltr'>Christus,</span> <span class='ocrx_word' id='word_1_775' title='bbox 655 2308 717 2331; x_wconf 91' lang='lat' dir='ltr'>unde</span> <span class='ocrx_word' id='word_1_776' title='bbox 735 2308 789 2331; x_wconf 84' lang='lat' dir='ltr'>dicit</span> <span class='ocrx_word' id='word_1_777' title='bbox 807 2309 829 2330; x_wconf 91' lang='lat' dir='ltr'>in</span> <span class='ocrx_word' id='word_1_778' title='bbox 846 2308 919 2330; x_wconf 87' lang='lat' dir='ltr'>littera</span> <span class='ocrx_word' id='word_1_779' title='bbox 937 2308 969 2336; x_wconf 92' lang='lat' dir='ltr'>(v.</span> <span class='ocrx_word' id='word_1_780' title='bbox 987 2308 1050 2337; x_wconf 68' lang='lat' dir='ltr'>ll4.):</span> <span class='ocrx_word' id='word_1_781' title='bbox 1070 2317 1081 2328; x_wconf 76' lang='grc' dir='ltr'>α</span> <span class='ocrx_word' id='word_1_782' title='bbox 1094 2307 1214 2335; x_wconf 87' lang='lat' dir='ltr'>Cognosco</span> <span class='ocrx_word' id='word_1_783' title='bbox 1231 2313 1295 2329; x_wconf 85' lang='lat' dir='ltr'>meas</span> <span class='ocrx_word' id='word_1_784' title='bbox 1307 2315 1329 2328; x_wconf 70' lang='lat' dir='ltr'>n.</span> 
     </span>
    </p>

    <p class='ocr_par' dir='ltr' id='par_1_30' title="bbox 397 2340 1884 2416">
     <span class='ocr_line' id='line_1_97' title="bbox 397 2340 1882 2376; baseline -0.006 -5"><span class='ocrx_word' id='word_1_785' title='bbox 397 2348 420 2370; x_wconf 93' lang='lat' dir='ltr'>in</span> <span class='ocrx_word' id='word_1_786' title='bbox 436 2348 581 2370; x_wconf 79' lang='lat' dir='ltr'>infirmorum</span> <span class='ocrx_word' id='word_1_787' title='bbox 600 2348 769 2376; x_wconf 83' lang='lat' dir='ltr'>consolatione;</span> <span class='ocrx_word' id='word_1_788' title='bbox 788 2350 881 2375; x_wconf 88' lang='lat' dir='ltr'>propter</span> <span class='ocrx_word' id='word_1_789' title='bbox 898 2347 961 2376; x_wconf 89' lang='lat' dir='ltr'>quod</span> <span class='ocrx_word' id='word_1_790' title='bbox 979 2347 995 2369; x_wconf 88' lang='lat'>1.</span> <span class='ocrx_word' id='word_1_791' title='bbox 1012 2347 1094 2368; x_wconf 90' lang='lat' dir='ltr'>Thess.</span> <span class='ocrx_word' id='word_1_792' title='bbox 1114 2346 1141 2373; x_wconf 82' lang='lat'>5,</span> <span class='ocrx_word' id='word_1_793' title='bbox 1161 2345 1204 2367; x_wconf 68' lang='lat' dir='ltr'>lli:</span> <span class='ocrx_word' id='word_1_794' title='bbox 1224 2354 1235 2365; x_wconf 69' lang='lat' dir='ltr'>a</span> <span class='ocrx_word' id='word_1_795' title='bbox 1247 2343 1400 2367; x_wconf 86' lang='lat' dir='ltr'>Consolamini</span> <span class='ocrx_word' id='word_1_796' title='bbox 1426 2342 1593 2371; x_wconf 80' lang='lat' dir='ltr'>pusillanimes,</span> <span class='ocrx_word' id='word_1_797' title='bbox 1617 2341 1726 2369; x_wconf 80' lang='lat' dir='ltr'>suscipite</span> <span class='ocrx_word' id='word_1_798' title='bbox 1746 2340 1849 2363; x_wconf 81' lang='lat' dir='ltr'>infirmos</span> <span class='ocrx_word' id='word_1_799' title='bbox 1861 2349 1882 2363; x_wconf 66' lang='grc' dir='ltr'>π.</span> 
     </span>
     <span class='ocr_line' id='line_1_98' title="bbox 444 2380 1884 2416; baseline -0.006 -7"><span class='ocrx_word' id='word_1_800' title='bbox 444 2387 527 2410; x_wconf 90' lang='lat' dir='ltr'>Contra</span> <span class='ocrx_word' id='word_1_801' title='bbox 545 2387 609 2416; x_wconf 86' lang='lat' dir='ltr'>quod</span> <span class='ocrx_word' id='word_1_802' title='bbox 626 2387 710 2409; x_wconf 87' lang='lat' dir='ltr'>dicitur</span> <span class='ocrx_word' id='word_1_803' title='bbox 728 2387 793 2409; x_wconf 87' lang='lat' dir='ltr'>malis</span> <span class='ocrx_word' id='word_1_804' title='bbox 811 2386 942 2414; x_wconf 85' lang='lat' dir='ltr'>pastoribus</span> <span class='ocrx_word' id='word_1_805' title='bbox 959 2386 1039 2408; x_wconf 85' lang='lat' dir='ltr'>Ezech.</span> <span class='ocrx_word' id='word_1_806' title='bbox 1057 2385 1094 2412; x_wconf 75' lang='lat'>34,</span> <span class='ocrx_word' id='word_1_807' title='bbox 1113 2385 1142 2407; x_wconf 76' lang='lat'>4:</span> <span class='ocrx_word' id='word_1_808' title='bbox 1163 2393 1173 2404; x_wconf 64' lang='lat'>«‹</span> <span class='ocrx_word' id='word_1_809' title='bbox 1186 2383 1253 2413; x_wconf 86' lang='lat' dir='ltr'>Quod</span> <span class='ocrx_word' id='word_1_810' title='bbox 1270 2383 1387 2405; x_wconf 78' lang='lat' dir='ltr'>infirmum</span> <span class='ocrx_word' id='word_1_811' title='bbox 1405 2382 1446 2404; x_wconf 82' lang='lat' dir='ltr'>suit</span> <span class='ocrx_word' id='word_1_812' title='bbox 1462 2388 1508 2403; x_wconf 91' lang='lat' dir='ltr'>non</span> <span class='ocrx_word' id='word_1_813' title='bbox 1534 2380 1703 2409; x_wconf 84' lang='lat' dir='ltr'>consolidastis,</span> <span class='ocrx_word' id='word_1_814' title='bbox 1721 2382 1743 2402; x_wconf 89' lang='lat' dir='ltr'>et</span> <span class='ocrx_word' id='word_1_815' title='bbox 1759 2380 1823 2408; x_wconf 91' lang='lat' dir='ltr'>quod</span> <span class='ocrx_word' id='word_1_816' title='bbox 1846 2385 1884 2401; x_wconf 87' lang='lat' dir='ltr'>ae-</span> 
     </span>
    </p>
   </div>
   <div class='ocr_carea' id='block_1_20' title="bbox 399 2456 1883 2531">
    <p class='ocr_par' dir='ltr' id='par_1_31' title="bbox 399 2456 1883 2531">
     <span class='ocr_line' id='line_1_99' title="bbox 399 2456 1882 2493; baseline -0.007 -5"><span class='ocrx_word' id='word_1_817' title='bbox 399 2465 421 2487; x_wconf 89' lang='lat' dir='ltr'>in</span> <span class='ocrx_word' id='word_1_818' title='bbox 438 2471 547 2487; x_wconf 88' lang='lat' dir='ltr'>sanorum</span> <span class='ocrx_word' id='word_1_819' title='bbox 565 2465 668 2493; x_wconf 81' lang='lat' dir='ltr'>vigilanti</span> <span class='ocrx_word' id='word_1_820' title='bbox 686 2465 876 2492; x_wconf 72' lang='lat' dir='ltr'>conservatione;</span> <span class='ocrx_word' id='word_1_821' title='bbox 894 2464 955 2486; x_wconf 87' lang='lat' dir='ltr'>unde</span> <span class='ocrx_word' id='word_1_822' title='bbox 972 2464 1002 2486; x_wconf 89' lang='lat' dir='ltr'>de</span> <span class='ocrx_word' id='word_1_823' title='bbox 1019 2462 1081 2485; x_wconf 90' lang='lat' dir='ltr'>bono</span> <span class='ocrx_word' id='word_1_824' title='bbox 1099 2465 1191 2490; x_wconf 79' lang='lat' dir='ltr'>pastore</span> <span class='ocrx_word' id='word_1_825' title='bbox 1208 2461 1288 2488; x_wconf 82' lang='lat' dir='ltr'>Iacob,</span> <span class='ocrx_word' id='word_1_826' title='bbox 1305 2461 1360 2482; x_wconf 85' lang='lat' dir='ltr'>Gen.</span> <span class='ocrx_word' id='word_1_827' title='bbox 1378 2460 1415 2487; x_wconf 83' lang='grc'>31,</span> <span class='ocrx_word' id='word_1_828' title='bbox 1433 2459 1478 2481; x_wconf 83' lang='lat'>39:</span> <span class='ocrx_word' id='word_1_829' title='bbox 1498 2467 1509 2478; x_wconf 69' lang='grc' dir='ltr'>α</span> <span class='ocrx_word' id='word_1_830' title='bbox 1522 2459 1567 2481; x_wconf 82' lang='lat' dir='ltr'>Nec</span> <span class='ocrx_word' id='word_1_831' title='bbox 1578 2461 1671 2486; x_wconf 85' lang='lat' dir='ltr'>captum</span> <span class='ocrx_word' id='word_1_832' title='bbox 1684 2464 1697 2479; x_wconf 87' lang='lat' dir='ltr'>a</span> <span class='ocrx_word' id='word_1_833' title='bbox 1709 2456 1781 2479; x_wconf 63' lang='lat' dir='ltr'>bestiti</span> <span class='ocrx_word' id='word_1_834' title='bbox 1793 2457 1882 2479; x_wconf 84' lang='lat' dir='ltr'>ostendi</span> 
     </span>
     <span class='ocr_line' id='line_1_100' title="bbox 445 2495 1883 2531; baseline -0.006 -5"><span class='ocrx_word' id='word_1_835' title='bbox 445 2504 499 2531; x_wconf 86' lang='lat' dir='ltr'>tibi,</span> <span class='ocrx_word' id='word_1_836' title='bbox 516 2504 628 2526; x_wconf 87' lang='lat' dir='ltr'>damnum</span> <span class='ocrx_word' id='word_1_837' title='bbox 645 2510 716 2526; x_wconf 87' lang='lat' dir='ltr'>omne</span> <span class='ocrx_word' id='word_1_838' title='bbox 733 2510 777 2531; x_wconf 87' lang='lat' dir='ltr'>ego</span> <span class='ocrx_word' id='word_1_839' title='bbox 794 2503 938 2530; x_wconf 83' lang='lat' dir='ltr'>reddebam;</span> <span class='ocrx_word' id='word_1_840' title='bbox 963 2503 1001 2525; x_wconf 83' lang='lat' dir='ltr'>die</span> <span class='ocrx_word' id='word_1_841' title='bbox 1025 2505 1141 2530; x_wconf 84' lang='lat' dir='ltr'>noctuque</span> <span class='ocrx_word' id='word_1_842' title='bbox 1166 2503 1229 2523; x_wconf 83' lang='lat' dir='ltr'>aestu</span> <span class='ocrx_word' id='word_1_843' title='bbox 1256 2500 1339 2522; x_wconf 85' lang='lat' dir='ltr'>urebar</span> <span class='ocrx_word' id='word_1_844' title='bbox 1364 2502 1386 2521; x_wconf 88' lang='lat' dir='ltr'>et</span> <span class='ocrx_word' id='word_1_845' title='bbox 1411 2499 1477 2526; x_wconf 88' lang='lat' dir='ltr'>gelu,</span> <span class='ocrx_word' id='word_1_846' title='bbox 1503 2497 1651 2526; x_wconf 82' lang='lat' dir='ltr'>fugiebatque</span> <span class='ocrx_word' id='word_1_847' title='bbox 1668 2503 1765 2519; x_wconf 88' lang='lat' dir='ltr'>somnus</span> <span class='ocrx_word' id='word_1_848' title='bbox 1782 2495 1812 2518; x_wconf 91' lang='lat' dir='ltr'>ab</span> <span class='ocrx_word' id='word_1_849' title='bbox 1829 2502 1883 2518; x_wconf 90' lang='lat' dir='ltr'>ocu-</span> 
     </span>
    </p>
   </div>
   <div class='ocr_carea' id='block_1_21' title="bbox 445 2543 580 2565">
    <p class='ocr_par' dir='ltr' id='par_1_32' title="bbox 445 2543 580 2565">
     <span class='ocr_line' id='line_1_101' title="bbox 445 2543 580 2565; baseline 0 0"><span class='ocrx_word' id='word_1_850' title='bbox 445 2543 472 2565; x_wconf 86' lang='lat' dir='ltr'>lis</span> <span class='ocrx_word' id='word_1_851' title='bbox 490 2543 547 2565; x_wconf 84' lang='lat' dir='ltr'>meis</span> <span class='ocrx_word' id='word_1_852' title='bbox 558 2551 580 2565; x_wconf 69' lang='grc' dir='ltr'>ιι.</span> 
     </span>
    </p>
   </div>
   <div class='ocr_carea' id='block_1_22' title="bbox 139 2592 985 2933">
    <p class='ocr_par' dir='ltr' id='par_1_33' title="bbox 139 2592 983 2818">
     <span class='ocr_line' id='line_1_102' title="bbox 200 2592 982 2622; baseline -0.001 -6"><span class='ocrx_word' id='word_1_853' title='bbox 200 2592 210 2605; x_wconf 75' lang='lat'>⁰</span> <span class='ocrx_word' id='word_1_854' title='bbox 227 2593 283 2616; x_wconf 88' lang='lat' dir='ltr'>Cod.</span> <span class='ocrx_word' id='word_1_855' title='bbox 300 2595 317 2616; x_wconf 92' lang='lat' dir='ltr'>E</span> <span class='ocrx_word' id='word_1_856' title='bbox 342 2594 449 2622; x_wconf 86' lang='lat' dir='ltr'>primitus</span> <span class='ocrx_word' id='word_1_857' title='bbox 466 2593 495 2616; x_wconf 90' lang='lat' dir='ltr'>Et</span> <span class='ocrx_word' id='word_1_858' title='bbox 511 2595 537 2616; x_wconf 87' lang='lat' dir='ltr'>ul</span> <span class='ocrx_word' id='word_1_859' title='bbox 554 2593 638 2616; x_wconf 78' lang='lat' dir='ltr'>melius</span> <span class='ocrx_word' id='word_1_860' title='bbox 658 2594 740 2622; x_wconf 79' lang='lat' dir='ltr'>pateat</span> <span class='ocrx_word' id='word_1_861' title='bbox 762 2599 820 2616; x_wconf 80' lang='lat' dir='ltr'>suae</span> <span class='ocrx_word' id='word_1_862' title='bbox 842 2592 982 2622; x_wconf 74' lang='lat' dir='ltr'>coqnitz&#39;onis</span> 
     </span>
     <span class='ocr_line' id='line_1_103' title="bbox 139 2631 983 2662; baseline -0.001 -7"><span class='ocrx_word' id='word_1_863' title='bbox 139 2631 270 2662; x_wconf 62' lang='lat' dir='ltr'>diligentia,</span> <span class='ocrx_word' id='word_1_864' title='bbox 288 2634 414 2662; x_wconf 78' lang='lat' dir='ltr'>comparat</span> <span class='ocrx_word' id='word_1_865' title='bbox 424 2638 477 2655; x_wconf 87' lang='lat' dir='ltr'>eam</span> <span class='ocrx_word' id='word_1_866' title='bbox 489 2632 521 2655; x_wconf 80' lang='lat' dir='ltr'>ad</span> <span class='ocrx_word' id='word_1_867' title='bbox 536 2638 675 2662; x_wconf 79' lang='lat' dir='ltr'>supremam</span> <span class='ocrx_word' id='word_1_868' title='bbox 692 2632 849 2661; x_wconf 62' lang='lat' dir='ltr'>cognitionem</span> <span class='ocrx_word' id='word_1_869' title='bbox 867 2632 892 2661; x_wconf 90' lang='lat' dir='ltr'>(C</span> <span class='ocrx_word' id='word_1_870' title='bbox 902 2633 919 2655; x_wconf 89' lang='lat' dir='ltr'>N</span> <span class='ocrx_word' id='word_1_871' title='bbox 932 2638 983 2654; x_wconf 87' lang='lat' dir='ltr'>ean-</span> 
     </span>
     <span class='ocr_line' id='line_1_104' title="bbox 139 2669 983 2700; baseline -0.002 -6"><span class='ocrx_word' id='word_1_872' title='bbox 139 2671 192 2694; x_wconf 90' lang='lat' dir='ltr'>dem</span> <span class='ocrx_word' id='word_1_873' title='bbox 209 2671 321 2699; x_wconf 86' lang='lat' dir='ltr'>praebent</span> <span class='ocrx_word' id='word_1_874' title='bbox 336 2672 470 2698; x_wconf 88' lang='lat' dir='ltr'>lectionem,</span> <span class='ocrx_word' id='word_1_875' title='bbox 487 2671 528 2693; x_wconf 82' lang='lat' dir='ltr'>sed</span> <span class='ocrx_word' id='word_1_876' title='bbox 544 2671 695 2699; x_wconf 84' lang='lat' dir='ltr'>incomplete,</span> <span class='ocrx_word' id='word_1_877' title='bbox 711 2670 764 2700; x_wconf 84' lang='lat' dir='ltr'>quia</span> <span class='ocrx_word' id='word_1_878' title='bbox 787 2670 895 2693; x_wconf 89' lang='lat' dir='ltr'>omittunt</span> <span class='ocrx_word' id='word_1_879' title='bbox 911 2669 943 2692; x_wconf 87' lang='lat' dir='ltr'>Et</span> <span class='ocrx_word' id='word_1_880' title='bbox 958 2671 983 2692; x_wconf 82' lang='lat' dir='ltr'>ut</span> 
     </span>
     <span class='ocr_line' id='line_1_105' title="bbox 139 2708 983 2740; baseline -0.002 -7"><span class='ocrx_word' id='word_1_881' title='bbox 139 2710 223 2734; x_wconf 82' lang='lat' dir='ltr'>melius</span> <span class='ocrx_word' id='word_1_882' title='bbox 238 2712 347 2740; x_wconf 85' lang='lat' dir='ltr'>pateat),·</span> <span class='ocrx_word' id='word_1_883' title='bbox 372 2711 394 2733; x_wconf 91' lang='lat' dir='ltr'>in</span> <span class='ocrx_word' id='word_1_884' title='bbox 412 2711 516 2739; x_wconf 84' lang='lat' dir='ltr'>margine</span> <span class='ocrx_word' id='word_1_885' title='bbox 541 2716 554 2732; x_wconf 89' lang='lat' dir='ltr'>a</span> <span class='ocrx_word' id='word_1_886' title='bbox 571 2711 673 2733; x_wconf 88' lang='lat' dir='ltr'>secunda</span> <span class='ocrx_word' id='word_1_887' title='bbox 699 2716 784 2732; x_wconf 79' lang='lat' dir='ltr'>manu:</span> <span class='ocrx_word' id='word_1_888' title='bbox 801 2710 869 2733; x_wconf 79' lang='lat' dir='ltr'>Hanc</span> <span class='ocrx_word' id='word_1_889' title='bbox 886 2708 983 2738; x_wconf 60' lang='lat' dir='ltr'>diligen:</span> 
     </span>
     <span class='ocr_line' id='line_1_106' title="bbox 140 2747 982 2779; baseline -0.002 -7"><span class='ocrx_word' id='word_1_890' title='bbox 140 2748 197 2772; x_wconf 71' lang='lat' dir='ltr'>tiam</span> <span class='ocrx_word' id='word_1_891' title='bbox 214 2749 351 2779; x_wconf 77' lang='lat' dir='ltr'>manifestat</span> <span class='ocrx_word' id='word_1_892' title='bbox 366 2756 408 2779; x_wconf 82' lang='lat' dir='ltr'>per</span> <span class='ocrx_word' id='word_1_893' title='bbox 425 2749 516 2778; x_wconf 77' lang='lat' dir='ltr'>simile,-</span> <span class='ocrx_word' id='word_1_894' title='bbox 533 2749 569 2771; x_wconf 92' lang='lat' dir='ltr'>ed.</span> <span class='ocrx_word' id='word_1_895' title='bbox 582 2748 731 2772; x_wconf 78' lang='lat' dir='ltr'>Praedictum</span> <span class='ocrx_word' id='word_1_896' title='bbox 742 2750 822 2771; x_wconf 84' lang='lat' dir='ltr'>autem</span> <span class='ocrx_word' id='word_1_897' title='bbox 833 2748 938 2777; x_wconf 81' lang='lat' dir='ltr'>pastoris</span> <span class='ocrx_word' id='word_1_898' title='bbox 951 2747 982 2770; x_wconf 81' lang='lat' dir='ltr'>di-</span> 
     </span>
     <span class='ocr_line' id='line_1_107' title="bbox 141 2787 676 2818; baseline -0.002 -7"><span class='ocrx_word' id='word_1_899' title='bbox 141 2787 262 2817; x_wconf 62' lang='lat' dir='ltr'>ligentiam</span> <span class='ocrx_word' id='word_1_900' title='bbox 278 2788 415 2818; x_wconf 81' lang='lat' dir='ltr'>manifestat</span> <span class='ocrx_word' id='word_1_901' title='bbox 428 2794 473 2817; x_wconf 82' lang='lat' dir='ltr'>per</span> <span class='ocrx_word' id='word_1_902' title='bbox 490 2787 676 2811; x_wconf 80' lang='lat' dir='ltr'>similitudinem.</span> 
     </span>
    </p>

    <p class='ocr_par' dir='ltr' id='par_1_34' title="bbox 140 2825 985 2933">
     <span class='ocr_line' id='line_1_108' title="bbox 202 2825 983 2855; baseline -0.003 -6"><span class='ocrx_word' id='word_1_903' title='bbox 202 2825 210 2838; x_wconf 82' lang='lat'>⁷</span> <span class='ocrx_word' id='word_1_904' title='bbox 228 2828 250 2849; x_wconf 92' lang='lat' dir='ltr'>ln</span> <span class='ocrx_word' id='word_1_905' title='bbox 269 2828 328 2849; x_wconf 81' lang='lat' dir='ltr'>ioan.</span> <span class='ocrx_word' id='word_1_906' title='bbox 347 2827 423 2849; x_wconf 88' lang='lat' dir='ltr'>homil.</span> <span class='ocrx_word' id='word_1_907' title='bbox 442 2827 478 2849; x_wconf 81' lang='lat'>60.</span> <span class='ocrx_word' id='word_1_908' title='bbox 497 2826 561 2855; x_wconf 85' lang='lat' dir='ltr'>(alias</span> <span class='ocrx_word' id='word_1_909' title='bbox 584 2826 631 2855; x_wconf 81' lang='lat'>59.)</span> <span class='ocrx_word' id='word_1_910' title='bbox 657 2833 678 2848; x_wconf 90' lang='lat' dir='ltr'>n.</span> <span class='ocrx_word' id='word_1_911' title='bbox 698 2827 722 2848; x_wconf 84' lang='lat' dir='ltr'>l:</span> <span class='ocrx_word' id='word_1_912' title='bbox 741 2826 840 2854; x_wconf 85' lang='lat' dir='ltr'>Deinde,</span> <span class='ocrx_word' id='word_1_913' title='bbox 858 2832 887 2848; x_wconf 88' lang='lat' dir='ltr'>ne</span> <span class='ocrx_word' id='word_1_914' title='bbox 904 2831 983 2853; x_wconf 84' lang='lat' dir='ltr'>parem</span> 
     </span>
     <span class='ocr_line' id='line_1_109' title="bbox 140 2864 984 2893; baseline -0.001 -6"><span class='ocrx_word' id='word_1_915' title='bbox 140 2865 275 2893; x_wconf 83' lang='lat' dir='ltr'>cognitionis</span> <span class='ocrx_word' id='word_1_916' title='bbox 292 2865 388 2888; x_wconf 86' lang='lat' dir='ltr'>modum</span> <span class='ocrx_word' id='word_1_917' title='bbox 406 2868 511 2893; x_wconf 84' lang='lat' dir='ltr'>putares,</span> <span class='ocrx_word' id='word_1_918' title='bbox 523 2865 588 2891; x_wconf 83' lang='lat' dir='ltr'>audi,</span> <span class='ocrx_word' id='word_1_919' title='bbox 601 2865 720 2893; x_wconf 86' lang='lat' dir='ltr'>quomodo</span> <span class='ocrx_word' id='word_1_920' title='bbox 737 2865 790 2887; x_wconf 92' lang='lat' dir='ltr'>illud</span> <span class='ocrx_word' id='word_1_921' title='bbox 808 2871 849 2892; x_wconf 85' lang='lat' dir='ltr'>per</span> <span class='ocrx_word' id='word_1_922' title='bbox 866 2864 984 2893; x_wconf 88' lang='lat' dir='ltr'>sequentia</span> 
     </span>
     <span class='ocr_line' id='line_1_110' title="bbox 140 2903 985 2933; baseline -0.001 -7"><span class='ocrx_word' id='word_1_923' title='bbox 140 2904 247 2932; x_wconf 88' lang='lat' dir='ltr'>corrigat.</span> <span class='ocrx_word' id='word_1_924' title='bbox 266 2904 384 2933; x_wconf 68' lang='lat' dir='ltr'>Coqnosco</span> <span class='ocrx_word' id='word_1_925' title='bbox 402 2910 479 2932; x_wconf 79' lang='lat' dir='ltr'>meas,</span> <span class='ocrx_word' id='word_1_926' title='bbox 497 2904 582 2932; x_wconf 86' lang='lat' dir='ltr'>inquit,</span> <span class='ocrx_word' id='word_1_927' title='bbox 599 2904 620 2926; x_wconf 84' lang='lat' dir='ltr'>et</span> <span class='ocrx_word' id='word_1_928' title='bbox 637 2904 783 2933; x_wconf 61' lang='lat' dir='ltr'>cognoscunt</span> <span class='ocrx_word' id='word_1_929' title='bbox 798 2909 835 2926; x_wconf 86' lang='lat' dir='ltr'>me</span> <span class='ocrx_word' id='word_1_930' title='bbox 849 2909 920 2926; x_wconf 82' lang='lat' dir='ltr'>meae.</span> <span class='ocrx_word' id='word_1_931' title='bbox 939 2903 985 2925; x_wconf 77' lang='lat' dir='ltr'>Sed</span> 
     </span>
    </p>
   </div>
   <div class='ocr_carea' id='block_1_23' title="bbox 1010 2593 1014 2764">
    <p class='ocr_par' dir='ltr' id='par_1_35' title="bbox 1010 2593 1014 2764">
     <span class='ocr_line' id='line_1_111' title="bbox 1010 2593 1014 2764; baseline 0 552"><span class='ocrx_word' id='word_1_932' title='bbox 1010 2593 1014 2764; x_wconf 95' lang='lat' dir='ltr'> </span> 
     </span>
    </p>
   </div>
   <div class='ocr_carea' id='block_1_24' title="bbox 1011 2767 1014 2928">
    <p class='ocr_par' dir='ltr' id='par_1_36' title="bbox 1011 2767 1014 2928">
     <span class='ocr_line' id='line_1_112' title="bbox 1011 2767 1014 2928; baseline 0 0"><span class='ocrx_word' id='word_1_933' title='bbox 1011 2767 1014 2928; x_wconf 95' lang='lat' dir='ltr'> </span> 
     </span>
    </p>
   </div>
   <div class='ocr_carea' id='block_1_25' title="bbox 1040 2586 1883 2929">
    <p class='ocr_par' dir='ltr' id='par_1_37' title="bbox 1040 2586 1883 2851">
     <span class='ocr_line' id='line_1_113' title="bbox 1040 2586 1883 2619; baseline -0.008 -5"><span class='ocrx_word' id='word_1_934' title='bbox 1040 2598 1085 2614; x_wconf 91' lang='lat' dir='ltr'>non</span> <span class='ocrx_word' id='word_1_935' title='bbox 1103 2590 1205 2619; x_wconf 83' lang='lat' dir='ltr'>aequalis</span> <span class='ocrx_word' id='word_1_936' title='bbox 1222 2592 1256 2611; x_wconf 88' lang='lat' dir='ltr'>est</span> <span class='ocrx_word' id='word_1_937' title='bbox 1273 2589 1384 2617; x_wconf 79' lang='lat' dir='ltr'>cognitio;</span> <span class='ocrx_word' id='word_1_938' title='bbox 1402 2588 1443 2610; x_wconf 85' lang='lat' dir='ltr'>sed</span> <span class='ocrx_word' id='word_1_939' title='bbox 1460 2587 1500 2610; x_wconf 91' lang='lat' dir='ltr'>uhi</span> <span class='ocrx_word' id='word_1_940' title='bbox 1517 2587 1618 2616; x_wconf 82' lang='lat' dir='ltr'>aequalis</span> <span class='ocrx_word' id='word_1_941' title='bbox 1634 2587 1686 2609; x_wconf 73' lang='lat' dir='ltr'>est?</span> <span class='ocrx_word' id='word_1_942' title='bbox 1704 2587 1727 2608; x_wconf 91' lang='lat' dir='ltr'>ln</span> <span class='ocrx_word' id='word_1_943' title='bbox 1740 2586 1804 2608; x_wconf 82' lang='lat' dir='ltr'>Patre</span> <span class='ocrx_word' id='word_1_944' title='bbox 1822 2588 1844 2608; x_wconf 93' lang='lat' dir='ltr'>et</span> <span class='ocrx_word' id='word_1_945' title='bbox 1861 2586 1883 2607; x_wconf 89' lang='lat' dir='ltr'>in</span> 
     </span>
     <span class='ocr_line' id='line_1_114' title="bbox 1041 2624 1881 2658; baseline -0.007 -6"><span class='ocrx_word' id='word_1_946' title='bbox 1041 2636 1090 2658; x_wconf 88' lang='lat' dir='ltr'>me;</span> <span class='ocrx_word' id='word_1_947' title='bbox 1108 2636 1161 2651; x_wconf 80' lang='lat' dir='ltr'>nam</span> <span class='ocrx_word' id='word_1_948' title='bbox 1178 2628 1240 2651; x_wconf 85' lang='lat' dir='ltr'>sicut</span> <span class='ocrx_word' id='word_1_949' title='bbox 1256 2627 1375 2657; x_wconf 60' lang='lat' dir='ltr'>cognoscit</span> <span class='ocrx_word' id='word_1_950' title='bbox 1390 2632 1427 2649; x_wconf 83' lang='lat' dir='ltr'>me</span> <span class='ocrx_word' id='word_1_951' title='bbox 1444 2626 1521 2654; x_wconf 81' lang='lat' dir='ltr'>Pater,</span> <span class='ocrx_word' id='word_1_952' title='bbox 1539 2627 1560 2648; x_wconf 86' lang='lat' dir='ltr'>et</span> <span class='ocrx_word' id='word_1_953' title='bbox 1577 2631 1619 2654; x_wconf 74' lang='lat' dir='ltr'>eqo</span> <span class='ocrx_word' id='word_1_954' title='bbox 1643 2630 1757 2654; x_wconf 64' lang='lat' dir='ltr'>cognosco</span> <span class='ocrx_word' id='word_1_955' title='bbox 1779 2624 1881 2647; x_wconf 79' lang='lat' dir='ltr'>Patrem.</span> 
     </span>
     <span class='ocr_line' id='line_1_115' title="bbox 1040 2663 1882 2695; baseline -0.007 -4"><span class='ocrx_word' id='word_1_956' title='bbox 1040 2669 1084 2691; x_wconf 84' lang='lat' dir='ltr'>NIsi</span> <span class='ocrx_word' id='word_1_957' title='bbox 1103 2669 1164 2691; x_wconf 85' lang='lat' dir='ltr'>enim</span> <span class='ocrx_word' id='word_1_958' title='bbox 1182 2669 1225 2690; x_wconf 87' lang='lat' dir='ltr'>hoc</span> <span class='ocrx_word' id='word_1_959' title='bbox 1242 2666 1342 2695; x_wconf 85' lang='lat' dir='ltr'>probare</span> <span class='ocrx_word' id='word_1_960' title='bbox 1355 2666 1477 2692; x_wconf 80' lang='lat' dir='ltr'>voluisset,</span> <span class='ocrx_word' id='word_1_961' title='bbox 1494 2671 1535 2687; x_wconf 90' lang='lat' dir='ltr'>cur</span> <span class='ocrx_word' id='word_1_962' title='bbox 1552 2665 1574 2687; x_wconf 78' lang='lat' dir='ltr'>id</span> <span class='ocrx_word' id='word_1_963' title='bbox 1587 2664 1729 2687; x_wconf 64' lang='lat' dir='ltr'>addidisset?</span> <span class='ocrx_word' id='word_1_964' title='bbox 1747 2663 1803 2692; x_wconf 87' lang='lat' dir='ltr'>Quia</span> <span class='ocrx_word' id='word_1_965' title='bbox 1821 2663 1882 2685; x_wconf 88' lang='lat' dir='ltr'>enim</span> 
     </span>
     <span class='ocr_line' id='line_1_116' title="bbox 1040 2701 1883 2735; baseline -0.008 -6"><span class='ocrx_word' id='word_1_966' title='bbox 1040 2714 1064 2729; x_wconf 86' lang='lat' dir='ltr'>se</span> <span class='ocrx_word' id='word_1_967' title='bbox 1082 2708 1211 2735; x_wconf 79' lang='lat' dir='ltr'>frequenter</span> <span class='ocrx_word' id='word_1_968' title='bbox 1229 2706 1251 2727; x_wconf 89' lang='lat' dir='ltr'>in</span> <span class='ocrx_word' id='word_1_969' title='bbox 1268 2708 1395 2727; x_wconf 88' lang='lat' dir='ltr'>ceterorum</span> <span class='ocrx_word' id='word_1_970' title='bbox 1408 2704 1488 2726; x_wconf 89' lang='lat' dir='ltr'>ordine</span> <span class='ocrx_word' id='word_1_971' title='bbox 1505 2703 1581 2731; x_wconf 87' lang='lat' dir='ltr'>ponit,</span> <span class='ocrx_word' id='word_1_972' title='bbox 1593 2708 1622 2724; x_wconf 91' lang='lat' dir='ltr'>ne</span> <span class='ocrx_word' id='word_1_973' title='bbox 1634 2702 1686 2731; x_wconf 87' lang='lat' dir='ltr'>quis</span> <span class='ocrx_word' id='word_1_974' title='bbox 1698 2704 1800 2730; x_wconf 86' lang='lat' dir='ltr'>putaret,</span> <span class='ocrx_word' id='word_1_975' title='bbox 1816 2707 1840 2723; x_wconf 87' lang='lat' dir='ltr'>se</span> <span class='ocrx_word' id='word_1_976' title='bbox 1852 2701 1883 2723; x_wconf 85' lang='lat' dir='ltr'>ita</span> 
     </span>
     <span class='ocr_line' id='line_1_117' title="bbox 1040 2740 1882 2774; baseline -0.008 -5"><span class='ocrx_word' id='word_1_977' title='bbox 1040 2752 1181 2774; x_wconf 85' lang='lat' dir='ltr'>cognoscere</span> <span class='ocrx_word' id='word_1_978' title='bbox 1198 2746 1294 2772; x_wconf 82' lang='lat' dir='ltr'>Patrem,</span> <span class='ocrx_word' id='word_1_979' title='bbox 1312 2746 1336 2766; x_wconf 90' lang='lat' dir='ltr'>ut</span> <span class='ocrx_word' id='word_1_980' title='bbox 1353 2744 1423 2765; x_wconf 87' lang='lat' dir='ltr'>homo</span> <span class='ocrx_word' id='word_1_981' title='bbox 1440 2742 1570 2770; x_wconf 85' lang='lat' dir='ltr'>cognoscit,</span> <span class='ocrx_word' id='word_1_982' title='bbox 1587 2741 1701 2764; x_wconf 88' lang='lat' dir='ltr'>subdidit:</span> <span class='ocrx_word' id='word_1_983' title='bbox 1718 2740 1785 2764; x_wconf 79' lang='lat' dir='ltr'>Sicut</span> <span class='ocrx_word' id='word_1_984' title='bbox 1801 2746 1882 2769; x_wconf 69' lang='lat' dir='ltr'>coquo-</span> 
     </span>
     <span class='ocr_line' id='line_1_118' title="bbox 1040 2779 1882 2809; baseline -0.01 -1"><span class='ocrx_word' id='word_1_985' title='bbox 1040 2785 1083 2808; x_wconf 73' lang='lat' dir='ltr'>scit</span> <span class='ocrx_word' id='word_1_986' title='bbox 1099 2791 1136 2807; x_wconf 83' lang='lat' dir='ltr'>me</span> <span class='ocrx_word' id='word_1_987' title='bbox 1154 2784 1224 2806; x_wconf 77' lang='lat' dir='ltr'>Pater</span> <span class='ocrx_word' id='word_1_988' title='bbox 1240 2786 1282 2805; x_wconf 89' lang='lat' dir='ltr'>etc.</span> <span class='ocrx_word' id='word_1_989' title='bbox 1301 2782 1344 2805; x_wconf 85' lang='lat' dir='ltr'>Csr.</span> <span class='ocrx_word' id='word_1_990' title='bbox 1368 2788 1437 2809; x_wconf 85' lang='lat' dir='ltr'>supra</span> <span class='ocrx_word' id='word_1_991' title='bbox 1456 2788 1509 2809; x_wconf 90' lang='lat' dir='ltr'>pag.</span> <span class='ocrx_word' id='word_1_992' title='bbox 1533 2780 1589 2808; x_wconf 70' lang='lat'>254,</span> <span class='ocrx_word' id='word_1_993' title='bbox 1612 2783 1663 2802; x_wconf 83' lang='lat' dir='ltr'>nota</span> <span class='ocrx_word' id='word_1_994' title='bbox 1684 2780 1705 2802; x_wconf 88' lang='lat'>8.</span> <span class='ocrx_word' id='word_1_995' title='bbox 1728 2782 1750 2802; x_wconf 92' lang='lat' dir='ltr'>et</span> <span class='ocrx_word' id='word_1_996' title='bbox 1772 2780 1804 2801; x_wconf 92' lang='lat' dir='ltr'>lll.</span> <span class='ocrx_word' id='word_1_997' title='bbox 1822 2779 1882 2801; x_wconf 89' lang='lat' dir='ltr'>Sent.</span> 
     </span>
     <span class='ocr_line' id='line_1_119' title="bbox 1041 2820 1633 2851; baseline -0.008 -5"><span class='ocrx_word' id='word_1_998' title='bbox 1041 2824 1063 2846; x_wconf 86' lang='lat' dir='ltr'>d.</span> <span class='ocrx_word' id='word_1_999' title='bbox 1082 2824 1118 2845; x_wconf 79' lang='lat'>29.</span> <span class='ocrx_word' id='word_1_1000' title='bbox 1136 2830 1158 2851; x_wconf 86' lang='lat' dir='ltr'>q.</span> <span class='ocrx_word' id='word_1_1001' title='bbox 1176 2823 1197 2844; x_wconf 82' lang='lat'>3.</span> <span class='ocrx_word' id='word_1_1002' title='bbox 1215 2822 1244 2844; x_wconf 83' lang='lat' dir='ltr'>ad</span> <span class='ocrx_word' id='word_1_1003' title='bbox 1261 2823 1282 2843; x_wconf 81' lang='lat'>2.</span> <span class='ocrx_word' id='word_1_1004' title='bbox 1296 2834 1325 2837; x_wconf 93' lang='lat'>—</span> <span class='ocrx_word' id='word_1_1005' title='bbox 1338 2820 1445 2849; x_wconf 87' lang='lat' dir='ltr'>Sequitur</span> <span class='ocrx_word' id='word_1_1006' title='bbox 1463 2821 1521 2842; x_wconf 83' lang='lat' dir='ltr'>ioan.</span> <span class='ocrx_word' id='word_1_1007' title='bbox 1541 2820 1578 2846; x_wconf 75' lang='lat'>47,</span> <span class='ocrx_word' id='word_1_1008' title='bbox 1597 2820 1633 2841; x_wconf 81' lang='lat' dir='ltr'>ll.</span> 
     </span>
    </p>

    <p class='ocr_par' dir='ltr' id='par_1_38' title="bbox 1104 2858 1702 2886">
     <span class='ocr_line' id='line_1_120' title="bbox 1104 2858 1702 2886; baseline -0.007 -2"><span class='ocrx_word' id='word_1_1009' title='bbox 1104 2861 1113 2873; x_wconf 76' lang='lat'>⁸</span> <span class='ocrx_word' id='word_1_1010' title='bbox 1130 2862 1196 2884; x_wconf 83' lang='lat' dir='ltr'>Vers.</span> <span class='ocrx_word' id='word_1_1011' title='bbox 1216 2861 1253 2883; x_wconf 91' lang='grc'>31,</span> <span class='ocrx_word' id='word_1_1012' title='bbox 1270 2872 1300 2876; x_wconf 94' lang='grc'>-</span> <span class='ocrx_word' id='word_1_1013' title='bbox 1318 2859 1420 2882; x_wconf 82' lang='lat' dir='ltr'>Subinde</span> <span class='ocrx_word' id='word_1_1014' title='bbox 1436 2860 1546 2886; x_wconf 83' lang='lat' dir='ltr'>allegatur</span> <span class='ocrx_word' id='word_1_1015' title='bbox 1563 2859 1603 2881; x_wconf 90' lang='lat' dir='ltr'>ler.</span> <span class='ocrx_word' id='word_1_1016' title='bbox 1622 2859 1663 2886; x_wconf 73' lang='lat'>⁴2,</span> <span class='ocrx_word' id='word_1_1017' title='bbox 1680 2858 1702 2880; x_wconf 92' lang='lat'>7.</span> 
     </span>
    </p>

    <p class='ocr_par' dir='ltr' id='par_1_39' title="bbox 1103 2900 1362 2929">
     <span class='ocr_line' id='line_1_121' title="bbox 1103 2900 1362 2929; baseline -0.012 -5"><span class='ocrx_word' id='word_1_1018' title='bbox 1103 2900 1113 2912; x_wconf 80' lang='lat'>⁰</span> <span class='ocrx_word' id='word_1_1019' title='bbox 1130 2900 1185 2923; x_wconf 91' lang='lat' dir='ltr'>Cod.</span> <span class='ocrx_word' id='word_1_1020' title='bbox 1204 2901 1222 2922; x_wconf 92' lang='lat' dir='ltr'>D</span> <span class='ocrx_word' id='word_1_1021' title='bbox 1238 2906 1296 2929; x_wconf 71' lang='lat' dir='ltr'>crya</span> <span class='ocrx_word' id='word_1_1022' title='bbox 1313 2905 1362 2921; x_wconf 78' lang='lat' dir='ltr'>nos.</span> 
     </span>
    </p>
   </div>
   <div class='ocr_carea' id='block_1_26' title="bbox 1897 540 2026 588">
    <p class='ocr_par' dir='ltr' id='par_1_40' title="bbox 1897 540 2026 588">
     <span class='ocr_line' id='line_1_122' title="bbox 1897 540 2026 560; baseline 0 -1"><span class='ocrx_word' id='word_1_1023' title='bbox 1897 540 2026 560; x_wconf 73' lang='lat' dir='ltr'>Manifestatur</span> 
     </span>
     <span class='ocr_line' id='line_1_123' title="bbox 1903 564 2018 588; baseline -0.009 -5"><span class='ocrx_word' id='word_1_1024' title='bbox 1903 569 1937 588; x_wconf 83' lang='lat' dir='ltr'>por</span> <span class='ocrx_word' id='word_1_1025' title='bbox 1949 564 2018 583; x_wconf 77' lang='lat' dir='ltr'>simile.</span> 
     </span>
    </p>
   </div>
   <div class='ocr_carea' id='block_1_27' title="bbox 1898 1192 1989 1212">
    <p class='ocr_par' dir='ltr' id='par_1_41' title="bbox 1898 1192 1989 1212">
     <span class='ocr_line' id='line_1_124' title="bbox 1898 1192 1989 1212; baseline 0 -1"><span class='ocrx_word' id='word_1_1026' title='bbox 1898 1192 1989 1212; x_wconf 82' lang='lat' dir='ltr'>Tertium.</span> 
     </span>
    </p>
   </div>
  </div>
 </body>
</html>
