2296 3316
871 157 1114 186 PROLEGOMENA
1137 158 1164 186 C.
1187 158 1216 186 ll.
1854 163 1925 193 XXV

228 239 265 261 34.
282 237 383 266 Ibidem,
403 238 456 260 cod.
474 237 504 260 X.
520 237 546 260 C.
565 237 602 260 14.
619 238 692 259 chart.
709 236 734 259 in
751 236 789 259 sol.
807 242 866 259 saec.
885 236 945 258 XIV.
966 242 1014 258 exe-

164 287 233 309 untis.
251 286 331 315 Incipit
353 286 390 308 101.
411 287 431 308 1.
450 292 468 308 r.
486 285 534 308 sine
559 285 605 308 ullo
632 285 696 307 titulo
713 286 736 307 et
752 284 836 307 desinit
860 284 898 306 101.
919 284 971 306 136.
988 290 1012 306 v.

163 334 207 356 col.
227 334 248 356 1.
265 336 290 356 ut
307 333 330 355 in
347 332 455 356 editione.
477 332 580 360 Scriptor
596 332 620 354 in
637 331 684 354 1100
700 338 725 354 50
741 331 845 354 nominat
866 332 910 354 hoc
927 330 1014 353 modo:

162 380 355 404 Bartholamens.
376 379 455 403 Finito
478 378 539 402 libro
562 378 586 402 in
602 377 685 408 vigilia
701 378 782 401 sancti
797 376 967 406 Bartholomei,
984 376 1015 400 sit

164 427 220 451 laus
237 428 260 450 et
275 426 355 457 ylario
370 427 419 450 Χῐο
431 425 456 449 in
473 425 510 449 die
521 425 603 455 insius.
620 424 763 455 Expliciunt
773 424 836 448 dicta
854 424 931 448 Gorre
941 431 1014 454 super

163 473 314 504 ecanqelium
330 473 454 497 Iohannis.

227 521 264 543 35.
282 519 381 548 Ibidem,
401 520 453 543 cod.
470 521 484 543 I.
497 520 521 542 E.
534 520 572 542 19.
583 525 644 542 saec.
656 519 716 541 XIV.
728 518 840 541 exeuntis.
851 518 931 546 Incipit
942 518 979 540 101.
993 518 1015 540 1.

163 574 183 590 r.
201 568 243 591 001.
263 568 288 591 sl:
306 568 376 595 Ecce,
392 567 506 597 intelliget
518 570 573 595 etc.;
585 567 669 590 desiuit
680 567 732 589 soli0
745 566 825 589 ultimo
842 565 932 588 verbis:
947 564 1015 594 Quod

163 616 244 638 aulem
260 614 350 638 dictum
372 616 420 638 est:
442 614 477 638 sic
501 620 556 637 eam
579 613 631 637 volo
657 620 755 637 manere
779 613 841 643 (cap.
865 614 903 635 21.
928 619 951 635 n.
976 613 1013 635 53.

162 662 271 685 editionis
288 662 398 691 nostrae).
415 661 496 685 Cetera
514 663 607 684 suerunt
623 661 712 684 avulsa.

226 709 264 732 36.
289 708 390 737 Ibidem,
416 708 555 731 bibliotheca
580 708 678 737 Capituli
701 708 884 736 metropolitani,
910 707 963 730 cod.
987 707 1013 729 A.

163 755 238 778 XCIII.
255 756 335 784 Incipit
352 757 392 778 101.
409 757 431 778 1.
455 762 474 779 r.
497 762 543 778 non
564 758 686 778 numerato
706 757 729 778 et
750 754 834 778 desinit
851 757 876 777 ut
897 754 919 776 in
944 753 1015 776 edIto.

162 803 276 825 Additur:
294 802 435 833 Eoeph'ciant
456 803 519 827 dicta
535 809 609 833 super
629 802 760 826 Iohannem
782 801 924 826 venerahilis
939 802 1014 832 maai-

161 849 209 873 stri
223 849 337 873 Iohannis
355 849 405 879 (sic)
419 850 509 879 Gerre,
521 856 585 873 anno
597 849 694 873 Domini
710 849 844 872 millesimo.
868 850 900 872 Ita
918 848 955 871 hie
972 851 1014 872 ter-

162 897 236 919 1011101,
252 897 363 925 scriptor,
380 897 421 920 scd
438 897 468 920 ad
485 898 572 920 calcem
589 897 666 925 operis
687 896 822 919 immediate
838 895 956 925 sequentis
972 901 1014 918 no-

163 945 234 967 tavit:
251 951 316 968 anno
333 944 430 968 Domini
445 944 576 969 M⁰000C0.
594 944 690 968 decimo.

227 991 265 1014 37.
281 991 382 1020 Ibidem,
400 991 538 1015 bibliotheca
555 992 642 1015 Musaei
666 991 798 1018 nationalis,
823 991 875 1014 cod.
899 991 932 1013 lll.
949 991 974 1013 B.
992 991 1013 1013 8.

162 1038 261 1061 membr.
279 1039 303 1061 in
319 1039 357 1062 sol.
374 1045 436 1062 saec.
453 1040 515 1063 XIV.
532 1040 592 1062 circa
607 1039 763 1062 medietatem.
781 1038 966 1062 Commentarius
984 1038 1015 1060 in-

162 1086 218 1114 cipit
235 1086 271 1109 sol.
293 1087 311 1109 I.
328 1093 347 1109 r.
364 1087 413 1109 sine
431 1087 476 1110 ullo
499 1086 563 1110 titulo
581 1089 604 1109 et
620 1087 670 1110 sine
692 1086 786 1109 nomine
803 1086 910 1108 auctoris.
927 1086 1015 1109 Desinit

163 1134 199 1156 tol.
217 1141 236 1157 r.
253 1134 295 1157 col.
314 1135 340 1157 1;
359 1135 411 1164 Ipso
423 1134 564 1162 adiuvante,
585 1133 696 1164 quiricii
711 1135 734 1157 et
745 1135 832 1164 reqnat
848 1133 873 1156 in
889 1133 970 1157 secula
982 1139 1014 1156 se-

162 1181 281 1205 culorum.
297 1182 380 1205 Amen.

226 1229 263 1252 38.
281 1229 435 1258 natisbonae,
458 1229 597 1253 bibliotheca
615 1229 731 1257 (111-11οι15,
748 1229 802 1252 cod.
824 1230 878 1252 382.
898 1230 969 1252 chart.
992 1232 1014 1251 et

162 1276 262 1300 membr.
280 1277 369 1300 mixtim
391 1277 414 1300 in
432 1278 468 1300 sol.
492 1283 553 1300 saec.
570 1277 630 1300 XIV.
653 1277 765 1300 excuntis.
787 1277 888 1300 Praefert
910 1277 932 1299 111
950 1277 1014 1299 initio

162 1325 201 1347 101.
219 1325 239 1347 1.
257 1331 289 1347 r.:
306 1325 391 1355 Incipit
408 1326 513 1349 Gorram
529 1331 602 1355 super
619 1324 770 1354 evanqetinm
786 1323 915 1353 Iohannis,
934 1327 957 1347 ct
974 1324 1012 1346 tol.

163 1371 216 1394 ¹142.
234 1378 254 1394 r.
271 1375 324 1400 post
341 1373 415 1395 Amen
433 1373 530 1401 legitur:
548 1373 611 1396 Laus
629 1371 670 1395 tibi
691 1371 721 1395 sit
738 1372 796 1400 Χῖα,
824 1371 938 1401 quoniam
956 1370 1014 1394 liber

161 1417 260 1448 emptica
276 1418 331 1442 iste.-
350 1418 375 1442 in
386 1419 468 1449 riqih'a
485 1419 564 1443 sancti
574 1418 681 1445 Nicolai,
700 1425 764 1442 anno
777 1418 874 1442 Domini
889 1419 933 1442 M.⁰
950 1417 1014 1442 580.

162 1465 304 1495 Eoepliciunt
328 1465 391 1489 dicta
413 1466 509 1490 Nicolai
532 1466 560 1489 cle
584 1467 690 1491 Gorram
713 1472 786 1495 saper
808 1465 958 1495 ecanaelium
981 1467 1014 1489 Io—

162 1511 259 1536 hannis.

227 1559 264 1581 39.
284 1559 402 1589 (naigern)
426 1560 449 1583 in
472 1561 586 1590 Moravia,
612 1560 749 1589 bibliotheca
773 1560 905 1583 Monasterii
927 1559 1015 1582 ordinis

163 1606 236 1629 sancti
256 1607 388 1635 Benedicti,
405 1608 457 1631 cod.
477 1608 530 1631 4¹0.
547 1609 619 1631 chart.
640 1608 664 1630 in
686 1608 724 1630 sol.
748 1614 809 1631 saec.
832 1608 883 1630 XV.
907 1607 1013 1630 ineuntis.

163 1653 351 1678 Commentarius
367 1655 392 1678 in
408 1656 561 1684 111-0000111101
578 1655 669 1678 loannis
687 1656 786 1678 excurrit
808 1661 820 1677 a
839 1655 892 1678 10110
910 1655 931 1677 1.
948 1661 967 1677 r.
984 1655 1013 1677 ad

164 1701 203 1724 101.
222 1701 274 1724 132.
292 1708 311 1724 r.
328 1703 370 1725 col.
389 1703 411 1725 2.
428 1703 466 1725 Est
482 1709 579 1732 prorsus
596 1709 727 1731 anonymus
744 1705 767 1725 et
783 1702 832 1725 sine
849 1702 923 1725 titulo.

226 1748 264 1771 40.
281 1749 423 1779 Reyimontii
439 1750 460 1773 10
478 1751 597 1778 Borussia,
614 1750 754 1773 bibliotheca
771 1751 856 1779 Regia,
873 1751 925 1774 cod.
944 1751 1012 1773 ⁴273.

162 1796 234 1819 chart.
253 1796 348 1820 infolio.
365 1798 532 1820 Praemittitur:
551 1798 631 1822 Gorra
642 1803 715 1827 super
732 1795 876 1826 Iohannem,
894 1800 916 1820 ct
929 1798 966 1820 101.
983 1799 1014 1820 111-

163 1844 220 1866 timo
236 1843 371 1867 subiicitur:
397 1844 537 1874 Eoeple'cz'unt
562 1844 625 1868 dicta
649 1851 723 1874 super
740 1844 871 1868 Iohannem
891 1844 1015 1868 reverendi

162 1891 276 1921 maaisni
291 1891 388 1916 Nicolai
403 1892 431 1915 cla
453 1893 545 1920 Gerra,
565 1893 634 1923 finita
650 1899 715 1916 anno
738 1892 768 1916 ab
784 1892 950 1916 incarnatione
967 1893 1014 1915 Do-

162 1937 224 1960 mini
238 1937 469 1962 MCGCLXXXIIII.
486 1938 580 1962 Finitus
597 1938 623 1961 in
639 1938 676 1962 die
692 1938 795 1962 Martiae
812 1938 930 1962 martiris.

227 1984 265 2007 41.
283 1984 359 2008 Remis
377 1985 399 2008 in
416 1986 499 2013 Galila,
516 1985 656 2008 bibliotheca
668 1985 774 2013 Publica,
792 1985 843 2008 cod.
861 1986 887 2008 B.
904 1986 942 2008 93.
961 1985 1014 2008 106,

163 2030 262 2054 11101111)1·.
280 2031 303 2054 10
321 2033 357 2055 101.
375 2039 450 2061 parvo
467 2039 527 2055 saec.
545 2033 606 2056 XIV.
622 2033 729 2055 ineuntis
749 2033 829 2060 Incipit
846 2033 884 2055 101.
901 2033 923 2055 1.
934 2039 953 2055 r.
970 2034 1014 2056 col.

164 2078 185 2100 1.
202 2078 251 2101 5100
276 2079 322 2102 11110
339 2080 417 2103 titulo:
439 2080 511 2107 Ecce,
528 2080 643 2110 intelliqet
662 2086 748 2103 servus
770 2086 837 2103 meus
859 2083 904 2102 etc.
927 2080 1014 2102 Desinit

164 2125 201 2147 sol.
220 2125 273 2148 101.
289 2132 312 2149 ν.
331 2127 374 2149 col.
392 2127 416 2149 i:
435 2127 488 2157 Ipso
505 2127 646 2155 adiuvante,
664 2126 706 2157 qui
722 2126 778 2150 civit
794 2128 816 2150 et
835 2128 922 2156 reynat
938 2126 963 2149 in
975 2133 1014 2153 ,se-

163 2170 218 2195 cula
233 2172 379 2196 seculorum.
391 2173 475 2197 Amen.
491 2174 569 2198 Finito
587 2173 658 2202 libro,
675 2173 809 2197 reddantur
821 2173 877 2197 cina
889 2173 1012 2204 mayistro.

227 2219 264 2242 42.
280 2220 381 2249 Romae,
393 2221 532 2245 bibliotheca
545 2222 666 2251 Angelica,
684 2222 735 2244 cod.
748 2222 775 2244 R.
794 2222 814 2244 8.
832 2221 853 2244 4.
871 2221 970 2245 membr.
991 2222 1013 2245 in

164 2265 200 2287 101.
219 2265 309 2288 minore
325 2272 387 2289 saec.
404 2267 453 2290 XIII
469 2268 580 2291 exeuntIs.
601 2268 681 2297 Incipit
702 2271 725 2291 ct
742 2268 827 2291 desinit
843 2271 868 2291 ut
884 2269 957 2298 edita,
974 2269 1013 2291 1101

162 2311 270 2335 additur:
295 2312 401 2342 Empticit
420 2313 520 2343 postilla
545 2315 636 2344 optima
660 2321 734 2345 super
757 2315 887 2339 Iohannem
912 2315 973 2339 edita
998 2323 1014 2339 a

163 2359 241 2389 sratre
256 2359 428 2384 Bonaventwa
445 2360 474 2384 de
490 2361 633 2392 Balnoreyio
651 2362 742 2386 ordinis
758 2363 866 2393 fratrum
882 2363 1012 2393 minorum,

163 2405 286 2429 cardinali
301 2406 334 2430 ad
348 2413 421 2431 usum
437 2408 545 2438 fratrum
562 2409 692 2433 minorum.
710 2410 717 2433 I
733 2411 762 2433 K.
775 2424 805 2427 —
818 2411 849 2433 De
861 2411 943 2434 eodem
961 2412 1013 2434 cod.

162 2454 204 2476 cfr.
222 2453 245 2476 P.
263 2454 348 2477 Bonelli
366 2455 456 2484 (Prodr.
473 2457 516 2479 001.
534 2456 602 2486 157),
620 2457 660 2486 qui
689 2458 734 2480 hoc
751 2458 800 2480 solo
819 2458 840 2480 in
857 2458 959 2480 editione
975 2465 1015 2481 sua

163 2506 220 2523 usus
237 2503 278 2524 est.

227 2548 265 2571 43.
281 2548 367 2573 Sancti
382 2550 496 2574 Floriani
511 2552 534 2574 in
550 2552 654 2581 Austria,
671 2551 811 2575 bibliotheca
828 2553 958 2576 Monasterii
974 2552 1014 2576 Ca-

163 2595 302 2619 nonicorum
319 2598 476 2626 regularium,
494 2599 546 2622 cod.
564 2600 603 2622 XI.
627 2599 663 2622 41.
680 2600 753 2622 chart.
775 2600 797 2622 in
815 2601 853 2623 101.
869 2607 930 2624 5000.
953 2601 1013 2623 XIV.

163 2644 275 2667 exeuntis.
292 2645 338 2667 Fol.
357 2646 378 2668 1.
394 2652 413 2668 r.
426 2647 470 2669 col.
488 2647 508 2668 1.
521 2647 687 2674 praemittitur:
697 2647 783 2677 Incipit
799 2648 880 2671 θοι-να
891 2653 963 2677 super
980 2648 1014 2671 lo-

163 2689 276 2714 hannem.
298 2691 368 2721 Ecce,
394 2693 507 2723 intelliget
530 2696 586 2722 etc.,
604 2696 626 2716 et
643 2694 680 2716 101.
698 2694 751 2716 206.
768 2700 786 2716 r.
804 2695 847 2717 col.
865 2695 892 2717 2:
909 2694 1013 2724 Eaplicit

164 2737 246 2761 Gorra
261 2745 335 2768 super
352 2739 483 2763 Iohannem
497 2747 542 2770 per
559 2747 647 2764 manus
664 2740 783 2764 Michahel
795 2741 854 2769 (sic).

228 2785 265 2808 44.
285 2787 364 2810 Trecis
390 2788 412 2810 in
437 2788 522 2815 Gallia,
543 2788 595 2810 cod.
622 2788 690 2811 1410.
715 2789 761 2811 iam
787 2789 917 2818 descriptus
942 2797 1012 2819 supra

164 2838 219 2860 pag.
237 2833 306 2856 XVIII
324 2841 347 2856 n.
366 2835 404 2856 22.
421 2834 606 2858 Commentarius
618 2836 640 2858 in
659 2836 765 2858 loannem
777 2836 858 2864 incipit
875 2837 910 2859 sol.
924 2838 945 2860 2.
960 2844 979 2860 r.
991 2841 1013 2860 et

165 2878 248 2902 desinit
266 2881 303 2903 101.
329 2881 366 2903 91.
384 2888 409 2904 v.
424 2873 476 2904 ante
502 2881 619 2909 medium,
644 2882 729 2905 additis
746 2882 899 2911 sequentibus
920 2884 1012 2907 verbis:

164 2924 229 2948 Laus
247 2925 288 2949 tibi
303 2927 334 2950 sit
350 2928 410 2956 Χία,
427 2928 541 2958 quoniam
564 2928 632 2952 labor
648 2929 745 2959 explicit
761 2929 812 2953 iste.
833 2931 920 2953 Nomen
937 2933 1013 2953 aucto-

163 2971 196 2993 ris
213 2972 365 2997 desideratur.

1136 235 1172 258 45.
1192 236 1296 260 Turonis
1319 237 1341 259 in
1361 238 1444 267 GaIIIa,
1457 239 1509 262 cod.
1522 239 1576 262 427.
1594 244 1692 263 membr.
1706 241 1777 264 10101.
1788 248 1849 264 saec.
1866 243 1923 265 XIII.

1072 282 1258 306 Commentarius
1276 284 1355 313 incipit
1373 286 1410 307 sol.
1429 286 1450 308 1.
1467 292 1485 308 r.
1503 287 1544 309 col.
1564 287 1584 309 1.
1601 287 1651 309 sine
1668 288 1713 310 ullo
1731 289 1806 316 titulo,
1824 289 1920 312 desinit:

1071 330 1126 359 Ipso
1138 329 1279 359 adim-ante,
1298 330 1341 361 qui
1355 331 1413 355 vivit
1423 333 1446 355 ct
1455 335 1542 362 reynat
1553 333 1577 356 in
1588 333 1669 357 secula
1680 335 1825 358 seculorum.
1837 337 1922 359 Amen.

1132 377 1174 399 -46,
1194 377 1357 407 Vindobonae,
1376 378 1514 403 bibilotheca
1526 381 1638 408 Palatina,
1655 382 1707 404 cod.
1726 382 1796 405 3765.
1812 385 1883 406 chart.
1899 384 1920 406 in

1073 424 1136 446 solio.
1152 424 1338 448 Commentarius
1352 427 1451 449 excurrit
1467 434 1479 449 a
1499 428 1536 450 101.
1555 428 1576 450 1.
1594 434 1612 450 r.
1629 429 1671 451 col.
1691 429 1713 452 1.
1729 430 1758 452 ad
1776 431 1814 453 101.
1835 431 1884 453 166.
1901 437 1920 454 r.

1072 472 1115 494 eol.
1134 472 1156 494 1.
1173 474 1195 494 et
1211 472 1325 495 clauditur
1342 473 1378 495 his
1396 473 1488 497 verbis:
1509 474 1649 504 Empticizmt
1668 476 1791 506 evangelia
1808 477 1921 501 Iohannis

1072 518 1225 542 comenh'sata
1237 519 1262 548 (1)
1272 525 1318 549 pet·
1329 520 1554 544 reverendissimum
1565 522 1709 551 magistrum
1720 523 1833 547 Gorram.
1843 524 1921 548 Finita

1071 572 1135 589 anno
1153 566 1251 589 Domini
1260 566 1385 591 millesimo
1403 567 1479 591 000⁰
1492 568 1633 598 octonesimo
1645 571 1727 593 octat-o
1743 571 1832 594 mensis
1850 572 1920 594 Iunii.

1137 613 1173 635 47.
1191 613 1290 642 Ibidem,
1308 615 1361 637 cod.
1384 615 1452 637 4866.
1475 617 1546 638 chart.
1564 617 1587 638 111
1611 617 1646 639 101.
1663 624 1724 640 saec.
1746 618 1797 640 XV.
1814 618 1922 641 ineuntis.

1072 660 1171 689 Antiqua
1189 667 1271 683 manus
1292 662 1411 690 praemisit
1433 663 1490 685 haec
1514 662 1600 686 verba:
1626 663 1681 686 Emi
1704 671 1719 687 a
1743 664 1857 694 facultate
1878 671 1922 688 me-

1072 707 1163 736 dicine,-
1180 707 1249 732 detw-
1263 715 1310 738 pro
1337 709 1438 733 libraria
1455 709 1540 733 domas
1567 710 1676 741 Colleffl't,
1696 712 1764 734 1419.
1782 713 1816 735 Ad
1834 713 1921 735 calcem

1071 760 1128 777 vero
1146 758 1274 784 sequuntur
1292 757 1349 779 haec
1365 757 1425 779 alia:
1443 757 1549 787 Eoeph'cit
1565 758 1646 781 Gorra
1663 764 1735 788 super
1754 759 1889 782 Iohannem.

1135 802 1173 825 48.
1195 802 1328 832 Weimarii,
1347 803 1485 827 bibliotheca
1503 805 1605 833 Ducalis,
1618 806 1669 828 cod.
1682 806 1719 828 101.
1732 806 1768 828 15.
1781 808 1923 829 chartaceus.

1071 849 1258 873 Commentarius
1274 850 1355 879 incipit
1371 851 1408 874 fol.
1428 853 1449 874 1.
1465 858 1484 874 r.
1502 852 1544 875 col.
1563 853 1588 875 t:
1606 853 1678 881 Ecce,
1702 853 1815 883 z'ntelliqet
1837 860 1922 877 serras

1071 903 1139 920 meus
1157 900 1199 920 etc.
1217 898 1304 921 Desinit
1321 899 1358 921 fol.
1378 899 1430 921 121.
1448 905 1471 921 v.
1489 900 1532 922 001.
1551 900 1572 922 1.
1590 900 1690 923 subhac
1708 901 1821 923 clausula:
1839 901 1922 931 Earpli-

1072 944 1140 968 cinnt
1163 944 1225 968 dicta.
1244 945 1321 969 Gorre
1338 952 1410 976 super
1428 946 1567 970 Iohannem.
1588 948 1657 971 Anno
1675 948 1772 971 Domini
1795 948 1920 972 millesimo

1072 991 1146 1015 000.ο
1169 993 1312 1022 oct09e5i2n0
1338 995 1425 1023 quarto
1448 993 1473 1017 in
1497 993 1533 1017 dic
1550 994 1662 1024 Synzonis
1687 996 1709 1018 et
1730 995 1786 1018 Inde
1810 997 1922 1025 Apposto-

1072 1038 1152 1062 lorum
1171 1039 1230 1069 (sic).

1135 1086 1172 1108 49.
1194 1086 1376 1115 II'ralislut-iae,
1399 1087 1537 1110 bibliotheca
1560 1088 1731 1116 Uuiversitatis,
1748 1088 1819 1112 Class.
1837 1090 1852 1111 l.
1869 1089 1921 1112 cod.

1072 1135 1108 1157 69.
1127 1135 1199 1157 chart.
1218 1135 1240 1157 in
1257 1135 1294 1157 sol.
1310 1141 1370 1157 saec.
1389 1135 1440 1158 XV.
1458 1135 1536 1163 Incipit
1554 1136 1590 1158 sol.
1613 1136 1630 1158 t.
1648 1142 1666 1158 r.
1688 1137 1730 1158 col.
1757 1137 1777 1158 1.
1799 1139 1821 1158 et
1837 1136 1920 1159 desinit

1072 1182 1110 1204 101.
1129 1181 1181 1204 115.
1199 1188 1217 1204 r.
1245 1182 1286 1204 col.
1313 1183 1335 1205 2.
1360 1182 1474 1205 Additur:
1491 1182 1634 1212 Eaepliciunl
1657 1182 1718 1206 dicta
1746 1184 1822 1207 Gorre
1846 1190 1919 1213 snper

1071 1228 1221 1259 eranqelium
1239 1229 1361 1253 Iohannis.

1132 1269 1148 1305 'S
1165 1277 1188 1299 6.
1205 1275 1342 1300 Collationes
1359 1276 1383 1300 in
1400 1276 1552 1306 Evangelium
1569 1276 1668 1300 Ioannis.

1135 1324 1197 1346 Aliae
1215 1324 1358 1348 Collationes
1375 1324 1400 1347 in
1417 1325 1544 1353 Ioannem,
1561 1325 1603 1347 scd
1629 1325 1684 1348 salso
1703 1325 1725 1347 S.
1746 1326 1922 1348 Bonnventurae

1071 1370 1194 1394 attributae
1211 1374 1233 1394 et
1250 1372 1326 1394 10011111
1343 1372 1459 1395 Guallensi
1471 1372 1526 1395 Ord.
1538 1373 1589 1395 Min.
1602 1372 1788 1400 probabilissime
1805 1373 1924 1395 restituen-

1072 1418 1128 1447 dae,
1152 1418 1280 1446 impressae
1301 1421 1355 1441 sunt
1377 1419 1400 1441 in
1420 1419 1522 1442 editione
1547 1419 1657 1442 Vaticana
1684 1420 1749 1448 (tom.
1766 1419 1802 1448 Il.)
1828 1422 1850 1442 et
1875 1420 1924 1442 aliis

1071 1465 1276 1495 subsequentibus.
1298 1466 1343 1489 Sed
1361 1467 1487 1495 genuinae,
1510 1473 1606 1494 prorsus
1622 1467 1715 1495 ignotae
1732 1470 1754 1489 et
1771 1473 1782 1489 a
1801 1467 1924 1495 praedictis

1071 1514 1190 1541 diversae,
1207 1513 1315 1536 iuventae
1332 1516 1385 1536 sunt
1402 1520 1415 1536 a
1432 1514 1455 1535 P.
1473 1514 1550 1537 Fidele
1567 1520 1579 1536 a
1597 1514 1687 1541 Fauna,
1704 1521 1764 1543 quae
1785 1515 1813 1536 ita
1836 1515 1923 1542 spirant

1074 1560 1192 1588 ingenium
1210 1563 1233 1583 et
1249 1561 1326 1583 stilum
1344 1560 1458 1589 seraphIci
1477 1561 1593 1589 Doctoris,
1607 1563 1631 1583 ut
1643 1561 1681 1583 vix
1693 1561 1811 1589 indigeant
1822 1561 1924 1584 testimo-

1071 1608 1109 1630 nio
1122 1608 1208 1630 codicis
1226 1608 1337 1636 Toletani,
1355 1608 1421 1631 cuius
1438 1608 1694 1635 testimoniivtac-simile
1710 1608 1765 1631 infra
1778 1608 1923 1631 exhibemus.

1134 1656 1248 1678 Pretiosae
1260 1656 1304 1678 hae
1316 1655 1457 1679 Collationes
1468 1658 1587 1684 nequeunt
1599 1656 1712 1678 recenseri
1725 1656 1782 1678 inter
1799 1655 1921 1678 Commen-

1072 1703 1141 1726 tarios
1159 1709 1237 1726 sacrae
1255 1703 1399 1731 scripturae,
1416 1709 1470 1726 cum
1495 1703 1540 1725 sint
1566 1703 1643 1731 potius
1665 1703 1702 1725 vel
1719 1704 1835 1725 schemata
1853 1708 1922 1731 quae-

1071 1751 1126 1773 dam
1143 1757 1278 1774 sermonum
1296 1751 1331 1773 vel
1358 1751 1443 1773 breves
1468 1751 1639 1779 annotationes,
1656 1757 1717 1779 quae
1739 1751 1823 1773 multos
1840 1756 1922 1772 versus

1071 1799 1139 1821 huius
1156 1797 1274 1825 Evangelii
1291 1797 1402 1825 adaptant
1418 1797 1448 1819 ad
1465 1803 1533 1819 usum
1547 1796 1740 1824 praedicatorum.
1752 1796 1857 1818 Attamen
1874 1797 1920 1817 tam

1071 1844 1151 1866 intima
1168 1847 1203 1866 est
1218 1844 1298 1866 relatio
1323 1843 1382 1866 inter
1403 1844 1445 1866 has
1470 1843 1605 1866 Collationes
1629 1845 1651 1865 ct
1669 1842 1878 1868 Commentarium,
1896 1843 1920 1863 ut

1071 1897 1110 1914 eas
1126 1891 1250 1918 seiungere
1266 1897 1311 1913 non
1329 1891 1443 1918 expediat.

1134 1939 1216 1960 Notatu
1234 1938 1332 1966 dignum
1349 1941 1396 1965 est,
1414 1938 1436 1960 111
1453 1937 1560 1966 genuinis
1583 1936 1731 1959 sermonibus
1748 1936 1818 1958 nostri
1840 1936 1912 1958 Docto

1072 1985 1103 2008 ris
1121 1986 1189 2008 tomis
1206 1986 1243 2008 IX.
1261 1988 1284 2007 et
1299 1986 1329 2008 X.
1346 1985 1444 2007 edendis
1469 1984 1565 2007 inveniri
1590 1984 1726 2011 sententias,
1748 1983 1874 2006 divisiones
1898 1986 1921 2006 et

1071 2032 1218 2055 auctoritates
1235 2032 1342 2060 easdem,
1359 2038 1420 2061 quae
1438 2032 1459 2054 in
1477 2032 1512 2055 his
1528 2031 1693 2055 Collationibus
1711 2030 1836 2058 habentur3
1854 2024 1919 2060 quod

1071 2079 1213 2101 accuratiore
1230 2085 1364 2101 sermonum
1382 2079 1500 2106 examine,
1518 2081 1542 2101 ut
1559 2081 1676 2107 putamus,
1694 2079 1769 2107 magis
1780 2079 1856 2101 adhuc
1869 2084 1920 2101 con-

1070 2125 1210 2148 firmabitur.
1233 2126 1291 2148 11100
1315 2125 1383 2149 nobis
1408 2126 1501 2149 videtur
1525 2126 1659 2154 probabile,
1678 2127 1700 2149 S.
1726 2127 1860 2154 Doctorem,
1878 2127 1919 2155 qui

1070 2174 1180 2196 continuo
1197 2180 1216 2196 s.
1234 2174 1377 2202 Scripturam
1395 2174 1550 2197 meditabatur
1567 2177 1589 2196 et
1606 2175 1791 2203 frequentissime
1803 2174 1920 2203 praedica-

1071 2219 1121 2248 bat,
1139 2227 1181 2249 pro
1199 2220 1294 2249 proprio
1312 2220 1417 2249 proxime
1433 2227 1477 2243 usu
1495 2221 1537 2243 has
1554 2220 1692 2244 Collationes
1716 2224 1737 2243 et
1762 2221 1921 2243 annotationes

1071 2269 1205 2291 meditando
1222 2270 1266 2291 hoc
1283 2270 1436 2297 EvangeIIum
1453 2269 1619 2297 conscripsisse
1630 2272 1652 2292 ct
1669 2271 1764 2292 sortasse
1781 2269 1849 2292 etiam
1862 2269 1918 2291 alias

1071 2316 1093 2339 in
1110 2317 1207 2339 aliorum
1225 2323 1344 2340 sacrorum
1362 2316 1474 2340 librorum
1492 2317 1600 2345 lecti0ne;
1617 2317 1683 2339 cuius
1700 2317 1832 2345 exemplum
1850 2316 1920 2339 habe-

1071 2371 1123 2389 mus
1140 2364 1201 2387 illam
1218 2365 1360 2387 collationem
1378 2365 1401 2386 in
1418 2366 1504 2387 Lucam
1522 2371 1543 2387 c.
1559 2365 1585 2393 3,
1597 2365 1619 2387 ὃ.
1632 2364 1695 2393 (pag.
1708 2365 1772 2393 631).
1793 2364 1845 2386 Post
1857 2367 1919 2386 certo

1071 2412 1184 2440 genuinas
1195 2411 1331 2435 Collationes
1349 2411 1370 2433 in
1388 2410 1508 2433 codicibus
1520 2411 1604 2433 nostris
1615 2413 1744 2439 sequuntur
1755 2410 1837 2438 exigua
1851 2416 1918 2439 quae-

1070 2459 1125 2481 dam
1143 2458 1313 2486 additamenta‚
1330 2458 1359 2480 (le
1376 2457 1462 2486 quibus
1479 2457 1580 2480 dubitari
1597 2460 1684 2485 potest,
1703 2461 1780 2479 utrum
1798 2457 1843 2478 siut
1860 2456 1919 2483 legi—

1071 2506 1138 2533 tima;
1157 2506 1219 2528 unde
1236 2511 1262 2527 ea
1279 2505 1402 2528 reiecimus
1419 2505 1443 2527 in
1459 2505 1622 2533 appendicem.

1135 2553 1155 2575 1.
1175 2552 1249 2576 Toleli
1260 2552 1281 2574 iu
1294 2552 1415 2580 IIispania,
1428 2551 1565 2575 bibliotheca
1577 2551 1686 2580 Capituli,
1699 2551 1776 2574 Caiou.
1786 2551 1808 2572 5.
1817 2550 1868 2573 cod.
1881 2551 1918 2572 22.

1071 2600 1170 2623 membr.
1189 2600 1210 2622 in
1228 2600 1266 2622 101.
1282 2600 1372 2622 minore
1388 2605 1448 2622 5000.
1461 2600 1508 2622 XIII
1521 2599 1636 2627 exeuntis,
1653 2600 1689 2621 vel
1702 2599 1761 2621 XIV.
1774 2598 1884 2624 ineuntis,
1897 2600 1921 2619 ut

1071 2647 1152 2670 videre
1169 2649 1203 2669 est
1220 2647 1277 2669 infra
1296 2647 1318 2669 in
1337 2647 1465 2675 specimine
1484 2647 1581 2670 chimice
1598 2646 1719 2674 impresso.
1735 2645 1871 2668 Collationes
1889 2645 1918 2667 in-

1071 2695 1159 2723 cipiunt
1176 2696 1213 2717 sol.
1231 2695 1284 2717 176.
1302 2701 1325 2718 v.
1342 2696 1385 2717 col.
1403 2696 1425 2717 2.
1442 2695 1465 2717 in
1483 2695 1545 2717 initio
1562 2694 1606 2717 sub
1623 2694 1699 2716 titulo:
1717 2693 1836 2723 Incipiunt
1847 2692 1919 2716 colla-

1071 2742 1144 2765 tiones
1162 2748 1235 2772 super
1251 2742 1401 2772 eranyeliam
1418 2742 1531 2765 Iohannis
1548 2748 1563 2765 a
1579 2742 1657 2771 fratre
1673 2742 1841 2764 Βοηαυοητυνιι
1854 2746 1919 2769 yene-

1071 2789 1120 2812 111Ιὶ
1140 2789 1250 2813 ministro
1272 2790 1380 2819 fratrum
1402 2789 1524 2813 nu'norum
1541 2788 1606 2812 edite.
1625 2789 1651 2811 In
1666 2787 1785 2818 qnn'ncipio
1802 2789 1854 2810 erat
1870 2793 1919 2810 cer-

1072 2835 1127 2859 bum
1144 2839 1188 2859 etc.
1211 2837 1322 2859 Desinunt
1338 2836 1428 2859 verbis:
1445 2836 1512 2859 salus
1530 2835 1653 2859 Invisibilis
1670 2837 1691 2858 et
1707 2834 1830 2858 salutaris.
1848 2835 1870 2856 lu
1888 2834 1919 2855 ul-

1071 2883 1127 2905 timo
1145 2884 1182 2906 101.
1199 2890 1218 2906 r.
1235 2883 1263 2906 ad
1282 2883 1368 2906 calcem
1385 2885 1419 2905 est
1442 2883 1559 2911 inscriptio
1583 2888 1642 2905 saec.
1669 2882 1729 2904 XIV.
1746 2881 1829 2909 partim
1854 2886 1919 2906 rasa,

1071 2931 1137 2953 cuius
1154 2932 1210 2953 baec
1227 2930 1299 2953 verba
1316 2930 1360 2958 legi
1378 2932 1497 2958 poterant:
1514 2930 1560 2953 Iste
1571 2928 1628 2952 liber
1640 2930 1674 2952 est
1684 2928 1769 2957 fratris
1781 2926 1917 2956 Stephani...

1073 2978 1169 3002 Ordinis
1186 2978 1294 3008 fratrum
1310 2977 1432 3001 minorum
1449 2977 1478 3000 de
1494 2976 1619 3000 Provincia
1636 2975 1738 2999 Francia·
1749 2974 1876 3005 inferioris.
1888 2985 1919 2991 -
