2296 3316
266 281 378 307 Applicalio.

399 197 453 224 (526
922 187 1147 217 COLLATIONES
1168 186 1199 214 ΙΝ
1221 185 1367 214 IOANNEM
1388 184 1481 212 COLL.
1505 183 1624 212 Lxxvll.

396 273 468 302 citur
489 272 522 300 de
544 271 630 299 Petro.
648 285 684 290 -
699 269 781 302 Nota,
804 267 877 304 quod
897 273 975 295 mare
999 265 1130 294 natando
1152 267 1241 293 trans—

396 322 462 349 eunt
483 318 531 356 qui
552 318 579 346 in
595 315 690 345 mundi
712 313 943 344 sollicitudinibus
958 320 987 341 se
1009 312 1193 349 immergunt;
1215 313 1243 340 et

395 366 438 395 isti
460 363 655 401 submergendi
671 361 795 400 periculo
815 368 844 389 se
865 362 1019 397 exponunt.
1033 359 1155 387 —Mare
1176 366 1243 387 vero

396 411 624 449 transnaviyant
643 409 689 447 qui
705 412 789 437 caute
804 407 950 436 mundanis
971 405 1199 443 occupationibus
1214 412 1243 433 se

395 461 535 489 exercent.
548 474 584 479 —
600 458 673 486 Mare
694 463 761 484 vero
781 454 897 483 calcant
914 453 962 490 qui
985 452 1102 481 omnino
1116 460 1132 480 a
1147 450 1242 480 mundi

396 504 626 535 sollicitudinibus
646 510 675 532 se
696 501 862 531 abstrahunt
886 503 914 529 et
935 499 1074 528 mundana
1100 498 1135 527 ad
1156 498 1242 526 solam

1299 279 1335 284 -
1350 265 1377 292 et
1391 270 1465 299 aqua
1478 260 1618 299 fortunae
1633 278 1669 283 -
1685 264 1713 290 et
1733 269 1806 299 aqua
1824 261 1942 299 yrcttiae
1957 277 1993 282 -
2015 264 2043 289 et
2064 260 2147 290 etiam

1298 317 1371 347 aqua
1390 308 1511 346 qloriae.
1528 308 1689 337 Huiusmodi
1710 316 1847 345 aquarum
1863 307 1932 336 aliae
1953 310 2018 336 sunt
2032 307 2147 345 s'ayien-

1299 356 1369 390 dae,
1391 355 1460 385 aliae
1481 355 1696 389 transeundae,
1717 355 1786 384 aliae
1811 357 1877 384 sunt
1900 354 2085 392 appetendae.
2111 371 2147 375 —

1300 403 1391 440 Aquae
1412 410 1494 440 ergo,
1523 410 1593 440 quas
1613 401 1767 440 sapimus,
1789 404 1855 431 sunt
1882 409 1970 439 aquae
1991 401 2094 439 calpae
2121 404 2148 431 et

1299 457 1387 487 aquae
1405 458 1533 487 poenae,-
1559 449 1631 478 inter
1652 457 1722 486 quas
1749 449 1840 486 primo
1869 448 2017 478 videndum
2045 451 2087 478 est
2115 448 2149 478 de

1300 497 1381 534 aquis
1402 496 1513 534 culpae.

2285 486 2287 499 l

396 552 622 582 sustentationem
644 550 754 578 liabent.
777 548 822 577 Isti
841 547 930 576 ultimi
952 555 968 575 a
982 546 1051 575 mari
1071 548 1242 583 portantur,

396 599 442 628 sed
458 606 507 627 nec
529 598 655 626 laborant
669 603 719 625 nec
734 596 954 632 immerguntur;
970 593 1078 631 priores
1097 600 1163 621 vero
1174 600 1244 630 por-

397 648 499 674 tantur
513 646 540 673 et
554 643 703 676 laborant,
719 642 766 671 sed
780 649 835 670 non
850 641 1064 677 immerguntur.
1080 639 1162 668 Primi
1178 646 1244 667 vero

397 696 424 721 et
443 694 602 729 portantur
623 692 651 718 et
672 688 809 718 laborant
828 690 856 717 et
876 687 1104 724 immeryztntur.

1380 545 1406 572 ⁶2.
1428 544 1475 572 Est
1495 546 1587 572 autem
1609 543 1756 580 multiplex
1783 551 1856 580 aqua
1876 542 1986 580 eulpae.
2009 543 2055 571 Est
2075 542 2147 572 enim
2159 542 2289 583 rumesiam}

1300 599 1374 629 aqua
1387 590 1560 628 superbiae;
1574 590 1749 628 Apocalypsis
1760 590 1867 619 decimo
1878 590 1994 627 septimo
2005 590 2030 618 ⁴:
2046 601 2059 615 α
2071 589 2148 624 Veni,
2162 571 2289 638 Αιξιῗξῃὲὖῗόιϋ

1300 641 1328 667 et
1349 638 1491 667 ostendam
1523 637 1571 666 tibi
1599 636 1800 666 damnationem
1833 636 1988 666 meretricis
2019 644 2149 674 magnae,
2166 623 2258 661 Pri'rss-u'
2283 624 2289 674 ΙΙ

1300 693 1372 722 quae
1394 685 1470 714 sedet
1491 692 1577 722 super
1606 692 1693 721 aquas
1717 684 1819 713 multas
1834 696 1848 709 n
1873 686 1941 718 etc.;
1964 683 2088 721 loquitur
2116 683 2150 712 de

1302 731 1442 761 mundana
1462 731 1591 760 vanitate.
1606 747 1643 753 —
1659 732 1736 768 Aqua
1763 730 1924 765 avaritiae,
1945 730 1979 759 de
2000 738 2056 768 qua
2076 732 2151 759 recte
2168 734 2265 756 Secunda.v

729 792 856 814 Awsomio
873 789 910 813 77.
1303 781 1393 817 potest
1405 779 1458 808 dici
1474 778 1532 808 hic:
1556 778 1615 815 Qui·
1628 778 1699 807 bibit
1711 787 1747 807 ea:
1767 777 1823 807 hae
1844 786 1925 816 aqua
1945 777 2022 807 sitiet
2035 777 2150 806 iterum.

478 880 558 916 (vers
592 879 649 914 16)
682 879 775 907 Pasce
796 885 889 915 danos
909 885 986 905 meos
1462 858 1513 886 Quo
1531 858 1583 886 plus
1600 859 1692 886 potatae
1708 857 1760 886 plus
1777 857 1885 880 sitiuntur
1902 862 1984 886 aquae.

478 926 559 960 Nota,
581 925 656 963 quod
677 925 789 963 quidam
804 926 921 961 pascunt
938 931 1046 961 aynos,
1068 922 1180 960 quidam
1202 922 1246 950 lu-

280 983 307 1009 pe
321 982 386 1002 trihus,
398 982 464 1011 pos,
479 972 591 1010 quidam
606 981 635 1001 se
649 972 736 1010 ipsos.
749 988 786 992 —-
798 972 887 1008 Agnos
901 972 1019 1007 pascunt
1033 968 1101 998 boni
1113 968 1246 1006 praelati;

256 1008 389 1054 gissastffi‘l?
400 1021 433 1050 de
454 1020 556 1058 quibus
578 1019 661 1049 Isaiae
675 1018 886 1056 quadragesimo
899 1018 924 1045 ¹:
951 1029 965 1042 «
979 1017 1056 1046 Sicut
1076 1019 1170 1054 pastor
1185 1024 1247 1054 gre-

400 1076 460 1106 gem
482 1075 564 1097 suum
586 1070 706 1104 pascet»
732 1070 783 1096 etc.
800 1082 836 1086 —
852 1066 943 1102 Lupos
964 1067 1081 1102 pascunt
1098 1072 1247 1093 mercena-

400 1116 458 1149 rii;
480 1115 586 1144 loannis
606 1114 726 1143 decimo:
753 1125 766 1138 «t
780 1112 966 1142 Mercenarius
987 1111 1061 1141 videt
1082 1112 1179 1149 lupum
1202 1119 1247 1140 ve-

400 1162 520 1191 nientem
542 1164 569 1190 et
589 1160 701 1190 dimittit
721 1167 786 1189 oves
807 1162 834 1188 et
855 1158 952 1196 fugit»
979 1161 1031 1188 etc.
1057 1174 1094 1180 —
1119 1158 1152 1187 Se
1173 1157 1249 1195 ipsos

401 1212 517 1246 pascunt
537 1207 637 1245 fares,
669 1206 772 1244 quibus
792 1206 894 1234 dicitur
926 1204 1075 1234 Ezechielis
1107 1204 1248 1242 trigesimo

1304 920 1350 950 Est
1361 929 1433 958 aqua
1444 920 1602 954 lMOEuria8‚⁸
1613 919 1726 949 Genesis
1736 919 1948 957 quadragesimo
1959 927 2031 948 nono
2039 918 2063 948 ⁶:
2077 930 2090 944 «
2099 919 2153 948 Ru-
2171 921 2239 942 Torua.

1303 967 1356 996 ben
1371 967 1477 997 effusus
1497 975 1527 996 es
1548 966 1621 996 sicut
1640 975 1732 1004 aqua;
1754 975 1809 995 non
1830 974 1952 1001 crescas,
1973 966 2039 1003 quia
2059 973 2153 995 ascen·
2295 1000 2296 1003 Ἴ

1303 1015 1366 1044 disti
1387 1015 1478 1044 cubile
1499 1015 1586 1052 patris
1607 1014 1647 1043 tui
1668 1017 1696 1043 et
1717 1014 1861 1044 maculasti
1883 1016 2003 1043 stratum
2024 1013 2085 1042 eius
2099 1024 2126 1041 n.
2293 1014 2296 1051 j

1383 1062 1409 1091 3.
1431 1062 1523 1099 Aquae
1550 1061 1618 1090 istae
1639 1060 1849 1090 abominabiles
1870 1063 1948 1095 sunt,
1973 1059 2040 1098 quia
2061 1057 2296 1110 turbi-dflgxssregffll

1304 1109 1376 1143 dae;
1397 1109 1549 1138 obscurant
1575 1109 1649 1138 enim
1671 1108 1822 1143 rationem;
1852 1108 1927 1137 unde
1954 1107 2056 1137 dicitur
2084 1100 2222 1139 lere-hiatio.
2295 1108 2296 1142 l

1304 1156 1375 1186 miae
1396 1156 1555 1185 secundoss:
1581 1167 1595 1181 «
1612 1155 1685 1192 Quid
1715 1155 1752 1184 ibi
1775 1155 1816 1184 vis
1843 1155 1870 1184 in
1901 1155 1946 1184 via
1966 1154 2095 1192 Aegypti,
2123 1156 2156 1183 ut

1305 1204 1383 1233 bibas
1414 1211 1516 1241 aquam
1547 1203 1687 1232 turbidam
1707 1214 1734 1231 ».
1760 1219 1796 1224 —
1821 1203 1904 1237 Item,
1931 1202 1998 1240 quia
2027 1201 2155 1230 immun·
2166 1202 2289 1247 Quiadgrgfnuw

284 1732 389 1751 voluntatis

261 1755 331 1774 Christi
342 1755 353 1774 3
364 1756 389 1774 es-

262 1780 327 1798 fectus.

318 2440 395 2459 Divisio.

401 1259 516 1293 quarto:
543 1266 555 1280 a
572 1255 626 1283 Vae
654 1253 812 1291 pastoribus
834 1253 932 1286 lsrael,
960 1252 1008 1290 qui
1036 1252 1185 1289 pascebant
1206 1260 1248 1281 se-

400 1302 531 1339 metipsos
545 1313 559 1326 »
584 1304 635 1330 etc.
653 1317 688 1321 --
708 1300 776 1329 Ecce
797 1308 879 1337 ergo,
901 1299 929 1328 in
950 1307 1034 1336 grege
1056 1298 1164 1327 Domini
1186 1298 1249 1336 qui-

401 1349 464 1377 dam
495 1351 560 1377 sunt
580 1347 681 1385 fures,
713 1347 760 1385 qui
782 1350 899 1384 pascunt
930 1346 1107 1383 semetipsos;
1136 1346 1248 1383 quidam

404 1395 595 1429 mercenarii,
624 1395 672 1432 qui
701 1398 818 1432 pascunt
846 1394 948 1431 lupos,·
975 1393 1088 1431 quidam
1114 1396 1250 1431 pastores

403 1442 480 1477 veri,
503 1443 551 1480 qui
573 1445 690 1479 pascunt
710 1449 804 1479 agnos.

736 1544 864 1567 Annorum
881 1544 919 1567 78.

484 1631 573 1668 (Vers.
589 1631 657 1666 92).
674 1631 721 1659 Sic
735 1639 801 1659 earn
811 1630 874 1659 volo
886 1639 1013 1665 manere,
1028 1630 1116 1659 donec
1126 1629 1251 1659 veniam.

484 1679 564 1712 Nota,
586 1677 660 1715 quod
681 1678 877 1715 potestativum
898 1681 940 1707 est
961 1677 1027 1706 velle
1048 1677 1157 1706 Domini
1182 1677 1252 1706 lesu.

405 1727 471 1755 Nam
492 1725 559 1754 velle
579 1725 639 1754 eius
660 1725 785 1754 mundat
800 1725 954 1762 leprosum;
976 1724 1104 1754 Matthaei
1119 1725 1252 1754 octavoss:

411 1785 425 1798 «
440 1772 539 1810 Tetigit
559 1780 624 1801 eum
644 1772 753 1801 dicens:
776 1772 858 1806 Volo,
880 1772 1017 1801 mundare
1035 1783 1062 1800 ».
1089 1788 1125 1793 -
1152 1771 1256 1800 Servat

407 1819 590 1857 discipulum3
612 1819 718 1848 Ioannis
745 1819 858 1848 ultimo:
881 1818 928 1848 Sic
949 1827 1015 1848 eam
1043 1818 1106 1847 volo
1126 1827 1253 1847 manere.

408 1884 445 1889 —
473 1865 627 1903 Glorificat
653 1866 827 1900 ministrum;
856 1866 963 1895 loannis
989 1865 1096 1895 decimo
1121 1865 1254 1903 septimo:

413 1925 427 1938 α
441 1913 522 1947 Volo,
544 1913 638 1947 Pater,
660 1915 692 1941 ut
713 1912 760 1941 ubi
781 1920 832 1950 ego
850 1920 928 1947 sum,
949 1912 1005 1942 illic
1026 1912 1062 1941 sit
1082 1915 1110 1942 et
1130 1912 1255 1941 minister

409 1967 526 1988 meus».
539 1975 576 1980 —
591 1959 637 1988 Est
657 1967 724 1996 ergo
745 1959 872 1988 voluntas
893 1958 1012 1993 Christi,
1034 1966 1106 1996 quae
1130 1959 1257 1988 mundat

409 2006 526 2044 culpam
541 2006 649 2044 leprae,
664 2009 763 2035 servat
781 2005 873 2034 vitam
890 2006 1012 2043 gratiae,
1034 2005 1138 2035 tribuit
1163 2005 1256 2035 vitam

409 2053 520 2091 gloriae.

700 2155 842 2178 COLLATlO
860 2156 969 2178 Lxxvu

489 2242 565 2276 (CAP.
581 2242 612 2276 ἰι,
630 2242 695 2278 13.).
714 2242 825 2277 Omnis,
846 2242 899 2280 qui
913 2241 981 2271 bibit
994 2250 1029 2271 erc
1044 2241 1099 2270 hae
1113 2250 1204 2280 aqua,
1219 2241 1258 2270 si-

411 2290 459 2318 tiet
479 2289 596 2324 iterum,
617 2289 724 2319 loannis
745 2292 845 2326 quarto
856 2289 876 2317 ³.

493 2338 516 2365 1.
532 2337 560 2365 ln
575 2337 627 2366 hac
641 2340 720 2374 parte
734 2336 826 2374 agitur
836 2336 870 2365 de
885 2336 1030 2374 multiplici
1044 2344 1146 2374 genere
1160 2344 1257 2373 aquae.

490 2383 658 2417 Notandum,
673 2383 747 2420 quod
762 2383 865 2412 multae
886 2386 952 2412 sunt
971 2391 1110 2421 aquarum
1130 2383 1259 2412 differen-

413 2431 474 2459 tiae.
493 2430 539 2459 Est
563 2430 636 2459 enim
660 2438 733 2468 aqua
753 2430 856 2467 eulpae
877 2447 915 2451 -
940 2433 967 2459 et
990 2433 1032 2459 est
1059 2438 1132 2467 aqua
1151 2438 1260 2467 poenae

478 2639 485 2653 ¹
506 2641 572 2663 vers.
589 2640 625 2662 tt.
642 2652 673 2657 —
690 2640 794 2663 Subinde
811 2641 940 2669 allegantur
958 2641 1018 2663 loan.
1036 2641 1128 2668 rlt],1l2.
1143 2643 1166 2663 et
1181 2641 1262 2663 Ezech.

416 2679 458 2707 34,
475 2681 497 2702 2.

478 2717 488 2731 ⁹
505 2719 572 2741 Vers.
588 2719 611 2741 3.
623 2731 653 2735 -
665 2719 775 2747 Sequitur
792 2720 852 2741 loan.
871 2719 913 2746 1l7,
930 2719 974 2742 24:
997 2719 1052 2742 Volo
1063 2722 1119 2746 etc.‚
1131 2721 1153 2741 et
1165 2719 1207 2747 ⁴2,
1219 2719 1263 2741 26:

418 2757 469 2781 Illic
485 2761 540 2785 etc.;
558 2757 699 2780 verbotenus
716 2762 750 2780 est
768 2758 789 2780 in
807 2757 886 2781 officio
903 2758 971 2781 unius
988 2758 1100 2786 Martyris.

480 2795 490 2808 ³
506 2798 632 2826 Hucusque
649 2800 728 2819 auctor
744 2797 892 2820 collationum
910 2800 1003 2820 secutus
1019 2800 1054 2820 est
1070 2797 1175 2820 ordinem
1193 2797 1264 2819 Evan-

418 2836 470 2864 gelii
488 2836 592 2863 loannis;
617 2835 647 2858 ab
672 2837 715 2858 hac
737 2836 856 2859 collatione
880 2836 960 2864 incipit
980 2843 1041 2859 nova
1058 2836 1143 2863 series,
1160 2842 1221 2865 quae
1237 2841 1264 2858 ex

418 2874 533 2904 aliquibus
550 2875 656 2903 capitulis
680 2875 795 2904 quaedam
817 2875 838 2897 in
858 2875 974 2903 prioribus
995 2875 1155 2898 collationibus
1179 2875 1264 2898 omissa

419 2917 506 2936 tractat.
524 2914 565 2936 Vel
583 2914 632 2942 ipse
648 2916 728 2936 auctor
745 2914 830 2937 omissa
848 2917 928 2942 postea
945 2914 1055 2943 adiunxit,
1067 2915 1104 2937 vel
1115 2913 1222 2937 librarius
1233 2913 1264 2937 ob

419 2953 529 2975 incuriam
547 2956 612 2976 antea
630 2954 735 2981 neglecta
753 2953 774 2975 in
792 2954 836 2976 tine
854 2954 937 2982 posuit.

481 2991 491 3004 ⁴
509 2993 573 3015 Vers.
596 2993 613 3015 1.
631 3005 662 3009 -
680 2992 782 3015 Subinde
800 2993 911 3021 allegatur
922 2993 1002 3020 Ovid.,
1015 2993 1029 3015 l.
1041 2993 1162 3015 Fastorum
1175 2999 1198 3015 v.
1211 2993 1264 3021 216,

1305 1252 1375 1285 dae,·
1396 1251 1542 1288 inquinant
1563 1250 1637 1279 enim
1657 1250 1843 1285 affectionem
1866 1249 1977 1279 Levitici
1996 1248 2154 1278 undecimo:

1311 1310 1324 1323 a
1339 1298 1436 1327 Omnis
1456 1298 1551 1332 cibus,
1571 1305 1656 1335 quem
1678 1297 1846 1332 comederis,
1867 1297 1889 1326 si
1918 1296 1980 1325 fusa
2004 1295 2088 1325 suerit
2109 1303 2156 1324 su-

1306 1353 1356 1383 per
1377 1353 1441 1374 eum
1462 1353 1551 1383 aqua,
1572 1344 1733 1374 immundus
1754 1344 1849 1373 erit».
1876 1361 1912 1364 -
1937 1343 2008 1381 Quia
2027 1342 2290 1377 Sgefficeffiouiamrnw

1306 1393 1471 1422 exinaniunt
1485 1392 1558 1421 enim
1574 1392 1722 1425 virtutem;
1737 1392 1925 1421 Numerorum
1946 1390 2057 1428 quinto:
2081 1401 2094 1416 (ι
2108 1390 2157 1419 Ρο-

1307 1442 1366 1468 tum
1387 1439 1433 1468 det
1453 1439 1563 1468 mulieri
1584 1447 1672 1476 aquas
1691 1438 1880 1467 amarissimas
1902 1448 1936 1472 »ς
1962 1440 1989 1466 et
2010 1436 2157 1475 sequitur:

1312 1498 1326 1512 (ε
1341 1486 1552 1515 pertransibunt
1579 1494 1641 1515 eam
1662 1493 1751 1523 aquae
1779 1484 1994 1519 maledictionis,
2015 1487 2043 1513 et
2063 1484 2159 1513 inflato

1309 1537 1423 1568 ventre,
1445 1536 1649 1571 computrescet
1669 1533 1761 1562 femur
1775 1545 1803 1560 ».

1387 1582 1414 1610 li.
1436 1582 1527 1618 Aquas
1548 1580 1614 1610 istas
1637 1580 1764 1617 sequitur
1792 1587 1866 1617 aqua
1883 1587 2002 1616 poenae.
2032 1578 2064 1608 Et
2093 1580 2159 1607 sunt

2175 1578 2292 1622 niguiirl'ssi

1308 1636 1398 1666 aquae
1419 1635 1523 1665 poenae
1551 1625 1721 1661 horribiles,
1750 1626 1816 1664 quia
1841 1625 1983 1654 obscurae
2009 1625 2044 1654 ad
2064 1624 2159 1654 viden-
2174 1625 2293 1650 1⁰³·t111120b‘

1310 1675 1392 1710 dum,
1414 1683 1540 1704 amarae
1560 1674 1594 1703 ad
1616 1674 1784 1712 potandum,
1806 1673 2015 1711 intemperatae
2035 1672 2070 1701 ad
2098 1680 2160 1701 sen-

1310 1722 1444 1752 tiendum.
1458 1739 1493 1742 —
1505 1722 1575 1751 Sunt
1589 1721 1675 1759 igitur
1696 1721 1838 1750 obscurae
1851 1720 1885 1750 ad
1899 1720 2065 1755 videndum;
2087 1719 2161 1749 unde

1312 1769 1398 1799 Exodi
1429 1769 1536 1798 decimo
1566 1768 1702 1806 quinto⁷:
1728 1779 1742 1794 «
1764 1767 1859 1805 Abyssi
1890 1769 2063 1804 operuerunt
2094 1774 2159 1801 eos3

1311 1816 1514 1845 descenderunt
1546 1815 1573 1844 in
1601 1814 1773 1853 profundum
1801 1814 1880 1852 quasi
1902 1814 1971 1851 lapis
1994 1824 2026 1849 »;
2054 1816 2082 1843 et
2111 1813 2162 1843 ite-

1312 1870 1389 1893 rum:
1415 1874 1428 1888 «
1443 1863 1631 1900 congregatae
1652 1865 1718 1891 sunt
1741 1861 1833 1899 abyssi
1854 1861 1882 1890 in
1909 1861 2000 1890 medio
2027 1860 2113 1890 maris
2133 1872 2160 1890 ι).

1313 1927 1349 1932 -
1372 1912 1505 1939 Amarae
1525 1913 1663 1947 quantum
1683 1909 1717 1938 ad
1731 1917 1848 1946 poenam
1870 1908 1988 1943 vermis;
2011 1908 2098 1937 Exodi
2115 1907 2163 1937 de·
2179 1908 2264 1928 Amm-

1312 1958 1384 1987 oimo
1411 1958 1524 1995 quinto:
1559 1968 1572 1982 «ι
1588 1956 1708 1986 Reduxit
1728 1964 1814 1994 super
1842 1964 1889 1985 eos
1910 1955 2045 1985 Dominus
2075 1963 2163 1993 aquas

1313 2005 1398 2034 maris
1412 2017 1439 2033 n.
1456 2021 1493 2026 —
1510 2005 1721 2041 Intemperatae
1741 2006 1878 2042 quantum
1900 2003 1935 2032 ad
1956 2011 2073 2041 poenam
2101 2010 2163 2032 sen·
2179 2004 2287 2047 ''st“ggffl‘

1313 2061 1377 2088 sus3
1400 2052 1446 2081 Iob
1467 2051 1600 2090 vigesimo
1620 2055 1734 2089 quarto:
1761 2063 1775 2076 a
1790 2051 1829 2080 Ab
1849 2051 1930 2088 aquis
1944 2050 2050 2079 nivium
2073 2052 2164 2079 trans-

1313 2101 1358 2128 eat
1375 2098 1413 2128 ad
1433 2099 1553 2128 calorem
1575 2098 1694 2127 nimium
1705 2110 1732 2127 υ.
1748 2114 1787 2119 -
1801 2098 1870 2127 Istae
1891 2105 1958 2135 ergo
1979 2100 2045 2127 sunt
2058 2104 2163 2135 aquae,

1314 2154 1384 2184 quas
1405 2145 1536 2183 sugimus.
1558 2145 1690 2183 Fugimus
1710 2145 1784 2175 enim
1799 2153 1886 2183 aquas
1907 2144 2026 2182 culpae,
2041 2152 2076 2174 ne
2096 2144 2164 2173 inci-

1314 2194 1415 2223 damus
1435 2193 1463 2222 in
1484 2201 1572 2230 aquas
1588 2201 1708 2230 poenae.

1314 2288 1348 2317 de
1362 2288 1443 2326 aquis
1456 2287 1596 2326 fortunae
1602 2298 1613 2321 ;
1633 2290 1661 2317 et
1679 2287 1746 2325 quia
1766 2287 1879 2316 fortuna
1891 2287 1998 2324 duplex
2018 2289 2075 2316 est:
2096 2294 2165 2324 pro-

1314 2343 1403 2373 spera
1423 2338 1451 2364 et
1465 2335 1611 2368 adversm
1632 2334 1694 2364 ideo
1714 2334 1883 2368 notandum,
1901 2333 1976 2372 quod
1996 2336 2062 2363 sunt
2076 2341 2165 2371 aquae

1313 2382 1521 2420 prosperitatis
1555 2385 1583 2411 et
1614 2382 1813 2411 adversitatis.
1849 2382 1926 2419 Aqua
1957 2380 2165 2419 prosperitatis
2182 2380 2197 2399 P

1316 2429 1480 2466 multiplex:
1501 2437 1575 2467 aqua
1595 2428 1789 2462 deliciaram5
1818 2428 2033 2457 Proverbiorum
2053 2427 2165 2457 nono⁸:

1320 2646 1363 2668 pro
1380 2645 1426 2668 qua
1443 2640 1462 2662 A
1480 2638 1528 2667 Qui
1539 2638 1597 2669 plus
1615 2638 1671 2662 bibit
1680 2637 1818 2662 mundanae
1830 2637 1980 2668 cupiditatis,
1991 2637 2049 2668 plus
2060 2637 2137 2666 sitiet,
2149 2644 2163 2660 e

1321 2679 1343 2702 in
1360 2685 1407 2708 quo
1425 2685 1468 2707 pro
1482 2679 1579 2708 potatae
1595 2679 1612 2700 B
1629 2679 1727 2708 epotae:

1462 2733 1513 2762 Quo
1530 2733 1583 2762 plus
1599 2735 1653 2757 sunt
1669 2734 1751 2761 potae,
1768 2733 1821 2761 plus
1837 2732 1945 2755 sitiuntur
1961 2738 2043 2762 aquae.

1383 2794 1394 2808 ⁵
1412 2796 1477 2818 Vers.
1511 2813 1516 2818 .
1533 2798 1556 2818 et
1573 2795 1594 2818 4.

1383 2833 1393 2847 ‘³
1410 2835 1476 2857 Vers.
1495 2796 1532 2857 ²138.
1548 2847 1580 2852 —
1597 2835 1731 2864 Sequuntur
1747 2835 1801 2857 Lev.
1820 2834 1844 2856 Μ
1857 2852 1862 2863 ,
1876 2833 1919 2861 34;
1931 2834 1997 2856 Num.
2010 2833 2036 2861 5,
2047 2833 2085 2856 26.
2098 2836 2120 2855 et
2131 2832 2169 2855 27.

1383 2872 1392 2885 '¹
1412 2874 1476 2896 Vers.
1494 2874 1516 2896 5.
1533 2876 1556 2897 et
1573 2874 1594 2896 8.
1612 2886 1643 2890 —-
1661 2872 1765 2896 Subinde
1781 2873 1909 2901 allegantur
1931 2872 2000 2895 Exod.
2024 2871 2066 2899 115,
2089 2872 2126 2894 49.
2148 2874 2170 2894 et

1322 2912 1362 2936 lob
1379 2913 1423 2940 24,
1442 2913 1480 2935 19.

1384 2951 1394 2965 ⁸
1412 2953 1477 2976 Vei-s.
1496 2952 1532 2975 47.
1551 2966 1581 2969 ——
1597 2953 1648 2976 Duo
1664 2959 1730 2982 seqq.
1748 2952 1792 2975 loci
1814 2954 1868 2975 sunt
1890 2952 1961 2980 Apoc.
1980 2952 2023 2980 42,
2041 2951 2078 2974 45.
2095 2953 2118 2974 et
2134 2951 2170 2974 Ps.

1323 2992 1366 3019 92,
1383 2993 1405 3015 3.
1422 2999 1471 3021 seq.

2177 1654 2248 1669 scurae·

1395 2242 1420 2270 5.
1443 2241 1575 2278 Sequitur
1595 2240 1630 2270 de
1650 2240 1747 2278 aquis,
1769 2248 1839 2278 quas
1860 2240 2039 2275 transimus,
2061 2239 2165 2269 scilicet.
2181 2214 2296 2282 ξῇζῖξζῗξξῖἓ

2181 2287 2236 2310 Aqua
2253 2285 2296 2315 rog-tu

2181 2314 2217 2329 nae
2233 2309 2296 2333 duplex

2198 2380 2245 2399 rima
2258 2379 2285 2398 est

2199 2403 2272 2427 triplex.
