<?xml version="1.0" encoding="UTF-8"?>
<!DOCTYPE html PUBLIC "-//W3C//DTD XHTML 1.0 Transitional//EN"
    "http://www.w3.org/TR/xhtml1/DTD/xhtml1-transitional.dtd">
<html xmlns="http://www.w3.org/1999/xhtml" xml:lang="en" lang="en">
 <head>
  <title>
</title>
<meta http-equiv="Content-Type" content="text/html;charset=utf-8" />
  <meta name='ocr-system' content='tesseract 3.04.00' />
  <meta name='ocr-capabilities' content='ocr_page ocr_carea ocr_par ocr_line ocrx_word'/>
</head>
<body>
  <div class='ocr_page' id='page_1' title='image "./doctorisseraphic06bona_0109.png"; bbox 0 0 2296 3316; ppageno 0'>
   <div class='ocr_carea' id='block_1_1' title="bbox 6 293 153 322">
    <p class='ocr_par' dir='ltr' id='par_1_1' title="bbox 6 293 153 322">
     <span class='ocr_line' id='line_1_1' title="bbox 6 293 153 322; baseline -0.014 -10"><span class='ocrx_word' id='word_1_1' title='bbox 6 295 11 322; x_wconf 52' lang='grc' dir='ltr'>ζ</span> <span class='ocrx_word' id='word_1_2' title='bbox 37 293 94 317; x_wconf 79' lang='lat' dir='ltr'><em>Resp.</em></span> <span class='ocrx_word' id='word_1_3' title='bbox 110 296 153 311; x_wconf 84' lang='lat' dir='ltr'><em>cum</em></span> 
     </span>
    </p>
   </div>
   <div class='ocr_carea' id='block_1_2' title="bbox 5 315 157 336">
    <p class='ocr_par' dir='ltr' id='par_1_2' title="bbox 5 315 157 336">
     <span class='ocr_line' id='line_1_2' title="bbox 5 315 157 336; baseline -0.013 0"><span class='ocrx_word' id='word_1_4' title='bbox 5 323 11 332; x_wconf 66' lang='grc' dir='ltr'><em>ἰ</em></span> <span class='ocrx_word' id='word_1_5' title='bbox 33 315 157 336; x_wconf 79' lang='lat' dir='ltr'><em>distinetione.</em></span> 
     </span>
    </p>
   </div>
   <div class='ocr_carea' id='block_1_3' title="bbox 8 355 11 392">
    <p class='ocr_par' dir='ltr' id='par_1_3' title="bbox 8 355 11 392">
     <span class='ocr_line' id='line_1_3' title="bbox 8 355 11 392; baseline 0 0"><span class='ocrx_word' id='word_1_6' title='bbox 8 355 11 392; x_wconf 66' lang='lat' dir='ltr'><em>i</em></span> 
     </span>
    </p>
   </div>
   <div class='ocr_carea' id='block_1_4' title="bbox 37 569 152 612">
    <p class='ocr_par' dir='ltr' id='par_1_4' title="bbox 37 569 152 612">
     <span class='ocr_line' id='line_1_4' title="bbox 37 569 152 594; baseline -0.017 -4"><span class='ocrx_word' id='word_1_7' title='bbox 37 570 66 590; x_wconf 78' lang='lat' dir='ltr'><em>Ad</em></span> <span class='ocrx_word' id='word_1_8' title='bbox 78 569 152 594; x_wconf 78' lang='lat' dir='ltr'><em>opposi-</em></span> 
     </span>
     <span class='ocr_line' id='line_1_5' title="bbox 70 596 116 612; baseline 0 0"><span class='ocrx_word' id='word_1_9' title='bbox 70 596 116 612; x_wconf 79' lang='lat' dir='ltr'><em>tum.</em></span> 
     </span>
    </p>
   </div>
   <div class='ocr_carea' id='block_1_5' title="bbox 92 802 150 825">
    <p class='ocr_par' dir='ltr' id='par_1_5' title="bbox 92 802 150 825">
     <span class='ocr_line' id='line_1_6' title="bbox 92 802 150 825; baseline 0 -5"><span class='ocrx_word' id='word_1_10' title='bbox 92 802 150 825; x_wconf 77' lang='lat' dir='ltr'><em>Resp-</em></span> 
     </span>
    </p>
   </div>
   <div class='ocr_carea' id='block_1_6' title="bbox 9 839 151 920">
    <p class='ocr_par' dir='ltr' id='par_1_6' title="bbox 9 839 151 920">
     <span class='ocr_line' id='line_1_7' title="bbox 9 839 151 873; baseline -0.014 -5"><span class='ocrx_word' id='word_1_11' title='bbox 9 839 10 844; x_wconf 31' lang='lat'>¹</span> <span class='ocrx_word' id='word_1_12' title='bbox 25 849 98 873; x_wconf 75' lang='lat' dir='ltr'><strong>Triplex</strong></span> <span class='ocrx_word' id='word_1_13' title='bbox 111 847 151 866; x_wconf 84' lang='lat' dir='ltr'><em>uni-</em></span> 
     </span>
     <span class='ocr_line' id='line_1_8' title="bbox 36 874 151 896; baseline -0.009 -5"><span class='ocrx_word' id='word_1_14' title='bbox 36 874 63 891; x_wconf 75' lang='lat' dir='ltr'><em>tas</em></span> <span class='ocrx_word' id='word_1_15' title='bbox 75 876 151 896; x_wconf 82' lang='lat' dir='ltr'><em>praece-</em></span> 
     </span>
     <span class='ocr_line' id='line_1_9' title="bbox 9 897 114 920; baseline -0.01 -6"><span class='ocrx_word' id='word_1_16' title='bbox 9 901 10 906; x_wconf 62' lang='lat'><em>*</em></span> <span class='ocrx_word' id='word_1_17' title='bbox 35 897 114 920; x_wconf 69' lang='lat' dir='ltr'><em>piorum.</em></span> 
     </span>
    </p>
   </div>
   <div class='ocr_carea' id='block_1_7' title="bbox 70 1732 148 1751">
    <p class='ocr_par' dir='ltr' id='par_1_7' title="bbox 70 1732 148 1751">
     <span class='ocr_line' id='line_1_10' title="bbox 70 1732 148 1751; baseline 0 0"><span class='ocrx_word' id='word_1_18' title='bbox 70 1732 148 1751; x_wconf 77' lang='lat' dir='ltr'><em>Divisio.</em></span> 
     </span>
    </p>
   </div>
   <div class='ocr_carea' id='block_1_8' title="bbox 73 2246 150 2265">
    <p class='ocr_par' dir='ltr' id='par_1_8' title="bbox 73 2246 150 2265">
     <span class='ocr_line' id='line_1_11' title="bbox 73 2246 150 2265; baseline 0 0"><span class='ocrx_word' id='word_1_19' title='bbox 73 2246 150 2265; x_wconf 81' lang='lat' dir='ltr'><em>Divisio.</em></span> 
     </span>
    </p>
   </div>
   <div class='ocr_carea' id='block_1_9' title="bbox 733 155 1348 185">
    <p class='ocr_par' dir='ltr' id='par_1_9' title="bbox 733 155 1348 185">
     <span class='ocr_line' id='line_1_12' title="bbox 733 155 1348 185; baseline 0 -1"><span class='ocrx_word' id='word_1_20' title='bbox 733 155 904 184; x_wconf 90' lang='lat' dir='ltr'><em>COMMENT.</em></span> <span class='ocrx_word' id='word_1_21' title='bbox 927 156 959 184; x_wconf 88' lang='lat' dir='ltr'><em>IN</em></span> <span class='ocrx_word' id='word_1_22' title='bbox 980 155 1215 185; x_wconf 73' lang='lat' dir='ltr'>ECCLESIASTEN</span> <span class='ocrx_word' id='word_1_23' title='bbox 1235 155 1263 185; x_wconf 87' lang='lat' dir='ltr'><em>C.</em></span> <span class='ocrx_word' id='word_1_24' title='bbox 1285 156 1348 185; x_wconf 87' lang='lat' dir='ltr'>VIII.</span> 
     </span>
    </p>
   </div>
   <div class='ocr_carea' id='block_1_10' title="bbox 164 232 1014 1485">
    <p class='ocr_par' dir='ltr' id='par_1_10' title="bbox 168 232 1014 405">
     <span class='ocr_line' id='line_1_13' title="bbox 248 232 1014 274; baseline -0.008 -8"><span class='ocrx_word' id='word_1_25' title='bbox 248 236 422 274; x_wconf 87' lang='lat' dir='ltr'><em>Respondeo:</em></span> <span class='ocrx_word' id='word_1_26' title='bbox 444 238 486 264; x_wconf 89' lang='lat' dir='ltr'><em>est</em></span> <span class='ocrx_word' id='word_1_27' title='bbox 507 234 630 271; x_wconf 88' lang='lat' dir='ltr'><em>experiri</em></span> <span class='ocrx_word' id='word_1_28' title='bbox 662 233 782 267; x_wconf 85' lang='lat' dir='ltr'><em>malum,</em></span> <span class='ocrx_word' id='word_1_29' title='bbox 803 232 878 270; x_wconf 89' lang='lat' dir='ltr'><em>quod</em></span> <span class='ocrx_word' id='word_1_30' title='bbox 895 241 1014 270; x_wconf 83' lang='lat' dir='ltr'><em>perma-</em></span> 
     </span>
     <span class='ocr_line' id='line_1_14' title="bbox 168 279 1013 318; baseline -0.007 -5"><span class='ocrx_word' id='word_1_31' title='bbox 168 289 227 318; x_wconf 83' lang='lat' dir='ltr'><em>net,</em></span> <span class='ocrx_word' id='word_1_32' title='bbox 249 286 277 313; x_wconf 89' lang='lat' dir='ltr'><em>et</em></span> <span class='ocrx_word' id='word_1_33' title='bbox 296 282 414 315; x_wconf 83' lang='lat' dir='ltr'><em>malum,</em></span> <span class='ocrx_word' id='word_1_34' title='bbox 436 281 510 318; x_wconf 91' lang='lat' dir='ltr'><em>quod</em></span> <span class='ocrx_word' id='word_1_35' title='bbox 531 280 656 314; x_wconf 81' lang='lat' dir='ltr'><em>transit‚·</em></span> <span class='ocrx_word' id='word_1_36' title='bbox 677 283 704 309; x_wconf 89' lang='lat' dir='ltr'><em>et</em></span> <span class='ocrx_word' id='word_1_37' title='bbox 725 279 849 316; x_wconf 89' lang='lat' dir='ltr'><em>loquitur</em></span> <span class='ocrx_word' id='word_1_38' title='bbox 874 279 908 308; x_wconf 90' lang='lat' dir='ltr'><em>de</em></span> <span class='ocrx_word' id='word_1_39' title='bbox 928 287 1013 316; x_wconf 87' lang='lat' dir='ltr'><em>expe-</em></span> 
     </span>
     <span class='ocr_line' id='line_1_15' title="bbox 168 325 1013 364; baseline -0.007 -5"><span class='ocrx_word' id='word_1_40' title='bbox 168 330 267 359; x_wconf 87' lang='lat' dir='ltr'><em>rientia</em></span> <span class='ocrx_word' id='word_1_41' title='bbox 287 328 352 357; x_wconf 91' lang='lat' dir='ltr'><em>mali</em></span> <span class='ocrx_word' id='word_1_42' title='bbox 374 327 433 362; x_wconf 88' lang='lat' dir='ltr'><em>hic,</em></span> <span class='ocrx_word' id='word_1_43' title='bbox 455 327 529 364; x_wconf 89' lang='lat' dir='ltr'><em>quod</em></span> <span class='ocrx_word' id='word_1_44' title='bbox 544 334 653 364; x_wconf 89' lang='lat' dir='ltr'><em>semper</em></span> <span class='ocrx_word' id='word_1_45' title='bbox 667 329 779 359; x_wconf 82' lang='lat' dir='ltr'><em>manet,</em></span> <span class='ocrx_word' id='word_1_46' title='bbox 796 333 849 354; x_wconf 91' lang='lat' dir='ltr'><em>non</em></span> <span class='ocrx_word' id='word_1_47' title='bbox 864 325 924 354; x_wconf 88' lang='lat' dir='ltr'><em>eius</em></span> <span class='ocrx_word' id='word_1_48' title='bbox 938 325 1013 362; x_wconf 89' lang='lat' dir='ltr'><em>quod</em></span> 
     </span>
     <span class='ocr_line' id='line_1_16' title="bbox 169 374 305 405; baseline 0 -1"><span class='ocrx_word' id='word_1_49' title='bbox 169 375 275 405; x_wconf 86' lang='lat' dir='ltr'><em>transit</em></span> <span class='ocrx_word' id='word_1_50' title='bbox 287 374 305 404; x_wconf 82' lang='lat'><em>².</em></span> 
     </span>
    </p>

    <p class='ocr_par' dir='ltr' id='par_1_11' title="bbox 169 418 1014 506">
     <span class='ocr_line' id='line_1_17' title="bbox 247 418 1014 459; baseline -0.007 -8"><span class='ocrx_word' id='word_1_51' title='bbox 247 423 285 451; x_wconf 89' lang='lat' dir='ltr'><em>Ill.</em></span> <span class='ocrx_word' id='word_1_52' title='bbox 308 421 437 459; x_wconf 80' lang='lat' dir='ltr'>Quaestio</span> <span class='ocrx_word' id='word_1_53' title='bbox 458 421 539 450; x_wconf 86' lang='lat' dir='ltr'><em>etiam</em></span> <span class='ocrx_word' id='word_1_54' title='bbox 567 422 609 449; x_wconf 89' lang='lat' dir='ltr'><em>est</em></span> <span class='ocrx_word' id='word_1_55' title='bbox 628 419 662 448; x_wconf 91' lang='lat' dir='ltr'><em>de</em></span> <span class='ocrx_word' id='word_1_56' title='bbox 684 420 736 447; x_wconf 86' lang='lat' dir='ltr'><em>hoc</em></span> <span class='ocrx_word' id='word_1_57' title='bbox 757 419 831 456; x_wconf 91' lang='lat' dir='ltr'><em>quod</em></span> <span class='ocrx_word' id='word_1_58' title='bbox 851 419 931 447; x_wconf 88' lang='lat' dir='ltr'><em>dicit:</em></span> <span class='ocrx_word' id='word_1_59' title='bbox 955 418 1014 454; x_wconf 86' lang='lat' dir='ltr'><em>Qui</em></span> 
     </span>
     <span class='ocr_line' id='line_1_18' title="bbox 169 469 571 506; baseline -0.01 -8"><span class='ocrx_word' id='word_1_60' title='bbox 169 469 294 498; x_wconf 77' lang='lat' dir='ltr'><em>custodit</em></span> <span class='ocrx_word' id='word_1_61' title='bbox 310 470 499 506; x_wconf 82' lang='lat' dir='ltr'><em>praeceptum</em></span> <span class='ocrx_word' id='word_1_62' title='bbox 519 469 571 495; x_wconf 86' lang='lat' dir='ltr'><em>etc.</em></span> 
     </span>
    </p>

    <p class='ocr_par' dir='ltr' id='par_1_12' title="bbox 167 512 1012 598">
     <span class='ocr_line' id='line_1_19' title="bbox 249 512 1012 549; baseline -0.005 -5"><span class='ocrx_word' id='word_1_63' title='bbox 249 517 272 544; x_wconf 87' lang='lat'><em>1.</em></span> <span class='ocrx_word' id='word_1_64' title='bbox 294 515 362 543; x_wconf 90' lang='lat' dir='ltr'><em>Cum</em></span> <span class='ocrx_word' id='word_1_65' title='bbox 383 514 470 542; x_wconf 85' lang='lat' dir='ltr'><em>multa</em></span> <span class='ocrx_word' id='word_1_66' title='bbox 492 513 547 542; x_wconf 94' lang='lat' dir='ltr'><em>sint</em></span> <span class='ocrx_word' id='word_1_67' title='bbox 561 515 708 549; x_wconf 83' lang='lat' dir='ltr'><em>praecepta</em></span> <span class='ocrx_word' id='word_1_68' title='bbox 722 512 909 546; x_wconf 85' lang='lat' dir='ltr'><em>custodienda,</em></span> <span class='ocrx_word' id='word_1_69' title='bbox 925 519 1012 549; x_wconf 88' lang='lat' dir='ltr'><em>quare</em></span> 
     </span>
     <span class='ocr_line' id='line_1_20' title="bbox 167 559 652 598; baseline -0.01 -6"><span class='ocrx_word' id='word_1_70' title='bbox 167 563 233 592; x_wconf 89' lang='lat' dir='ltr'><em>dicit</em></span> <span class='ocrx_word' id='word_1_71' title='bbox 252 564 430 598; x_wconf 87' lang='lat' dir='ltr'><em>praeceptum</em></span> <span class='ocrx_word' id='word_1_72' title='bbox 452 559 652 596; x_wconf 82' lang='lat' dir='ltr'><em>singulariter?</em></span> 
     </span>
    </p>

    <p class='ocr_par' dir='ltr' id='par_1_13' title="bbox 167 606 1012 731">
     <span class='ocr_line' id='line_1_21' title="bbox 246 606 1012 643; baseline -0.005 -6"><span class='ocrx_word' id='word_1_73' title='bbox 246 609 272 637; x_wconf 71' lang='lat'><em>2.</em></span> <span class='ocrx_word' id='word_1_74' title='bbox 288 608 444 640; x_wconf 81' lang='lat' dir='ltr'><em>Praeterea,</em></span> <span class='ocrx_word' id='word_1_75' title='bbox 459 606 587 643; x_wconf 86' lang='lat' dir='ltr'><em>possibile</em></span> <span class='ocrx_word' id='word_1_76' title='bbox 602 609 655 640; x_wconf 83' lang='lat' dir='ltr'><em>est,</em></span> <span class='ocrx_word' id='word_1_77' title='bbox 670 606 790 643; x_wconf 89' lang='lat' dir='ltr'><em>aliquem</em></span> <span class='ocrx_word' id='word_1_78' title='bbox 806 613 918 634; x_wconf 88' lang='lat' dir='ltr'><em>servare</em></span> <span class='ocrx_word' id='word_1_79' title='bbox 933 613 1012 642; x_wconf 85' lang='lat' dir='ltr'><em>prae-</em></span> 
     </span>
     <span class='ocr_line' id='line_1_22' title="bbox 167 652 1011 692; baseline -0.005 -8"><span class='ocrx_word' id='word_1_80' title='bbox 167 657 246 692; x_wconf 90' lang='lat' dir='ltr'><em>cepta</em></span> <span class='ocrx_word' id='word_1_81' title='bbox 265 654 357 683; x_wconf 86' lang='lat' dir='ltr'><em>divina</em></span> <span class='ocrx_word' id='word_1_82' title='bbox 388 653 501 686; x_wconf 90' lang='lat' dir='ltr'><em>timore,</em></span> <span class='ocrx_word' id='word_1_83' title='bbox 524 653 595 682; x_wconf 92' lang='lat' dir='ltr'><em>sicut</em></span> <span class='ocrx_word' id='word_1_84' title='bbox 622 653 770 682; x_wconf 89' lang='lat' dir='ltr'><em>servabant</em></span> <span class='ocrx_word' id='word_1_85' title='bbox 796 652 901 686; x_wconf 85' lang='lat' dir='ltr'><em>Iudaei;</em></span> <span class='ocrx_word' id='word_1_86' title='bbox 923 655 951 681; x_wconf 89' lang='lat' dir='ltr'><em>et</em></span> <span class='ocrx_word' id='word_1_87' title='bbox 972 655 1011 680; x_wconf 85' lang='lat' dir='ltr'><em>ta-</em></span> 
     </span>
     <span class='ocr_line' id='line_1_23' title="bbox 167 700 564 731; baseline -0.008 0"><span class='ocrx_word' id='word_1_88' title='bbox 167 710 230 731; x_wconf 86' lang='lat' dir='ltr'><em>men</em></span> <span class='ocrx_word' id='word_1_89' title='bbox 252 701 319 729; x_wconf 87' lang='lat' dir='ltr'><em>tales</em></span> <span class='ocrx_word' id='word_1_90' title='bbox 338 708 393 729; x_wconf 90' lang='lat' dir='ltr'><em>non</em></span> <span class='ocrx_word' id='word_1_91' title='bbox 414 700 564 728; x_wconf 88' lang='lat' dir='ltr'><em>salvantur.</em></span> 
     </span>
    </p>

    <p class='ocr_par' dir='ltr' id='par_1_14' title="bbox 164 746 1012 1485">
     <span class='ocr_line' id='line_1_24' title="bbox 245 746 1012 784; baseline -0.003 -8"><span class='ocrx_word' id='word_1_92' title='bbox 245 747 419 784; x_wconf 83' lang='lat' dir='ltr'><em>Respondeo:</em></span> <span class='ocrx_word' id='word_1_93' title='bbox 433 746 579 775; x_wconf 88' lang='lat' dir='ltr'><em>dicendum</em></span> <span class='ocrx_word' id='word_1_94' title='bbox 591 769 596 780; x_wconf 93' lang='lat'><em>,</em></span> <span class='ocrx_word' id='word_1_95' title='bbox 608 746 682 783; x_wconf 82' lang='lat' dir='ltr'><em>quod</em></span> <span class='ocrx_word' id='word_1_96' title='bbox 697 747 746 775; x_wconf 88' lang='lat' dir='ltr'><em>etsi</em></span> <span class='ocrx_word' id='word_1_97' title='bbox 763 749 910 783; x_wconf 83' lang='lat' dir='ltr'><em>praecepta</em></span> <span class='ocrx_word' id='word_1_98' title='bbox 924 746 1012 774; x_wconf 88' lang='lat' dir='ltr'><em>multa</em></span> 
     </span>
     <span class='ocr_line' id='line_1_25' title="bbox 167 792 1012 832; baseline -0.004 -8"><span class='ocrx_word' id='word_1_99' title='bbox 167 796 221 825; x_wconf 90' lang='lat' dir='ltr'><em>sint</em></span> <span class='ocrx_word' id='word_1_100' title='bbox 241 802 291 832; x_wconf 89' lang='lat' dir='ltr'><em>per</em></span> <span class='ocrx_word' id='word_1_101' title='bbox 311 793 497 822; x_wconf 76' lang='lat' dir='ltr'>diversitatem</span> <span class='ocrx_word' id='word_1_102' title='bbox 519 793 625 829; x_wconf 88' lang='lat' dir='ltr'><em>operis;</em></span> <span class='ocrx_word' id='word_1_103' title='bbox 648 795 739 821; x_wconf 89' lang='lat' dir='ltr'><em>tamen</em></span> <span class='ocrx_word' id='word_1_104' title='bbox 753 793 887 821; x_wconf 85' lang='lat' dir='ltr'><em>unitatem</em></span> <span class='ocrx_word' id='word_1_105' title='bbox 909 792 1012 821; x_wconf 81' lang='lat' dir='ltr'><em>liabent</em></span> 
     </span>
     <span class='ocr_line' id='line_1_26' title="bbox 167 839 1010 878; baseline -0.005 -7"><span class='ocrx_word' id='word_1_106' title='bbox 167 845 193 871; x_wconf 88' lang='lat' dir='ltr'><em>et</em></span> <span class='ocrx_word' id='word_1_107' title='bbox 214 841 241 870; x_wconf 91' lang='lat' dir='ltr'><em>in</em></span> <span class='ocrx_word' id='word_1_108' title='bbox 263 840 466 878; x_wconf 85' lang='lat' dir='ltr'><em>comparatione</em></span> <span class='ocrx_word' id='word_1_109' title='bbox 492 839 526 868; x_wconf 90' lang='lat' dir='ltr'><em>ad</em></span> <span class='ocrx_word' id='word_1_110' title='bbox 553 839 743 867; x_wconf 83' lang='lat' dir='ltr'><em>mandantem</em></span> <span class='ocrx_word' id='word_1_111' title='bbox 763 842 791 867; x_wconf 89' lang='lat' dir='ltr'><em>et</em></span> <span class='ocrx_word' id='word_1_112' title='bbox 819 839 846 868; x_wconf 92' lang='lat' dir='ltr'><em>in</em></span> <span class='ocrx_word' id='word_1_113' title='bbox 869 847 1010 876; x_wconf 89' lang='lat' dir='ltr'><em>compara-</em></span> 
     </span>
     <span class='ocr_line' id='line_1_27' title="bbox 167 886 1009 923; baseline -0.004 -6"><span class='ocrx_word' id='word_1_114' title='bbox 167 889 240 918; x_wconf 89' lang='lat' dir='ltr'><em>tione</em></span> <span class='ocrx_word' id='word_1_115' title='bbox 260 888 294 916; x_wconf 89' lang='lat' dir='ltr'><em>ad</em></span> <span class='ocrx_word' id='word_1_116' title='bbox 315 887 511 916; x_wconf 75' lang='lat' dir='ltr'><em>observantem</em></span> <span class='ocrx_word' id='word_1_117' title='bbox 532 889 559 914; x_wconf 90' lang='lat' dir='ltr'><em>et</em></span> <span class='ocrx_word' id='word_1_118' title='bbox 586 886 614 914; x_wconf 92' lang='lat' dir='ltr'><em>in</em></span> <span class='ocrx_word' id='word_1_119' title='bbox 635 886 839 922; x_wconf 88' lang='lat' dir='ltr'><em>comparatione</em></span> <span class='ocrx_word' id='word_1_120' title='bbox 860 886 894 914; x_wconf 89' lang='lat' dir='ltr'><em>ad</em></span> <span class='ocrx_word' id='word_1_121' title='bbox 914 886 1009 923; x_wconf 74' lang='lat' dir='ltr'><em>finem.</em></span> 
     </span>
     <span class='ocr_line' id='line_1_28' title="bbox 166 932 1011 970; baseline -0.001 -7"><span class='ocrx_word' id='word_1_122' title='bbox 166 935 204 964; x_wconf 86' lang='lat' dir='ltr'><em>Ad</em></span> <span class='ocrx_word' id='word_1_123' title='bbox 224 934 428 967; x_wconf 79' lang='lat' dir='ltr'><em>mandantem,</em></span> <span class='ocrx_word' id='word_1_124' title='bbox 446 933 516 970; x_wconf 67' lang='lat' dir='ltr'><em>&#39;quia</em></span> <span class='ocrx_word' id='word_1_125' title='bbox 543 940 617 961; x_wconf 90' lang='lat' dir='ltr'><em>unus</em></span> <span class='ocrx_word' id='word_1_126' title='bbox 648 935 704 966; x_wconf 89' lang='lat' dir='ltr'><em>est,</em></span> <span class='ocrx_word' id='word_1_127' title='bbox 734 932 781 969; x_wconf 91' lang='lat' dir='ltr'><em>qui</em></span> <span class='ocrx_word' id='word_1_128' title='bbox 814 933 962 970; x_wconf 88' lang='lat' dir='ltr'><em>praecipit;</em></span> <span class='ocrx_word' id='word_1_129' title='bbox 984 936 1011 962; x_wconf 90' lang='lat' dir='ltr'><em>et</em></span> 
     </span>
     <span class='ocr_line' id='line_1_29' title="bbox 166 979 1012 1019; baseline -0.004 -8"><span class='ocrx_word' id='word_1_130' title='bbox 166 982 227 1011; x_wconf 90' lang='lat' dir='ltr'><em>ideo</em></span> <span class='ocrx_word' id='word_1_131' title='bbox 247 981 294 1019; x_wconf 92' lang='lat' dir='ltr'><em>qui</em></span> <span class='ocrx_word' id='word_1_132' title='bbox 317 980 518 1018; x_wconf 81' lang='lat' dir='ltr'><em>transgreditur</em></span> <span class='ocrx_word' id='word_1_133' title='bbox 546 987 635 1008; x_wconf 90' lang='lat' dir='ltr'><em>unum</em></span> <span class='ocrx_word' id='word_1_134' title='bbox 664 979 825 1008; x_wconf 86' lang='lat' dir='ltr'><em>mandatum</em></span> <span class='ocrx_word' id='word_1_135' title='bbox 847 988 901 1008; x_wconf 92' lang='lat' dir='ltr'><em>non</em></span> <span class='ocrx_word' id='word_1_136' title='bbox 923 982 1012 1016; x_wconf 88' lang='lat' dir='ltr'><em>potest</em></span> 
     </span>
     <span class='ocr_line' id='line_1_30' title="bbox 165 1026 1009 1064; baseline -0.005 -6"><span class='ocrx_word' id='word_1_137' title='bbox 165 1037 225 1058; x_wconf 90' lang='lat' dir='ltr'><em>esse</em></span> <span class='ocrx_word' id='word_1_138' title='bbox 245 1028 374 1057; x_wconf 85' lang='lat' dir='ltr'><em>obediens</em></span> <span class='ocrx_word' id='word_1_139' title='bbox 393 1027 546 1061; x_wconf 78' lang='lat' dir='ltr'>mandanti,</span> <span class='ocrx_word' id='word_1_140' title='bbox 568 1027 634 1064; x_wconf 84' lang='lat' dir='ltr'><em>quia</em></span> <span class='ocrx_word' id='word_1_141' title='bbox 654 1035 729 1055; x_wconf 87' lang='lat' dir='ltr'><em>unus</em></span> <span class='ocrx_word' id='word_1_142' title='bbox 756 1029 797 1055; x_wconf 89' lang='lat' dir='ltr'><em>est</em></span> <span class='ocrx_word' id='word_1_143' title='bbox 818 1026 866 1063; x_wconf 89' lang='lat' dir='ltr'><em>qui</em></span> <span class='ocrx_word' id='word_1_144' title='bbox 892 1026 1009 1054; x_wconf 89' lang='lat' dir='ltr'><em>mandat.</em></span> 
     </span>
     <span class='ocr_line' id='line_1_31' title="bbox 166 1072 1012 1112; baseline -0.005 -8"><span class='ocrx_word' id='word_1_145' title='bbox 166 1092 202 1097; x_wconf 96' lang='lat'>—</span> <span class='ocrx_word' id='word_1_146' title='bbox 224 1075 253 1104; x_wconf 91' lang='lat' dir='ltr'><em>In</em></span> <span class='ocrx_word' id='word_1_147' title='bbox 273 1075 476 1112; x_wconf 82' lang='lat' dir='ltr'><em>comparatione</em></span> <span class='ocrx_word' id='word_1_148' title='bbox 497 1074 531 1102; x_wconf 89' lang='lat' dir='ltr'><em>ad</em></span> <span class='ocrx_word' id='word_1_149' title='bbox 552 1073 748 1102; x_wconf 74' lang='lat' dir='ltr'><em>observantem</em></span> <span class='ocrx_word' id='word_1_150' title='bbox 769 1075 811 1101; x_wconf 86' lang='lat' dir='ltr'><em>est</em></span> <span class='ocrx_word' id='word_1_151' title='bbox 824 1072 925 1106; x_wconf 84' lang='lat' dir='ltr'><em>unitas,</em></span> <span class='ocrx_word' id='word_1_152' title='bbox 946 1072 1012 1109; x_wconf 91' lang='lat' dir='ltr'><em>quia</em></span> 
     </span>
     <span class='ocr_line' id='line_1_32' title="bbox 164 1119 1011 1159; baseline -0.006 -8"><span class='ocrx_word' id='word_1_153' title='bbox 164 1130 222 1151; x_wconf 92' lang='lat' dir='ltr'><em>uno</em></span> <span class='ocrx_word' id='word_1_154' title='bbox 239 1121 374 1159; x_wconf 88' lang='lat' dir='ltr'><em>principio</em></span> <span class='ocrx_word' id='word_1_155' title='bbox 387 1125 414 1150; x_wconf 93' lang='lat' dir='ltr'><em>et</em></span> <span class='ocrx_word' id='word_1_156' title='bbox 430 1121 573 1158; x_wconf 82' lang='lat' dir='ltr'><em>regulante</em></span> <span class='ocrx_word' id='word_1_157' title='bbox 587 1120 679 1149; x_wconf 88' lang='lat' dir='ltr'><em>onmia</em></span> <span class='ocrx_word' id='word_1_158' title='bbox 693 1120 834 1153; x_wconf 89' lang='lat' dir='ltr'><em>observat,</em></span> <span class='ocrx_word' id='word_1_159' title='bbox 850 1119 953 1147; x_wconf 87' lang='lat' dir='ltr'><em>scilicet</em></span> <span class='ocrx_word' id='word_1_160' title='bbox 967 1127 1011 1147; x_wconf 87' lang='lat' dir='ltr'><em>ca-</em></span> 
     </span>
     <span class='ocr_line' id='line_1_33' title="bbox 165 1166 1011 1205; baseline -0.004 -8"><span class='ocrx_word' id='word_1_161' title='bbox 165 1169 262 1203; x_wconf 86' lang='lat' dir='ltr'><em>ritate,</em></span> <span class='ocrx_word' id='word_1_162' title='bbox 294 1176 365 1205; x_wconf 88' lang='lat' dir='ltr'><em>quae</em></span> <span class='ocrx_word' id='word_1_163' title='bbox 390 1168 482 1197; x_wconf 90' lang='lat' dir='ltr'><em>omnia</em></span> <span class='ocrx_word' id='word_1_164' title='bbox 511 1168 602 1196; x_wconf 85' lang='lat' dir='ltr'><em>vincit.</em></span> <span class='ocrx_word' id='word_1_165' title='bbox 636 1167 710 1196; x_wconf 82' lang='lat' dir='ltr'>Unde</span> <span class='ocrx_word' id='word_1_166' title='bbox 742 1167 814 1195; x_wconf 85' lang='lat' dir='ltr'><em>sicut</em></span> <span class='ocrx_word' id='word_1_167' title='bbox 841 1166 942 1195; x_wconf 84' lang='lat' dir='ltr'><em>caritas</em></span> <span class='ocrx_word' id='word_1_168' title='bbox 962 1168 1011 1194; x_wconf 90' lang='lat' dir='ltr'><em>aut</em></span> 
     </span>
     <span class='ocr_line' id='line_1_34' title="bbox 165 1212 1010 1252; baseline -0.005 -8"><span class='ocrx_word' id='word_1_169' title='bbox 165 1223 260 1245; x_wconf 89' lang='lat' dir='ltr'><em>omnes</em></span> <span class='ocrx_word' id='word_1_170' title='bbox 280 1215 382 1252; x_wconf 75' lang='lat' dir='ltr'><em>diligit,</em></span> <span class='ocrx_word' id='word_1_171' title='bbox 404 1219 452 1244; x_wconf 86' lang='lat' dir='ltr'><em>aut</em></span> <span class='ocrx_word' id='word_1_172' title='bbox 479 1215 603 1248; x_wconf 90' lang='lat' dir='ltr'><em>nullum;</em></span> <span class='ocrx_word' id='word_1_173' title='bbox 626 1214 664 1243; x_wconf 87' lang='lat' dir='ltr'><em>sic</em></span> <span class='ocrx_word' id='word_1_174' title='bbox 692 1213 784 1242; x_wconf 88' lang='lat' dir='ltr'><em>omnia</em></span> <span class='ocrx_word' id='word_1_175' title='bbox 805 1213 933 1241; x_wconf 86' lang='lat' dir='ltr'><em>mandata</em></span> <span class='ocrx_word' id='word_1_176' title='bbox 962 1212 1010 1241; x_wconf 88' lang='lat' dir='ltr'><em>ob-</em></span> 
     </span>
     <span class='ocr_line' id='line_1_35' title="bbox 166 1259 1010 1297; baseline -0.006 -5"><span class='ocrx_word' id='word_1_177' title='bbox 166 1265 272 1296; x_wconf 87' lang='lat' dir='ltr'><em>servat,</em></span> <span class='ocrx_word' id='word_1_178' title='bbox 294 1265 342 1290; x_wconf 87' lang='lat' dir='ltr'><em>aut</em></span> <span class='ocrx_word' id='word_1_179' title='bbox 362 1262 479 1290; x_wconf 91' lang='lat' dir='ltr'><em>nullum.</em></span> <span class='ocrx_word' id='word_1_180' title='bbox 502 1277 538 1282; x_wconf 89' lang='lat'>—</span> <span class='ocrx_word' id='word_1_181' title='bbox 561 1261 589 1289; x_wconf 94' lang='lat' dir='ltr'><em>In</em></span> <span class='ocrx_word' id='word_1_182' title='bbox 621 1260 826 1297; x_wconf 89' lang='lat' dir='ltr'><em>comparatione</em></span> <span class='ocrx_word' id='word_1_183' title='bbox 857 1259 891 1288; x_wconf 86' lang='lat' dir='ltr'><em>ad</em></span> <span class='ocrx_word' id='word_1_184' title='bbox 923 1259 1010 1295; x_wconf 77' lang='lat' dir='ltr'><em>finem</em></span> 
     </span>
     <span class='ocr_line' id='line_1_36' title="bbox 165 1307 1010 1346; baseline -0.005 -8"><span class='ocrx_word' id='word_1_185' title='bbox 165 1312 207 1339; x_wconf 88' lang='lat' dir='ltr'><em>est</em></span> <span class='ocrx_word' id='word_1_186' title='bbox 234 1309 341 1343; x_wconf 85' lang='lat' dir='ltr'><em>unitas,</em></span> <span class='ocrx_word' id='word_1_187' title='bbox 369 1309 435 1346; x_wconf 88' lang='lat' dir='ltr'><em>quia</em></span> <span class='ocrx_word' id='word_1_188' title='bbox 463 1308 617 1345; x_wconf 90' lang='lat' dir='ltr'><em>praemium</em></span> <span class='ocrx_word' id='word_1_189' title='bbox 645 1315 733 1336; x_wconf 90' lang='lat' dir='ltr'><em>unum</em></span> <span class='ocrx_word' id='word_1_190' title='bbox 755 1307 888 1341; x_wconf 89' lang='lat' dir='ltr'><em>debetur,</em></span> <span class='ocrx_word' id='word_1_191' title='bbox 910 1309 937 1335; x_wconf 92' lang='lat' dir='ltr'><em>et</em></span> <span class='ocrx_word' id='word_1_192' title='bbox 959 1314 1010 1343; x_wconf 89' lang='lat' dir='ltr'><em>pro</em></span> 
     </span>
     <span class='ocr_line' id='line_1_37' title="bbox 164 1353 1010 1393; baseline -0.005 -8"><span class='ocrx_word' id='word_1_193' title='bbox 164 1364 222 1385; x_wconf 90' lang='lat' dir='ltr'><em>uno</em></span> <span class='ocrx_word' id='word_1_194' title='bbox 242 1356 364 1393; x_wconf 89' lang='lat' dir='ltr'><em>praemio</em></span> <span class='ocrx_word' id='word_1_195' title='bbox 385 1357 450 1385; x_wconf 85' lang='lat' dir='ltr'><em>sunt</em></span> <span class='ocrx_word' id='word_1_196' title='bbox 470 1354 649 1383; x_wconf 89' lang='lat' dir='ltr'><em>observanda.</em></span> <span class='ocrx_word' id='word_1_197' title='bbox 671 1354 740 1390; x_wconf 89' lang='lat' dir='ltr'><em>Quia</em></span> <span class='ocrx_word' id='word_1_198' title='bbox 761 1361 827 1390; x_wconf 84' lang='lat' dir='ltr'><em>ergo</em></span> <span class='ocrx_word' id='word_1_199' title='bbox 842 1353 893 1382; x_wconf 90' lang='lat' dir='ltr'><em>ista</em></span> <span class='ocrx_word' id='word_1_200' title='bbox 907 1353 1010 1390; x_wconf 80' lang='lat' dir='ltr'>triplex</span> 
     </span>
     <span class='ocr_line' id='line_1_38' title="bbox 165 1400 1009 1434; baseline -0.005 -2"><span class='ocrx_word' id='word_1_201' title='bbox 165 1403 307 1432; x_wconf 79' lang='lat' dir='ltr'>concurrit</span> <span class='ocrx_word' id='word_1_202' title='bbox 327 1402 419 1431; x_wconf 85' lang='lat' dir='ltr'><em>unitas</em></span> <span class='ocrx_word' id='word_1_203' title='bbox 441 1402 467 1430; x_wconf 93' lang='lat' dir='ltr'><em>in</em></span> <span class='ocrx_word' id='word_1_204' title='bbox 489 1401 580 1430; x_wconf 89' lang='lat' dir='ltr'><em>debita</em></span> <span class='ocrx_word' id='word_1_205' title='bbox 604 1401 779 1430; x_wconf 87' lang='lat' dir='ltr'><em>observantia</em></span> <span class='ocrx_word' id='word_1_206' title='bbox 799 1400 1009 1434; x_wconf 87' lang='lat' dir='ltr'><em>mandatorum,</em></span> 
     </span>
     <span class='ocr_line' id='line_1_39' title="bbox 165 1446 945 1485; baseline -0.004 -7"><span class='ocrx_word' id='word_1_207' title='bbox 165 1449 226 1478; x_wconf 89' lang='lat' dir='ltr'><em>ideo</em></span> <span class='ocrx_word' id='word_1_208' title='bbox 247 1446 321 1478; x_wconf 82' lang='lat' dir='ltr'><em>recte</em></span> <span class='ocrx_word' id='word_1_209' title='bbox 341 1449 421 1478; x_wconf 88' lang='lat' dir='ltr'><em>dicit:</em></span> <span class='ocrx_word' id='word_1_210' title='bbox 445 1448 503 1484; x_wconf 82' lang='lat' dir='ltr'><em>Qui</em></span> <span class='ocrx_word' id='word_1_211' title='bbox 522 1448 647 1476; x_wconf 73' lang='lat' dir='ltr'><em>custodit</em></span> <span class='ocrx_word' id='word_1_212' title='bbox 663 1451 851 1485; x_wconf 86' lang='lat' dir='ltr'><em>praeceptum</em></span> <span class='ocrx_word' id='word_1_213' title='bbox 863 1448 874 1463; x_wconf 80' lang='lat'><strong>²</strong></span> <span class='ocrx_word' id='word_1_214' title='bbox 895 1450 945 1475; x_wconf 83' lang='lat' dir='ltr'><em>etc.</em></span> 
     </span>
    </p>
   </div>
   <div class='ocr_carea' id='block_1_11' title="bbox 192 1540 985 1624">
    <p class='ocr_par' dir='ltr' id='par_1_15' title="bbox 192 1540 985 1624">
     <span class='ocr_line' id='line_1_40' title="bbox 192 1540 985 1578; baseline -0.004 -8"><span class='ocrx_word' id='word_1_215' title='bbox 192 1542 254 1570; x_wconf 73' lang='lat' dir='ltr'><em>Aur.</em></span> <span class='ocrx_word' id='word_1_216' title='bbox 276 1543 302 1570; x_wconf 55' lang='grc' dir='ltr'><em>ᾖ.</em></span> <span class='ocrx_word' id='word_1_217' title='bbox 326 1541 365 1570; x_wconf 90' lang='lat' dir='ltr'><em>De</em></span> <span class='ocrx_word' id='word_1_218' title='bbox 385 1541 513 1569; x_wconf 85' lang='lat' dir='ltr'><em>secunda</em></span> <span class='ocrx_word' id='word_1_219' title='bbox 530 1540 644 1577; x_wconf 82' lang='lat' dir='ltr'><em>peccati</em></span> <span class='ocrx_word' id='word_1_220' title='bbox 663 1540 827 1574; x_wconf 87' lang='lat' dir='ltr'><em>occasione,</em></span> <span class='ocrx_word' id='word_1_221' title='bbox 849 1548 924 1578; x_wconf 80' lang='lat' dir='ltr'><em>quae</em></span> <span class='ocrx_word' id='word_1_222' title='bbox 944 1542 985 1568; x_wconf 88' lang='lat' dir='ltr'><em>est</em></span> 
     </span>
     <span class='ocr_line' id='line_1_41' title="bbox 273 1587 901 1624; baseline -0.003 -7"><span class='ocrx_word' id='word_1_223' title='bbox 273 1588 391 1619; x_wconf 79' lang='lat' dir='ltr'><em>vanitas</em></span> <span class='ocrx_word' id='word_1_224' title='bbox 411 1587 593 1621; x_wconf 76' lang='lat' dir='ltr'><em>securitatis,</em></span> <span class='ocrx_word' id='word_1_225' title='bbox 616 1587 718 1624; x_wconf 72' lang='lat' dir='ltr'><em>ayitur</em></span> <span class='ocrx_word' id='word_1_226' title='bbox 739 1587 901 1624; x_wconf 84' lang='lat' dir='ltr'><em>dupliciter.</em></span> 
     </span>
    </p>
   </div>
   <div class='ocr_carea' id='block_1_12' title="bbox 165 1679 1011 1990">
    <p class='ocr_par' dir='ltr' id='par_1_16' title="bbox 165 1679 1011 1990">
     <span class='ocr_line' id='line_1_42' title="bbox 247 1679 1011 1717; baseline -0.003 -7"><span class='ocrx_word' id='word_1_227' title='bbox 247 1681 353 1710; x_wconf 87' lang='lat' dir='ltr'><em>Omnia</em></span> <span class='ocrx_word' id='word_1_228' title='bbox 375 1680 444 1709; x_wconf 76' lang='lat' dir='ltr'><em>baec</em></span> <span class='ocrx_word' id='word_1_229' title='bbox 465 1680 656 1709; x_wconf 74' lang='lat' dir='ltr'><em>consideravi.</em></span> <span class='ocrx_word' id='word_1_230' title='bbox 687 1680 746 1717; x_wconf 84' lang='lat' dir='ltr'><em>Egit</em></span> <span class='ocrx_word' id='word_1_231' title='bbox 774 1688 860 1716; x_wconf 84' lang='lat' dir='ltr'><em>supra</em></span> <span class='ocrx_word' id='word_1_232' title='bbox 880 1679 914 1708; x_wconf 87' lang='lat' dir='ltr'><em>de</em></span> <span class='ocrx_word' id='word_1_233' title='bbox 936 1680 1011 1708; x_wconf 89' lang='lat' dir='ltr'><em>vani-</em></span> 
     </span>
     <span class='ocr_line' id='line_1_43' title="bbox 166 1726 1011 1766; baseline -0.004 -9"><span class='ocrx_word' id='word_1_234' title='bbox 166 1731 221 1757; x_wconf 89' lang='lat' dir='ltr'><em>tate</em></span> <span class='ocrx_word' id='word_1_235' title='bbox 239 1728 414 1766; x_wconf 87' lang='lat' dir='ltr'><em>pronitatis‚·</em></span> <span class='ocrx_word' id='word_1_236' title='bbox 436 1727 481 1755; x_wconf 90' lang='lat' dir='ltr'><em>hic</em></span> <span class='ocrx_word' id='word_1_237' title='bbox 501 1727 557 1764; x_wconf 84' lang='lat' dir='ltr'><em>agit</em></span> <span class='ocrx_word' id='word_1_238' title='bbox 576 1726 610 1755; x_wconf 91' lang='lat' dir='ltr'><em>de</em></span> <span class='ocrx_word' id='word_1_239' title='bbox 632 1726 751 1755; x_wconf 88' lang='lat' dir='ltr'><em>vanitate</em></span> <span class='ocrx_word' id='word_1_240' title='bbox 778 1726 946 1755; x_wconf 84' lang='lat' dir='ltr'><em>securitatis</em></span> <span class='ocrx_word' id='word_1_241' title='bbox 953 1737 963 1760; x_wconf 90' lang='lat'><em>,·</em></span> <span class='ocrx_word' id='word_1_242' title='bbox 984 1729 1011 1755; x_wconf 88' lang='lat' dir='ltr'><em>et</em></span> 
     </span>
     <span class='ocr_line' id='line_1_44' title="bbox 166 1773 1011 1813; baseline -0.004 -9"><span class='ocrx_word' id='word_1_243' title='bbox 166 1775 296 1813; x_wconf 89' lang='lat' dir='ltr'><em>quoniam</em></span> <span class='ocrx_word' id='word_1_244' title='bbox 317 1775 385 1803; x_wconf 86' lang='lat' dir='ltr'><em>haec</em></span> <span class='ocrx_word' id='word_1_245' title='bbox 406 1774 513 1803; x_wconf 84' lang='lat' dir='ltr'><em>vanitas</em></span> <span class='ocrx_word' id='word_1_246' title='bbox 540 1774 696 1810; x_wconf 87' lang='lat' dir='ltr'><em>periculosa</em></span> <span class='ocrx_word' id='word_1_247' title='bbox 722 1776 779 1807; x_wconf 88' lang='lat' dir='ltr'><em>est,</em></span> <span class='ocrx_word' id='word_1_248' title='bbox 809 1773 875 1810; x_wconf 90' lang='lat' dir='ltr'><em>quia</em></span> <span class='ocrx_word' id='word_1_249' title='bbox 896 1773 1011 1810; x_wconf 84' lang='lat' dir='ltr'>impellit</span> 
     </span>
     <span class='ocr_line' id='line_1_45' title="bbox 166 1820 1010 1857; baseline -0.002 -7"><span class='ocrx_word' id='word_1_250' title='bbox 166 1821 305 1850; x_wconf 89' lang='lat' dir='ltr'><em>hominem</em></span> <span class='ocrx_word' id='word_1_251' title='bbox 327 1821 360 1850; x_wconf 88' lang='lat' dir='ltr'><em>ad</em></span> <span class='ocrx_word' id='word_1_252' title='bbox 381 1821 507 1857; x_wconf 87' lang='lat' dir='ltr'><em>culpam,</em></span> <span class='ocrx_word' id='word_1_253' title='bbox 529 1821 587 1849; x_wconf 89' lang='lat' dir='ltr'><em>sive</em></span> <span class='ocrx_word' id='word_1_254' title='bbox 608 1820 699 1857; x_wconf 87' lang='lat' dir='ltr'><em>ipsum</em></span> <span class='ocrx_word' id='word_1_255' title='bbox 720 1820 871 1856; x_wconf 88' lang='lat' dir='ltr'><em>impulsum</em></span> <span class='ocrx_word' id='word_1_256' title='bbox 892 1820 1010 1853; x_wconf 88' lang='lat' dir='ltr'><em>detinet;</em></span> 
     </span>
     <span class='ocr_line' id='line_1_46' title="bbox 166 1866 1011 1905; baseline -0.004 -8"><span class='ocrx_word' id='word_1_257' title='bbox 166 1868 227 1897; x_wconf 88' lang='lat' dir='ltr'><em>ideo</em></span> <span class='ocrx_word' id='word_1_258' title='bbox 246 1868 337 1905; x_wconf 91' lang='lat' dir='ltr'><em>primo</em></span> <span class='ocrx_word' id='word_1_259' title='bbox 358 1867 470 1904; x_wconf 87' lang='lat' dir='ltr'><em>ponitur</em></span> <span class='ocrx_word' id='word_1_260' title='bbox 491 1868 627 1900; x_wconf 88' lang='lat' dir='ltr'><em>vanitas;</em></span> <span class='ocrx_word' id='word_1_261' title='bbox 648 1867 782 1900; x_wconf 86' lang='lat' dir='ltr'><em>secundo,</em></span> <span class='ocrx_word' id='word_1_262' title='bbox 804 1866 945 1895; x_wconf 77' lang='lat' dir='ltr'><em>vanitatis</em></span> <span class='ocrx_word' id='word_1_263' title='bbox 967 1875 1011 1894; x_wconf 88' lang='lat' dir='ltr'><em>re-</em></span> 
     </span>
     <span class='ocr_line' id='line_1_47' title="bbox 165 1912 1010 1951; baseline -0.001 -8"><span class='ocrx_word' id='word_1_264' title='bbox 165 1914 310 1948; x_wconf 84' lang='lat' dir='ltr'><em>medium,</em></span> <span class='ocrx_word' id='word_1_265' title='bbox 331 1914 383 1943; x_wconf 88' lang='lat' dir='ltr'><em>ibi:</em></span> <span class='ocrx_word' id='word_1_266' title='bbox 407 1914 466 1950; x_wconf 84' lang='lat' dir='ltr'><em>Qui</em></span> <span class='ocrx_word' id='word_1_267' title='bbox 491 1913 566 1951; x_wconf 81' lang='lat' dir='ltr'><em>fodit</em></span> <span class='ocrx_word' id='word_1_268' title='bbox 595 1912 711 1951; x_wconf 86' lang='lat' dir='ltr'><em>foveam</em></span> <span class='ocrx_word' id='word_1_269' title='bbox 738 1914 843 1942; x_wconf 75' lang='lat' dir='ltr'><em>incidet</em></span> <span class='ocrx_word' id='word_1_270' title='bbox 873 1913 904 1942; x_wconf 88' lang='lat' dir='ltr'><em>in</em></span> <span class='ocrx_word' id='word_1_271' title='bbox 929 1922 1010 1948; x_wconf 85' lang='lat' dir='ltr'><em>eam,</em></span> 
     </span>
     <span class='ocr_line' id='line_1_48' title="bbox 166 1961 392 1990; baseline -0.004 0"><span class='ocrx_word' id='word_1_272' title='bbox 166 1961 238 1990; x_wconf 86' lang='lat' dir='ltr'><em>infra</em></span> <span class='ocrx_word' id='word_1_273' title='bbox 256 1961 362 1990; x_wconf 88' lang='lat' dir='ltr'><em>decimo</em></span> <span class='ocrx_word' id='word_1_274' title='bbox 373 1961 392 1989; x_wconf 78' lang='lat'><em>⁵.</em></span> 
     </span>
    </p>
   </div>
   <div class='ocr_carea' id='block_1_13' title="bbox 212 2053 961 2140">
    <p class='ocr_par' dir='ltr' id='par_1_17' title="bbox 212 2053 961 2140">
     <span class='ocr_line' id='line_1_49' title="bbox 212 2053 961 2085; baseline 0 -1"><span class='ocrx_word' id='word_1_275' title='bbox 212 2054 304 2085; x_wconf 88' lang='lat' dir='ltr'><em>Primo</em></span> <span class='ocrx_word' id='word_1_276' title='bbox 325 2054 481 2085; x_wconf 76' lang='lat' dir='ltr'><em>ostenditur</em></span> <span class='ocrx_word' id='word_1_277' title='bbox 502 2054 613 2084; x_wconf 75' lang='lat' dir='ltr'><em>vanitas</em></span> <span class='ocrx_word' id='word_1_278' title='bbox 633 2053 793 2084; x_wconf 82' lang='lat' dir='ltr'><em>securitatis</em></span> <span class='ocrx_word' id='word_1_279' title='bbox 814 2053 961 2084; x_wconf 85' lang='lat' dir='ltr'><em>secundum</em></span> 
     </span>
     <span class='ocr_line' id='line_1_50' title="bbox 422 2100 757 2140; baseline 0 -9"><span class='ocrx_word' id='word_1_280' title='bbox 422 2100 557 2140; x_wconf 84' lang='lat' dir='ltr'>duplicem</span> <span class='ocrx_word' id='word_1_281' title='bbox 578 2101 636 2131; x_wconf 81' lang='lat' dir='ltr'><em>eius</em></span> <span class='ocrx_word' id='word_1_282' title='bbox 656 2101 757 2131; x_wconf 85' lang='lat' dir='ltr'><em>ortum.</em></span> 
     </span>
    </p>
   </div>
   <div class='ocr_carea' id='block_1_14' title="bbox 167 2194 1010 2326">
    <p class='ocr_par' dir='ltr' id='par_1_18' title="bbox 167 2194 1010 2326">
     <span class='ocr_line' id='line_1_51' title="bbox 245 2194 1010 2231; baseline -0.001 -7"><span class='ocrx_word' id='word_1_283' title='bbox 245 2196 395 2225; x_wconf 74' lang='lat' dir='ltr'><em>Securitas</em></span> <span class='ocrx_word' id='word_1_284' title='bbox 415 2195 505 2224; x_wconf 91' lang='lat' dir='ltr'><em>oritur</em></span> <span class='ocrx_word' id='word_1_285' title='bbox 531 2194 693 2231; x_wconf 76' lang='lat' dir='ltr'><em>dupliciter:</em></span> <span class='ocrx_word' id='word_1_286' title='bbox 724 2194 814 2231; x_wconf 89' lang='lat' dir='ltr'><em>primo</em></span> <span class='ocrx_word' id='word_1_287' title='bbox 844 2195 947 2224; x_wconf 88' lang='lat' dir='ltr'><em>scilicet</em></span> <span class='ocrx_word' id='word_1_288' title='bbox 974 2203 1010 2224; x_wconf 85' lang='lat' dir='ltr'><em>ex</em></span> 
     </span>
     <span class='ocr_line' id='line_1_52' title="bbox 167 2241 1010 2280; baseline -0.001 -9"><span class='ocrx_word' id='word_1_289' title='bbox 167 2243 327 2280; x_wconf 81' lang='lat' dir='ltr'><em>apparentia</em></span> <span class='ocrx_word' id='word_1_290' title='bbox 340 2242 463 2271; x_wconf 83' lang='lat' dir='ltr'><em>desectus</em></span> <span class='ocrx_word' id='word_1_291' title='bbox 475 2241 675 2270; x_wconf 76' lang='lat' dir='ltr'><em>retributionis</em></span> <span class='ocrx_word' id='word_1_292' title='bbox 695 2241 805 2274; x_wconf 82' lang='lat' dir='ltr'><em>iustae‚·</em></span> <span class='ocrx_word' id='word_1_293' title='bbox 826 2241 958 2275; x_wconf 87' lang='lat' dir='ltr'><em>secundo,</em></span> <span class='ocrx_word' id='word_1_294' title='bbox 974 2250 1010 2270; x_wconf 87' lang='lat' dir='ltr'><em>ex</em></span> 
     </span>
     <span class='ocr_line' id='line_1_53' title="bbox 167 2287 1010 2326; baseline -0.001 -8"><span class='ocrx_word' id='word_1_295' title='bbox 167 2289 329 2326; x_wconf 83' lang='lat' dir='ltr'><em>apparentia</em></span> <span class='ocrx_word' id='word_1_296' title='bbox 348 2288 471 2318; x_wconf 86' lang='lat' dir='ltr'><em>defectus</em></span> <span class='ocrx_word' id='word_1_297' title='bbox 502 2288 654 2325; x_wconf 65' lang='lat' dir='ltr'><em>regiminis</em></span> <span class='ocrx_word' id='word_1_298' title='bbox 672 2287 889 2325; x_wconf 87' lang='lat' dir='ltr'><em>providentiae,</em></span> <span class='ocrx_word' id='word_1_299' title='bbox 910 2291 937 2317; x_wconf 90' lang='lat' dir='ltr'><em>et</em></span> <span class='ocrx_word' id='word_1_300' title='bbox 958 2288 1010 2317; x_wconf 88' lang='lat' dir='ltr'><em>hoc</em></span> 
     </span>
    </p>
   </div>
   <div class='ocr_carea' id='block_1_15' title="bbox 1038 235 1042 2271">
    <p class='ocr_par' dir='ltr' id='par_1_19' title="bbox 1038 235 1042 2271">
     <span class='ocr_line' id='line_1_54' title="bbox 1038 235 1042 2271; baseline 0 0"><span class='ocrx_word' id='word_1_301' title='bbox 1038 235 1042 2271; x_wconf 95' lang='lat' dir='ltr'><em> </em></span> 
     </span>
    </p>
   </div>
   <div class='ocr_carea' id='block_1_16' title="bbox 1875 160 1911 188">
    <p class='ocr_par' dir='ltr' id='par_1_20' title="bbox 1875 160 1911 188">
     <span class='ocr_line' id='line_1_55' title="bbox 1875 160 1911 188; baseline 0.028 -1"><span class='ocrx_word' id='word_1_302' title='bbox 1875 160 1911 188; x_wconf 88' lang='lat'><em>67</em></span> 
     </span>
    </p>
   </div>
   <div class='ocr_carea' id='block_1_17' title="bbox 1068 233 1913 314">
    <p class='ocr_par' dir='ltr' id='par_1_21' title="bbox 1068 233 1913 314">
     <span class='ocr_line' id='line_1_56' title="bbox 1070 233 1913 270; baseline 0.005 -9"><span class='ocrx_word' id='word_1_303' title='bbox 1070 233 1222 262; x_wconf 91' lang='lat' dir='ltr'><em>secundum</em></span> <span class='ocrx_word' id='word_1_304' title='bbox 1251 234 1374 270; x_wconf 84' lang='lat' dir='ltr'><em>tangitur</em></span> <span class='ocrx_word' id='word_1_305' title='bbox 1402 234 1454 263; x_wconf 90' lang='lat' dir='ltr'><em>ibi:</em></span> <span class='ocrx_word' id='word_1_306' title='bbox 1483 234 1559 263; x_wconf 88' lang='lat' dir='ltr'><em>Verti</em></span> <span class='ocrx_word' id='word_1_307' title='bbox 1578 243 1622 264; x_wconf 89' lang='lat' dir='ltr'><em>me</em></span> <span class='ocrx_word' id='word_1_308' title='bbox 1649 235 1689 264; x_wconf 92' lang='lat' dir='ltr'><em>ad</em></span> <span class='ocrx_word' id='word_1_309' title='bbox 1716 236 1777 264; x_wconf 84' lang='lat' dir='ltr'><em>alia</em></span> <span class='ocrx_word' id='word_1_310' title='bbox 1805 240 1829 264; x_wconf 87' lang='lat' dir='ltr'><em>et</em></span> <span class='ocrx_word' id='word_1_311' title='bbox 1850 236 1913 265; x_wconf 89' lang='lat' dir='ltr'><em>vidi</em></span> 
     </span>
     <span class='ocr_line' id='line_1_57' title="bbox 1068 279 1576 314; baseline 0.004 -7"><span class='ocrx_word' id='word_1_312' title='bbox 1068 287 1119 307; x_wconf 86' lang='lat' dir='ltr'><em>nec</em></span> <span class='ocrx_word' id='word_1_313' title='bbox 1139 279 1278 308; x_wconf 82' lang='lat' dir='ltr'><em>velocium</em></span> <span class='ocrx_word' id='word_1_314' title='bbox 1299 283 1360 314; x_wconf 76' lang='lat' dir='ltr'><em>etc,</em></span> <span class='ocrx_word' id='word_1_315' title='bbox 1382 280 1453 309; x_wconf 82' lang='lat' dir='ltr'><em>infra</em></span> <span class='ocrx_word' id='word_1_316' title='bbox 1474 289 1546 309; x_wconf 88' lang='lat' dir='ltr'><em>nono</em></span> <span class='ocrx_word' id='word_1_317' title='bbox 1555 282 1576 309; x_wconf 76' lang='lat'><em>⁴.</em></span> 
     </span>
    </p>
   </div>
   <div class='ocr_carea' id='block_1_18' title="bbox 1100 379 1885 451">
    <p class='ocr_par' dir='ltr' id='par_1_22' title="bbox 1100 379 1885 451">
     <span class='ocr_line' id='line_1_58' title="bbox 1100 379 1885 412; baseline 0.006 -10"><span class='ocrx_word' id='word_1_318' title='bbox 1100 379 1175 402; x_wconf 80' lang='lat' dir='ltr'><em>Primo</em></span> <span class='ocrx_word' id='word_1_319' title='bbox 1191 379 1305 403; x_wconf 71' lang='lat' dir='ltr'><em>securitas</em></span> <span class='ocrx_word' id='word_1_320' title='bbox 1320 380 1395 404; x_wconf 76' lang='lat' dir='ltr'><em>oritur</em></span> <span class='ocrx_word' id='word_1_321' title='bbox 1411 388 1439 404; x_wconf 78' lang='lat' dir='ltr'><em>ex</em></span> <span class='ocrx_word' id='word_1_322' title='bbox 1456 381 1591 412; x_wconf 73' lang='lat' dir='ltr'><em>apparentia</em></span> <span class='ocrx_word' id='word_1_323' title='bbox 1607 382 1709 406; x_wconf 59' lang='lat' dir='ltr'><em>deuotus</em></span> <span class='ocrx_word' id='word_1_324' title='bbox 1725 383 1885 407; x_wconf 72' lang='lat' dir='ltr'><em>retributionis</em></span> 
     </span>
     <span class='ocr_line' id='line_1_59' title="bbox 1147 417 1831 451; baseline 0.007 -11"><span class='ocrx_word' id='word_1_325' title='bbox 1147 417 1238 446; x_wconf 54' lang='lat' dir='ltr'><em>iustam</em></span> <span class='ocrx_word' id='word_1_326' title='bbox 1258 425 1314 448; x_wconf 71' lang='lat' dir='ltr'><em>quae</em></span> <span class='ocrx_word' id='word_1_327' title='bbox 1330 419 1466 449; x_wconf 71' lang='lat' dir='ltr'><em>apparentia</em></span> <span class='ocrx_word' id='word_1_328' title='bbox 1482 419 1571 450; x_wconf 77' lang='lat' dir='ltr'><em>triplici</em></span> <span class='ocrx_word' id='word_1_329' title='bbox 1587 421 1675 444; x_wconf 71' lang='lat' dir='ltr'><em>ratione</em></span> <span class='ocrx_word' id='word_1_330' title='bbox 1691 421 1831 451; x_wconf 74' lang='lat' dir='ltr'><em>producitur.</em></span> 
     </span>
    </p>
   </div>
   <div class='ocr_carea' id='block_1_19' title="bbox 1067 511 1912 970">
    <p class='ocr_par' dir='ltr' id='par_1_23' title="bbox 1067 511 1912 970">
     <span class='ocr_line' id='line_1_60' title="bbox 1148 511 1912 553; baseline 0.007 -14"><span class='ocrx_word' id='word_1_331' title='bbox 1148 511 1306 540; x_wconf 82' lang='lat' dir='ltr'><em>Retributio</em></span> <span class='ocrx_word' id='word_1_332' title='bbox 1326 515 1418 541; x_wconf 88' lang='lat' dir='ltr'><em>autem</em></span> <span class='ocrx_word' id='word_1_333' title='bbox 1440 513 1559 542; x_wconf 88' lang='lat' dir='ltr'><em>iustitiae</em></span> <span class='ocrx_word' id='word_1_334' title='bbox 1577 517 1691 551; x_wconf 89' lang='lat' dir='ltr'><em>apparet</em></span> <span class='ocrx_word' id='word_1_335' title='bbox 1711 514 1829 552; x_wconf 78' lang='lat' dir='ltr'><em>deficere</em></span> <span class='ocrx_word' id='word_1_336' title='bbox 1847 524 1912 553; x_wconf 90' lang='lat' dir='ltr'><em>pro-</em></span> 
     </span>
     <span class='ocr_line' id='line_1_61' title="bbox 1068 557 1910 597; baseline 0.007 -12"><span class='ocrx_word' id='word_1_337' title='bbox 1068 560 1129 594; x_wconf 92' lang='lat' dir='ltr'><em>pter</em></span> <span class='ocrx_word' id='word_1_338' title='bbox 1150 557 1298 586; x_wconf 83' lang='lat' dir='ltr'><em>malorum</em></span> <span class='ocrx_word' id='word_1_339' title='bbox 1319 559 1535 594; x_wconf 78' lang='lat' dir='ltr'><em>eoealtationem,</em></span> <span class='ocrx_word' id='word_1_340' title='bbox 1558 564 1671 597; x_wconf 89' lang='lat' dir='ltr'><em>propter</em></span> <span class='ocrx_word' id='word_1_341' title='bbox 1703 561 1844 591; x_wconf 90' lang='lat' dir='ltr'><em>bonorum</em></span> <span class='ocrx_word' id='word_1_342' title='bbox 1864 563 1910 591; x_wconf 89' lang='lat' dir='ltr'><em>dc-</em></span> 
     </span>
     <span class='ocr_line' id='line_1_62' title="bbox 1067 604 1910 645; baseline 0.007 -13"><span class='ocrx_word' id='word_1_343' title='bbox 1067 604 1260 641; x_wconf 74' lang='lat' dir='ltr'><em>pressionem,</em></span> <span class='ocrx_word' id='word_1_344' title='bbox 1288 608 1402 642; x_wconf 91' lang='lat' dir='ltr'><em>propter</em></span> <span class='ocrx_word' id='word_1_345' title='bbox 1430 610 1622 645; x_wconf 75' lang='lat' dir='ltr'><em>utrorumque</em></span> <span class='ocrx_word' id='word_1_346' title='bbox 1649 608 1910 642; x_wconf 65' lang='lat' dir='ltr'><em>indistinctimaew</em></span> 
     </span>
     <span class='ocr_line' id='line_1_63' title="bbox 1068 651 1911 693; baseline 0.007 -14"><span class='ocrx_word' id='word_1_347' title='bbox 1068 654 1133 680; x_wconf 89' lang='lat' dir='ltr'><em>sunt</em></span> <span class='ocrx_word' id='word_1_348' title='bbox 1154 651 1239 688; x_wconf 85' lang='lat' dir='ltr'><em>igitur</em></span> <span class='ocrx_word' id='word_1_349' title='bbox 1261 652 1305 680; x_wconf 87' lang='lat' dir='ltr'><em>hic</em></span> <span class='ocrx_word' id='word_1_350' title='bbox 1331 655 1387 681; x_wconf 87' lang='lat' dir='ltr'><em>tres</em></span> <span class='ocrx_word' id='word_1_351' title='bbox 1415 656 1514 689; x_wconf 88' lang='lat' dir='ltr'><em>partes.</em></span> <span class='ocrx_word' id='word_1_352' title='bbox 1541 654 1631 682; x_wconf 87' lang='lat' dir='ltr'><em>PrImo</em></span> <span class='ocrx_word' id='word_1_353' title='bbox 1652 655 1821 690; x_wconf 85' lang='lat' dir='ltr'><em>ostenditur,</em></span> <span class='ocrx_word' id='word_1_354' title='bbox 1842 664 1911 693; x_wconf 90' lang='lat' dir='ltr'><em>quo-</em></span> 
     </span>
     <span class='ocr_line' id='line_1_64' title="bbox 1068 698 1910 738; baseline 0.007 -12"><span class='ocrx_word' id='word_1_355' title='bbox 1068 698 1148 726; x_wconf 88' lang='lat' dir='ltr'><em>modo</em></span> <span class='ocrx_word' id='word_1_356' title='bbox 1170 698 1325 727; x_wconf 82' lang='lat' dir='ltr'><em>securitatis</em></span> <span class='ocrx_word' id='word_1_357' title='bbox 1346 699 1451 728; x_wconf 82' lang='lat' dir='ltr'><em>vanitas</em></span> <span class='ocrx_word' id='word_1_358' title='bbox 1481 700 1571 729; x_wconf 90' lang='lat' dir='ltr'><em>oritur</em></span> <span class='ocrx_word' id='word_1_359' title='bbox 1591 709 1627 729; x_wconf 87' lang='lat' dir='ltr'><em>ex</em></span> <span class='ocrx_word' id='word_1_360' title='bbox 1646 703 1825 738; x_wconf 80' lang='lat' dir='ltr'><em>promotione</em></span> <span class='ocrx_word' id='word_1_361' title='bbox 1847 711 1910 731; x_wconf 88' lang='lat' dir='ltr'><em>ma-</em></span> 
     </span>
     <span class='ocr_line' id='line_1_65' title="bbox 1068 744 1910 785; baseline 0.007 -12"><span class='ocrx_word' id='word_1_362' title='bbox 1068 744 1163 773; x_wconf 85' lang='lat' dir='ltr'><em>lorum</em></span> <span class='ocrx_word' id='word_1_363' title='bbox 1175 755 1186 778; x_wconf 87' lang='lat'><em>;</em></span> <span class='ocrx_word' id='word_1_364' title='bbox 1217 746 1353 780; x_wconf 80' lang='lat' dir='ltr'><em>secundo,</em></span> <span class='ocrx_word' id='word_1_365' title='bbox 1385 746 1523 783; x_wconf 89' lang='lat' dir='ltr'><em>quomodo</em></span> <span class='ocrx_word' id='word_1_366' title='bbox 1551 755 1587 776; x_wconf 79' lang='lat' dir='ltr'><em>ex</em></span> <span class='ocrx_word' id='word_1_367' title='bbox 1614 748 1794 785; x_wconf 81' lang='lat' dir='ltr'><em>depressione</em></span> <span class='ocrx_word' id='word_1_368' title='bbox 1825 749 1910 778; x_wconf 89' lang='lat' dir='ltr'><em>bono-</em></span> 
     </span>
     <span class='ocr_line' id='line_1_66' title="bbox 1068 792 1909 833; baseline 0.007 -14"><span class='ocrx_word' id='word_1_369' title='bbox 1068 800 1153 825; x_wconf 87' lang='lat' dir='ltr'><em>rum,</em></span> <span class='ocrx_word' id='word_1_370' title='bbox 1176 792 1212 820; x_wconf 90' lang='lat' dir='ltr'><em>ibi</em></span> <span class='ocrx_word' id='word_1_371' title='bbox 1225 792 1251 820; x_wconf 88' lang='lat'><em>⁵:</em></span> <span class='ocrx_word' id='word_1_372' title='bbox 1275 793 1324 820; x_wconf 90' lang='lat' dir='ltr'><em>Est</em></span> <span class='ocrx_word' id='word_1_373' title='bbox 1344 796 1369 821; x_wconf 88' lang='lat' dir='ltr'><em>et</em></span> <span class='ocrx_word' id='word_1_374' title='bbox 1390 792 1452 821; x_wconf 83' lang='lat' dir='ltr'><em>alia</em></span> <span class='ocrx_word' id='word_1_375' title='bbox 1472 794 1603 828; x_wconf 81' lang='lat' dir='ltr'><em>vanitas,</em></span> <span class='ocrx_word' id='word_1_376' title='bbox 1618 803 1693 832; x_wconf 86' lang='lat' dir='ltr'><em>quac</em></span> <span class='ocrx_word' id='word_1_377' title='bbox 1706 795 1739 830; x_wconf 77' lang='lat' dir='ltr'><em>fit</em></span> <span class='ocrx_word' id='word_1_378' title='bbox 1751 804 1840 833; x_wconf 83' lang='lat' dir='ltr'><em>super</em></span> <span class='ocrx_word' id='word_1_379' title='bbox 1855 800 1909 825; x_wconf 89' lang='lat' dir='ltr'><em>ter-</em></span> 
     </span>
     <span class='ocr_line' id='line_1_67' title="bbox 1068 840 1910 877; baseline 0.007 -11"><span class='ocrx_word' id='word_1_380' title='bbox 1068 846 1136 867; x_wconf 84' lang='lat' dir='ltr'><em>ram</em></span> <span class='ocrx_word' id='word_1_381' title='bbox 1157 841 1227 873; x_wconf 87' lang='lat' dir='ltr'><em>etc.;</em></span> <span class='ocrx_word' id='word_1_382' title='bbox 1256 840 1349 874; x_wconf 77' lang='lat' dir='ltr'><em>tertio,</em></span> <span class='ocrx_word' id='word_1_383' title='bbox 1371 840 1508 877; x_wconf 87' lang='lat' dir='ltr'><em>quomodo</em></span> <span class='ocrx_word' id='word_1_384' title='bbox 1529 840 1619 869; x_wconf 90' lang='lat' dir='ltr'><em>oritur</em></span> <span class='ocrx_word' id='word_1_385' title='bbox 1640 849 1676 870; x_wconf 85' lang='lat' dir='ltr'><em>ex</em></span> <span class='ocrx_word' id='word_1_386' title='bbox 1698 842 1910 872; x_wconf 73' lang='lat' dir='ltr'><em>indistinctione</em></span> 
     </span>
     <span class='ocr_line' id='line_1_68' title="bbox 1068 884 1909 925; baseline 0.006 -12"><span class='ocrx_word' id='word_1_387' title='bbox 1068 884 1193 914; x_wconf 82' lang='lat' dir='ltr'><em>istorum</em></span> <span class='ocrx_word' id='word_1_388' title='bbox 1220 890 1246 914; x_wconf 88' lang='lat' dir='ltr'><em>ct</em></span> <span class='ocrx_word' id='word_1_389' title='bbox 1273 886 1408 921; x_wconf 78' lang='lat' dir='ltr'><em>iliorum,</em></span> <span class='ocrx_word' id='word_1_390' title='bbox 1437 887 1489 916; x_wconf 90' lang='lat' dir='ltr'><em>ibi:</em></span> <span class='ocrx_word' id='word_1_391' title='bbox 1520 888 1554 915; x_wconf 90' lang='lat' dir='ltr'><em>Et</em></span> <span class='ocrx_word' id='word_1_392' title='bbox 1575 890 1701 925; x_wconf 84' lang='lat' dir='ltr'><em>apposui</em></span> <span class='ocrx_word' id='word_1_393' title='bbox 1727 898 1777 918; x_wconf 90' lang='lat' dir='ltr'><em>cor</em></span> <span class='ocrx_word' id='word_1_394' title='bbox 1797 898 1909 924; x_wconf 78' lang='lat' dir='ltr'><em>meum,</em></span> 
     </span>
     <span class='ocr_line' id='line_1_69' title="bbox 1068 932 1492 970; baseline 0.007 -11"><span class='ocrx_word' id='word_1_395' title='bbox 1068 936 1101 960; x_wconf 88' lang='lat' dir='ltr'><em>ut</em></span> <span class='ocrx_word' id='word_1_396' title='bbox 1119 932 1225 960; x_wconf 85' lang='lat' dir='ltr'><em>scirem</em></span> <span class='ocrx_word' id='word_1_397' title='bbox 1245 934 1421 970; x_wconf 79' lang='lat' dir='ltr'><em>sapientiam</em></span> <span class='ocrx_word' id='word_1_398' title='bbox 1441 937 1492 963; x_wconf 87' lang='lat' dir='ltr'><em>etc.</em></span> 
     </span>
    </p>
   </div>
   <div class='ocr_carea' id='block_1_20' title="bbox 1277 1033 1699 1064">
    <p class='ocr_par' dir='ltr' id='par_1_24' title="bbox 1277 1033 1699 1064">
     <span class='ocr_line' id='line_1_70' title="bbox 1277 1033 1699 1064; baseline 0.007 -8"><span class='ocrx_word' id='word_1_399' title='bbox 1277 1033 1363 1064; x_wconf 83' lang='lat' dir='ltr'><em>Primo,</em></span> <span class='ocrx_word' id='word_1_400' title='bbox 1382 1034 1408 1057; x_wconf 84' lang='lat' dir='ltr'><em>de</em></span> <span class='ocrx_word' id='word_1_401' title='bbox 1424 1034 1533 1058; x_wconf 74' lang='lat' dir='ltr'><em>mulorum</em></span> <span class='ocrx_word' id='word_1_402' title='bbox 1550 1035 1699 1059; x_wconf 77' lang='lat' dir='ltr'><em>exaltatione.</em></span> 
     </span>
    </p>
   </div>
   <div class='ocr_carea' id='block_1_21' title="bbox 1064 1118 1913 2327">
    <p class='ocr_par' dir='ltr' id='par_1_25' title="bbox 1066 1118 1911 1335">
     <span class='ocr_line' id='line_1_71' title="bbox 1145 1118 1911 1156; baseline 0.008 -10"><span class='ocrx_word' id='word_1_403' title='bbox 1145 1118 1231 1147; x_wconf 86' lang='lat' dir='ltr'><em>Ortus</em></span> <span class='ocrx_word' id='word_1_404' title='bbox 1251 1120 1335 1156; x_wconf 81' lang='lat' dir='ltr'><em>igitur</em></span> <span class='ocrx_word' id='word_1_405' title='bbox 1349 1121 1505 1150; x_wconf 85' lang='lat' dir='ltr'><em>securitatis</em></span> <span class='ocrx_word' id='word_1_406' title='bbox 1519 1130 1555 1150; x_wconf 86' lang='lat' dir='ltr'><em>ex</em></span> <span class='ocrx_word' id='word_1_407' title='bbox 1571 1122 1717 1151; x_wconf 84' lang='lat' dir='ltr'><em>matorum</em></span> <span class='ocrx_word' id='word_1_408' title='bbox 1737 1123 1911 1152; x_wconf 78' lang='lat' dir='ltr'><em>caealtatione</em></span> 
     </span>
     <span class='ocr_line' id='line_1_72' title="bbox 1067 1164 1911 1199; baseline 0.008 -7"><span class='ocrx_word' id='word_1_409' title='bbox 1067 1164 1119 1193; x_wconf 86' lang='lat' dir='ltr'><em>hoc</em></span> <span class='ocrx_word' id='word_1_410' title='bbox 1139 1165 1234 1193; x_wconf 87' lang='lat' dir='ltr'><em>ordine</em></span> <span class='ocrx_word' id='word_1_411' title='bbox 1254 1166 1429 1195; x_wconf 83' lang='lat' dir='ltr'><em>describitur.</em></span> <span class='ocrx_word' id='word_1_412' title='bbox 1462 1168 1551 1197; x_wconf 88' lang='lat' dir='ltr'><em>Primo</em></span> <span class='ocrx_word' id='word_1_413' title='bbox 1579 1169 1735 1198; x_wconf 89' lang='lat' dir='ltr'><em>insinuatur</em></span> <span class='ocrx_word' id='word_1_414' title='bbox 1762 1170 1911 1199; x_wconf 86' lang='lat' dir='ltr'><em>malorum</em></span> 
     </span>
     <span class='ocr_line' id='line_1_73' title="bbox 1066 1210 1910 1251; baseline 0.009 -13"><span class='ocrx_word' id='word_1_415' title='bbox 1066 1210 1249 1245; x_wconf 66' lang='lat' dir='ltr'><em>sublimatis,-</em></span> <span class='ocrx_word' id='word_1_416' title='bbox 1270 1213 1391 1241; x_wconf 89' lang='lat' dir='ltr'><em>secundo</em></span> <span class='ocrx_word' id='word_1_417' title='bbox 1412 1222 1493 1248; x_wconf 83' lang='lat' dir='ltr'><em>vero,</em></span> <span class='ocrx_word' id='word_1_418' title='bbox 1515 1215 1653 1251; x_wconf 90' lang='lat' dir='ltr'><em>quomodo</em></span> <span class='ocrx_word' id='word_1_419' title='bbox 1683 1224 1719 1244; x_wconf 89' lang='lat' dir='ltr'><em>ex</em></span> <span class='ocrx_word' id='word_1_420' title='bbox 1748 1217 1800 1245; x_wconf 92' lang='lat' dir='ltr'><em>hoc</em></span> <span class='ocrx_word' id='word_1_421' title='bbox 1821 1217 1910 1246; x_wconf 93' lang='lat' dir='ltr'><em>oritur</em></span> 
     </span>
     <span class='ocr_line' id='line_1_74' title="bbox 1067 1257 1911 1299; baseline 0.008 -14"><span class='ocrx_word' id='word_1_422' title='bbox 1067 1257 1158 1294; x_wconf 91' lang='lat' dir='ltr'><em>impiis</em></span> <span class='ocrx_word' id='word_1_423' title='bbox 1178 1259 1346 1287; x_wconf 75' lang='lat' dir='ltr'><em>securitatis</em></span> <span class='ocrx_word' id='word_1_424' title='bbox 1365 1260 1500 1293; x_wconf 86' lang='lat' dir='ltr'><em>vanitas;</em></span> <span class='ocrx_word' id='word_1_425' title='bbox 1522 1262 1618 1296; x_wconf 85' lang='lat' dir='ltr'><em>tertio,</em></span> <span class='ocrx_word' id='word_1_426' title='bbox 1637 1263 1774 1299; x_wconf 90' lang='lat' dir='ltr'><em>quomodo</em></span> <span class='ocrx_word' id='word_1_427' title='bbox 1798 1271 1834 1292; x_wconf 89' lang='lat' dir='ltr'><em>ex</em></span> <span class='ocrx_word' id='word_1_428' title='bbox 1859 1264 1911 1292; x_wconf 86' lang='lat' dir='ltr'><em>hoc</em></span> 
     </span>
     <span class='ocr_line' id='line_1_75' title="bbox 1066 1304 1479 1335; baseline 0.007 -3"><span class='ocrx_word' id='word_1_429' title='bbox 1066 1304 1176 1333; x_wconf 85' lang='lat' dir='ltr'><em>elicitur</em></span> <span class='ocrx_word' id='word_1_430' title='bbox 1197 1304 1338 1334; x_wconf 84' lang='lat' dir='ltr'><em>bonorum</em></span> <span class='ocrx_word' id='word_1_431' title='bbox 1359 1306 1479 1335; x_wconf 84' lang='lat' dir='ltr'><em>utilitas.</em></span> 
     </span>
    </p>

    <p class='ocr_par' dir='ltr' id='par_1_26' title="bbox 1064 1351 1913 2327">
     <span class='ocr_line' id='line_1_76' title="bbox 1146 1351 1911 1390; baseline 0.009 -12"><span class='ocrx_word' id='word_1_432' title='bbox 1146 1351 1234 1387; x_wconf 85' lang='lat' dir='ltr'><em>(Vers.</em></span> <span class='ocrx_word' id='word_1_433' title='bbox 1258 1352 1282 1379; x_wconf 85' lang='lat'><em>9.</em></span> <span class='ocrx_word' id='word_1_434' title='bbox 1308 1352 1372 1387; x_wconf 70' lang='lat' dir='ltr'><em>lu).</em></span> <span class='ocrx_word' id='word_1_435' title='bbox 1389 1353 1480 1381; x_wconf 88' lang='lat' dir='ltr'><em>Primo</em></span> <span class='ocrx_word' id='word_1_436' title='bbox 1494 1353 1578 1390; x_wconf 82' lang='lat' dir='ltr'><em>igitur</em></span> <span class='ocrx_word' id='word_1_437' title='bbox 1593 1355 1750 1384; x_wconf 88' lang='lat' dir='ltr'><em>insinuatur</em></span> <span class='ocrx_word' id='word_1_438' title='bbox 1764 1356 1911 1385; x_wconf 84' lang='lat' dir='ltr'><em>malorum</em></span> 
     </span>
     <span class='ocr_line' id='line_1_77' title="bbox 1067 1396 1911 1435; baseline 0.008 -10"><span class='ocrx_word' id='word_1_439' title='bbox 1067 1396 1249 1431; x_wconf 82' lang='lat' dir='ltr'><em>sublimitas,</em></span> <span class='ocrx_word' id='word_1_440' title='bbox 1270 1406 1353 1435; x_wconf 89' lang='lat' dir='ltr'><em>quam</em></span> <span class='ocrx_word' id='word_1_441' title='bbox 1376 1399 1558 1429; x_wconf 85' lang='lat' dir='ltr'><em>consideravit</em></span> <span class='ocrx_word' id='word_1_442' title='bbox 1587 1401 1761 1431; x_wconf 84' lang='lat' dir='ltr'><em>Ecclesiastes</em></span> <span class='ocrx_word' id='word_1_443' title='bbox 1782 1411 1832 1431; x_wconf 88' lang='lat' dir='ltr'><em>sua</em></span> <span class='ocrx_word' id='word_1_444' title='bbox 1852 1403 1911 1431; x_wconf 85' lang='lat' dir='ltr'><em>dili-</em></span> 
     </span>
     <span class='ocr_line' id='line_1_78' title="bbox 1066 1444 1912 1484; baseline 0.007 -12"><span class='ocrx_word' id='word_1_445' title='bbox 1066 1444 1140 1481; x_wconf 83' lang='lat' dir='ltr'><em>genti</em></span> <span class='ocrx_word' id='word_1_446' title='bbox 1161 1444 1386 1474; x_wconf 86' lang='lat' dir='ltr'><em>consideratione.</em></span> <span class='ocrx_word' id='word_1_447' title='bbox 1409 1446 1522 1483; x_wconf 87' lang='lat' dir='ltr'><em>Propter</em></span> <span class='ocrx_word' id='word_1_448' title='bbox 1536 1447 1610 1484; x_wconf 91' lang='lat' dir='ltr'><em>quod</em></span> <span class='ocrx_word' id='word_1_449' title='bbox 1624 1448 1704 1477; x_wconf 89' lang='lat' dir='ltr'><em>dicit:</em></span> <span class='ocrx_word' id='word_1_450' title='bbox 1722 1448 1828 1478; x_wconf 89' lang='lat' dir='ltr'><em>Omnia</em></span> <span class='ocrx_word' id='word_1_451' title='bbox 1842 1448 1912 1478; x_wconf 75' lang='lat' dir='ltr'><em>baec</em></span> 
     </span>
     <span class='ocr_line' id='line_1_79' title="bbox 1067 1491 1913 1532; baseline 0.007 -13"><span class='ocrx_word' id='word_1_452' title='bbox 1067 1491 1265 1525; x_wconf 82' lang='lat' dir='ltr'><em>consideravi,</em></span> <span class='ocrx_word' id='word_1_453' title='bbox 1291 1493 1400 1529; x_wconf 86' lang='lat' dir='ltr'><em>supple:</em></span> <span class='ocrx_word' id='word_1_454' title='bbox 1429 1501 1500 1530; x_wconf 85' lang='lat' dir='ltr'><em>quae</em></span> <span class='ocrx_word' id='word_1_455' title='bbox 1528 1494 1653 1531; x_wconf 85' lang='lat' dir='ltr'><em>praedixi</em></span> <span class='ocrx_word' id='word_1_456' title='bbox 1682 1496 1767 1532; x_wconf 91' lang='lat' dir='ltr'><em>prius.</em></span> <span class='ocrx_word' id='word_1_457' title='bbox 1791 1497 1827 1525; x_wconf 89' lang='lat' dir='ltr'><em>Et</em></span> <span class='ocrx_word' id='word_1_458' title='bbox 1846 1497 1913 1525; x_wconf 84' lang='lat' dir='ltr'><em>dedi</em></span> 
     </span>
     <span class='ocr_line' id='line_1_80' title="bbox 1068 1538 1910 1579; baseline 0.008 -14"><span class='ocrx_word' id='word_1_459' title='bbox 1068 1545 1118 1565; x_wconf 88' lang='lat' dir='ltr'><em>cor</em></span> <span class='ocrx_word' id='word_1_460' title='bbox 1136 1546 1235 1566; x_wconf 84' lang='lat' dir='ltr'><em>meum</em></span> <span class='ocrx_word' id='word_1_461' title='bbox 1257 1538 1287 1567; x_wconf 87' lang='lat' dir='ltr'><em>in</em></span> <span class='ocrx_word' id='word_1_462' title='bbox 1309 1539 1420 1568; x_wconf 85' lang='lat' dir='ltr'><em>cunctis</em></span> <span class='ocrx_word' id='word_1_463' title='bbox 1434 1540 1584 1577; x_wconf 83' lang='lat' dir='ltr'><em>operibus,</em></span> <span class='ocrx_word' id='word_1_464' title='bbox 1600 1550 1675 1579; x_wconf 82' lang='lat' dir='ltr'><em>quae</em></span> <span class='ocrx_word' id='word_1_465' title='bbox 1687 1541 1764 1579; x_wconf 74' lang='lat' dir='ltr'><em>fiunt</em></span> <span class='ocrx_word' id='word_1_466' title='bbox 1776 1543 1829 1571; x_wconf 83' lang='lat' dir='ltr'><em>sub</em></span> <span class='ocrx_word' id='word_1_467' title='bbox 1844 1543 1910 1577; x_wconf 78' lang='lat' dir='ltr'><em>sote,</em></span> 
     </span>
     <span class='ocr_line' id='line_1_81' title="bbox 1067 1585 1911 1625; baseline 0.007 -13"><span class='ocrx_word' id='word_1_468' title='bbox 1067 1587 1098 1612; x_wconf 91' lang='lat' dir='ltr'><em>ut</em></span> <span class='ocrx_word' id='word_1_469' title='bbox 1119 1585 1210 1613; x_wconf 87' lang='lat' dir='ltr'><em>omnia</em></span> <span class='ocrx_word' id='word_1_470' title='bbox 1241 1586 1459 1621; x_wconf 59' lang='lat' dir='ltr'><em>considerarem</em></span> <span class='ocrx_word' id='word_1_471' title='bbox 1482 1595 1567 1624; x_wconf 88' lang='lat' dir='ltr'><em>supra</em></span> <span class='ocrx_word' id='word_1_472' title='bbox 1588 1588 1718 1625; x_wconf 78' lang='lat' dir='ltr'><em>prinio⁶:</em></span> <span class='ocrx_word' id='word_1_473' title='bbox 1749 1589 1843 1618; x_wconf 87' lang='lat' dir='ltr'><em>«Dedi</em></span> <span class='ocrx_word' id='word_1_474' title='bbox 1864 1598 1911 1618; x_wconf 77' lang='lat' dir='ltr'><em>cor</em></span> 
     </span>
     <span class='ocr_line' id='line_1_82' title="bbox 1067 1632 1912 1672; baseline 0.007 -13"><span class='ocrx_word' id='word_1_475' title='bbox 1067 1638 1173 1665; x_wconf 81' lang='lat' dir='ltr'><em>meum,</em></span> <span class='ocrx_word' id='word_1_476' title='bbox 1194 1634 1226 1660; x_wconf 92' lang='lat' dir='ltr'><em>ut</em></span> <span class='ocrx_word' id='word_1_477' title='bbox 1247 1632 1345 1661; x_wconf 86' lang='lat' dir='ltr'><em>scirem</em></span> <span class='ocrx_word' id='word_1_478' title='bbox 1366 1633 1541 1670; x_wconf 84' lang='lat' dir='ltr'><em>prudentiam</em></span> <span class='ocrx_word' id='word_1_479' title='bbox 1564 1637 1647 1672; x_wconf 86' lang='lat' dir='ltr'><em>atque</em></span> <span class='ocrx_word' id='word_1_480' title='bbox 1667 1635 1820 1664; x_wconf 86' lang='lat' dir='ltr'><em>doctrinam</em></span> <span class='ocrx_word' id='word_1_481' title='bbox 1835 1644 1912 1665; x_wconf 89' lang='lat' dir='ltr'><em>erro-</em></span> 
     </span>
     <span class='ocr_line' id='line_1_83' title="bbox 1068 1679 1911 1715; baseline 0.007 -9"><span class='ocrx_word' id='word_1_482' title='bbox 1068 1685 1168 1715; x_wconf 90' lang='lat' dir='ltr'><em>resque</em></span> <span class='ocrx_word' id='word_1_483' title='bbox 1188 1681 1216 1707; x_wconf 86' lang='lat' dir='ltr'><em>et</em></span> <span class='ocrx_word' id='word_1_484' title='bbox 1236 1679 1380 1708; x_wconf 85' lang='lat' dir='ltr'><em>stultitiam</em></span> <span class='ocrx_word' id='word_1_485' title='bbox 1395 1692 1421 1708; x_wconf 82' lang='grc'><em>».</em></span> <span class='ocrx_word' id='word_1_486' title='bbox 1445 1680 1476 1709; x_wconf 89' lang='lat' dir='ltr'><em>Et</em></span> <span class='ocrx_word' id='word_1_487' title='bbox 1497 1681 1524 1709; x_wconf 93' lang='lat' dir='ltr'><em>in</em></span> <span class='ocrx_word' id='word_1_488' title='bbox 1546 1681 1597 1710; x_wconf 89' lang='lat' dir='ltr'><em>hac</em></span> <span class='ocrx_word' id='word_1_489' title='bbox 1611 1682 1829 1711; x_wconf 86' lang='lat' dir='ltr'><em>consideratione</em></span> <span class='ocrx_word' id='word_1_490' title='bbox 1844 1683 1911 1712; x_wconf 84' lang='lat' dir='ltr'><em>vidit</em></span> 
     </span>
     <span class='ocr_line' id='line_1_84' title="bbox 1067 1724 1908 1765; baseline 0.008 -13"><span class='ocrx_word' id='word_1_491' title='bbox 1067 1724 1125 1761; x_wconf 87' lang='lat' dir='ltr'><em>ipse</em></span> <span class='ocrx_word' id='word_1_492' title='bbox 1145 1725 1282 1754; x_wconf 88' lang='lat' dir='ltr'><em>malorum</em></span> <span class='ocrx_word' id='word_1_493' title='bbox 1313 1726 1534 1756; x_wconf 79' lang='lat' dir='ltr'><em>subIImationem</em></span> <span class='ocrx_word' id='word_1_494' title='bbox 1562 1731 1589 1756; x_wconf 91' lang='lat' dir='ltr'><em>et</em></span> <span class='ocrx_word' id='word_1_495' title='bbox 1617 1728 1644 1756; x_wconf 93' lang='lat' dir='ltr'><em>in</em></span> <span class='ocrx_word' id='word_1_496' title='bbox 1670 1730 1797 1765; x_wconf 83' lang='lat' dir='ltr'><em>potentia</em></span> <span class='ocrx_word' id='word_1_497' title='bbox 1829 1733 1855 1759; x_wconf 89' lang='lat' dir='ltr'><em>et</em></span> <span class='ocrx_word' id='word_1_498' title='bbox 1883 1731 1908 1759; x_wconf 86' lang='lat' dir='ltr'><em>in</em></span> 
     </span>
     <span class='ocr_line' id='line_1_85' title="bbox 1067 1770 1908 1812; baseline 0.007 -13"><span class='ocrx_word' id='word_1_499' title='bbox 1067 1770 1161 1808; x_wconf 81' lang='lat' dir='ltr'><em>fama.</em></span> <span class='ocrx_word' id='word_1_500' title='bbox 1184 1772 1322 1808; x_wconf 91' lang='lat' dir='ltr'><em>Quantum</em></span> <span class='ocrx_word' id='word_1_501' title='bbox 1344 1773 1378 1801; x_wconf 89' lang='lat' dir='ltr'><em>ad</em></span> <span class='ocrx_word' id='word_1_502' title='bbox 1399 1773 1620 1803; x_wconf 89' lang='lat' dir='ltr'><em>sublimationem</em></span> <span class='ocrx_word' id='word_1_503' title='bbox 1643 1775 1671 1803; x_wconf 96' lang='lat' dir='ltr'><em>in</em></span> <span class='ocrx_word' id='word_1_504' title='bbox 1688 1777 1817 1812; x_wconf 78' lang='lat' dir='ltr'><em>potentia</em></span> <span class='ocrx_word' id='word_1_505' title='bbox 1831 1777 1908 1806; x_wconf 89' lang='lat' dir='ltr'><em>dicit:</em></span> 
     </span>
     <span class='ocr_line' id='line_1_86' title="bbox 1069 1818 1908 1858; baseline 0.008 -12"><span class='ocrx_word' id='word_1_506' title='bbox 1069 1818 1218 1848; x_wconf 83' lang='lat' dir='ltr'><em>Interdum</em></span> <span class='ocrx_word' id='word_1_507' title='bbox 1233 1819 1403 1848; x_wconf 82' lang='lat' dir='ltr'><em>dominatur</em></span> <span class='ocrx_word' id='word_1_508' title='bbox 1418 1820 1500 1849; x_wconf 76' lang='lat' dir='ltr'><em>ltomo</em></span> <span class='ocrx_word' id='word_1_509' title='bbox 1515 1820 1627 1850; x_wconf 78' lang='lat' dir='ltr'><em>homini</em></span> <span class='ocrx_word' id='word_1_510' title='bbox 1640 1823 1671 1850; x_wconf 85' lang='lat' dir='ltr'><em>in</em></span> <span class='ocrx_word' id='word_1_511' title='bbox 1682 1823 1792 1851; x_wconf 87' lang='lat' dir='ltr'><em>malum</em></span> <span class='ocrx_word' id='word_1_512' title='bbox 1806 1833 1908 1858; x_wconf 86' lang='lat' dir='ltr'><em>suum,</em></span> 
     </span>
     <span class='ocr_line' id='line_1_87' title="bbox 1068 1865 1909 1904; baseline 0.008 -11"><span class='ocrx_word' id='word_1_513' title='bbox 1068 1865 1193 1893; x_wconf 87' lang='lat' dir='ltr'><em>videlicet</em></span> <span class='ocrx_word' id='word_1_514' title='bbox 1213 1865 1323 1902; x_wconf 88' lang='lat' dir='ltr'><em>quando</em></span> <span class='ocrx_word' id='word_1_515' title='bbox 1344 1866 1432 1895; x_wconf 91' lang='lat' dir='ltr'><em>malus</em></span> <span class='ocrx_word' id='word_1_516' title='bbox 1447 1870 1567 1903; x_wconf 87' lang='lat' dir='ltr'><em>praeest,</em></span> <span class='ocrx_word' id='word_1_517' title='bbox 1583 1868 1648 1904; x_wconf 89' lang='lat' dir='ltr'><em>quia</em></span> <span class='ocrx_word' id='word_1_518' title='bbox 1662 1869 1750 1898; x_wconf 89' lang='lat' dir='ltr'><em>bonus</em></span> <span class='ocrx_word' id='word_1_519' title='bbox 1765 1870 1791 1898; x_wconf 96' lang='lat' dir='ltr'><em>in</em></span> <span class='ocrx_word' id='word_1_520' title='bbox 1807 1871 1909 1899; x_wconf 90' lang='lat' dir='ltr'><em>bonum</em></span> 
     </span>
     <span class='ocr_line' id='line_1_88' title="bbox 1068 1912 1909 1951; baseline 0.007 -11"><span class='ocrx_word' id='word_1_521' title='bbox 1068 1919 1165 1945; x_wconf 85' lang='lat' dir='ltr'><em>suum,</em></span> <span class='ocrx_word' id='word_1_522' title='bbox 1180 1920 1244 1940; x_wconf 86' lang='lat' dir='ltr'><em>cum</em></span> <span class='ocrx_word' id='word_1_523' title='bbox 1259 1912 1328 1941; x_wconf 90' lang='lat' dir='ltr'><em>bene</em></span> <span class='ocrx_word' id='word_1_524' title='bbox 1343 1916 1465 1949; x_wconf 87' lang='lat' dir='ltr'><em>praeest;</em></span> <span class='ocrx_word' id='word_1_525' title='bbox 1481 1913 1553 1942; x_wconf 87' lang='lat' dir='ltr'><em>unde</em></span> <span class='ocrx_word' id='word_1_526' title='bbox 1568 1914 1672 1951; x_wconf 89' lang='lat' dir='ltr'><em>primae</em></span> <span class='ocrx_word' id='word_1_527' title='bbox 1687 1916 1720 1944; x_wconf 87' lang='lat' dir='ltr'><em>ad</em></span> <span class='ocrx_word' id='word_1_528' title='bbox 1735 1917 1909 1946; x_wconf 88' lang='lat' dir='ltr'><em>Timotheum</em></span> 
     </span>
     <span class='ocr_line' id='line_1_89' title="bbox 1068 1959 1909 1997; baseline 0.007 -11"><span class='ocrx_word' id='word_1_529' title='bbox 1068 1959 1186 1986; x_wconf 83' lang='lat' dir='ltr'><em>terti07:</em></span> <span class='ocrx_word' id='word_1_530' title='bbox 1224 1970 1237 1983; x_wconf 86' lang='lat'>«</span> <span class='ocrx_word' id='word_1_531' title='bbox 1256 1959 1281 1987; x_wconf 89' lang='lat' dir='ltr'><em>Si</em></span> <span class='ocrx_word' id='word_1_532' title='bbox 1313 1959 1376 1995; x_wconf 88' lang='lat' dir='ltr'><em>quis</em></span> <span class='ocrx_word' id='word_1_533' title='bbox 1407 1960 1594 1997; x_wconf 85' lang='lat' dir='ltr'><em>episcopatum</em></span> <span class='ocrx_word' id='word_1_534' title='bbox 1625 1961 1774 1997; x_wconf 85' lang='lat' dir='ltr'><em>desiderat,</em></span> <span class='ocrx_word' id='word_1_535' title='bbox 1806 1963 1909 1992; x_wconf 90' lang='lat' dir='ltr'><em>bonum</em></span> 
     </span>
     <span class='ocr_line' id='line_1_90' title="bbox 1067 2005 1909 2044; baseline 0.006 -11"><span class='ocrx_word' id='word_1_536' title='bbox 1067 2013 1137 2042; x_wconf 88' lang='lat' dir='ltr'><em>opus</em></span> <span class='ocrx_word' id='word_1_537' title='bbox 1157 2005 1294 2034; x_wconf 87' lang='lat' dir='ltr'><em>desiderat</em></span> <span class='ocrx_word' id='word_1_538' title='bbox 1305 2016 1332 2039; x_wconf 78' lang='lat'><em>»3</em></span> <span class='ocrx_word' id='word_1_539' title='bbox 1355 2006 1402 2034; x_wconf 89' lang='lat' dir='ltr'><em>sed</em></span> <span class='ocrx_word' id='word_1_540' title='bbox 1423 2006 1512 2035; x_wconf 85' lang='lat' dir='ltr'><em>malus</em></span> <span class='ocrx_word' id='word_1_541' title='bbox 1532 2007 1560 2035; x_wconf 92' lang='lat' dir='ltr'><em>in</em></span> <span class='ocrx_word' id='word_1_542' title='bbox 1589 2008 1693 2037; x_wconf 89' lang='lat' dir='ltr'><em>malum</em></span> <span class='ocrx_word' id='word_1_543' title='bbox 1715 2016 1813 2044; x_wconf 88' lang='lat' dir='ltr'><em>suum;</em></span> <span class='ocrx_word' id='word_1_544' title='bbox 1836 2010 1909 2038; x_wconf 91' lang='lat' dir='ltr'><em>unde</em></span> 
     </span>
     <span class='ocr_line' id='line_1_91' title="bbox 1068 2052 1910 2092; baseline 0.006 -12"><span class='ocrx_word' id='word_1_545' title='bbox 1068 2052 1246 2081; x_wconf 87' lang='lat' dir='ltr'><em>Ecclesiastici</em></span> <span class='ocrx_word' id='word_1_546' title='bbox 1268 2052 1398 2089; x_wconf 85' lang='lat' dir='ltr'><em>septimo:</em></span> <span class='ocrx_word' id='word_1_547' title='bbox 1425 2053 1510 2081; x_wconf 89' lang='lat' dir='ltr'><em>«Non</em></span> <span class='ocrx_word' id='word_1_548' title='bbox 1535 2054 1629 2091; x_wconf 85' lang='lat' dir='ltr'><em>alliges</em></span> <span class='ocrx_word' id='word_1_549' title='bbox 1657 2055 1705 2083; x_wconf 90' lang='lat' dir='ltr'><em>tibi</em></span> <span class='ocrx_word' id='word_1_550' title='bbox 1728 2059 1838 2092; x_wconf 86' lang='lat' dir='ltr'><em>peccata</em></span> <span class='ocrx_word' id='word_1_551' title='bbox 1859 2056 1910 2084; x_wconf 91' lang='lat' dir='ltr'><em>du-</em></span> 
     </span>
     <span class='ocr_line' id='line_1_92' title="bbox 1067 2099 1910 2136; baseline 0.005 -9"><span class='ocrx_word' id='word_1_552' title='bbox 1067 2099 1162 2136; x_wconf 89' lang='lat' dir='ltr'><em>plicia;</em></span> <span class='ocrx_word' id='word_1_553' title='bbox 1194 2107 1244 2128; x_wconf 88' lang='lat' dir='ltr'><em>nec</em></span> <span class='ocrx_word' id='word_1_554' title='bbox 1278 2100 1351 2128; x_wconf 88' lang='lat' dir='ltr'><em>enim</em></span> <span class='ocrx_word' id='word_1_555' title='bbox 1383 2100 1410 2128; x_wconf 93' lang='lat' dir='ltr'><em>in</em></span> <span class='ocrx_word' id='word_1_556' title='bbox 1441 2108 1497 2128; x_wconf 93' lang='lat' dir='ltr'><em>uno</em></span> <span class='ocrx_word' id='word_1_557' title='bbox 1527 2101 1582 2129; x_wconf 87' lang='lat' dir='ltr'><em>eris</em></span> <span class='ocrx_word' id='word_1_558' title='bbox 1616 2101 1747 2130; x_wconf 86' lang='lat' dir='ltr'><em>immunis</em></span> <span class='ocrx_word' id='word_1_559' title='bbox 1765 2114 1791 2130; x_wconf 89' lang='lat'><em>».</em></span> <span class='ocrx_word' id='word_1_560' title='bbox 1824 2103 1910 2132; x_wconf 84' lang='lat' dir='ltr'><em>Malus</em></span> 
     </span>
     <span class='ocr_line' id='line_1_93' title="bbox 1066 2146 1909 2185; baseline 0.005 -11"><span class='ocrx_word' id='word_1_561' title='bbox 1066 2147 1206 2183; x_wconf 87' lang='lat' dir='ltr'><em>praelatus</em></span> <span class='ocrx_word' id='word_1_562' title='bbox 1236 2146 1328 2183; x_wconf 81' lang='lat' dir='ltr'><em>alligat</em></span> <span class='ocrx_word' id='word_1_563' title='bbox 1356 2146 1405 2175; x_wconf 87' lang='lat' dir='ltr'><em>sibi</em></span> <span class='ocrx_word' id='word_1_564' title='bbox 1427 2150 1538 2183; x_wconf 86' lang='lat' dir='ltr'><em>peccata</em></span> <span class='ocrx_word' id='word_1_565' title='bbox 1558 2147 1685 2184; x_wconf 88' lang='lat' dir='ltr'><em>duplicia.</em></span> <span class='ocrx_word' id='word_1_566' title='bbox 1709 2165 1745 2169; x_wconf 97' lang='lat'><strong>—</strong></span> <span class='ocrx_word' id='word_1_567' title='bbox 1770 2150 1909 2185; x_wconf 88' lang='lat' dir='ltr'><em>Quantum</em></span> 
     </span>
     <span class='ocr_line' id='line_1_94' title="bbox 1067 2192 1909 2233; baseline 0.005 -12"><span class='ocrx_word' id='word_1_568' title='bbox 1067 2193 1101 2221; x_wconf 88' lang='lat' dir='ltr'><em>ad</em></span> <span class='ocrx_word' id='word_1_569' title='bbox 1128 2193 1350 2222; x_wconf 86' lang='lat' dir='ltr'><em>sublimationem</em></span> <span class='ocrx_word' id='word_1_570' title='bbox 1377 2193 1406 2221; x_wconf 92' lang='lat' dir='ltr'><em>in</em></span> <span class='ocrx_word' id='word_1_571' title='bbox 1432 2192 1518 2231; x_wconf 78' lang='lat' dir='ltr'><em>fama</em></span> <span class='ocrx_word' id='word_1_572' title='bbox 1545 2194 1625 2223; x_wconf 90' lang='lat' dir='ltr'><em>dicit:</em></span> <span class='ocrx_word' id='word_1_573' title='bbox 1655 2195 1719 2223; x_wconf 85' lang='lat' dir='ltr'><em>Vidi</em></span> <span class='ocrx_word' id='word_1_574' title='bbox 1738 2195 1844 2233; x_wconf 86' lang='lat' dir='ltr'><em>impios</em></span> <span class='ocrx_word' id='word_1_575' title='bbox 1868 2205 1909 2225; x_wconf 87' lang='lat' dir='ltr'><em>se-</em></span> 
     </span>
     <span class='ocr_line' id='line_1_95' title="bbox 1064 2239 1909 2280; baseline 0.005 -12"><span class='ocrx_word' id='word_1_576' title='bbox 1064 2240 1178 2278; x_wconf 80' lang='lat' dir='ltr'><em>pultos,</em></span> <span class='ocrx_word' id='word_1_577' title='bbox 1200 2240 1302 2269; x_wconf 90' lang='lat' dir='ltr'><em>scilicet</em></span> <span class='ocrx_word' id='word_1_578' title='bbox 1321 2239 1523 2278; x_wconf 80' lang='lat' dir='ltr'><em>profunditate</em></span> <span class='ocrx_word' id='word_1_579' title='bbox 1544 2241 1752 2280; x_wconf 85' lang='lat' dir='ltr'><em>desperationis</em></span> <span class='ocrx_word' id='word_1_580' title='bbox 1764 2253 1774 2276; x_wconf 90' lang='lat'><em>‚·</em></span> <span class='ocrx_word' id='word_1_581' title='bbox 1796 2243 1909 2272; x_wconf 88' lang='lat' dir='ltr'><em>Prover-</em></span> 
     </span>
     <span class='ocr_line' id='line_1_96' title="bbox 1067 2287 1910 2327; baseline 0.005 -12"><span class='ocrx_word' id='word_1_582' title='bbox 1067 2287 1176 2316; x_wconf 90' lang='lat' dir='ltr'><em>biorum</em></span> <span class='ocrx_word' id='word_1_583' title='bbox 1208 2287 1313 2316; x_wconf 90' lang='lat' dir='ltr'><em>decimo</em></span> <span class='ocrx_word' id='word_1_584' title='bbox 1340 2287 1475 2316; x_wconf 67' lang='lat' dir='ltr'><em>octavoss:</em></span> <span class='ocrx_word' id='word_1_585' title='bbox 1502 2300 1516 2313; x_wconf 87' lang='lat'>«</span> <span class='ocrx_word' id='word_1_586' title='bbox 1531 2288 1632 2325; x_wconf 89' lang='lat' dir='ltr'><em>Impius</em></span> <span class='ocrx_word' id='word_1_587' title='bbox 1663 2297 1725 2318; x_wconf 91' lang='lat' dir='ltr'><em>cum</em></span> <span class='ocrx_word' id='word_1_588' title='bbox 1747 2290 1774 2318; x_wconf 93' lang='lat' dir='ltr'><em>in</em></span> <span class='ocrx_word' id='word_1_589' title='bbox 1796 2291 1910 2327; x_wconf 85' lang='lat' dir='ltr'><em>profun-</em></span> 
     </span>
    </p>
   </div>
   <div class='ocr_carea' id='block_1_22' title="bbox 781 2372 1296 2375">
    <p class='ocr_par' dir='ltr' id='par_1_27' title="bbox 781 2372 1296 2375">
     <span class='ocr_line' id='line_1_97' title="bbox 781 2372 1296 2375; baseline 0 0"><span class='ocrx_word' id='word_1_590' title='bbox 781 2372 1296 2375; x_wconf 95' lang='lat' dir='ltr'><em> </em></span> 
     </span>
    </p>
   </div>
   <div class='ocr_carea' id='block_1_23' title="bbox 167 2428 1011 2956">
    <p class='ocr_par' dir='ltr' id='par_1_28' title="bbox 167 2428 1011 2807">
     <span class='ocr_line' id='line_1_98' title="bbox 229 2428 1010 2458; baseline 0.001 -7"><span class='ocrx_word' id='word_1_591' title='bbox 229 2428 236 2440; x_wconf 80' lang='lat'><strong>¹</strong></span> <span class='ocrx_word' id='word_1_592' title='bbox 256 2430 361 2452; x_wconf 86' lang='lat' dir='ltr'><em>Salonius</em></span> <span class='ocrx_word' id='word_1_593' title='bbox 382 2429 528 2456; x_wconf 85' lang='lat' dir='ltr'><em>(Viennensis</em></span> <span class='ocrx_word' id='word_1_594' title='bbox 549 2430 619 2458; x_wconf 84' lang='lat' dir='ltr'><em>episc.</em></span> <span class='ocrx_word' id='word_1_595' title='bbox 642 2430 721 2452; x_wconf 84' lang='lat' dir='ltr'><em>claruit</em></span> <span class='ocrx_word' id='word_1_596' title='bbox 743 2436 779 2452; x_wconf 87' lang='lat' dir='ltr'><em>an.</em></span> <span class='ocrx_word' id='word_1_597' title='bbox 803 2430 870 2456; x_wconf 73' lang='lat'>453),</span> <span class='ocrx_word' id='word_1_598' title='bbox 894 2430 914 2452; x_wconf 88' lang='lat' dir='ltr'><em>in</em></span> <span class='ocrx_word' id='word_1_599' title='bbox 938 2431 1010 2452; x_wconf 83' lang='lat' dir='ltr'><em>Eccle.</em></span> 
     </span>
     <span class='ocr_line' id='line_1_99' title="bbox 168 2468 1008 2497; baseline 0 -7"><span class='ocrx_word' id='word_1_600' title='bbox 168 2468 263 2495; x_wconf 85' lang='lat' dir='ltr'><em>exposit.</em></span> <span class='ocrx_word' id='word_1_601' title='bbox 281 2468 376 2496; x_wconf 86' lang='lat' dir='ltr'><em>mystica</em></span> <span class='ocrx_word' id='word_1_602' title='bbox 395 2468 492 2496; x_wconf 82' lang='lat' dir='ltr'><em>(Migne,</em></span> <span class='ocrx_word' id='word_1_603' title='bbox 510 2469 591 2490; x_wconf 82' lang='lat' dir='ltr'><em>Patrol.</em></span> <span class='ocrx_word' id='word_1_604' title='bbox 608 2469 648 2491; x_wconf 83' lang='lat' dir='ltr'><em>Lat</em></span> <span class='ocrx_word' id='word_1_605' title='bbox 667 2471 723 2491; x_wconf 68' lang='lat' dir='ltr'><em>torn.</em></span> <span class='ocrx_word' id='word_1_606' title='bbox 742 2469 792 2491; x_wconf 91' lang='lat' dir='ltr'><em>Llll.</em></span> <span class='ocrx_word' id='word_1_607' title='bbox 810 2469 852 2491; x_wconf 88' lang='lat' dir='ltr'><em>col.</em></span> <span class='ocrx_word' id='word_1_608' title='bbox 871 2469 916 2490; x_wconf 79' lang='lat'><em>993</em></span> <span class='ocrx_word' id='word_1_609' title='bbox 934 2469 1008 2497; x_wconf 83' lang='lat' dir='ltr'><em>seqq.)</em></span> 
     </span>
     <span class='ocr_line' id='line_1_100' title="bbox 168 2507 1010 2536; baseline 0.001 -8"><span class='ocrx_word' id='word_1_610' title='bbox 168 2507 229 2529; x_wconf 86' lang='lat' dir='ltr'><em>hunc</em></span> <span class='ocrx_word' id='word_1_611' title='bbox 246 2507 321 2529; x_wconf 89' lang='lat' dir='ltr'><em>locum</em></span> <span class='ocrx_word' id='word_1_612' title='bbox 340 2507 368 2529; x_wconf 90' lang='lat' dir='ltr'><em>ita</em></span> <span class='ocrx_word' id='word_1_613' title='bbox 385 2507 494 2534; x_wconf 83' lang='lat' dir='ltr'><em>explicat:</em></span> <span class='ocrx_word' id='word_1_614' title='bbox 514 2516 525 2527; x_wconf 85' lang='lat'>«</span> <span class='ocrx_word' id='word_1_615' title='bbox 539 2507 624 2529; x_wconf 86' lang='lat' dir='ltr'><em>Verum</em></span> <span class='ocrx_word' id='word_1_616' title='bbox 643 2510 689 2534; x_wconf 85' lang='lat' dir='ltr'><em>est,</em></span> <span class='ocrx_word' id='word_1_617' title='bbox 706 2507 761 2536; x_wconf 82' lang='lat' dir='ltr'><em>quia</em></span> <span class='ocrx_word' id='word_1_618' title='bbox 777 2507 817 2536; x_wconf 89' lang='lat' dir='ltr'><em>qui</em></span> <span class='ocrx_word' id='word_1_619' title='bbox 835 2511 957 2535; x_wconf 85' lang='lat' dir='ltr'><em>praecepta</em></span> <span class='ocrx_word' id='word_1_620' title='bbox 971 2508 1010 2529; x_wconf 91' lang='lat' dir='ltr'><em>Dei</em></span> 
     </span>
     <span class='ocr_line' id='line_1_101' title="bbox 167 2545 1010 2576; baseline 0.002 -9"><span class='ocrx_word' id='word_1_621' title='bbox 167 2545 303 2568; x_wconf 86' lang='lat' dir='ltr'><em>custodit...</em></span> <span class='ocrx_word' id='word_1_622' title='bbox 322 2552 367 2568; x_wconf 93' lang='lat' dir='ltr'><em>non</em></span> <span class='ocrx_word' id='word_1_623' title='bbox 384 2546 512 2574; x_wconf 88' lang='lat' dir='ltr'><em>experietur</em></span> <span class='ocrx_word' id='word_1_624' title='bbox 533 2546 661 2575; x_wconf 85' lang='lat' dir='ltr'><em>quidquam</em></span> <span class='ocrx_word' id='word_1_625' title='bbox 680 2547 731 2569; x_wconf 87' lang='lat' dir='ltr'><em>mali</em></span> <span class='ocrx_word' id='word_1_626' title='bbox 750 2547 770 2569; x_wconf 94' lang='lat' dir='ltr'><em>in</em></span> <span class='ocrx_word' id='word_1_627' title='bbox 787 2547 882 2576; x_wconf 78' lang='lat' dir='ltr'><em>futuro,</em></span> <span class='ocrx_word' id='word_1_628' title='bbox 900 2548 943 2569; x_wconf 83' lang='lat' dir='ltr'><em>boc</em></span> <span class='ocrx_word' id='word_1_629' title='bbox 965 2549 1010 2573; x_wconf 83' lang='lat' dir='ltr'><em>est,</em></span> 
     </span>
     <span class='ocr_line' id='line_1_102' title="bbox 167 2585 1008 2613; baseline 0.002 -7"><span class='ocrx_word' id='word_1_630' title='bbox 167 2585 254 2607; x_wconf 91' lang='lat' dir='ltr'><em>nullum</em></span> <span class='ocrx_word' id='word_1_631' title='bbox 273 2585 357 2607; x_wconf 87' lang='lat' dir='ltr'><em>malum</em></span> <span class='ocrx_word' id='word_1_632' title='bbox 371 2585 480 2613; x_wconf 82' lang='lat' dir='ltr'><em>patietur,</em></span> <span class='ocrx_word' id='word_1_633' title='bbox 498 2586 585 2608; x_wconf 91' lang='lat' dir='ltr'><em>nullum</em></span> <span class='ocrx_word' id='word_1_634' title='bbox 598 2586 684 2608; x_wconf 87' lang='lat' dir='ltr'><em>malum</em></span> <span class='ocrx_word' id='word_1_635' title='bbox 697 2586 816 2609; x_wconf 86' lang='lat' dir='ltr'><em>sustinebit</em></span> <span class='ocrx_word' id='word_1_636' title='bbox 833 2587 855 2608; x_wconf 94' lang='lat' dir='ltr'><em>in</em></span> <span class='ocrx_word' id='word_1_637' title='bbox 869 2586 905 2608; x_wconf 88' lang='lat' dir='ltr'><em>die</em></span> <span class='ocrx_word' id='word_1_638' title='bbox 923 2586 1008 2609; x_wconf 90' lang='lat' dir='ltr'><em>iudicii.</em></span> 
     </span>
     <span class='ocr_line' id='line_1_103' title="bbox 168 2623 1011 2653; baseline 0.002 -8"><span class='ocrx_word' id='word_1_639' title='bbox 168 2623 279 2652; x_wconf 87' lang='lat' dir='ltr'><em>Quamvis</em></span> <span class='ocrx_word' id='word_1_640' title='bbox 296 2623 357 2646; x_wconf 88' lang='lat' dir='ltr'><em>enim</em></span> <span class='ocrx_word' id='word_1_641' title='bbox 374 2624 449 2653; x_wconf 83' lang='lat' dir='ltr'><em>aliqua</em></span> <span class='ocrx_word' id='word_1_642' title='bbox 468 2625 526 2646; x_wconf 86' lang='lat' dir='ltr'><em>mala</em></span> <span class='ocrx_word' id='word_1_643' title='bbox 544 2625 642 2652; x_wconf 87' lang='lat' dir='ltr'><em>patiatur</em></span> <span class='ocrx_word' id='word_1_644' title='bbox 659 2625 681 2647; x_wconf 89' lang='lat' dir='ltr'><em>in</em></span> <span class='ocrx_word' id='word_1_645' title='bbox 699 2626 741 2647; x_wconf 85' lang='lat' dir='ltr'><em>hac</em></span> <span class='ocrx_word' id='word_1_646' title='bbox 759 2625 816 2652; x_wconf 83' lang='lat' dir='ltr'><em>vita,</em></span> <span class='ocrx_word' id='word_1_647' title='bbox 839 2625 897 2647; x_wconf 85' lang='lat' dir='ltr'><em>levia</em></span> <span class='ocrx_word' id='word_1_648' title='bbox 914 2628 967 2648; x_wconf 90' lang='lat' dir='ltr'><em>sunt</em></span> <span class='ocrx_word' id='word_1_649' title='bbox 988 2628 1011 2647; x_wconf 87' lang='lat' dir='ltr'><em>et</em></span> 
     </span>
     <span class='ocr_line' id='line_1_104' title="bbox 169 2662 1010 2693; baseline 0.004 -10"><span class='ocrx_word' id='word_1_650' title='bbox 169 2662 306 2690; x_wconf 84' lang='lat' dir='ltr'><em>transitoria,</em></span> <span class='ocrx_word' id='word_1_651' title='bbox 324 2663 346 2684; x_wconf 88' lang='lat' dir='ltr'><em>in</em></span> <span class='ocrx_word' id='word_1_652' title='bbox 363 2663 437 2685; x_wconf 81' lang='lat' dir='ltr'><em>sutura</em></span> <span class='ocrx_word' id='word_1_653' title='bbox 454 2666 531 2685; x_wconf 84' lang='lat' dir='ltr'><em>autem</em></span> <span class='ocrx_word' id='word_1_654' title='bbox 549 2663 595 2685; x_wconf 81' lang='lat' dir='ltr'><em>vita</em></span> <span class='ocrx_word' id='word_1_655' title='bbox 612 2664 666 2686; x_wconf 84' lang='lat' dir='ltr'><em>nihil</em></span> <span class='ocrx_word' id='word_1_656' title='bbox 688 2664 740 2686; x_wconf 84' lang='lat' dir='ltr'><em>mali</em></span> <span class='ocrx_word' id='word_1_657' title='bbox 758 2664 856 2692; x_wconf 83' lang='lat' dir='ltr'><em>patietur</em></span> <span class='ocrx_word' id='word_1_658' title='bbox 873 2664 912 2693; x_wconf 88' lang='lat' dir='ltr'><em>qui</em></span> <span class='ocrx_word' id='word_1_659' title='bbox 930 2670 1010 2692; x_wconf 88' lang='lat' dir='ltr'><em>perve·</em></span> 
     </span>
     <span class='ocr_line' id='line_1_105' title="bbox 167 2700 1010 2731; baseline 0.004 -9"><span class='ocrx_word' id='word_1_660' title='bbox 167 2700 227 2722; x_wconf 89' lang='lat' dir='ltr'><em>nerit</em></span> <span class='ocrx_word' id='word_1_661' title='bbox 242 2701 272 2723; x_wconf 88' lang='lat' dir='ltr'><em>ad</em></span> <span class='ocrx_word' id='word_1_662' title='bbox 289 2703 395 2723; x_wconf 82' lang='lat' dir='ltr'><em>aeternae</em></span> <span class='ocrx_word' id='word_1_663' title='bbox 412 2701 558 2724; x_wconf 87' lang='lat' dir='ltr'><em>beatitudinis</em></span> <span class='ocrx_word' id='word_1_664' title='bbox 575 2702 671 2730; x_wconf 81' lang='lat' dir='ltr'><em>gloriam</em></span> <span class='ocrx_word' id='word_1_665' title='bbox 684 2711 706 2725; x_wconf 73' lang='lat' dir='ltr'><em>n.</em></span> <span class='ocrx_word' id='word_1_666' title='bbox 723 2703 784 2725; x_wconf 89' lang='lat' dir='ltr'><em>idem</em></span> <span class='ocrx_word' id='word_1_667' title='bbox 797 2703 865 2725; x_wconf 86' lang='lat' dir='ltr'><em>docet</em></span> <span class='ocrx_word' id='word_1_668' title='bbox 882 2703 1010 2731; x_wconf 84' lang='lat' dir='ltr'><em>Rupertus,</em></span> 
     </span>
     <span class='ocr_line' id='line_1_106' title="bbox 167 2738 1010 2770; baseline 0.004 -9"><span class='ocrx_word' id='word_1_669' title='bbox 167 2738 241 2761; x_wconf 84' lang='lat' dir='ltr'><em>abbas</em></span> <span class='ocrx_word' id='word_1_670' title='bbox 258 2740 391 2767; x_wconf 89' lang='lat' dir='ltr'><em>Tuitiensis‚</em></span> <span class='ocrx_word' id='word_1_671' title='bbox 409 2740 432 2762; x_wconf 88' lang='lat' dir='ltr'><em>in</em></span> <span class='ocrx_word' id='word_1_672' title='bbox 444 2742 504 2763; x_wconf 85' lang='lat' dir='ltr'><em>hunc</em></span> <span class='ocrx_word' id='word_1_673' title='bbox 521 2741 610 2763; x_wconf 89' lang='lat' dir='ltr'><em>locum:</em></span> <span class='ocrx_word' id='word_1_674' title='bbox 628 2742 675 2764; x_wconf 87' lang='lat' dir='ltr'><em>Non</em></span> <span class='ocrx_word' id='word_1_675' title='bbox 691 2741 758 2764; x_wconf 82' lang='lat' dir='ltr'><em>dixit:</em></span> <span class='ocrx_word' id='word_1_676' title='bbox 776 2742 823 2764; x_wconf 87' lang='lat' dir='ltr'><em>Non</em></span> <span class='ocrx_word' id='word_1_677' title='bbox 841 2742 952 2770; x_wconf 76' lang='lat' dir='ltr'><em>patietur,</em></span> <span class='ocrx_word' id='word_1_678' title='bbox 969 2742 1010 2764; x_wconf 90' lang='lat' dir='ltr'><em>sed</em></span> 
     </span>
     <span class='ocr_line' id='line_1_107' title="bbox 167 2778 426 2807; baseline 0.004 -8"><span class='ocrx_word' id='word_1_679' title='bbox 167 2783 215 2800; x_wconf 84' lang='lat' dir='ltr'><em>non</em></span> <span class='ocrx_word' id='word_1_680' title='bbox 232 2778 367 2807; x_wconf 68' lang='lat' dir='ltr'><em>emperietur</em></span> <span class='ocrx_word' id='word_1_681' title='bbox 384 2781 426 2800; x_wconf 87' lang='lat' dir='ltr'><em>etc.</em></span> 
     </span>
    </p>

    <p class='ocr_par' dir='ltr' id='par_1_29' title="bbox 168 2816 1010 2924">
     <span class='ocr_line' id='line_1_108' title="bbox 229 2816 1009 2846; baseline 0.001 -7"><span class='ocrx_word' id='word_1_682' title='bbox 229 2816 239 2831; x_wconf 75' lang='lat'><strong>²</strong></span> <span class='ocrx_word' id='word_1_683' title='bbox 256 2816 301 2839; x_wconf 86' lang='lat' dir='ltr'><em>Csr.</em></span> <span class='ocrx_word' id='word_1_684' title='bbox 317 2817 375 2839; x_wconf 80' lang='lat' dir='ltr'><em>infra</em></span> <span class='ocrx_word' id='word_1_685' title='bbox 392 2818 417 2844; x_wconf 79' lang='lat'><em>9,</em></span> <span class='ocrx_word' id='word_1_686' title='bbox 432 2818 468 2839; x_wconf 73' lang='grc'><em>18.</em></span> <span class='ocrx_word' id='word_1_687' title='bbox 481 2820 503 2840; x_wconf 86' lang='lat' dir='ltr'><em>et</em></span> <span class='ocrx_word' id='word_1_688' title='bbox 521 2818 562 2846; x_wconf 54' lang='lat'><em>1¹0,</em></span> <span class='ocrx_word' id='word_1_689' title='bbox 575 2818 596 2840; x_wconf 84' lang='lat' dir='ltr'><em>l.</em></span> <span class='ocrx_word' id='word_1_690' title='bbox 613 2821 702 2846; x_wconf 85' lang='lat' dir='ltr'><em>quaest.</em></span> <span class='ocrx_word' id='word_1_691' title='bbox 719 2819 734 2840; x_wconf 89' lang='grc' dir='ltr'><em>Ι.</em></span> <span class='ocrx_word' id='word_1_692' title='bbox 752 2819 811 2841; x_wconf 88' lang='lat' dir='ltr'><em>Vide</em></span> <span class='ocrx_word' id='word_1_693' title='bbox 822 2819 890 2840; x_wconf 83' lang='lat' dir='ltr'><em>etiam</em></span> <span class='ocrx_word' id='word_1_694' title='bbox 904 2819 936 2841; x_wconf 85' lang='grc' dir='ltr'>ΙΙΙ.</span> <span class='ocrx_word' id='word_1_695' title='bbox 949 2819 1009 2840; x_wconf 73' lang='lat' dir='ltr'><em>Seni.</em></span> 
     </span>
     <span class='ocr_line' id='line_1_109' title="bbox 168 2848 1010 2885; baseline 0.002 -8"><span class='ocrx_word' id='word_1_696' title='bbox 168 2855 191 2877; x_wconf 90' lang='lat' dir='ltr'><em>d.</em></span> <span class='ocrx_word' id='word_1_697' title='bbox 209 2856 246 2878; x_wconf 86' lang='lat'><em>36.</em></span> <span class='ocrx_word' id='word_1_698' title='bbox 263 2862 285 2885; x_wconf 89' lang='lat' dir='ltr'><em>q.</em></span> <span class='ocrx_word' id='word_1_699' title='bbox 304 2856 324 2878; x_wconf 71' lang='lat'><em>4.</em></span> <span class='ocrx_word' id='word_1_700' title='bbox 342 2856 371 2878; x_wconf 88' lang='lat' dir='ltr'><em>ad</em></span> <span class='ocrx_word' id='word_1_701' title='bbox 390 2857 411 2878; x_wconf 76' lang='lat' dir='ltr'><em>l.</em></span> <span class='ocrx_word' id='word_1_702' title='bbox 428 2859 450 2879; x_wconf 92' lang='lat' dir='ltr'><em>et</em></span> <span class='ocrx_word' id='word_1_703' title='bbox 467 2857 493 2884; x_wconf 82' lang='lat'><em>2,</em></span> <span class='ocrx_word' id='word_1_704' title='bbox 511 2856 550 2878; x_wconf 91' lang='lat' dir='ltr'><em>ubi</em></span> <span class='ocrx_word' id='word_1_705' title='bbox 569 2856 590 2879; x_wconf 90' lang='lat' dir='ltr'><em>in</em></span> <span class='ocrx_word' id='word_1_706' title='bbox 601 2857 660 2879; x_wconf 87' lang='lat' dir='ltr'><em>notis</em></span> <span class='ocrx_word' id='word_1_707' title='bbox 676 2848 771 2879; x_wconf 79' lang='lat' dir='ltr'><em>adiectis</em></span> <span class='ocrx_word' id='word_1_708' title='bbox 788 2857 917 2879; x_wconf 86' lang='lat' dir='ltr'><em>testimonia</em></span> <span class='ocrx_word' id='word_1_709' title='bbox 932 2860 1010 2879; x_wconf 87' lang='lat' dir='ltr'><em>aucto-</em></span> 
     </span>
     <span class='ocr_line' id='line_1_110' title="bbox 168 2895 717 2924; baseline 0.004 -8"><span class='ocrx_word' id='word_1_710' title='bbox 168 2900 220 2916; x_wconf 86' lang='lat' dir='ltr'><em>rum</em></span> <span class='ocrx_word' id='word_1_711' title='bbox 238 2896 280 2916; x_wconf 85' lang='lat' dir='ltr'><em>hac</em></span> <span class='ocrx_word' id='word_1_712' title='bbox 297 2895 326 2917; x_wconf 88' lang='lat' dir='ltr'><em>de</em></span> <span class='ocrx_word' id='word_1_713' title='bbox 342 2901 367 2917; x_wconf 88' lang='lat' dir='ltr'><em>re</em></span> <span class='ocrx_word' id='word_1_714' title='bbox 384 2896 526 2924; x_wconf 87' lang='lat' dir='ltr'><em>loquentium</em></span> <span class='ocrx_word' id='word_1_715' title='bbox 544 2896 639 2924; x_wconf 80' lang='lat' dir='ltr'><em>allegata</em></span> <span class='ocrx_word' id='word_1_716' title='bbox 657 2898 717 2918; x_wconf 87' lang='lat' dir='ltr'><em>sunt.</em></span> 
     </span>
    </p>

    <p class='ocr_par' dir='ltr' id='par_1_30' title="bbox 231 2931 362 2956">
     <span class='ocr_line' id='line_1_111' title="bbox 231 2931 362 2956; baseline 0.015 -2"><span class='ocrx_word' id='word_1_717' title='bbox 231 2931 241 2945; x_wconf 80' lang='lat'>⁸</span> <span class='ocrx_word' id='word_1_718' title='bbox 258 2934 322 2956; x_wconf 81' lang='lat' dir='ltr'><em>Vcrs.</em></span> <span class='ocrx_word' id='word_1_719' title='bbox 341 2934 362 2956; x_wconf 73' lang='grc'><em>8.</em></span> 
     </span>
    </p>
   </div>
   <div class='ocr_carea' id='block_1_24' title="bbox 1037 2445 1041 2954">
    <p class='ocr_par' dir='ltr' id='par_1_31' title="bbox 1037 2445 1041 2954">
     <span class='ocr_line' id='line_1_112' title="bbox 1037 2445 1041 2954; baseline 0 0"><span class='ocrx_word' id='word_1_720' title='bbox 1037 2445 1041 2954; x_wconf 95' lang='lat' dir='ltr'><em> </em></span> 
     </span>
    </p>
   </div>
   <div class='ocr_carea' id='block_1_25' title="bbox 1066 2429 1909 2963">
    <p class='ocr_par' dir='ltr' id='par_1_32' title="bbox 1067 2429 1909 2491">
     <span class='ocr_line' id='line_1_113' title="bbox 1129 2429 1909 2453; baseline 0.001 -2"><span class='ocrx_word' id='word_1_721' title='bbox 1129 2429 1139 2441; x_wconf 70' lang='lat'>⁴</span> <span class='ocrx_word' id='word_1_722' title='bbox 1156 2430 1221 2452; x_wconf 87' lang='lat' dir='ltr'><em>Vers.</em></span> <span class='ocrx_word' id='word_1_723' title='bbox 1242 2430 1280 2451; x_wconf 82' lang='lat' dir='ltr'><em>ti:</em></span> <span class='ocrx_word' id='word_1_724' title='bbox 1301 2430 1361 2452; x_wconf 87' lang='lat' dir='ltr'><em>Verti</em></span> <span class='ocrx_word' id='word_1_725' title='bbox 1379 2436 1416 2451; x_wconf 85' lang='lat' dir='ltr'><em>me</em></span> <span class='ocrx_word' id='word_1_726' title='bbox 1435 2430 1464 2452; x_wconf 86' lang='lat' dir='ltr'><em>ad</em></span> <span class='ocrx_word' id='word_1_727' title='bbox 1482 2430 1543 2452; x_wconf 86' lang='lat' dir='ltr'><em>aliud</em></span> <span class='ocrx_word' id='word_1_728' title='bbox 1561 2432 1583 2452; x_wconf 89' lang='lat' dir='ltr'><em>et</em></span> <span class='ocrx_word' id='word_1_729' title='bbox 1599 2430 1646 2452; x_wconf 86' lang='lat' dir='ltr'><em>vidi</em></span> <span class='ocrx_word' id='word_1_730' title='bbox 1664 2430 1708 2452; x_wconf 89' lang='lat' dir='ltr'><em>sub</em></span> <span class='ocrx_word' id='word_1_731' title='bbox 1726 2431 1772 2452; x_wconf 83' lang='lat' dir='ltr'><em>sole</em></span> <span class='ocrx_word' id='word_1_732' title='bbox 1790 2436 1831 2452; x_wconf 83' lang='lat' dir='ltr'><em>uec</em></span> <span class='ocrx_word' id='word_1_733' title='bbox 1850 2431 1909 2453; x_wconf 87' lang='lat' dir='ltr'><em>velo-</em></span> 
     </span>
     <span class='ocr_line' id='line_1_114' title="bbox 1067 2470 1189 2491; baseline -0.008 0"><span class='ocrx_word' id='word_1_734' title='bbox 1067 2470 1128 2491; x_wconf 79' lang='lat' dir='ltr'><em>cium</em></span> <span class='ocrx_word' id='word_1_735' title='bbox 1146 2471 1189 2491; x_wconf 74' lang='lat' dir='ltr'><em>etr.</em></span> 
     </span>
    </p>

    <p class='ocr_par' dir='ltr' id='par_1_33' title="bbox 1130 2505 1689 2536">
     <span class='ocr_line' id='line_1_115' title="bbox 1130 2505 1689 2536; baseline 0 -7"><span class='ocrx_word' id='word_1_736' title='bbox 1130 2505 1138 2518; x_wconf 83' lang='lat'><strong><em>⁶</em></strong></span> <span class='ocrx_word' id='word_1_737' title='bbox 1155 2506 1212 2534; x_wconf 82' lang='lat' dir='ltr'><em>Cap.</em></span> <span class='ocrx_word' id='word_1_738' title='bbox 1232 2508 1258 2533; x_wconf 80' lang='lat'><em>8,</em></span> <span class='ocrx_word' id='word_1_739' title='bbox 1280 2507 1317 2535; x_wconf 74' lang='lat'><em>14;</em></span> <span class='ocrx_word' id='word_1_740' title='bbox 1335 2507 1390 2529; x_wconf 87' lang='lat' dir='ltr'><em>ibid.</em></span> <span class='ocrx_word' id='word_1_741' title='bbox 1410 2514 1432 2529; x_wconf 85' lang='lat' dir='ltr'><em>v.</em></span> <span class='ocrx_word' id='word_1_742' title='bbox 1451 2508 1487 2529; x_wconf 78' lang='grc'><em>16.</em></span> <span class='ocrx_word' id='word_1_743' title='bbox 1504 2511 1538 2530; x_wconf 85' lang='lat' dir='ltr'><em>est</em></span> <span class='ocrx_word' id='word_1_744' title='bbox 1554 2514 1601 2536; x_wconf 81' lang='lat' dir='ltr'><em>seq.</em></span> <span class='ocrx_word' id='word_1_745' title='bbox 1619 2508 1689 2529; x_wconf 81' lang='lat' dir='ltr'><em>loc-us.</em></span> 
     </span>
    </p>

    <p class='ocr_par' dir='ltr' id='par_1_34' title="bbox 1129 2544 1278 2568">
     <span class='ocr_line' id='line_1_116' title="bbox 1129 2544 1278 2568; baseline 0.007 -1"><span class='ocrx_word' id='word_1_746' title='bbox 1129 2544 1138 2557; x_wconf 80' lang='lat'><strong>⁶</strong></span> <span class='ocrx_word' id='word_1_747' title='bbox 1157 2546 1222 2568; x_wconf 89' lang='lat' dir='ltr'><em>Vers.</em></span> <span class='ocrx_word' id='word_1_748' title='bbox 1241 2546 1278 2568; x_wconf 50' lang='lat'><em>117.</em></span> 
     </span>
    </p>

    <p class='ocr_par' dir='ltr' id='par_1_35' title="bbox 1066 2583 1908 2692">
     <span class='ocr_line' id='line_1_117' title="bbox 1129 2583 1908 2614; baseline -0.001 -7"><span class='ocrx_word' id='word_1_749' title='bbox 1129 2583 1137 2596; x_wconf 95' lang='lat'>⁷</span> <span class='ocrx_word' id='word_1_750' title='bbox 1156 2585 1220 2607; x_wconf 86' lang='lat' dir='ltr'><em>Vers.</em></span> <span class='ocrx_word' id='word_1_751' title='bbox 1240 2585 1260 2607; x_wconf 79' lang='lat' dir='ltr'><em>i.</em></span> <span class='ocrx_word' id='word_1_752' title='bbox 1277 2597 1308 2602; x_wconf 78' lang='lat'><em>-—</em></span> <span class='ocrx_word' id='word_1_753' title='bbox 1325 2585 1432 2614; x_wconf 85' lang='lat' dir='ltr'><em>Sequitur</em></span> <span class='ocrx_word' id='word_1_754' title='bbox 1454 2585 1521 2607; x_wconf 86' lang='lat' dir='ltr'><em>Eccli.</em></span> <span class='ocrx_word' id='word_1_755' title='bbox 1538 2585 1565 2611; x_wconf 90' lang='grc'><em>7,</em></span> <span class='ocrx_word' id='word_1_756' title='bbox 1588 2586 1615 2607; x_wconf 85' lang='grc'><em>8;</em></span> <span class='ocrx_word' id='word_1_757' title='bbox 1638 2586 1716 2614; x_wconf 83' lang='lat' dir='ltr'><em>Neque</em></span> <span class='ocrx_word' id='word_1_758' title='bbox 1736 2585 1814 2613; x_wconf 81' lang='lat' dir='ltr'><em>alliges</em></span> <span class='ocrx_word' id='word_1_759' title='bbox 1836 2585 1908 2612; x_wconf 83' lang='lat' dir='ltr'><em>dupli·</em></span> 
     </span>
     <span class='ocr_line' id='line_1_118' title="bbox 1067 2622 1906 2652; baseline 0 -7"><span class='ocrx_word' id='word_1_760' title='bbox 1067 2623 1100 2645; x_wconf 84' lang='lat' dir='ltr'><em>cia</em></span> <span class='ocrx_word' id='word_1_761' title='bbox 1118 2627 1211 2651; x_wconf 83' lang='lat' dir='ltr'><em>peccata</em></span> <span class='ocrx_word' id='word_1_762' title='bbox 1228 2626 1270 2645; x_wconf 84' lang='lat' dir='ltr'><em>etc.</em></span> <span class='ocrx_word' id='word_1_763' title='bbox 1283 2636 1312 2639; x_wconf 97' lang='lat'><strong>—</strong></span> <span class='ocrx_word' id='word_1_764' title='bbox 1325 2624 1340 2645; x_wconf 87' lang='lat' dir='ltr'>E</span> <span class='ocrx_word' id='word_1_765' title='bbox 1356 2623 1425 2646; x_wconf 88' lang='lat' dir='ltr'><em>codd.</em></span> <span class='ocrx_word' id='word_1_766' title='bbox 1436 2623 1597 2651; x_wconf 87' lang='lat' dir='ltr'><em>supplevimus</em></span> <span class='ocrx_word' id='word_1_767' title='bbox 1614 2623 1670 2652; x_wconf 78' lang='lat' dir='ltr'><em>quia</em></span> <span class='ocrx_word' id='word_1_768' title='bbox 1688 2622 1762 2646; x_wconf 81' lang='lat' dir='ltr'><em>bonus</em></span> <span class='ocrx_word' id='word_1_769' title='bbox 1779 2623 1802 2645; x_wconf 76' lang='lat' dir='ltr'><em>in</em></span> <span class='ocrx_word' id='word_1_770' title='bbox 1821 2622 1906 2645; x_wconf 81' lang='lat' dir='ltr'><em>bonum</em></span> 
     </span>
     <span class='ocr_line' id='line_1_119' title="bbox 1066 2662 1407 2692; baseline 0.003 -8"><span class='ocrx_word' id='word_1_771' title='bbox 1066 2668 1149 2689; x_wconf 80' lang='lat' dir='ltr'><em>suum,</em></span> <span class='ocrx_word' id='word_1_772' title='bbox 1167 2668 1221 2685; x_wconf 84' lang='lat' dir='ltr'><em>cum</em></span> <span class='ocrx_word' id='word_1_773' title='bbox 1238 2662 1294 2685; x_wconf 85' lang='lat' dir='ltr'><em>bene</em></span> <span class='ocrx_word' id='word_1_774' title='bbox 1306 2664 1407 2692; x_wconf 81' lang='lat' dir='ltr'><em>praeest.</em></span> 
     </span>
    </p>

    <p class='ocr_par' dir='ltr' id='par_1_36' title="bbox 1066 2698 1906 2963">
     <span class='ocr_line' id='line_1_120' title="bbox 1129 2698 1906 2729; baseline -0.003 -6"><span class='ocrx_word' id='word_1_775' title='bbox 1129 2698 1138 2711; x_wconf 74' lang='lat'><strong>⁸</strong></span> <span class='ocrx_word' id='word_1_776' title='bbox 1155 2702 1220 2723; x_wconf 85' lang='lat' dir='ltr'><em>Vers.</em></span> <span class='ocrx_word' id='word_1_777' title='bbox 1238 2702 1259 2723; x_wconf 84' lang='lat'><em>3.</em></span> <span class='ocrx_word' id='word_1_778' title='bbox 1276 2713 1307 2718; x_wconf 90' lang='lat'><strong>—</strong></span> <span class='ocrx_word' id='word_1_779' title='bbox 1324 2701 1368 2729; x_wconf 86' lang='lat' dir='ltr'><em>Seq</em></span> <span class='ocrx_word' id='word_1_780' title='bbox 1393 2702 1457 2723; x_wconf 89' lang='lat' dir='ltr'><em>locus</em></span> <span class='ocrx_word' id='word_1_781' title='bbox 1473 2704 1506 2724; x_wconf 85' lang='lat' dir='ltr'><em>est</em></span> <span class='ocrx_word' id='word_1_782' title='bbox 1518 2702 1595 2723; x_wconf 81' lang='lat' dir='ltr'><em>Mattn.</em></span> <span class='ocrx_word' id='word_1_783' title='bbox 1613 2702 1637 2729; x_wconf 62' lang='grc' dir='ltr'><em>ὃς</em></span> <span class='ocrx_word' id='word_1_784' title='bbox 1655 2702 1701 2723; x_wconf 77' lang='lat'><em>22:</em></span> <span class='ocrx_word' id='word_1_785' title='bbox 1718 2702 1819 2729; x_wconf 85' lang='lat' dir='ltr'><em>Sequere</em></span> <span class='ocrx_word' id='word_1_786' title='bbox 1837 2706 1873 2722; x_wconf 88' lang='lat' dir='ltr'><em>me</em></span> <span class='ocrx_word' id='word_1_787' title='bbox 1885 2703 1906 2722; x_wconf 83' lang='lat' dir='ltr'><em>et</em></span> 
     </span>
     <span class='ocr_line' id='line_1_121' title="bbox 1066 2739 1906 2769; baseline -0.004 -7"><span class='ocrx_word' id='word_1_788' title='bbox 1066 2740 1155 2762; x_wconf 88' lang='lat' dir='ltr'><em>dimitte</em></span> <span class='ocrx_word' id='word_1_789' title='bbox 1172 2743 1276 2762; x_wconf 90' lang='lat' dir='ltr'><em>mortuos</em></span> <span class='ocrx_word' id='word_1_790' title='bbox 1297 2743 1340 2763; x_wconf 86' lang='lat' dir='ltr'><em>etc.</em></span> <span class='ocrx_word' id='word_1_791' title='bbox 1363 2740 1425 2769; x_wconf 62' lang='lat' dir='ltr'><em>(Luc.</em></span> <span class='ocrx_word' id='word_1_792' title='bbox 1443 2740 1470 2767; x_wconf 83' lang='lat'><em>9,</em></span> <span class='ocrx_word' id='word_1_793' title='bbox 1491 2741 1533 2762; x_wconf 87' lang='lat'><em>60:</em></span> <span class='ocrx_word' id='word_1_794' title='bbox 1557 2740 1621 2767; x_wconf 76' lang='lat' dir='ltr'><em>Sine,</em></span> <span class='ocrx_word' id='word_1_795' title='bbox 1643 2742 1667 2763; x_wconf 90' lang='lat' dir='ltr'><em>ut</em></span> <span class='ocrx_word' id='word_1_796' title='bbox 1690 2739 1773 2761; x_wconf 89' lang='lat' dir='ltr'><em>mortui</em></span> <span class='ocrx_word' id='word_1_797' title='bbox 1797 2739 1906 2766; x_wconf 84' lang='lat' dir='ltr'><em>sepeliant</em></span> 
     </span>
     <span class='ocr_line' id='line_1_122' title="bbox 1067 2778 1905 2807; baseline -0.002 -6"><span class='ocrx_word' id='word_1_798' title='bbox 1067 2782 1170 2801; x_wconf 89' lang='lat' dir='ltr'><em>mortuos</em></span> <span class='ocrx_word' id='word_1_799' title='bbox 1187 2779 1258 2807; x_wconf 88' lang='lat' dir='ltr'><em>suos).</em></span> <span class='ocrx_word' id='word_1_800' title='bbox 1274 2780 1382 2807; x_wconf 63' lang='lat' dir='ltr'><em>Gregor„</em></span> <span class='ocrx_word' id='word_1_801' title='bbox 1399 2780 1435 2802; x_wconf 92' lang='lat' dir='ltr'><em>lV.</em></span> <span class='ocrx_word' id='word_1_802' title='bbox 1453 2780 1529 2801; x_wconf 81' lang='lat' dir='ltr'><em>Morai.</em></span> <span class='ocrx_word' id='word_1_803' title='bbox 1546 2785 1566 2801; x_wconf 84' lang='lat' dir='ltr'><em>c.</em></span> <span class='ocrx_word' id='word_1_804' title='bbox 1583 2779 1619 2801; x_wconf 82' lang='lat'><em>27.</em></span> <span class='ocrx_word' id='word_1_805' title='bbox 1639 2785 1662 2801; x_wconf 91' lang='lat' dir='ltr'><em>n.</em></span> <span class='ocrx_word' id='word_1_806' title='bbox 1679 2779 1724 2801; x_wconf 73' lang='lat'><em>52:</em></span> <span class='ocrx_word' id='word_1_807' title='bbox 1742 2778 1822 2800; x_wconf 85' lang='lat' dir='ltr'><em>Mortui</em></span> <span class='ocrx_word' id='word_1_808' title='bbox 1845 2778 1905 2799; x_wconf 76' lang='lat' dir='ltr'><em>enirn</em></span> 
     </span>
     <span class='ocr_line' id='line_1_123' title="bbox 1067 2816 1905 2846; baseline -0.002 -6"><span class='ocrx_word' id='word_1_809' title='bbox 1067 2821 1170 2840; x_wconf 83' lang='lat' dir='ltr'><em>mortuos</em></span> <span class='ocrx_word' id='word_1_810' title='bbox 1192 2818 1316 2845; x_wconf 80' lang='lat' dir='ltr'><em>sepeliunt,</em></span> <span class='ocrx_word' id='word_1_811' title='bbox 1333 2824 1386 2840; x_wconf 89' lang='lat' dir='ltr'><em>cum</em></span> <span class='ocrx_word' id='word_1_812' title='bbox 1409 2821 1540 2846; x_wconf 84' lang='lat' dir='ltr'><em>peccatores</em></span> <span class='ocrx_word' id='word_1_813' title='bbox 1557 2820 1701 2845; x_wconf 77' lang='lat' dir='ltr'><em>peccatorem</em></span> <span class='ocrx_word' id='word_1_814' title='bbox 1720 2816 1837 2839; x_wconf 80' lang='lat' dir='ltr'><em>favoribus</em></span> <span class='ocrx_word' id='word_1_815' title='bbox 1857 2822 1905 2844; x_wconf 81' lang='lat' dir='ltr'><em>pre-</em></span> 
     </span>
     <span class='ocr_line' id='line_1_124' title="bbox 1066 2855 1905 2885; baseline -0.005 -6"><span class='ocrx_word' id='word_1_816' title='bbox 1066 2859 1139 2879; x_wconf 89' lang='lat' dir='ltr'><em>munt.</em></span> <span class='ocrx_word' id='word_1_817' title='bbox 1156 2857 1215 2885; x_wconf 86' lang='lat' dir='ltr'><em>Quid</em></span> <span class='ocrx_word' id='word_1_818' title='bbox 1232 2857 1294 2879; x_wconf 85' lang='lat' dir='ltr'><em>enim</em></span> <span class='ocrx_word' id='word_1_819' title='bbox 1311 2857 1373 2879; x_wconf 88' lang='lat' dir='ltr'><em>aliud</em></span> <span class='ocrx_word' id='word_1_820' title='bbox 1389 2859 1423 2879; x_wconf 87' lang='lat' dir='ltr'><em>est</em></span> <span class='ocrx_word' id='word_1_821' title='bbox 1440 2862 1536 2884; x_wconf 85' lang='lat' dir='ltr'><em>peccare</em></span> <span class='ocrx_word' id='word_1_822' title='bbox 1552 2862 1622 2884; x_wconf 87' lang='lat' dir='ltr'><em>quam</em></span> <span class='ocrx_word' id='word_1_823' title='bbox 1634 2855 1786 2882; x_wconf 80' lang='lat' dir='ltr'><em>occumbere,</em></span> <span class='ocrx_word' id='word_1_824' title='bbox 1804 2858 1826 2876; x_wconf 85' lang='lat' dir='ltr'><em>et</em></span> <span class='ocrx_word' id='word_1_825' title='bbox 1843 2860 1905 2882; x_wconf 59' lang='lat' dir='ltr'><em>sepe&gt;</em></span> 
     </span>
     <span class='ocr_line' id='line_1_125' title="bbox 1066 2893 1905 2924; baseline -0.004 -7"><span class='ocrx_word' id='word_1_826' title='bbox 1066 2896 1106 2918; x_wconf 88' lang='lat' dir='ltr'><em>lire</em></span> <span class='ocrx_word' id='word_1_827' title='bbox 1125 2902 1195 2924; x_wconf 84' lang='lat' dir='ltr'><em>quam</em></span> <span class='ocrx_word' id='word_1_828' title='bbox 1221 2895 1381 2918; x_wconf 80' lang='lat' dir='ltr'><em>abscondere?</em></span> <span class='ocrx_word' id='word_1_829' title='bbox 1407 2895 1452 2917; x_wconf 87' lang='lat' dir='ltr'><em>Sed</em></span> <span class='ocrx_word' id='word_1_830' title='bbox 1476 2895 1516 2923; x_wconf 90' lang='lat' dir='ltr'><em>qui</em></span> <span class='ocrx_word' id='word_1_831' title='bbox 1541 2898 1675 2923; x_wconf 83' lang='lat' dir='ltr'><em>peccantem</em></span> <span class='ocrx_word' id='word_1_832' title='bbox 1698 2893 1805 2916; x_wconf 88' lang='lat' dir='ltr'><em>laudibus</em></span> <span class='ocrx_word' id='word_1_833' title='bbox 1830 2899 1905 2920; x_wconf 84' lang='lat' dir='ltr'><em>prose-</em></span> 
     </span>
     <span class='ocr_line' id='line_1_126' title="bbox 1066 2931 1905 2963; baseline -0.005 -7"><span class='ocrx_word' id='word_1_834' title='bbox 1066 2938 1168 2963; x_wconf 86' lang='lat' dir='ltr'><em>quuntur</em></span> <span class='ocrx_word' id='word_1_835' title='bbox 1185 2934 1318 2957; x_wconf 79' lang='lat' dir='ltr'><em>exstinctum</em></span> <span class='ocrx_word' id='word_1_836' title='bbox 1336 2933 1380 2957; x_wconf 88' lang='lat' dir='ltr'><em>sub</em></span> <span class='ocrx_word' id='word_1_837' title='bbox 1396 2933 1521 2956; x_wconf 82' lang='lat' dir='ltr'><em>verborum</em></span> <span class='ocrx_word' id='word_1_838' title='bbox 1539 2939 1633 2956; x_wconf 88' lang='lat' dir='ltr'><em>suorum</em></span> <span class='ocrx_word' id='word_1_839' title='bbox 1651 2939 1737 2961; x_wconf 80' lang='lat' dir='ltr'><em>aggere</em></span> <span class='ocrx_word' id='word_1_840' title='bbox 1754 2931 1905 2954; x_wconf 79' lang='lat' dir='ltr'><em>abscondunt.</em></span> 
     </span>
    </p>
   </div>
   <div class='ocr_carea' id='block_1_26' title="bbox 1929 530 2006 549">
    <p class='ocr_par' dir='ltr' id='par_1_37' title="bbox 1929 530 2006 549">
     <span class='ocr_line' id='line_1_127' title="bbox 1929 530 2006 549; baseline 0 -1"><span class='ocrx_word' id='word_1_841' title='bbox 1929 530 2006 549; x_wconf 84' lang='lat' dir='ltr'><em>Divisio.</em></span> 
     </span>
    </p>
   </div>
   <div class='ocr_carea' id='block_1_27' title="bbox 1929 1133 2006 1153">
    <p class='ocr_par' dir='ltr' id='par_1_38' title="bbox 1929 1133 2006 1153">
     <span class='ocr_line' id='line_1_128' title="bbox 1929 1133 2006 1153; baseline 0 -1"><span class='ocrx_word' id='word_1_842' title='bbox 1929 1133 2006 1153; x_wconf 78' lang='lat' dir='ltr'><em>Divisio.</em></span> 
     </span>
    </p>
   </div>
   <div class='ocr_carea' id='block_1_28' title="bbox 1925 1366 2057 1436">
    <p class='ocr_par' dir='ltr' id='par_1_39' title="bbox 1925 1366 2057 1436">
     <span class='ocr_line' id='line_1_129' title="bbox 1925 1366 2057 1389; baseline 0.008 -5"><span class='ocrx_word' id='word_1_843' title='bbox 1925 1366 2020 1389; x_wconf 80' lang='lat' dir='ltr'><em>Expositio</em></span> <span class='ocrx_word' id='word_1_844' title='bbox 2027 1367 2057 1385; x_wconf 84' lang='lat' dir='ltr'><em>lit-</em></span> 
     </span>
     <span class='ocr_line' id='line_1_130' title="bbox 1953 1390 2023 1408; baseline 0 0"><span class='ocrx_word' id='word_1_845' title='bbox 1953 1390 2023 1408; x_wconf 75' lang='lat' dir='ltr'><em>tei-alis.</em></span> 
     </span>
     <span class='ocr_line' id='line_1_131' title="bbox 1937 1412 2043 1436; baseline 0 -5"><span class='ocrx_word' id='word_1_846' title='bbox 1937 1412 1964 1431; x_wconf 83' lang='lat' dir='ltr'><em>De</em></span> <span class='ocrx_word' id='word_1_847' title='bbox 1978 1413 2043 1436; x_wconf 83' lang='lat' dir='ltr'><em>primo.</em></span> 
     </span>
    </p>
   </div>
   <div class='ocr_carea' id='block_1_29' title="bbox 1927 1740 2045 1805">
    <p class='ocr_par' dir='ltr' id='par_1_40' title="bbox 1927 1740 2045 1805">
     <span class='ocr_line' id='line_1_132' title="bbox 1928 1740 2045 1766; baseline 0.009 -9"><span class='ocrx_word' id='word_1_848' title='bbox 1928 1740 1999 1766; x_wconf 76' lang='lat' dir='ltr'><em>Duplex</em></span> <span class='ocrx_word' id='word_1_849' title='bbox 2008 1745 2045 1766; x_wconf 31' lang='lat' dir='ltr'><em>*su-</em></span> 
     </span>
     <span class='ocr_line' id='line_1_133' title="bbox 1939 1763 2031 1781; baseline 0 0"><span class='ocrx_word' id='word_1_850' title='bbox 1939 1763 2031 1781; x_wconf 75' lang='lat' dir='ltr'><em>humatio.</em></span> 
     </span>
     <span class='ocr_line' id='line_1_134' title="bbox 1927 1786 1995 1805; baseline 0 -1"><span class='ocrx_word' id='word_1_851' title='bbox 1927 1786 1995 1805; x_wconf 77' lang='lat' dir='ltr'><em>Prima.</em></span> 
     </span>
    </p>
   </div>
   <div class='ocr_carea' id='block_1_30' title="bbox 1927 2159 2019 2177">
    <p class='ocr_par' dir='ltr' id='par_1_41' title="bbox 1927 2159 2019 2177">
     <span class='ocr_line' id='line_1_135' title="bbox 1927 2159 2019 2177; baseline 0 0"><span class='ocrx_word' id='word_1_852' title='bbox 1927 2159 2019 2177; x_wconf 81' lang='lat' dir='ltr'><em>Secunda.</em></span> 
     </span>
    </p>
   </div>
  </div>
 </body>
</html>
