2296 3316
21 614 97 633 Divisio.

17 802 60 824 11110,
79 801 102 820 de

26 825 104 844 manire-

0 802 51 880 done
58 848 102 867 duo.

0 988 95 1034 &imm-'³-

16 1018 38 1032 aa
49 1014 91 1032 tria.

16 1176 96 1196 ¹rimum.

3 1551 94 1571 mundum.

728 152 898 180 COMMENT.
921 152 952 181 IN
974 152 1120 181 IOANNEM
1142 153 1169 181 C.
1194 153 1257 181 XXI.

1817 157 1871 184 519

873 308 1034 337 Camunni
1056 309 1121 337 XXI.

278 418 308 442 De
325 417 398 442 tertia
414 416 602 441 manifestatione
619 416 732 440 notantur
749 417 799 440 duo.

196 516 220 543 1.
243 514 350 542 Postea
371 512 574 550 manifestavit
594 515 646 540 etc.
673 512 720 541 Hic
740 512 834 549 agitur
854 512 888 540 de
910 515 966 541 ter-

115 562 152 591 tia
172 560 391 590 manifestatione
404 561 423 594 ¹,
445 567 517 596 quae
538 559 610 588 facta
631 562 672 587 est
697 559 731 587 ad
755 559 837 587 Petri
857 558 965 595 confir—

114 608 288 641 mationem,-
309 610 336 636 et
356 606 490 636 dividitur
512 607 580 635 haec
601 614 666 643 pars
688 606 715 634 in
730 606 808 635 duas.
831 606 859 634 In
875 606 966 643 prima

114 655 206 693 agitur
226 655 261 684 de
281 653 536 691 manifestatione;
552 654 578 682 in
601 653 737 687 secunda,
753 653 787 682 de
803 653 885 682 Petri
898 662 965 682 eon-

113 701 296 739 firmatione,
318 700 372 729 ibi:
397 699 470 729 Cum
490 708 559 737 erqo
577 699 770 737 prandissent
791 703 842 728 etc.

193 749 284 778 Prima
304 748 332 776 in
353 747 439 781 duas,
461 747 527 784 quia
547 747 581 775 ad
609 746 822 783 descriptionem
851 747 965 776 manife—

113 796 238 826 stationis
258 802 371 824 necesse
385 798 427 823 est
440 793 599 823 describere
613 793 888 828 circumadiacentia;
904 794 965 823 ideo

113 843 204 881 primo
225 844 379 879 tanguntur
401 841 453 870 illa
460 851 470 875 ,·
492 840 623 875 seoundo,
646 840 713 878 ipsa
743 840 963 879 manifestatio,

113 889 189 919 ibifl:
211 889 297 917 Mane
317 891 416 916 autem
436 886 516 924 facto
537 891 588 916 etc.

194 935 484 965 Circumadiaeentia
508 935 757 963 manifestationem
779 937 845 963 sunt
867 935 962 969 loeus,

113 984 141 1013 in
162 992 218 1021 quo
239 983 446 1017 manifestatur;
468 985 496 1011 et
512 990 672 1019 personae,
688 982 792 1019 quibus
806 982 964 1011 manifesta-

113 1034 175 1066 tur;
197 1034 225 1060 et
245 1033 330 1059 actus
352 1030 409 1059 sive
430 1029 589 1067 negotium,
611 1029 718 1058 ratione
743 1029 825 1058 cuius
850 1029 965 1058 manife-

113 1081 204 1108 statur
216 1078 236 1106 ⁸.

192 1126 219 1154 2.
242 1125 332 1161 (Vers.
361 1124 407 1159 1.).
430 1124 522 1152 Primo
542 1131 609 1160 ergo
630 1123 798 1152 describitur
821 1123 917 1157 loeus,
935 1123 962 1151 in

112 1181 169 1211 quo
189 1173 260 1201 facta
281 1174 322 1200 est
344 1172 411 1200 haec
432 1170 630 1204 manifestatio,
646 1178 709 1199 cum
724 1170 841 1198 dicitur:
858 1170 964 1198 Postea

113 1218 315 1257 manifestavit
334 1226 364 1246 se
385 1218 492 1246 iterum
506 1218 588 1246 Iesus
600 1218 612 1233 4
626 1217 666 1245 ad
681 1225 764 1245 mare
785 1216 964 1250 Tiberiadis,-

113 1274 185 1301 ecce,
200 1266 286 1294 loeus.
306 1276 320 1290 «
335 1265 409 1293 Mare
423 1263 577 1292 Tiberiadis
592 1263 665 1292 idem
679 1266 730 1297 est,
745 1262 821 1300 quod
834 1266 963 1300 stagnum

113 1313 281 1343 Genesareth
303 1315 331 1341 et
351 1311 426 1348 quod
448 1318 525 1339 mare
546 1310 681 1339 Galilaeae
697 1321 724 1344 »;
746 1310 849 1339 dicitur
870 1313 962 1339 autem

121 1359 285 1389 Tiberiadis
313 1366 330 1387 a
359 1357 504 1387 Tiberiade
533 1357 657 1391 civitate,
689 1365 761 1394 quae
789 1357 870 1385 iuxta
894 1357 962 1386 illud

113 1410 242 1444 stagnum
263 1406 316 1435 sita
336 1408 393 1439 est;
414 1404 517 1433 dieitur
548 1407 641 1433 autem
669 1413 753 1433 mare
778 1404 928 1433 Galilaeae
948 1413 963 1433 a

114 1453 241 1491 regione,
263 1452 292 1481 in
313 1460 369 1489 qua
390 1454 446 1486 est;
468 1451 571 1480 dIcitur
591 1455 732 1489 stagnum
758 1450 933 1480 Genesareth
948 1459 964 1480 a

113 1503 215 1529 natura
235 1499 350 1536 propria
370 1499 458 1536 ipsius
473 1498 578 1535 stagni,
595 1502 624 1527 ut
646 1498 755 1527 dicatur
774 1497 963 1532 Genesaretlz,

114 1547 193 1584 quasi
218 1554 301 1575 auras
322 1553 458 1583 generans
469 1545 489 1574 ⁶.
516 1562 552 1566 -
568 1544 771 1582 Manifestavit
790 1548 889 1573 autern
910 1545 962 1573 sie.

113 1594 161 1623 Hic
181 1595 336 1631 tanguntur
356 1601 512 1630 personae,
534 1592 638 1630 quibus
658 1592 865 1626 manifestatum
889 1591 963 1620 unde

113 1641 193 1671 dicit:

193 1688 218 1717 3.
242 1688 332 1725 (Vers.
354 1688 403 1723 9.).
427 1688 523 1716 Erant
551 1686 641 1716 simul
673 1686 774 1715 Simon
806 1686 913 1714 Petrus
939 1689 964 1714 et

121 1735 262 1770 Thomas,
284 1735 336 1773 qui
355 1735 466 1764 dieitur
488 1734 651 1772 Didymus,
674 1738 700 1762 et
720 1732 896 1767 Nathanael,
912 1733 964 1771 qui

116 1885 161 1908 Sed
178 1885 214 1907 ille
230 1891 276 1907 non
301 1884 331 1907 de
354 1884 522 1907 resurreetione
547 1884 652 1911 Domini,
670 1884 711 1907 sed
737 1884 767 1906 de
787 1883 964 1906 resurrectionis

114 1925 207 1947 videtur
223 1924 332 1953 qualitate
357 1923 488 1953 dubitasse,
506 1927 528 1946 et
552 1924 617 1947 tactu
642 1929 687 1946 suo
712 1923 794 1946 debuit
810 1929 848 1945 me
865 1923 963 1950 docere,

115 1964 174 1987 sicut
190 1964 269 1987 docuit
293 1966 316 1986 et
338 1964 422 1986 Paulus
447 1962 484 1993 [ll.
500 1962 554 1986 Cor.
574 1963 608 1990 15,
627 1962 690 1992 53.]:
713 1962 810 1992 Oportet
826 1962 902 1991 enim,
920 1962 964 1985 hoc

116 2002 269 2033 corruptibile
286 2002 384 2026 induere
405 2001 611 2032 incorruptionem
628 2005 672 2024 etc.
693 2002 736 2025 Pro
753 2002 877 2030 opinione,
900 2002 964 2031 quod

116 2043 219 2066 Thomas
244 2042 362 2065 cicatrices
386 2041 495 2072 tetigerit,
516 2042 644 2069 allegantur
669 2041 788 2069 chrysost.
817 2042 865 2071 (cfr.
893 2047 965 2069 supra

117 2088 171 2110 pag.
191 2081 249 2110 517,
266 2084 319 2104 nota
337 2082 377 2110 6.),
395 2082 491 2109 Gregor.
510 2081 570 2110 (loco
587 2087 658 2109 supra
676 2087 731 2109 pag.
749 2081 807 2107 516,
824 2084 877 2103 nota
895 2080 917 2102 5.
934 2081 966 2102 al-

115 2121 209 2150 legato),
225 2120 303 2149 Cyrill.
322 2120 442 2143 Alexandr.
460 2123 483 2142 et
500 2120 673 2148 Theopbylact.‚
690 2120 713 2142 in
725 2121 786 2142 Ioan.
804 2120 846 2147 20,
864 2119 902 2141 27.

178 2159 186 2172 ¹
205 2160 250 2183 Csr.
267 2166 337 2188 supra
354 2166 373 2182 c.
392 2160 430 2182 20.
455 2166 477 2182 11.
495 2160 532 2182 43.
549 2172 579 2176 -
596 2159 702 2182 Secunda
727 2165 781 2187 pars
807 2159 876 2181 huius
894 2159 966 2187 partis

117 2199 187 2228 (Cum
203 2204 260 2228 erqo
274 2198 439 2228 prandissent)
458 2198 538 2226 incipit
554 2205 576 2220 v.
596 2198 632 2220 15.

179 2236 188 2250 ²
217 2238 283 2260 Vers.
301 2238 321 2260 4.

179 2276 188 2289 ⁸
206 2277 251 2300 Cfr.
269 2280 325 2300 tom.
342 2277 379 2300 IV.
397 2283 452 2305 pag.
470 2277 527 2305 400,
545 2279 597 2299 nota
618 2277 643 2305 1,
661 2276 699 2299 ubi
717 2283 744 2299 ex
756 2276 869 2303 Ciceron,
881 2277 895 2298 l.
908 2277 965 2298 Rhe-

117 2319 160 2339 tor.
184 2323 204 2339 c.
229 2317 267 2339 24.
289 2323 363 2346 seqq„
386 2317 503 2339 attulimus
528 2316 613 2344 duplex
639 2322 713 2344 genus
736 2316 964 2338 circumstantiarum

116 2362 157 2378 seu
174 2355 351 2383 attributorum,
368 2356 416 2378 scil.
433 2361 515 2378 eorum
540 2361 601 2384 quae
622 2355 745 2384 personis,
763 2358 785 2377 et
802 2361 884 2377 eorum
903 2361 965 2383 quae

116 2394 209 2424 neyotio
226 2395 276 2417 sive
293 2396 352 2417 sacto
370 2394 518 2417 conveniunt.

179 2432 189 2445 ⁴
207 2434 305 2461 Vulgata
323 2434 387 2456 addit
404 2432 533 2463 discipulis.
552 2446 581 2449 —
598 2434 678 2456 Glossa
703 2432 879 2456 interlinearis:
897 2433 965 2457 Mare

119 2471 260 2500 Tiberiadis,
277 2472 339 2495 idem
357 2475 391 2495 est
412 2473 477 2501 quod
502 2479 566 2495 mare
588 2473 700 2495 Galilaeae
725 2475 747 2495 et
764 2475 872 2500 stagnum
894 2473 964 2494 Gene-

117 2513 203 2534 sareth.

180 2550 190 2563 5
207 2551 282 2578 Beda,
300 2552 320 2574 in
338 2552 392 2574 Luc.
411 2551 437 2578 5,
455 2552 481 2574 ¹1:
500 2552 612 2579 Stagnum
633 2552 773 2574 Genesareth
799 2551 861 2573 idem
885 2551 965 2573 dicunt

118 2596 169 2613 esse
190 2590 254 2619 qnod
272 2596 335 2613 mare
352 2590 465 2613 Galilaeae
483 2591 518 2612 vel
536 2596 600 2612 mare
622 2590 759 2613 Tiberiadis.
777 2590 822 2612 Sed
840 2596 903 2612 mare
924 2590 965 2611 Ga-

118 2629 196 2652 lilaeae
222 2629 251 2652 ab
279 2630 400 2652 adiacente
421 2630 541 2658 provincii*
567 2629 653 2652 dictum
664 2647 669 2657 ,
698 2635 762 2652 mare
793 2629 923 2651 Tiberiadis
952 2635 964 2651 a

118 2669 222 2696 proxima
240 2668 343 2697 civitate,
361 2674 422 2697 quae
438 2668 493 2691 olim
509 2668 654 2691 Chennereth
672 2671 766 2695 vocata,
779 2668 818 2691 sed
831 2667 861 2690 ab
873 2668 964 2690 Herode

118 2708 230 2729 tetrarcha
248 2707 384 2734 instaurata,
402 2707 424 2729 in
441 2708 553 2729 honorem
578 2706 663 2730 Tiberii
689 2706 793 2730 Caesaris
810 2706 914 2729 Tiberias
931 2709 965 2728 est

118 2746 232 2774 appellata
250 2745 300 2774 [011.
316 2746 417 2773 Η101ο11.,
438 2746 467 2768 de
485 2746 533 2768 Situ
556 2748 578 2768 et
601 2745 734 2768 nominibus
759 2746 829 2768 locor.
847 2744 964 2772 Hebraic.,

119 2785 148 2807 de
165 2784 278 2811 Numeris,
297 2784 461 2814 Chenneretlz}
479 2785 549 2807 Porro
566 2785 667 2807 Genesar
684 2791 696 2807 a
713 2785 776 2807 lacus
787 2784 860 2812 ipsius
871 2786 964 2810 natura,

118 2829 165 2852 qua
179 2823 333 2851 crispantibus
350 2824 417 2853 aquis
433 2824 463 2846 de
480 2830 504 2846 se
522 2824 572 2852 ipso
590 2823 632 2846 sibi
651 2824 749 2846 excitare
761 2830 842 2846 auram
859 2823 964 2851 perhibe-

120 2865 167 2890 tur,
185 2862 272 2885 Graeco
290 2862 417 2890 vocabulo,
435 2863 499 2891 quasi
518 2868 632 2890 generans
656 2862 699 2885 sibi
717 2868 798 2885 auram
817 2862 908 2885 dicitur.
924 2862 965 2884 Ne-

119 2907 165 2930 que
181 2901 242 2924 enim
268 2902 291 2924 in
316 2902 391 2929 stagni
417 2908 505 2924 morem
531 2902 639 2924 sternitur
657 2908 729 2930 aqua,
747 2902 789 2924 sed
806 2901 964 2930 frequentibus

119 2941 181 2963 auris
197 2940 339 2969 spirantibus
355 2941 467 2969 agitatur,
485 2942 567 2964 liaustu
585 2941 658 2964 dulcis
676 2945 698 2963 et
710 2942 739 2964 ad
757 2941 883 2969 potandum
902 2941 965 2963 habi-

1022 422 1088 447 erat
1108 427 1127 447 a
1151 419 1235 447 Cana
1260 419 1425 454 Galilaeae,
1448 424 1472 449 et
1493 420 1550 457 filii
1570 420 1709 450 Zebedaei
1729 426 1755 450 et
1769 422 1824 450 alii
1837 430 1872 450 esc

1022 465 1177 502 discipulis
1197 466 1260 494 eius
1281 467 1348 495 duo.
1373 467 1403 495 Et
1424 467 1461 495 ita
1482 471 1561 496 erant
1582 471 1701 505 septem,
1723 469 1789 505 quia
1811 469 1872 497 talis

1022 519 1159 541 numerus
1179 515 1221 541 est
1242 514 1409 543 conveniens
1430 518 1457 543 et
1479 515 1619 544 sufficiens
1640 515 1674 544 ad
1688 524 1769 545 omne
1784 524 1872 553 genus

1023 559 1182 588 testimonii.
1206 560 1237 588 Et
1258 561 1468 589 commendatur
1499 562 1526 590 in
1548 562 1600 591 hoc
1622 562 1789 599 septiformis
1809 571 1872 600 gra-

1023 606 1060 634 tia
1082 607 1201 643 Spiritus
1223 608 1325 641 sancti,
1348 616 1419 645 quae
1447 609 1528 637 debet
1556 617 1615 638 esse
1637 610 1664 638 in
1691 610 1734 639 his
1755 610 1802 647 qui
1826 618 1871 638 va-

1022 653 1093 682 dunt
1111 654 1244 690 piscari,
1267 654 1293 683 id
1315 658 1356 683 est
1385 656 1519 692 populum
1548 656 1664 685 Domino
1686 664 1870 694 congregare;

1021 700 1055 729 de
1077 708 1133 737 quo
1154 702 1310 738 septenario
1338 702 1440 731 dicitur
1472 703 1554 731 Isaiae
1575 703 1713 740 quarto⁶:
1740 715 1753 728 «
1769 705 1871 740 Appre-

1022 747 1144 776 henderit
1165 751 1270 784 septem
1292 749 1424 778 mulieres
1445 749 1538 778 virum
1560 758 1648 777 unum
1663 761 1676 775 »
1696 766 1733 771 —
1755 750 1814 779 siue
1829 750 1872 779 his

1021 794 1188 822 mulieribus
1209 802 1264 822 non
1286 795 1317 823 fit
1338 795 1499 832 propagatio
1520 795 1673 832 spiritualis
1689 812 1724 816 —
1740 800 1767 824 et
1789 796 1872 825 Isaiae

1021 841 1184 870 undecimo:
1212 853 1225 866 «
1241 842 1403 879 Requiescet
1424 850 1509 879 super
1530 850 1593 871 eum
1616 843 1731 880 spiritus
1752 843 1871 878 Domini,

1021 888 1138 924 spiritus
1159 888 1309 924 sapientiae
1329 892 1356 917 et
1388 889 1560 923 intellectus,
1583 889 1698 926 spiritus
1719 890 1824 918 consilii
1845 894 1872 919 et

1021 934 1205 969 fortitudinis,
1227 935 1343 971 spiritus
1363 936 1494 964 scientiae
1515 939 1542 965 et
1563 936 1685 973 pietatis,
1707 939 1734 965 et
1755 936 1873 974 replebit

1021 989 1086 1010 eum
1107 982 1223 1019 spiritus
1246 982 1352 1011 tImoris
1373 983 1520 1011 Domini».

1100 1029 1126 1057 lt.
1150 1030 1238 1066 (Vers.
1262 1030 1301 1065 3.)
1326 1030 1401 1058 Dicit
1422 1030 1463 1058 eis
1486 1031 1586 1059 Simon
1608 1031 1722 1059 Petrus.
1745 1031 1792 1060 Hic
1811 1034 1871 1060 tan-

1020 1077 1096 1114 gitur
1117 1080 1202 1105 aelus
1223 1077 1281 1106 sive
1302 1077 1440 1111 officium,
1462 1078 1604 1107 occasione
1619 1079 1699 1107 cuius
1714 1079 1871 1108 manifesta-

1021 1127 1086 1157 tur;
1109 1126 1136 1152 et
1165 1123 1211 1152 hic
1238 1123 1350 1160 quidem
1379 1124 1431 1152 fuit
1461 1127 1540 1153 actus
1571 1125 1744 1161 piscationis,
1766 1125 1793 1153 in
1816 1134 1872 1162 quo

1020 1178 1116 1198 ornnes
1137 1174 1331 1199 convenerant.
1354 1171 1406 1200 Sed
1428 1171 1526 1200 Petrus
1547 1174 1607 1200 erat
1622 1172 1791 1208 principalis,
1806 1172 1872 1209 quia

1020 1220 1135 1253 propter
1156 1217 1247 1253 ipsum
1269 1218 1425 1254 specialiter
1440 1218 1508 1247 baec
1522 1218 1706 1247 manifestatio
1726 1218 1797 1247 facta
1817 1222 1870 1253 est;

1020 1263 1095 1291 unde
1115 1263 1196 1291 dicit:
1221 1264 1297 1292 Dicit
1316 1264 1357 1292 eis
1380 1264 1481 1292 Simon
1503 1265 1626 1292 Petrus.-
1649 1265 1727 1293 Vado
1742 1264 1870 1301 piscari,

1021 1313 1154 1346 tanquam
1176 1310 1349 1347 principalis,
1370 1311 1437 1347 quia
1467 1311 1587 1347 piscator
1615 1311 1722 1345 fuerat;
1742 1312 1871 1340 Matthaei

1021 1357 1157 1394 quarto⁷:
1184 1369 1196 1382 (ι
1213 1357 1362 1386 Ambulans
1395 1358 1469 1386 lesus
1497 1366 1578 1386 secus
1609 1366 1687 1386 mare
1718 1358 1870 1393 Galilaeae,

1021 1403 1090 1432 vidit
1109 1403 1180 1432 duos
1201 1404 1317 1438 fratres,
1339 1404 1493 1438 Simonem,
1509 1404 1556 1441 qui
1573 1407 1689 1433 vocatur
1711 1405 1823 1439 Petrus,
1845 1408 1872 1433 et

1021 1451 1169 1485 Andream,
1186 1451 1300 1480 tratrem
1315 1451 1388 1486 eius,
1410 1452 1551 1480 mittentes
1572 1454 1631 1480 rete
1646 1452 1673 1480 in
1688 1459 1778 1486 mare;
1793 1455 1873 1480 erant

1021 1498 1094 1526 enim
1116 1498 1308 1534 piscatores».
1332 1498 1364 1526 Et
1394 1498 1439 1526 alii
1472 1498 1657 1533 comitantur;
1685 1498 1759 1527 unde
1790 1498 1870 1527 dicit:

1020 1544 1130 1572 Dicunt
1150 1544 1188 1573 ei:
1218 1545 1354 1573 Venimus
1374 1548 1399 1573 et
1419 1553 1473 1573 nos
1494 1548 1594 1574 tecum.
1620 1546 1655 1573 Et
1668 1545 1742 1579 ideo,
1758 1553 1872 1574 concor-

1020 1591 1068 1620 des
1090 1591 1116 1619 in
1139 1600 1244 1626 unum,
1266 1593 1401 1620 ezrierunt
1428 1596 1454 1620 et
1483 1592 1677 1621 ascenderunt
1696 1600 1818 1626 navem,
1840 1595 1872 1621 ut

1021 1638 1210 1674 piscarentur,
1231 1642 1257 1666 et
1276 1638 1308 1667 in
1335 1638 1388 1667 illa
1415 1638 1518 1667 noete⁸
1546 1637 1622 1667 nillil
1646 1638 1870 1675 prendiderunt,

1021 1689 1046 1714 et
1069 1685 1106 1713 ita
1127 1685 1155 1713 in
1177 1693 1280 1714 vanum
1302 1685 1512 1720 laboraverunt;
1529 1686 1618 1714 Lucae
1632 1685 1745 1723 quinto:
1765 1697 1778 1710 «
1791 1685 1871 1714 Prae-

1021 1736 1132 1769 ceptor,
1161 1740 1210 1769 per
1243 1736 1328 1761 totam
1359 1736 1468 1761 noctem
1502 1733 1674 1767 laborantes,
1703 1732 1771 1761 nihil
1798 1732 1870 1769 cepi-

1020 1882 1055 1906 lis.
1073 1883 1120 1906 Sed
1136 1882 1256 1905 Hebraeae
1280 1883 1373 1911 linguae
1398 1882 1566 1905 consuetudine
1587 1882 1662 1904 omnis
1687 1887 1800 1910 aquarum
1819 1887 1871 1903 con-

1023 1923 1141 1950 gregatio,
1159 1922 1209 1944 sive
1225 1922 1300 1944 dulcis
1322 1922 1372 1945 sive
1388 1922 1460 1950 salsa,
1478 1927 1542 1943 mare
1559 1923 1714 1949 nuncupatur.
1735 1921 1779 1949 Qui
1796 1921 1870 1948 lacus,

1021 1957 1168 1984 interfluente
1184 1962 1293 1989 Iordane,
1311 1964 1404 1984 0011111111
1429 1961 1583 1990 quadraginta
1604 1960 1683 1983 stadiis
1704 1960 1726 1982 in
1749 1960 1871 1988 longitudi-

1023 2007 1076 2023 nem
1094 2004 1116 2023 et
1132 2001 1286 2030 quadraginta
1303 2000 1433 2023 extenditur
1451 2000 1472 2022 in
1489 2000 1640 2022 latitudinem.
1657 1999 1700 2022 Csr.
1724 1999 1824 2027 Hieron„
1842 1999 1880 2031 de·

1025 2040 1161 2063 Nominibus
1178 2040 1285 2063 Hebraic.
1301 2040 1330 2062 de
1347 2040 1471 2062 Matthae0:
1491 2048 1502 2059 α
1516 2039 1651 2067 Gennesar,
1669 2041 1733 2060 ortus
1745 2037 1794 2067 [vel
1813 2039 1871 2061 utin

1023 2083 1077 2102 nota
1095 2080 1182 2102 adiecta
1209 2080 1292 2102 dicitur
1317 2079 1411 2107 hortus]
1437 2079 1610 2107 principium».
1626 2078 1781 2106 Etymologia,
1799 2084 1869 2107 quam

1023 2119 1086 2141 Beda
1104 2119 1185 2146 attulit,
1198 2125 1209 2141 a
1223 2119 1332 2141 Maurinis
1349 2118 1371 2140 in
1389 2117 1520 2140 Comment.
1538 2117 1632 2140 Hieron.
1648 2123 1719 2145 super
1735 2117 1812 2139 Matth.
1830 2117 1870 2145 14,

1023 2158 1065 2185 34,
1082 2158 1105 2180 111
1118 2162 1171 2180 nota
1190 2158 1277 2180 adiecta
1295 2157 1404 2179 tribuitur
1421 2156 1566 2184 Hegesippo,
1578 2156 1611 2178 III.
1628 2155 1704 2178 Excid.
1717 2156 1784 2178 leros.
1793 2162 1812 2178 0.
1826 2156 1869 2178 26:

1024 2197 1129 2221 Genesar
1147 2197 1230 2219 dicitur
1247 2197 1334 2219 Graece
1350 2195 1476 2222 vocabulo,
1498 2195 1565 2224 quasi
1585 2201 1698 2222 generans
1714 2194 1759 2217 sibi
1776 2201 1868 2223 auram,

1022 2242 1082 2265 aqua
1100 2236 1174 2259 dulcis
1191 2239 1213 2258 et
1229 2236 1258 2258 ad
1275 2235 1403 2263 potandum
1421 2234 1509 2257 habilis.
1528 2234 1587 2256 Vide
1604 2234 1661 2256 111113
1672 2240 1695 2256 n.
1714 2234 1750 2256 13,

1085 2273 1094 2286 ⁵
1114 2276 1177 2297 Vers.
1200 2276 1222 2300 l:
1249 2281 1296 2303 seq.
1322 2275 1386 2296 locus
1411 2277 1445 2296 est
1471 2274 1512 2301 11,
1539 2274 1560 2295 2.
1585 2276 1608 2295 et
1625 2273 1647 2295 3.
1672 2285 1702 2289 —
1719 2273 1820 2300 Hieron„
1844 2273 1868 2295 11.

1023 2314 1152 2338 Comment.
1171 2315 1192 2336 in
1210 2314 1260 2336 lsai.
1278 2314 1302 2340 4,
1322 2314 1346 2335 i:
1363 2313 1469 2336 Ceterum
1488 2312 1511 2334 in
1528 2312 1629 2334 adventu
1642 2311 1731 2334 Domini
1745 2312 1870 2334 Salvatoris

1022 2356 1111 2383 septem
1127 2353 1253 2382 mulieres,
1272 2353 1295 2375 id
1312 2356 1345 2375 est
1362 2355 1451 2380 septem
1469 2352 1556 2379 gratiae
1568 2351 1666 2379 Spiritus
1678 2351 1762 2379 sancti,
1780 2351 1809 2373 de
1821 2351 1870 2380 qui-

1022 2393 1067 2416 bus
1084 2393 1106 2415 in
1125 2392 1319 2422 consequentibns
1336 2391 1392 2421 [11,
1411 2391 1430 2413 1.
1449 2389 1524 2419 seqq]
1548 2389 1609 2412 idem
1633 2390 1747 2417 Propheta
1766 2389 1870 2412 dicturus

1022 2435 1070 2455 est:
1088 2431 1238 2460 Eccielvirqa
1250 2430 1368 2453 deradice
1386 2431 1470 2453 Iesse...
1487 2430 1508 2452 et
1525 2428 1656 2458 requiescet
1671 2434 1742 2457 super
1760 2433 1814 2450 euni
1825 2427 1869 2457 spi⁴

1021 2470 1083 2494 ritus
1102 2469 1220 2493 Domini...
1234 2468 1334 2499 spiritus
1351 2468 1444 2492 timoris
1461 2467 1558 2491 Domini
1563 2476 1572 2495 ,·
1590 2467 1765 2495 apprehendent
1782 2468 1869 2495 lesum,

1022 2515 1091 2538 quem
1112 2510 1181 2531 mullo
1195 2512 1299 2536 tempore
1316 2508 1516 2534 desideraverant,
1533 2506 1588 2534 quia
1604 2505 1691 2528 nullum
1703 2506 1773 2528 alium
1790 2508 1870 2534 potue-

1022 2551 1072 2571 rant
1090 2549 1192 2570 invenire
1210 2551 1253 2570 etc.
1269 2560 1299 2563 —
1317 2547 1421 2574 Gregor„
1438 2547 1461 2568 11.
1480 2545 1562 2567 11011111,
1582 2545 1604 2567 111
1624 2545 1710 2572 Evang.
1731 2545 1810 2567 homil.
1832 2545 1869 2567 24.

1022 2594 1043 2610 n.
1062 2588 1088 2609 6:
1107 2587 1152 2610 Cur
1175 2593 1228 2609 cum
1246 2589 1335 2614 septem
1353 2585 1472 2613 discipulis
1489 2584 1594 2606 ultimum
1617 2584 1751 2606 convivium
1770 2583 1869 2606 celebrat

1023 2626 1093 2656 [ioan.
1106 2628 1131 2649 21
1143 2644 1148 2653 ,
1161 2627 1182 2648 9.
1195 2625 1283 2655 50(1(1.],
1295 2625 1339 2647 11151
1355 2624 1419 2653 quod
1437 2630 1476 2646 eos
1494 2623 1667 2650 tantummodo,
1684 2623 1723 2651 qui
1741 2623 1868 2651 septiformi

1022 2666 1093 2693 gratia
1107 2665 1177 2687 sancti
1190 2664 1287 2693 Spiritus
1304 2663 1364 2691 pleni
1380 2666 1445 2689 sunt,
1464 2664 1552 2685 tuturos
1568 2667 1647 2684 secum
1666 2661 1688 2683 in
1705 2664 1797 2683 aelerna
1814 2662 1869 2683 rese-

1022 2704 1096 2726 ctione
1109 2703 1246 2726 denuntIat‘l
1259 2703 1351 2730 Septem
1364 2707 1459 2730 quoque
1471 2700 1553 2723 diebus
1569 2705 1638 2722 omne
1649 2701 1693 2722 hoc
1705 2702 1797 2727 tempus
1808 2700 1869 2721 evol-

1022 2743 1091 2771 vitur,
1109 2746 1131 2765 et
1148 2748 1218 2770 saepe
1235 2741 1364 2769 septenario
1382 2746 1480 2763 numero
1497 2739 1606 2768 perfectio
1623 2739 1757 2767 designatur
1773 2742 1816 2761 etc.

1084 2780 1093 2793 '¹
1112 2782 1177 2804 Vers.
1200 2782 1232 2803 18.
1245 2793 1275 2797 -
1292 2780 1338 2803 Csr.
1355 2781 1413 2802 111113
1430 2786 1452 2802 n.
1471 2779 1507 2801 14.

1084 2821 1094 2833 ³
1112 2822 1208 2849 Vulgata
1227 2821 1251 2843 in
1272 2820 1353 2843 norim
1370 2821 1391 2842 el
1408 2819 1449 2842 illa
1474 2820 1547 2841 nocte.
1566 2830 1596 2835 -
1614 2817 1717 2840 Subinde
1740 2818 1867 2845 allegantur

1022 2862 1075 2884 Luc.
1094 2862 1122 2888 5,
1144 2861 1169 2888 5,
1186 2863 1208 2882 et
1225 2861 1329 2887 Gregor„
1347 2860 1369 2881 11Δ
1395 2858 1476 2881 Homil.
1500 2858 1522 2880 in
1548 2858 1634 2885 Evang.
1653 2857 1731 2879 homil.
1749 2856 1785 2878 24.
1805 2863 1826 2878 n.
1845 2856 1866 2878 3.

1023 2901 1097 2929 (multi
1114 2900 1183 2923 codd.
1200 2900 1222 2921 111
1240 2900 1284 2921 tine
1302 2902 1354 2921 ante
1370 2897 1504 2921 sublimitas
1521 2897 1628 2919 omittunt
1644 2902 1747 2925 moytia,
1760 2902 1802 2923 pro
1819 2902 1866 2924 (1110

1022 2941 1139 2963 (1011311115
1156 2939 1253 2967 maior).

1889 1034 1980 1053 Tertium.
