2296 3316
284 1618 379 1642 Quartum.

395 139 451 169 438

396 223 459 244 cum
480 215 513 243 de
535 215 613 243 Patre
634 213 759 250 quaeris,
780 212 814 241 de
839 219 883 240 me
903 210 1031 248 quaeris,
1053 218 1135 247 quem
1158 217 1238 239 nosse

395 262 485 290 debes.
509 261 570 289 ideo
590 260 667 288 dicit:
700 258 848 296 Philippe,
869 258 921 296 qui
950 257 1027 285 videt
1053 265 1097 285 me
1117 256 1193 285 videt
1214 259 1239 284 et

395 308 514 336 Patrem
536 315 640 335 meum.
664 305 811 341 Quomodo
833 308 864 333 tu
894 304 985 333 dicis:
1017 303 1137 332 Ostende
1156 301 1239 331 nobis

395 353 537 382 Patrem?
566 353 642 381 Videt
672 352 753 380 oculo
784 351 862 385 fidei,
885 350 1036 379 secundum
1059 349 1133 387 quod
1154 349 1239 378 Abra-

396 401 476 434 ham,
497 400 609 428 Genesis
629 399 735 427 decimo
755 398 891 431 octavo¹‚
912 397 1014 425 dicitur
1042 396 1116 433 quod
1143 407 1156 421 «
1172 396 1240 424 vidit

396 450 452 476 tres
467 450 494 475 et
515 454 603 475 unum
625 445 790 474 adoravit».
814 444 844 473 Et
859 444 934 481 quod
949 444 986 472 ita
1000 443 1099 472 debeat
1112 443 1239 477 credere,

395 493 528 526 ostendit,
550 492 616 529 quia
637 499 724 520 unum
746 494 826 525 sunt;
847 494 960 528 propter
985 490 1059 527 quod
1081 490 1158 519 dicit:

478 540 519 568 ll.
542 539 631 575 (Vers.
657 539 721 573 to).
746 537 810 566 Non
828 538 923 566 credis
935 537 956 571 ²,
971 538 1043 575 quia
1064 545 1114 574 890
1133 537 1164 565 in
1181 536 1240 564 Pa-

396 590 451 620 tre,
472 589 498 614 et
518 585 609 613 Pater
630 584 662 613 in
682 593 727 613 me
747 584 808 612 est?
830 588 960 621 tanquam
982 592 1084 618 unum;
1106 582 1184 620 quasi
1199 582 1240 611 di-

395 636 452 662 cat:
475 633 527 661 hoc
547 632 631 661 debes
648 631 770 661 credere.
793 632 825 660 Et
847 632 898 660 hoc
912 631 1069 660 manifestat
1090 638 1139 667 per
1153 637 1239 666 opus:

401 679 510 713 Verba,
531 687 606 718 quae
626 687 676 716 890
698 678 800 717 loquor
821 678 916 712 vobis,
938 686 958 706 a
979 686 1023 706 me
1044 677 1106 714 ipso
1127 685 1186 705 non
1200 676 1240 704 lo-

395 735 489 766 quor:
522 726 612 755 Pater
643 729 741 754 uzi-tem
771 725 802 754 in
832 734 877 754 me
907 732 1043 758 murtena,
1075 724 1134 761 ipse
1165 722 1240 760 saell

395 781 501 811 opera,
523 776 550 801 et
571 772 621 806 ita,
643 772 665 800 si
686 780 743 800 una
763 774 805 800 est
828 771 965 808 operatio,
986 773 1014 799 et
1035 778 1091 798 una
1112 772 1154 798 est
1174 769 1240 798 sub-

395 820 510 854 stantia;
531 827 618 856 supra
644 818 780 856 quinto³:
807 829 820 843 «
834 818 1032 854 Quaecumque
1060 816 1139 845 Pater
1159 815 1240 850 facit,

395 867 464 896 haec
484 869 511 895 et
532 865 616 894 Filius
644 865 770 894 similiter
789 864 899 898 facit»;
921 866 949 892 et
975 866 1091 891 octavo:
1118 874 1131 887 «
1150 862 1168 890 A
1197 870 1241 890 me

395 914 455 951 ipso
475 913 545 942 facio
565 912 635 941 nihil
649 924 676 940 n.

477 962 519 989 12.
542 960 631 994 (Vers.
657 959 721 989 113,
738 958 803 987 Non
824 957 956 991 creditis,
975 957 1046 995 quia
1064 965 1114 995 890
1135 957 1167 985 in
1182 957 1241 985 Ρα-

395 1012 453 1041 tre,
475 1010 501 1035 et
524 1007 612 1035 Pater
633 1006 664 1034 in
678 1005 766 1034 τηεψ
787 1004 953 1042 Simpliciter
968 1004 1027 1033 sine
1048 1003 1241 1041 persuasione,

395 1055 467 1083 sicut
488 1054 556 1083 fides
575 1056 651 1082 recta
671 1052 767 1081 credit.

477 1100 519 1129 13.
542 1100 631 1136 (Vers.
656 1101 721 1135 12).
744 1099 884 1137 Alioquin
908 1102 1029 1136 propter
1057 1107 1148 1136 opera
1175 1098 1242 1136 ipsa

395 1147 516 1180 credite‚·
538 1155 624 1184 supra
644 1146 788 1176 decimo⁶:
816 1158 829 1171 «
843 1146 870 1175 Si
889 1154 944 1174 non
964 1145 1034 1174 facio
1048 1153 1134 1182 opera
1154 1145 1242 1174 Patris

395 1195 464 1229 mei,
486 1194 570 1223 nolite
591 1193 705 1222 credere
732 1193 800 1222 mihi
820 1205 846 1221 1).
868 1192 944 1222 Unde
971 1192 1160 1229 Augustinus:
1186 1203 1200 1217 α
1215 1192 1242 1220 Si

395 1241 514 1278 separati
535 1248 675 1273 essemus,
697 1248 873 1277 nequaquam
894 1239 1115 1277 inseparabiliter
1132 1239 1242 1276 operari

395 1295 541 1326 possemus
556 1299 582 1315 n.
604 1287 637 1315 Et
663 1286 702 1315 sic
723 1286 894 1323 explicatum
921 1289 978 1321 est,
999 1294 1055 1323 quo
1082 1286 1193 1315 dixerat
1213 1293 1242 1315 se

395 1335 516 1369 iturum,
538 1334 604 1371 quia
634 1342 689 1362 non
714 1334 771 1362 ibat
800 1333 834 1362 ad
856 1334 964 1362 Patrem
996 1336 1027 1362 ut
1056 1333 1091 1362 ad
1121 1333 1242 1371 aliquem

397 1385 481 1411 entra
508 1390 555 1414 εκ
583 1381 630 1410 sed
652 1381 722 1410 Patri
752 1388 781 1410 se
808 1381 951 1418 aequalem
978 1380 1052 1410 credi
1081 1380 1171 1409 facere
1195 1388 1243 1409 vo-

396 1429 478 1459 lebat.
506 1429 536 1457 Et
561 1429 612 1457 hoc
641 1428 752 1466 quidem
776 1428 903 1465 discipuli
932 1428 984 1457 iam
1014 1428 1148 1462 sciebant,
1177 1428 1244 1465 quia

397 1477 486 1505 Deum
508 1484 605 1505 verum
627 1483 687 1504 esse
708 1475 870 1509 credebant,
892 1478 919 1504 et
940 1475 978 1503 ita
999 1475 1070 1503 Patri
1099 1475 1242 1512 aequalem

397 1530 447 1560 per
469 1522 576 1556 omnia;
598 1522 720 1559 alioquin
742 1530 796 1550 non
817 1524 889 1550 esset
911 1529 995 1550 verus
1015 1521 1089 1550 Deus
1100 1521 1119 1549 ⁶.

478 1570 583 1601 Amen,
598 1577 683 1597 amen
697 1568 762 1597 dico
776 1567 865 1597 vobis.
881 1568 1014 1605 Tangitur
1029 1568 1073 1597 hic
1095 1571 1242 1605 quartum,

398 1615 501 1644 scilicet
523 1623 653 1643 recessus
675 1613 785 1642 Christi
804 1612 923 1650 fructus
944 1614 988 1642 vel
1009 1614 1114 1642 utilitas
1134 1614 1162 1642 in
1183 1621 1242 1642 cre-

397 1661 541 1695 dentibus3
570 1664 683 1697 propter
715 1660 788 1697 quod
815 1659 899 1689 dicit:
931 1660 989 1696 Qui
1018 1660 1109 1688 credit
1129 1660 1161 1689 in
1180 1669 1241 1694 me,

397 1715 500 1744 opera,
528 1715 602 1745 quae
626 1715 676 1744 890
696 1705 791 1743 faeie,
823 1711 849 1735 et
869 1707 929 1744 ipse
955 1705 1045 1744 faciet
1072 1710 1098 1735 et
1124 1707 1243 1735 maiora

397 1753 502 1782 horum
522 1752 629 1790 faciet,-
650 1753 777 1782 Matthaei
803 1753 909 1782 decimo
937 1753 1091 1791 septimo⁷z
1117 1765 1131 1779 α
1146 1754 1172 1782 Si
1194 1754 1243 1782 ha-

397 1800 514 1828 bueritis
541 1799 623 1828 fidem
654 1800 726 1828 sicut
750 1808 868 1837 granum
893 1800 1012 1837 sinapis,
1033 1800 1129 1829 dicetis
1156 1800 1242 1829 monti

396 1847 478 1876 huic:
501 1847 598 1876 Transi
620 1847 685 1876 hinc
699 1847 780 1881 illuc,
795 1850 823 1876 et
845 1847 987 1881 transibit,
1009 1850 1036 1876 et
1051 1847 1119 1875 nihil
1140 1847 1243 1884 impos-

460 2015 467 2028 ¹
487 2016 552 2039 Vers.
569 2017 590 2038 2.
612 2016 657 2039 Ctr.
674 2022 744 2044 supra
767 2022 787 2039 c.
805 2017 827 2039 8.
843 2023 865 2039 n.
884 2017 922 2039 80.
942 2020 964 2040 et
984 2019 1041 2040 tom.
1060 2018 1085 2040 V.
1108 2024 1163 2046 pag.
1186 2018 1244 2046 339,

397 2058 450 2078 nota
467 2056 488 2078 3.
505 2056 548 2078 loc.
566 2056 603 2078 cit.
620 2062 647 2078 ex
663 2055 771 2078 Ambros.
789 2059 811 2078 et
825 2056 933 2085 August.,
950 2057 990 2086 qui
1008 2056 1043 2079 his
1059 2056 1139 2080 verbis
1155 2060 1244 2080 senten-

397 2095 451 2117 tiam
468 2095 524 2117 Gen.
542 2087 584 2122 ts,
601 2095 622 2117 2.
641 2095 778 2123 exprimunt.
791 2107 822 2112 —
834 2095 937 2118 Vocibus
958 2094 1022 2118 Videt
1038 2095 1106 2119 oculo
1124 2096 1161 2119 ed.
1179 2096 1245 2119 iuter-

398 2134 453 2156 serit
468 2139 517 2161 me,
529 2133 624 2157 scilicet.

459 2171 468 2185 ²
487 2173 584 2201 Vulgata
601 2173 702 2197 creditis.
723 2186 754 2190 —
774 2173 835 2196 Libr.
853 2175 868 2197 1.
888 2175 950 2196 Sent.
967 2174 991 2197 d.
1009 2174 1046 2197 49.
1063 2181 1086 2202 p.
1103 2175 1119 2197 1.
1135 2181 1158 2204 q.
1176 2174 1197 2197 4.
1221 2175 1244 2197 in

398 2219 462 2241 corp.
479 2213 572 2241 dicitur,
595 2213 659 2242 quod
685 2213 707 2235 in
724 2214 773 2236 solo
798 2213 846 2236 Deo
863 2216 898 2236 est
922 2214 1022 2242 perfecta
1045 2214 1244 2241 circumiacessio,

401 2261 412 2273 <x
423 2252 478 2281 quia
494 2252 552 2274 ratio
569 2252 791 2275 circumincessionis
803 2255 837 2275 est
853 2253 953 2281 perfecta
968 2253 1045 2275 unitas
1060 2253 1174 2275 essentiae
1190 2259 1244 2275 cum

398 2292 542 2315 distinctione
560 2297 710 2319 personarum
721 2300 743 2314 n.

461 2328 470 2342 ²
487 2330 553 2353 Vers.
570 2330 612 2357 19;
629 2331 734 2359 sequitur
749 2330 775 2359 8,
792 2331 829 2352 28.
841 2329 887 2353 Cfr.
905 2331 918 2353 Ι.
937 2331 998 2353 Sent.
1011 2330 1033 2353 d.
1052 2331 1090 2353 32.
1106 2330 1163 2353 dub.
1180 2331 1202 2353 6.
1213 2343 1244 2348 —

399 2370 515 2396 Damasc.,
532 2370 565 2392 ill.
582 2369 611 2392 de
628 2369 683 2392 Fide
699 2369 792 2392 orthod.
809 2375 829 2392 c.
847 2369 889 2392 14:
906 2370 1010 2398 Quorum
1028 2370 1134 2393 voluntas
1146 2372 1168 2393 et
1184 2370 1243 2393 actio

398 2409 480 2431 eadem
497 2411 543 2435 est,
560 2414 641 2431 eorum
663 2409 745 2431 eadem
763 2414 857 2438 quoque
874 2408 1001 2431 substantia
1024 2412 1069 2437 estg
1087 2415 1188 2438 quorum
1205 2415 1244 2432 au·

398 2448 444 2468 tem
461 2446 539 2474 dispar
556 2447 662 2469 voluntas
679 2450 700 2469 et
717 2447 788 2475 actio,
806 2448 889 2470 horum
906 2448 976 2470 etiarn
993 2448 1073 2476 dispar
1088 2451 1123 2470 est
1139 2448 1244 2470 substan-

398 2485 437 2507 tia.
454 2485 513 2507 Vide
530 2487 585 2507 tom.
602 2485 638 2508 lV.
656 2491 710 2513 pag.
729 2485 771 2513 42,
789 2488 868 2508 notam
886 2486 924 2508 10.

461 2523 471 2536 ⁴²
489 2524 586 2552 Vulgata
603 2524 667 2547 addit
683 2526 724 2547 est.
746 2525 789 2547 Pro
806 2525 861 2548 Non
877 2524 971 2549 creditis
988 2525 1010 2548 in
1033 2526 1120 2548 Graeco
1142 2525 1241 2549 habetur

398 2560 520 2584 Πιστεύετέ
538 2569 575 2592 μοι
593 2563 606 2584 i.
624 2569 644 2585 e.
662 2563 752 2586 Credite
768 2563 828 2586 mihi
844 2563 883 2592 (ab
905 2564 1021 2593 aliquibus
1040 2571 1063 2587 v.
1085 2571 1108 2593 g.
1125 2564 1242 2592 Chrysost.

399 2604 421 2624 et
437 2600 513 2629 Cyrill.
530 2601 648 2624 Alexandr.
666 2603 777 2625 omittitur
787 2602 865 2630 mihi).
882 2603 962 2631 Hilar.,
979 2603 1024 2626 Vll.
1037 2603 1067 2626 de
1079 2603 1143 2626 Trin.
1159 2610 1182 2626 n.
1200 2603 1242 2626 tl:

399 2639 490 2663 Credite
506 2640 576 2668 mihi,
594 2641 708 2670 quoniam
724 2647 766 2671 890
783 2641 808 2664 in
824 2642 896 2665 Patre
907 2643 930 2665 et
944 2642 1016 2666 Pater
1034 2641 1058 2665 in
1075 2648 1120 2666 me.
1137 2643 1198 2672 Quid
1210 2646 1244 2666 est

399 2679 474 2701 istud:
484 2685 554 2707 rogo,
566 2679 651 2703 credite
666 2680 745 2703 mihi?
761 2680 827 2703 Certe
838 2681 868 2704 ad
880 2681 904 2704 id
920 2682 1017 2704 refertur
1028 2682 1093 2711 quod
1105 2682 1193 2705 dictum
1210 2684 1244 2705 est

399 2717 434 2746 [v.
451 2717 498 2747 8.]:
517 2717 614 2742 Ostende
630 2718 697 2742 nobis
713 2719 818 2742 Patrem.
834 2720 901 2742 Fides
921 2721 1071 2743 confirmatur
1090 2727 1117 2744 ex
1134 2721 1243 2744 credendi

399 2759 533 2785 praecepto,
545 2759 568 2780 et
579 2763 604 2779 ea
617 2757 685 2786 fides,
699 2764 759 2787 quae
771 2759 859 2781 Patrem
872 2758 916 2782 sibi
933 2760 1022 2782 ostendi
1040 2763 1184 2788 poposcerat.
1200 2760 1244 2783 Au-

400 2798 471 2823 gust,
489 2795 511 2817 in
529 2796 588 2817 ioan.
605 2796 693 2824 Evang.
711 2799 737 2819 tr.
755 2796 793 2819 71.
811 2803 832 2819 n.
850 2799 877 2820 2:
894 2801 964 2821 Antea
983 2799 1015 2827 [v.
1034 2799 1055 2821 9.
1075 2801 1097 2821 et
1116 2798 1164 2828 10.]
1182 2799 1244 2822 solus

398 2834 517 2862 Philippus
533 2834 684 2863 arguebatur,
701 2842 762 2858 nunc
778 2839 855 2859 autem
875 2843 920 2859 non
938 2837 970 2860 ibi
992 2844 1046 2860 eum
1063 2838 1138 2861 solum
1161 2838 1243 2866 ruisse,

398 2873 438 2902 qui
455 2875 515 2895 esset
531 2873 678 2901 arguendus,
695 2875 831 2898 ostenditur.

461 2910 471 2924 ⁵
488 2911 553 2935 Vers.
570 2912 608 2935 37.
624 2924 656 2930 -
672 2913 781 2942 August„
799 2915 822 2937 in
839 2915 899 2938 loan.
917 2916 1003 2944 Evang.
1021 2919 1049 2939 tr.
1065 2916 1105 2939 71.
1120 2922 1145 2939 11.
1161 2917 1187 2939 2:
1204 2916 1244 2939 Ne-

1005 132 1175 161 COMMENT.
1198 132 1229 161 IN
1251 132 1397 161 lOANNEM
1418 131 1446 160 C.
1468 131 1534 160 xlv.

1296 209 1374 238 sibile
1395 209 1449 238 erit
1468 208 1546 238 vobis
1561 220 1587 237 n.
1611 209 1642 237 Et
1663 208 1734 237 ratio
1755 208 1840 237 huius
1860 212 1902 238 est
1929 208 2031 237 Christi
2052 216 2141 238 reces-

1296 264 1344 285 sus
1365 264 1381 285 a
1395 256 1487 291 nobis;
1509 258 1657 293 propterea
1672 255 1777 284 subdit:
1802 255 1879 291 Quia
1893 264 1943 292 890
1964 255 2004 283 ad
2024 255 2139 284 Patrem

1297 303 1386 336 vado,
1408 305 1439 331 ut
1459 302 1563 331 scilicet
1582 310 1730 339 appaream
1751 301 1840 330 vultui
1856 301 1903 330 Dei
1929 313 1942 326 «
1957 301 1991 330 ad
2012 301 2142 338 interpel-

1296 349 1409 378 landum
1431 358 1482 387 pro
1502 349 1645 383 vobis⁸»;
1668 348 1728 377 ideo
1751 348 1856 385 primae
1878 348 1984 377 loannis
2004 348 2140 377 secundo:

1301 408 1315 421 «
1326 396 1493 425 Advocatum
1508 396 1644 425 habemus
1655 396 1729 433 apud
1741 396 1848 431 Patrem
1860 395 1949 425 Iesum
1960 395 2101 424 Christum
2114 407 2141 429 »;

1296 446 1324 472 et
1344 443 1405 472 ideo
1426 443 1507 472 dicit:

1378 490 1422 519 14.
1444 490 1532 527 (Vers.
1553 490 1618 525 13.).
1643 489 1849 528 Quodcumque
1863 489 2004 527 petieritis
2024 489 2143 518 Patrem

1296 538 1329 566 in
1348 537 1464 566 nomine
1478 545 1552 571 meo,
1568 535 1620 565 1108
1639 535 1762 574 faciam.
1779 536 1840 565 Ideo
1857 536 1938 571 dicit,
1953 535 2026 573 quod
2049 538 2143 573 petere

1297 584 1430 613 debemus
1450 592 1466 612 a
1487 584 1566 612 Patre
1586 584 1614 612 in
1636 584 1745 612 nomine
1760 583 1831 618 Filii,
1852 586 1885 612 ut
1905 583 2009 612 scilicet
2026 582 2143 612 lionori-

1296 630 1399 667 ficetur
1410 630 1421 647 ⁹
1437 631 1527 659 Pater
1541 630 1572 659 in
1587 630 1676 664 Filio,
1691 630 1757 667 quia
1774 630 1858 659 Filius
1873 630 2013 667 propriam
2027 630 2142 667 gloriam

1297 686 1352 706 non
1373 677 1495 714 quaerit,
1516 677 1564 706 sed
1585 677 1687 711 Patris;
1710 680 1857 714 propterea
1870 677 1974 706 dictum
1996 679 2038 706 est
2058 684 2144 714 supra

1298 723 1427 760 septimo:
1453 735 1467 748 α
1482 723 1534 760 Qui
1549 723 1659 760 quaerit
1673 723 1790 760 gloriam
1811 724 1871 753 eius
1885 724 1933 761 qui
1954 723 2030 752 misit
2049 723 2142 758 illum,

1299 770 1344 799 hic
1364 778 1451 799 verax
1471 772 1512 798 est
1527 782 1553 798 n.
1576 770 1607 798 Et
1627 770 1662 798 ad
1683 770 1817 799 maiorem
1838 770 2049 805 certitudinem,
2077 770 2143 807 quia

1298 816 1406 845 firmior
1426 816 1458 845 fit
1478 816 1624 853 promissio
1644 816 1747 853 duplici
1769 816 1970 852 affir1natione;
1991 816 2052 846 ideo
2079 817 2144 846 sub-

1299 863 1397 892 infert:

1380 911 1423 939 15.
1446 911 1535 947 (Vers.
1560 911 1625 946 Ma),
1648 910 1682 939 Si
1701 911 1772 948 quid
1790 910 1933 947 petieritis
1945 911 1968 928 ¹⁰
1983 911 2015 939 in
2028 911 2145 940 nomine

1299 966 1375 992 meo,
1397 956 1449 986 hoc
1469 956 1601 995 fuciam;
1622 960 1650 985 et
1670 965 1724 986 non
1752 957 1835 986 iterat
1856 965 1956 986 nomen
1984 958 2085 993 Patris,
2113 961 2145 987 ut

1299 1004 1439 1039 ostendat,
1465 1004 1539 1041 quod
1567 1004 1673 1033 etiamsi
1701 1006 1795 1041 petant
1823 1004 1858 1032 ab
1885 1004 1960 1040 ipso,
1988 1004 2145 1038 obtineant,

1299 1059 1364 1080 cum
1385 1051 1420 1079 sit
1440 1050 1563 1088 aequalis
1591 1050 1679 1085 Patri;
1702 1050 1807 1087 primae
1836 1050 1942 1079 loannis
1968 1050 2063 1079 tertio:
2090 1062 2103 1076 «κ
2119 1051 2144 1079 Si

1300 1105 1354 1126 non
1376 1097 1586 1134 reprehenderit
1607 1105 1657 1126 nos
1677 1105 1725 1126 cor
1746 1100 1889 1132 nostrum,
1911 1096 2041 1126 fiduciam
2061 1097 2146 1125 habe-

1300 1152 1363 1173 mus
1383 1144 1417 1173 ad
1438 1144 1542 1178 Deum;
1564 1146 1591 1172 et
1612 1143 1808 1181 quodcumque
1830 1144 2009 1181 petierimus,
2030 1143 2146 1181 accipie-

1299 1200 1363 1221 mus
1383 1192 1418 1221 ab
1436 1200 1468 1221 eo
1482 1203 1509 1220 ».

1620 1286 1822 1322 Quausrmusss.

1380 1380 1424 1408 16.
1446 1380 1556 1416 Quaest.
1574 1380 1590 1408 l.
1613 1379 1664 1408 Sed
1679 1379 1825 1416 quaeritur
1846 1379 1936 1416 primo
1950 1379 1984 1409 de
2004 1379 2057 1408 hoc
2071 1379 2145 1416 quod

1300 1427 1433 1455 Dominus
1453 1426 1519 1455 dicit
1542 1426 1699 1463 discipulis:
1730 1426 1793 1462 Quo
1820 1434 1870 1464 890
1897 1426 1990 1461 vado,
2015 1426 2095 1455 scitis
2122 1430 2148 1455 et

1299 1474 1381 1502 viam
1400 1473 1498 1502 scitis.-

1381 1521 1405 1548 1.
1428 1520 1498 1556 Quia
1519 1520 1638 1548 Thomas
1666 1520 1758 1549 statim
1780 1520 1890 1557 quaerit
1917 1523 2048 1558 tanquam
2070 1520 2147 1558 igno-

1300 1574 1365 1595 rans
1384 1570 1412 1595 et
1432 1566 1511 1600 dicit,
1533 1574 1562 1595 se
1584 1566 1755 1603 ignoraress.

1378 1614 1405 1641 2.
1428 1613 1510 1646 item,
1533 1613 1675 1649 Philippus
1699 1613 1809 1650 quaerit
1830 1613 1863 1642 de
1885 1613 2022 1648 termino,
2043 1613 2147 1643 scilicet

1299 1660 1333 1689 de
1354 1660 1447 1694 Patre,
1469 1662 1497 1688 et
1516 1659 1543 1688 in
1566 1660 1618 1688 hoc
1638 1660 1773 1694 ostendit,
1795 1668 1824 1688 se
1846 1660 1989 1697 ignorare:
2012 1668 2078 1697 ergo
2098 1663 2148 1689 aut

1300 1707 1434 1735 Dominus
1460 1706 1532 1735 dixit
1562 1706 1678 1741 falsum,
1709 1710 1758 1736 aut
1788 1707 1839 1744 ipsi
1871 1707 2043 1744 quaerebant
2073 1707 2148 1745 quod

1300 1753 1431 1782 sciebant.

1378 1800 1569 1837 Respondetur
1596 1801 1631 1829 ad
1664 1801 1715 1830 hoc
1747 1801 1912 1838 tripliciter:
1940 1801 2031 1838 primo
2052 1801 2146 1837 modo,

1300 1847 1375 1884 quod
1394 1847 1529 1876 Dominus
1549 1856 1603 1876 non
1625 1847 1660 1887 de
1679 1848 1810 1877 omnibus
1831 1848 1954 1883 dicebat,
1976 1848 2023 1877 sed
2044 1848 2078 1877 de
2097 1848 2147 1877 ali-

1300 2025 1346 2047 que
1362 2018 1436 2047 enim,
1452 2018 1471 2041 si
1493 2019 1591 2047 separati
1609 2024 1724 2047 essemus,
1745 2018 1927 2046 inseparabiliter
1943 2019 2035 2047 operari
2053 2019 2097 2042 ulla
2113 2024 2147 2041 ra-

1301 2058 1362 2080 tione
1378 2064 1507 2086 possemus.
1519 2070 1550 2074 —
1561 2058 1656 2080 Inferius
1672 2064 1714 2086 pro
1731 2063 1777 2087 quo
1794 2057 1890 2081 diderat
1906 2058 1944 2080 ed.
1961 2064 2014 2081 cum
2032 2057 2147 2080 nonnullis

1300 2097 1368 2120 codd.
1386 2096 1450 2127 qnod
1465 2096 1572 2125 diverat,
1591 2097 1609 2119 H
1627 2103 1680 2119 cum
1692 2097 1796 2119 Gorrano
1808 2096 1925 2126 quomodo
1938 2096 2045 2125 diverat,
2061 2099 2083 2120 et
2094 2096 2147 2119 sub-

1301 2136 1355 2158 inde
1370 2142 1413 2164 pro
1430 2137 1458 2159 ut
1473 2135 1505 2158 ad
1520 2135 1624 2165 aliquem
1641 2141 1688 2158 non
1705 2135 1772 2163 pauci
1790 2135 1859 2158 codd.
1876 2136 1902 2158 ut
1918 2134 2030 2164 aliquem.

1362 2173 1372 2186 ⁵
1389 2174 1434 2197 Cfr.
1450 2175 1507 2197 intra
1525 2181 1548 2197 n.
1566 2175 1602 2196 18.
1620 2176 1642 2197 et
1659 2174 1696 2197 48.

1362 2210 1371 2224 ⁷
1390 2212 1456 2235 Vers.
1474 2212 1510 2235 19.
1526 2212 1571 2234 Csr.
1589 2212 1645 2234 infra
1662 2218 1686 2234 n.
1703 2213 1740 2234 21.
1757 2219 1824 2242 seqq.
1840 2225 1871 2230 —
1888 2212 1964 2241 Cyrill.
1980 2213 2112 2242 Alexandr.⁷
2124 2213 2147 2235 in

1301 2251 1362 2273 hunc
1378 2251 1471 2274 locum:
1490 2251 1509 2274 Ο
1525 2257 1659 2274 sermonum
1676 2258 1781 2274 meorum
1799 2252 1896 2275 ministri
1913 2258 1940 2275 ac
1961 2252 2011 2275 veri
2027 2252 2147 2281 discipuli!

1300 2290 1412 2319 quamdiu
1435 2289 1557 2313 vobiscum
1578 2291 1599 2312 111
1617 2291 1683 2313 terris
1703 2286 1870 2320 conversabar,
1890 2291 1936 2314 vixi
1958 2294 1982 2314 ut
2001 2292 2084 2319 homo,
2100 2297 2148 2314 non

1299 2332 1378 2357 aperte
1395 2329 1490 2351 omnino
1511 2329 1580 2352 vobis
1602 2330 1696 2352 Deitatis
1717 2336 1783 2352 meae
1800 2333 1936 2358 potestatem
1959 2330 2072 2353 ostendi...
2088 2330 2148 2359 Quo-

1300 2368 1360 2391 niam
1381 2374 1461 2391 vero...
1477 2368 1535 2391 illa...
1552 2371 1668 2396 peracta...
1683 2369 1777 2391 iamiarn
1798 2369 1859 2392 enim
1877 2372 1974 2392 mortem
1995 2369 2110 2398 perpetiar
2125 2372 2147 2392 et

1299 2413 1433 2435 resurgam,
1450 2408 1560 2435 polliceor
1571 2414 1609 2430 me
1620 2407 1688 2430 vobis
1702 2408 1811 2430 daturum
1828 2409 1939 2431 maiora...
1956 2408 1995 2431 lbo
2012 2408 2101 2438 quippe
2117 2408 2147 2431 ad

1300 2447 1389 2469 Patrem
1397 2463 1403 2473 ,
1420 2452 1571 2469 consessurus
1582 2446 1689 2469 videlicet
1700 2450 1929 2477 conregnaturusque
1940 2454 1993 2470 cum
2005 2454 2033 2470 eo
2051 2450 2075 2470 ut
2085 2447 2147 2470 Deus

1299 2491 1326 2508 ex
1348 2485 1407 2512 Deo,
1429 2485 1621 2513 incomprehensa
1638 2486 1722 2508 vlrtute
1739 2492 1766 2508 ac
1783 2489 1896 2514 potestate
1915 2487 1995 2510 amieis
2012 2487 2070 2510 meis
2086 2486 2146 2510 bona

1300 2524 1408 2552 largiens.
1426 2523 1597 2553 Quodcumque
1610 2524 1725 2554 petieritis
1742 2528 1784 2547 etc.

1362 2561 1371 2574 Β
1388 2562 1458 2585 Hebr.
1476 2562 1502 2590 7,
1521 2562 1558 2585 25.
1569 2575 1600 2580 —
1613 2563 1715 2586 Subinde
1732 2565 1842 2592 allegatur
1859 2565 1872 2587 l.
1891 2565 1951 2587 loan.
1969 2566 1996 2592 2,
2014 2565 2035 2587 1.

1362 2599 1373 2613 ⁹
1390 2601 1489 2629 Vulgata
1505 2601 1661 2632 glorificetur.
1672 2614 1704 2619 —
1716 2603 1824 2632 Sequitur
1841 2604 1900 2626 loan⁴
1918 2603 1945 2631 7,
1963 2604 2002 2627 48.

1362 2639 1383 2653 ¹⁰
1401 2640 1498 2668 Vulgata
1515 2640 1580 2664 addit
1596 2647 1639 2664 me.
1658 2654 1691 2659 —
1709 2643 1805 2665 inferius
1825 2643 1937 2671 allegatur
1954 2644 1970 2666 l.
1986 2643 2048 2666 10311.
2064 2643 2090 2671 3,
2108 2643 2145 2666 21.

1300 2687 1364 2710 seqq.
1376 2692 1408 2697 —
1419 2681 1528 2709 August,
1545 2681 1569 2703 in
1580 2682 1640 2704 ioan.
1658 2682 1745 2710 Evang.
1757 2684 1783 2704 tr.
1801 2683 1840 2705 73.
1856 2689 1879 2705 n.
1898 2682 1923 2705 4:
1935 2683 2000 2706 Nullo
2017 2683 2087 2706 modo
2105 2682 2147 2711 igi-

1300 2723 1337 2743 tur
1353 2720 1402 2743 sine
1418 2720 1483 2742 Patre
1500 2721 1544 2742 hoe
1561 2720 1630 2743 Filius
1646 2721 1711 2749 facit,
1728 2722 1933 2751 quandoquidem,
1951 2724 1975 2744 ut
1991 2722 2015 2744 in
2027 2722 2064 2744 illo
2081 2722 2146 2745 Pater

1300 2759 1452 2787 glorificetur,
1469 2761 1591 2787 propterea
1609 2760 1667 2782 facit.
1685 2760 1747 2783 Facit
1763 2767 1820 2789 ergo
1837 2761 1902 2784 Pater
1918 2761 1943 2783 in
1954 2761 2020 2790 Filio,
2037 2764 2062 2784 ut
2077 2761 2147 2784 Filius

1300 2797 1441 2826 glorificetur
1458 2798 1480 2820 in
1498 2798 1576 2826 Patre3
1592 2801 1615 2821 et
1632 2799 1684 2822 tacit
1700 2799 1769 2822 Filius
1784 2800 1805 2822 in
1823 2800 1899 2829 Patre,
1917 2802 1942 2823 ut
1955 2797 2019 2823 Pater
2036 2800 2147 2828 glorifice-

1300 2839 1337 2859 tur
1353 2836 1376 2859 in
1393 2837 1461 2865 Filio,
1478 2837 1589 2866 quoniam
1607 2844 1678 2860 unum
1695 2841 1748 2861 sunt
1764 2839 1830 2861 Pater
1846 2841 1868 2862 et
1884 2839 1961 2862 Filius.

1363 2874 1381 2888 ¹¹
1401 2876 1474 2904 Supra
1492 2882 1515 2898 v.
1533 2876 1558 2905 53
1576 2877 1605 2899 de
1622 2877 1727 2906 Philippo
1744 2885 1767 2901 v.
1785 2879 1807 2901 8.

2164 1809 2220 1833 Reup.
2233 1808 2250 1828 1.
2276 1820 2277 1823 .
2292 1810 2293 1825 ἓ

2267 3039 2284 3178 -4—-0-1-
2275 2996 2276 3000 „
2275 2938 2278 2965 .„
