2296 3316
351 176 387 203 ⁶26
932 173 1102 202 COMMENT.
1127 174 1158 202 ΙΝ
1180 173 1417 203 ECCLESIASTEN
1439 173 1466 202 C.
1491 174 1519 202 ll.

429 253 601 290 Respondeo:
617 252 781 286 dicendum,
796 251 871 289 quod
885 251 951 281 dare
966 260 1079 288 operam
1094 252 1201 289 sapien-

218 306 275 332 Resr*
290 311 332 324 cnm
351 301 417 335 tiae,
440 300 492 329 hoc
514 302 603 337 potest
624 308 684 329 esse
705 299 853 336 dupliciter
867 310 872 327 :
888 302 1003 336 propter
1017 300 1201 328 commodum

1339 252 1512 289 Respondeo:
1534 252 1698 286 dicendum,
1723 252 1798 289 quod
1819 252 1891 282 sicut
1911 253 1978 282 dicit
1998 253 2110 290 Aposto-
2127 260 2184 284 nesi.

1259 298 1303 328 lus
1323 298 1357 327 ad
1378 299 1514 328 Romanos
1535 299 1692 336 septimo⁶t
1714 300 1771 328 Lex
1792 303 1915 334 sancta,
1937 304 1963 329 et
1983 300 2111 329 manda-

211 330 339 348 distinetione.

223 728 333 752 Sapientiae

204 752 275 771 utilitas
288 757 332 776 qua-

204 776 292 800 druplex⁴

216 1057 331 1077 Notandum.

203 1623 259 1646 Resp.
275 1623 290 1644 t.
305 1623 331 1642 in-

217 1647 318 1665 sufficiens.

230 1858 287 1885 Resp.
300 1863 333 1876 au-

203 1884 260 1900 ctoris
291 1887 333 1900 cum

203 1905 331 1924 distinctione.

346 347 510 386 praesentis
534 347 627 380 vitae,
654 347 697 375 vel
719 349 833 383 propter
855 346 1121 374 remunerationem
1141 346 1201 383 ylo-

349 395 413 423 riae
434 398 576 423 aeternae.
600 394 714 430 Propter
736 393 922 421 commodant
939 393 1105 430 praesentis
1126 393 1202 421 vitae

349 441 461 479 prodest
483 440 616 478 sapientia
637 442 699 469 ante
722 443 855 474 mortem,
874 439 940 476 quia
953 439 1048 476 dirigit
1062 439 1201 468 hominem

349 489 377 517 in
399 488 457 517 suis
487 487 635 524 operibus;
657 487 705 516 sed
734 487 760 515 in
789 490 878 515 morte
899 485 989 520 nillil,
1015 494 1047 515 eo
1069 486 1143 523 quod
1164 486 1202 514 ita

350 535 477 564 moritur
498 535 599 563 doctus
623 538 655 563 ut
670 534 820 568 indoctus,
842 542 892 563 nec
914 534 1068 571 protelatur
1090 533 1113 561 ei
1136 533 1200 561 vita.

350 583 376 611 Si
398 586 490 611 autem
507 584 620 619 propter
636 582 819 610 commodum
835 584 969 610 aeternae
986 581 1076 614 oilae,
1093 580 1131 609 sic
1146 588 1201 608 non

350 629 486 663 moritur,
509 629 595 657 immo
624 629 698 656 vivit.

430 677 475 706 Est
496 676 572 705 utilis
592 676 626 704 ad
648 675 844 713 operationem
866 675 934 703 boni
941 685 950 708 ,·
966 674 1145 703 Ecclesiastici
1162 673 1201 702 vi-

350 724 454 762 gesimo
468 723 558 761 primo
571 722 597 751 ¹:
616 723 827 751 Ornamentum
847 730 972 750 aureum
990 721 1132 758 prudenti
1152 721 1202 749 do-

350 772 448 800 ctrina
476 774 528 800 etr.
559 787 596 791 -
626 770 671 799 Est
699 770 775 798 utilis
802 769 836 798 ad
864 769 1084 797 declinationem
1112 768 1202 802 mali,-

350 818 530 848 Ecclesiastici
548 818 641 847 tertio:
662 817 786 854 Sapiens
801 825 851 845 cor
872 820 897 845 et
918 816 1092 853 intelliyibile
1113 814 1201 844 absti-

349 865 426 894 nebit
446 874 475 893 se
501 873 521 893 a
546 864 682 901 peccatis.
710 880 745 884 -—
772 864 818 892 Est
846 863 921 892 utilis
949 863 983 891 ad
1012 865 1201 900 augmentum

347 912 482 950 prauae,-
498 911 711 940 Proverbiorum
727 914 843 948 quarto:
861 910 946 938 Dabit
965 909 1056 947 capiti
1077 912 1126 937 tuo
1146 917 1201 937 au-

348 963 465 998 gmenta
478 958 661 996 prunarum.
678 974 715 978 —
732 958 776 986 Est
791 957 866 986 utilis
881 957 914 985 ad
930 960 1121 994 auyrnentunz
1141 956 1202 993 ylo-

349 1007 413 1035 riae
421 1017 431 1040 ‚·
453 1005 666 1034 Proverbiorum
690 1005 789 1033 tertio:
815 1004 950 1033 Gloriam
969 1004 1113 1041 sapientes
1135 1012 1202 1041 pos-

349 1053 490 1082 sidebunt.
508 1069 544 1073 —
560 1053 603 1082 Sic
618 1052 703 1089 igitur
718 1052 899 1085 dehortatur,
915 1051 989 1088 quod
1011 1059 1065 1079 uon
1088 1054 1129 1079 est
1143 1054 1201 1079 stu—

349 1101 470 1130 dendum
492 1101 519 1129 in
542 1100 675 1137 sapientia
695 1102 810 1136 propter
831 1106 963 1136 praesens
984 1098 1159 1127 commodum
1175 1100 1202 1127 et

349 1148 550 1181 curiositatem,
572 1147 620 1176 sed
642 1150 756 1184 propter
777 1149 918 1175 aeternam
939 1146 1069 1179 salutem;
1092 1148 1119 1174 et
1140 1145 1201 1174 ideo

349 1204 377 1225 se
397 1195 488 1232 ipsum
509 1194 703 1232 reprehendit,
725 1194 791 1231 quia
812 1194 869 1230 ipse
892 1193 1066 1222 laboraverat
1087 1196 1201 1230 propter

349 1243 537 1272 curiositatem
559 1245 586 1271 et
607 1241 776 1270 mundanam
798 1241 955 1270 vanitatem.

428 1289 467 1317 ΙΙΙ.
490 1288 641 1326 Quaeritur
661 1288 695 1317 de
717 1288 770 1317 hoc
791 1288 865 1325 quod
886 1288 967 1316 dicit:
990 1287 1056 1316 Non
1075 1287 1130 1316 erit
1145 1296 1200 1315 ›ne-

349 1336 447 1365 moria
467 1335 609 1373 sapientis
631 1338 663 1363 ut
683 1335 773 1364 stulti.

427 1384 556 1412 CONTnAz
583 1384 605 1411 1.
636 1382 850 1411 Proverbiorum
878 1382 984 1411 decimo
1000 1382 1029 1409 2:
1059 1382 1200 1410 Menmrz‘a

349 1431 422 1460 iusti
442 1439 508 1459 cuin
530 1429 685 1464 laudibus,
701 1433 726 1458 et
740 1438 844 1458 nomen
866 1429 1027 1466 impiorum
1046 1432 1199 1466 putrescet.

428 1479 454 1506 ἓ).
478 1478 559 1512 Item,
582 1477 762 1506 Ecclesiastici
786 1477 928 1514 trigesimo
942 1476 1052 1505 nono-³⁵:
1076 1475 1141 1504 Non
1157 1485 1201 1504 re-

349 1526 424 1554 cedet
444 1524 588 1553 memoria
610 1524 690 1558 eius,
711 1527 736 1552 et
759 1532 860 1552 nomen
881 1523 944 1552 eius
960 1524 1127 1562 requiretur
1148 1526 1199 1552 etc.

429 1572 603 1610 Respondeo:
625 1571 660 1600 ad
682 1572 734 1600 hoc
762 1571 859 1600 dicunt
887 1571 1017 1608 quidam,
1047 1571 1121 1608 quod
1143 1570 1201 1607 ipse

349 1620 472 1657 loquitur
495 1619 520 1647 in
543 1627 661 1656 persona
682 1618 816 1652 carnalis,
838 1618 912 1646 unde
933 1618 1033 1646 salsum
1055 1617 1121 1646 dicit
1135 1617 1201 1646 sim-

349 1666 472 1704 pliciter,
494 1666 542 1695 sed
563 1673 662 1694 verum
683 1665 837 1694 secundum
859 1665 1012 1694 carnalium
1034 1664 1202 1694 aestimatio-

349 1721 420 1742 nem.
444 1729 480 1733 —
503 1712 554 1741 Sed
575 1712 627 1741 hoc
649 1720 703 1740 non
725 1712 805 1748 plene
827 1712 923 1745 solvit,
945 1711 1011 1748 quia
1038 1711 1120 1740 debet
1142 1720 1201 1740 car-

350 1759 454 1788 nalium
476 1759 639 1796 positionem
653 1767 708 1787 non
723 1766 864 1792 asserere,
880 1758 927 1787 sed
942 1758 1034 1795 potius
1048 1758 1200 1787 infirmare.

430 1806 578 1843 Propterea
599 1805 762 1839 dicendum,
785 1805 859 1842 quod
874 1808 916 1834 est
931 1805 1006 1841 loqui
1021 1804 1054 1833 de
1068 1805 1203 1834 memoria

350 1853 492 1891 sapientis
507 1856 534 1881 et
548 1852 630 1881 stulti
650 1855 699 1881 aut
720 1856 856 1889 quantum
871 1852 905 1880 ad
922 1852 1030 1886 Deum,
1052 1855 1101 1881 aut
1114 1861 1203 1890 quan-
1217 1860 1219 1862 ·

350 1904 410 1929 tum
431 1900 465 1929 ad
486 1899 623 1928 homines.
647 1899 673 1928 Si
702 1899 850 1937 loquamur
878 1902 1015 1936 quantum
1036 1899 1071 1928 ad
1092 1900 1202 1934 Deum,

350 1948 484 1977 memoria
505 1947 602 1984 utique
623 1950 666 1976 est
697 1946 765 1975 boni
792 1946 950 1983 sapientiS,
972 1946 1020 1983 qui
1047 1946 1140 1975 studet
1160 1954 1203 1975 sa-

349 1995 467 2032 pientiae
488 1994 521 2023 ad
543 1994 660 2032 gloriam
688 1994 753 2028 Dei;
782 1993 829 2022 sed
851 1996 986 2031 quantum
1016 1993 1049 2021 ad
1075 1992 1204 2022 homines

350 2045 404 2070 tam
433 2042 570 2070 bonorum
599 2049 683 2078 quam
715 2041 853 2069 malorum
874 2040 974 2069 transit
998 2041 1145 2075 memoria,
1171 2043 1203 2069 ut

350 2088 377 2117 in
399 2089 540 2125 pluribus,
563 2088 629 2125 quia
657 2088 783 2117 homines
808 2095 897 2125 pauca
925 2087 1052 2116 recolunt
1070 2088 1089 2115 4.
1117 2104 1153 2108 —-
1176 2087 1202 2116 Si

350 2138 444 2164 autem
464 2135 498 2163 de
519 2135 596 2163 malo
616 2135 745 2172 sapiente
766 2138 793 2163 et
814 2143 897 2169 vano,
920 2143 974 2163 non
997 2137 1038 2163 est
1053 2135 1202 2169 memoria,

350 2190 401 2211 nec
422 2184 559 2219 quantum
581 2182 615 2210 ad
645 2182 737 2210 Deum
765 2190 816 2211 nec
843 2185 981 2219 quantum
1001 2181 1035 2210 ad
1057 2180 1202 2216 homines,

351 2230 435 2258 immo
455 2237 556 2258 nomen
582 2229 642 2258 eius
669 2229 769 2258 transit
797 2232 829 2258 ut
856 2237 957 2257 nomen
979 2229 1072 2264 stulti;
1095 2232 1122 2258 et
1143 2229 1203 2259 ideo

350 2276 467 2305 stultum
489 2279 530 2305 est
558 2278 672 2313 propter
693 2275 794 2304 famam
817 2275 935 2304 nominis
956 2275 984 2304 in
1005 2276 1139 2312 sapientia
1165 2276 1203 2305 la-

350 2323 458 2352 borare.
480 2323 657 2352 Ecclesiastes
678 2326 772 2351 autem
787 2322 912 2359 loquitur
926 2322 960 2351 de
973 2323 1102 2360 sapiente
1116 2331 1202 2358 vano,

351 2370 398 2407 qui
420 2370 533 2398 oculum
554 2370 638 2398 habet
659 2369 693 2398 ad
714 2372 841 2403 terrena,
863 2372 891 2398 et
911 2369 1036 2406 loquitur
1051 2369 1085 2398 de
1099 2378 1203 2399 memo-

351 2417 393 2445 ria
415 2416 564 2451 humana,
586 2425 640 2446 non
663 2417 773 2446 divina.

430 2464 471 2492 lV.
495 2464 560 2493 Item
583 2463 729 2501 quaeritur
749 2463 783 2492 de
805 2464 857 2492 hoc
878 2463 953 2501 quod
974 2463 1055 2493 dicit:
1082 2464 1204 2492 Taeduit

352 2520 395 2539 me
414 2511 491 2539 vitae
512 2519 591 2539 meae
611 2511 752 2539 videntem
773 2510 854 2539 mala
876 2510 1017 2539 universa
1037 2510 1091 2539 sub
1112 2510 1178 2539 sole.

430 2558 562 2586 CONTRA:
585 2557 698 2586 Genesis
724 2556 847 2594 prim0⁵:
880 2557 956 2585 Vidit
976 2557 1054 2585 Deus
1079 2560 1201 2591 cuncta,

352 2613 426 2642 quae
447 2603 573 2641 fecerat,
595 2608 621 2632 et
640 2607 727 2633 erant
747 2604 830 2633 valde
852 2603 945 2637 b0na;
973 2612 1039 2641 ergo
1060 2612 1115 2633 non
1137 2607 1203 2633 sunt

352 2651 439 2685 mala,
461 2651 546 2680 immo
567 2652 620 2680 hoc
641 2654 683 2680 est
704 2651 884 2680 haereticum.

1259 349 1321 374 tum
1341 349 1492 380 sanctum,
1514 349 1606 375 tamen
1628 354 1678 383 per
1697 347 1868 376 occasionem
1883 347 2044 376 mandatum
2059 347 2111 376 suit

1258 400 1314 421 non
1335 392 1502 422 habentibus
1522 393 1639 430 gratiam
1660 393 1835 422 mortiterum
1856 397 1884 423 et
1904 397 2050 431 operatum
2069 397 2111 423 est

1258 442 1393 473 mortem;
1415 439 1487 469 sicut
1508 443 1653 469 creaturae
1674 440 1754 469 iustis
1775 443 1803 469 et
1824 441 1913 470 Deum
1932 441 2111 479 diligentibus

1259 485 1337 515 valde
1358 488 1423 515 sunt
1444 486 1531 515 bonae
1560 489 1586 515 et
1611 490 1808 524 cooperantur
1829 487 1861 515 in
1887 487 1994 516 bonam
2022 490 2050 517 et
2076 487 2110 516 de

1259 541 1288 561 se
1309 536 1374 562 suut
1394 533 1497 567 bonae,
1520 537 1611 562 tamen
1626 533 1717 571 impiis
1731 533 1924 571 peccatoribus
1939 537 1966 562 et
1980 534 2111 571 insipien-

1260 580 1334 608 tibus
1354 580 1446 608 onmia
1467 583 1670 609 convertuntur
1696 580 1723 609 in
1752 581 1824 609 mala
1850 588 1900 617 per
1921 580 2109 615 occasionem;

1259 626 1332 655 unde
1354 627 1507 664 Sapientiae
1528 627 1634 656 decimo
1655 631 1769 665 quarto:
1793 628 1956 657 Creatarae
1972 628 2023 657 Dei
2042 623 2111 657 sunt

1260 673 1291 702 in
1313 674 1496 702 tentationem
1517 678 1542 703 et
1563 675 1595 703 in
1615 674 1815 711 muscipulam
1832 674 1957 712 pedibus
1972 675 2111 712 insipien-

1260 720 1352 753 tium;
1377 723 1404 749 et
1427 721 1606 749 Ecclesiastici
1629 721 1769 758 trigesimo
1795 729 1883 750 nono:
1910 721 1989 750 Haec
2010 721 2111 750 omnia

1260 767 1359 804 impiis
1380 771 1406 796 et
1423 768 1626 805 peccatoribus
1648 769 1679 796 in
1700 768 1781 797 mala
1802 772 2012 798 convertentur.

1260 869 1397 900 Specialiter
1413 870 1535 900 redarguit
1551 877 1615 894 suam
1631 870 1790 894 curiositatem
1807 870 1903 894 seeundo
1920 870 1992 907 quoad
2008 869 2111 894 studium

1330 909 1460 933 ordinatum
1478 909 1506 932 ud
1522 909 1670 940 opulentiam,
1688 909 1772 933 iterum
1788 909 1933 940 quadruplici
1949 909 2046 933 rationo.

1324 1004 1456 1032 ‚Rursus
1487 1003 1643 1032 detestatus
1671 1012 1738 1032 sum
1770 1007 1820 1032 etc.
1844 1003 1993 1041 Redarguit
2024 1011 2110 1040 supra

1259 1059 1337 1080 suam
1367 1051 1555 1079 curiositatem
1584 1050 1658 1079 circa
1682 1058 1767 1087 opera
1794 1051 1956 1087 sapientiae
1963 1061 1974 1084 ;
1995 1050 2040 1079 hic
2068 1058 2110 1080 se-

1259 1098 1350 1127 cundo
1372 1097 1515 1134 redarguit
1535 1105 1614 1126 suam
1639 1097 1828 1126 curiositatem
1856 1097 1931 1126 circa
1951 1105 2036 1134 opera
2057 1097 2110 1126 hu-

1259 1153 1356 1174 manae
1377 1144 1530 1173 industriae
1555 1144 1587 1173 ad
1610 1145 1789 1181 opulentiam
1810 1144 1952 1173 ordinatae
1979 1144 2037 1173 sive
2064 1153 2110 1173 ar-

1259 1192 1379 1221 tificialia
1399 1200 1485 1229 opera
1505 1192 1689 1221 mechanicae.
1713 1192 1744 1220 Et
1766 1192 1817 1221 lioc
1839 1191 1950 1229 quidem
1972 1191 2037 1220 facit
2058 1192 2111 1221 hoc

1257 1239 1362 1269 ordine.
1389 1239 1480 1268 Primo
1502 1247 1581 1268 suam
1609 1238 1798 1268 curiositatem
1828 1239 1969 1276 redarguit
1996 1241 2110 1276 propter

1259 1286 1349 1315 bonae
1369 1286 1561 1315 successionis
1583 1285 1835 1319 incertitudinein;
1850 1285 1980 1320 secundo,
1996 1287 2110 1323 propter

1259 1333 1438 1362 laboriosam
1449 1333 1673 1362 sollicitudinem
1681 1343 1690 1366 ;
1707 1333 1787 1361 tertio
1800 1333 1865 1361 huic
1877 1331 2010 1370 praefert
2021 1340 2110 1370 prae-

1257 1384 1363 1410 sentem
1384 1380 1577 1417 voluptatein;
1598 1383 1699 1417 quarto
1720 1380 1807 1417 ipsam
1829 1379 2042 1409 sollicitudinem
2062 1379 2110 1408 da-

1258 1431 1335 1457 mnat
1355 1436 1405 1465 per
1427 1427 1532 1456 iudicii
1552 1427 1648 1456 (licini
1668 1428 1851 1466 aequitatem.

1338 1475 1426 1511 (Vers.
1452 1475 1495 1503 18.
1521 1475 1564 1503 19.
1588 1476 1634 1503 ΞΟ,
1657 1474 1724 1510 21).
1748 1474 1844 1512 Arguit
1865 1474 1950 1512 igitur
1969 1474 2060 1511 primo
2081 1481 2110 1503 se

1259 1522 1400 1551 curiosum
1413 1522 1487 1550 circa
1503 1524 1612 1550 terrena
1626 1521 1795 1558 acquirenda
1810 1524 1923 1558 propter
1940 1521 2030 1550 bonae
2041 1529 2110 1559 pro—

1258 1569 1295 1598 lis
1313 1561 1564 1603 incertitudinem,
1581 1568 1646 1605 quia
1667 1568 1725 1605 ipse
1746 1577 1802 1597 non
1816 1571 1925 1605 poterat
1939 1568 1986 1597 illa
2000 1576 2110 1606 semper

1259 1616 1399 1653 possidere
1421 1620 1447 1644 et
1479 1615 1591 1644 timebat
1624 1615 1750 1644 inutilem
1779 1623 1967 1645 successorem
1997 1615 2109 1644 babere.

1259 1663 1407 1700 Propterea
1427 1662 1507 1691 dicit:
1532 1663 1648 1691 Rursus
1669 1663 1825 1691 detestatus
1845 1671 1912 1691 sum
1933 1671 2046 1691 omnem
2067 1662 2112 1690 in-

1259 1710 1408 1738 dustriam
1430 1718 1542 1744 ineam,
1564 1710 1592 1738 id
1613 1712 1654 1738 est
1682 1710 1820 1738 curiosam
1842 1709 2029 1747 diligentiam,
2051 1718 2111 1748 qua

1259 1757 1313 1785 sub
1340 1757 1398 1785 sole
1425 1757 1637 1785 studiosissime
1666 1756 1821 1791 laboravi,
1849 1757 1883 1785 ad
1912 1757 1980 1786 haec
2008 1756 2112 1786 scilicet

1260 1804 1332 1833 bona
1352 1804 1490 1841 augenda;
1520 1804 1650 1833 Ieremiae
1678 1804 1797 1833 sexto':
1825 1816 1837 1829 «
1853 1805 1869 1832 Α
1900 1804 1999 1833 minori
2015 1810 2112 1841 ⁴usque

1260 1851 1294 1880 ad
1315 1852 1447 1880 maiorem
1469 1858 1565 1879 omnes
1586 1850 1718 1880 avaritiae
1744 1850 1899 1891 student».
1921 1868 1961 1872 —
1982 1851 2013 1880 Et
2041 1852 2112 1880 ratio

1260 1898 1449 1928 detestationis
1470 1898 1604 1927 infertur:
1629 1897 1795 1926 Habitarus
1816 1897 1947 1927 liet-edent
1964 1901 2030 1936 post
2050 1907 2111 1933 ine,

1261 1954 1346 1984 quern
1367 1945 1488 1983 iynoro,
1510 1948 1613 1974 utrum
1634 1945 1769 1982 sapiens,
1791 1954 1832 1973 an
1852 1945 1960 1974 stultus
1986 1944 2112 1983 futurus

1260 1993 1306 2021 sit.
1329 1992 1367 2021 Ad
1389 1992 1508 2021 litteram
1531 1993 1658 2021 Salomon
1689 1992 1787 2021 habuit
1813 1992 1943 2021 heredem
1976 1993 2111 2027 Roboam,

1261 2040 1377 2069 stultum
1401 2039 1504 2074 filium,
1527 2039 1574 2076 qui
1596 2042 1709 2069 secutus
1729 2039 1875 2068 consilium
1897 2039 2030 2068 iuvenum
2048 2039 2113 2068 fecit

1260 2087 1344 2116 dividi
1367 2095 1500 2124 regnum,
1523 2087 1596 2115 tertii
1618 2087 1723 2124 Regum
1744 2086 1907 2115 duodecimo
1918 2086 1937 2115 ⁸.
1966 2088 2001 2115 Et
2020 2086 2112 2115 domi-

1260 2134 1382 2163 nabitur
1404 2134 1435 2163 in
1457 2133 1607 2162 laboribus
1627 2134 1714 2168 ineis,
1729 2133 1836 2171 quibus
1850 2134 2008 2168 desudavi,
2024 2142 2112 2172 quan-

1261 2185 1321 2211 tum
1342 2182 1377 2210 ad
1397 2189 1515 2218 corpus;
1537 2185 1563 2209 et
1582 2181 1723 2209 sollicitus
1743 2179 1808 2218 fui,
1830 2184 1966 2218 quantum
1992 2181 2026 2210 ad
2053 2181 2112 2210 ani—

1260 2237 1343 2257 mam.
1359 2229 1398 2257 De
1412 2229 1464 2257 hoc
1478 2228 1600 2262 sudore,
1622 2228 1734 2257 Genesis
1749 2228 1843 2256 tertio:
1864 2240 1877 2253 «
1892 2229 1921 2257 ln
1935 2229 2037 2258 sudore
2052 2229 2113 2258 vul-

1261 2278 1307 2304 tus
1322 2275 1361 2303 tui
1378 2274 1498 2303 vesceris
1519 2282 1590 2311 pane
1606 2278 1654 2303 tuo
1669 2285 1696 2308 »;
1711 2274 1745 2303 de
1758 2274 1969 2309 sollieitudine,
1984 2275 2112 2304 Matthaei

1261 2324 1356 2350 sexto:
1391 2321 1505 2350 «Nolite
1537 2321 1644 2350 solliciti
1673 2329 1733 2350 esse
1760 2321 1867 2350 animae
1895 2325 2020 2356 vestrae,
2045 2322 2112 2359 quid

1260 2368 1449 2409 manducetis,
1471 2371 1519 2397 aut
1541 2368 1650 2405 corpori
1666 2371 1774 2402 vestro,
1789 2368 1855 2406 quid
1871 2369 2023 2398 induamini
2038 2379 2065 2397 ».
2082 2369 2113 2397 Et

1261 2415 1329 2444 illud
1350 2418 1392 2444 est
1412 2415 1490 2444 valde
1512 2423 1630 2450 vanum;
1651 2415 1724 2444 unde
1745 2415 1823 2444 dicit:
1847 2417 1881 2444 Et
1895 2419 1935 2444 est
1949 2416 2113 2454 quidquam

1261 2467 1322 2492 tam
1353 2462 1486 2491 vanum?
1518 2463 1632 2500 supple:
1654 2462 1726 2492 sicut
1758 2463 1885 2492 laborare
1916 2463 2031 2492 sollicite
2061 2470 2113 2499 pro

1261 2511 1346 2539 stulto
1367 2512 1394 2539 et
1415 2510 1511 2544 otioso,
1533 2510 1612 2547 quasi
1633 2509 1721 2538 dicat:
1737 2518 1800 2538 non.
1816 2526 1854 2530 —
1871 2510 1911 2538 Ex
1927 2509 2012 2538 liuius
2026 2509 2112 2546 igitur

1260 2557 1389 2586 vanitatis
1410 2557 1628 2585 consideratione
1650 2557 1766 2586 cessavit
1794 2565 1810 2585 a
1841 2557 2016 2591 curiositate,
2038 2556 2112 2585 unde

1260 2604 1338 2633 dicit:
1366 2604 1445 2633 Unde
1465 2604 1594 2638 cessavi,
1616 2604 1852 2642 renuntiavitque
1880 2613 1930 2633 cor
1951 2612 2048 2632 meum
2069 2603 2112 2632 la-

1261 2651 1366 2680 borare
1387 2650 1441 2679 sub
1462 2650 1534 2685 sole,
1556 2650 1583 2679 id
1604 2653 1646 2679 est
1659 2659 1711 2688 pro
1726 2651 1804 2680 bonis
1819 2651 2026 2688 temporalibus.
2049 2651 2112 2680 Ces-

417 2778 424 2791 ¹
444 2780 509 2802 Vers.
527 2780 565 2802 24.
581 2792 612 2796 —
630 2782 761 2809 Sequuntur
774 2781 839 2803 Ereti.
852 2781 877 2809 3,
890 2782 932 2807 32;
947 2782 1012 2803 Prov.
1026 2781 1050 2809 4,
1062 2782 1084 2803 9.
1095 2784 1117 2804 et
1130 2783 1154 2810 3,
1167 2782 1204 2804 35.

415 2817 425 2830 ²
444 2819 508 2841 Vers.
525 2818 548 2840 7.
1056 2819 1066 2832 ³
1084 2821 1149 2843 Vers.
1167 2821 1205 2843 13.

416 2856 425 2869 ¹³
443 2857 489 2880 Csr.
505 2864 574 2885 supra
592 2861 682 2887 quaest.
700 2858 735 2880 lV.
753 2859 782 2881 de
799 2865 820 2881 c.
839 2859 858 2887 1,
877 2859 914 2881 11.
1055 2858 1064 2871 ⁵
1081 2860 1149 2882 Vers.
1167 2860 1203 2882 31.

416 2895 425 2909 ⁶
444 2897 509 2919 Vers.
530 2897 568 2925 ¹23
587 2896 642 2919 ibid.
659 2904 682 2919 v.
700 2898 741 2919 ll:
759 2898 815 2920 Nam
832 2901 965 2927 peccatum,
978 2899 1098 2921 occasione
1109 2902 1204 2927 accepta

354 2943 395 2965 per
413 2936 560 2962 mandatum,
578 2936 668 2958 seduxit
684 2943 721 2959 me
738 2939 761 2959 et
777 2943 819 2965 per
836 2937 892 2960 illud
908 2938 1004 2965 occidit;
1022 2941 1045 2960 et
1061 2939 1087 2967 8,
1104 2939 1146 2960 28:
1159 2938 1204 2961 Sci-

355 2982 406 2998 mus
423 2979 514 3003 autem,
532 2976 642 3005 quoniam
660 2975 809 3004 diligentibus
832 2977 904 3000 Deum
918 2977 996 2999 omnia
1009 2981 1163 3006 cooperantur
1181 2978 1203 3000 in

1261 2781 1357 2804 honum.
1373 2793 1405 2798 -
1426 2782 1520 2804 hiterius
1541 2782 1669 2809 allegantur
1686 2782 1738 2809 Sap.
1757 2781 1799 2810 14,
1818 2782 1859 2804 11;
1881 2781 2004 2804 Crcaturae
2026 2780 2066 2802 Dei
2089 2780 2112 2802 in

1261 2821 1341 2843 odium
1354 2822 1426 2844 sactae
1438 2824 1490 2843 suut
1501 2823 1524 2843 et
1536 2821 1558 2842 in
1571 2820 1719 2843 tentationem
1731 2820 1855 2843 animabus
1867 2820 1986 2843 homiuum
1999 2820 2052 2842 etin
2061 2822 2112 2847 etc.‚

1261 2863 1284 2883 et
1300 2860 1367 2883 Eccli.
1386 2861 1428 2889 39,
1446 2861 1487 2882 32:
1505 2861 1566 2882 Haec
1583 2860 1660 2882 omnia
1678 2860 1762 2883 sanctis
1779 2860 1801 2882 in
1815 2860 1888 2888 bona,
1900 2860 1933 2882 sic
1944 2862 1966 2882 et
1979 2859 2055 2887 impiis
2066 2861 2110 2881 etc.

1324 2897 1333 2911 ⁷
1352 2899 1418 2922 Vers.
1436 2900 1474 2921 13.

1324 2936 1333 2949 ⁸
1350 2938 1416 2961 Vers.
1434 2939 1455 2960 ὃ.
1472 2944 1538 2967 seqq.
1555 2950 1586 2955 —
1602 2938 1697 2961 Inferius
1713 2938 1840 2966 allegantur
1855 2939 1913 2961 Gen.
1925 2938 1950 2966 3,
1964 2938 2001 2960 19.
2014 2937 2112 2964 Vulgata

1260 2978 1344 3000 omittit
1361 2979 1416 3005 tnop
1434 2978 1509 3000 tttatth.
1528 2978 1555 3004 6,
1573 2977 1615 3004 25,
1634 2977 1673 3000 ubi
1690 2978 1789 3005 Vulgata
1806 2983 1880 3007 neque
1898 2978 1939 3005 pro'
1957 2978 2006 3000 aut.

2128 447 2243 467 Notandum.

2127 1009 2206 1029 Divisio.

2128 1245 2212 1264 Membra
2225 1245 2243 1263 b.
2274 1262 2275 1267 ,
2285 1227 2287 1237 Ι

2132 1481 2159 1500 De
2172 1480 2230 1504 primu

2138 1505 2228 1523 membro.

2267 455 2273 522 l

2267 523 2271 574 i

2267 613 2274 670 l
