2296 3316
22 3190 28 3197 Σ
8 2955 26 3179 fssva-ksssy—J...
19 2928 21 2934 „

48 1124 144 1146 Quartum.

50 1586 144 1610 Quaestio.

89 1679 145 1704 Resp.

746 153 914 181 COMMENT.
938 153 969 181 ΙΝ
990 153 1179 182 ΞΑΡΙΕΝΤΙΑΜ
1201 154 1228 182 C.
1251 155 1315 183 xlv.

160 236 315 262 creaturae
337 232 404 265 Dei,
426 231 452 260 id
473 234 515 260 est
534 240 551 260 a
572 231 627 260 Deo
644 231 745 264 factae,
767 230 839 258 sicut
859 238 959 258 aurum
976 233 1002 258 et

161 282 321 316 argentum;
342 278 415 306 unde
439 278 508 306 Osee
529 277 650 306 secundo
662 278 684 305 ¹:
715 288 728 301 «
743 277 892 313 Argentum
910 279 938 304 et
954 284 1003 304 au-

162 334 224 355 rum
245 325 423 362 multiplicavi
444 325 483 353 eis
498 336 511 349 »
537 327 604 357 etc.;
626 323 723 361 factae
742 327 811 351 sunt
832 323 863 351 in
885 323 1001 357 odium,

161 372 264 401 scilicet
284 370 456 404 irascibilis,
471 373 502 399 ut
517 371 603 399 Deum
626 370 729 399 scilicet
748 369 840 397 odiant
861 369 1002 403 homines,

161 418 232 447 sicut
259 418 417 450 daemones,
443 417 477 445 de
507 417 609 453 quibus
640 416 667 444 in
693 415 814 444 Psalmo:
840 414 1004 451 «Superbia

160 473 257 494 eorum
279 464 327 501 qui
350 467 375 492 te
390 464 521 497 oderunt,
542 463 664 492 ascendit
684 470 793 499 semper
805 474 831 490 n.
848 463 883 490 Et
903 462 934 490 in
949 465 1004 489 ten-

162 511 298 540 tationem
312 511 430 539 animae
442 511 452 527 ²
474 509 622 538 ltominum
634 532 642 543 ,
657 509 684 537 id
699 512 741 537 est
755 508 1002 546 concupiscibilis,

161 561 192 586 ut
210 557 313 586 scilicet
333 557 483 586 subderent
503 564 532 585 se
550 556 675 584 homines
690 556 913 592 quibuscumque
927 558 1004 596 pote:

160 604 277 632 statibus
292 603 377 632 libere
391 602 543 631 secundum
560 603 728 630 voluntatem
743 602 786 630 vel
800 601 1002 638 suggestionem

160 651 276 679 deorum
290 658 415 679 suorum.
432 650 467 678 Et
480 650 511 678 in
524 648 720 686 muscipulam
731 671 739 682 ,
762 648 788 677 id
806 652 847 677 est
867 648 1003 684 deceptio-

161 705 222 726 nem
237 696 409 730 rationalis,
431 699 458 724 et
479 696 581 724 dicitur
596 695 750 732 muscipula
771 695 1003 728 instrumentum,

161 751 216 780 quo
237 750 332 771 mures
360 742 523 779 capiuntur:
542 741 681 779 pedibus,
703 741 806 770 scilicet
826 740 1004 769 interioribus

162 790 188 819 id
215 792 256 818 est
283 789 406 822 animae,
428 797 481 817 non
503 788 703 821 exterioribus,
732 787 835 816 scilicet
861 787 1002 824 corporis;

161 836 374 873 insipienti-um,
397 834 422 863 id
437 838 479 863 est
499 834 663 868 infidelium;
686 834 731 862 lob
745 834 850 862 decimo
871 833 1002 862 oetavoss:

165 894 179 907 «
193 882 355 911 Abscondita
382 884 423 910 est
444 882 472 910 in
499 884 574 910 terra
595 881 690 918 pedica
710 881 770 909 eius
784 891 818 915 »;
846 880 911 909 item
934 880 1004 909 lere-

163 929 232 958 miae
253 929 366 966 quinto:
386 928 513 957 «Inventi
529 931 594 957 sunt
615 928 643 956 in
663 928 765 964 populo
779 935 840 956 meo
861 927 912 955 viri
928 927 1003 963 impii

162 976 418 1013 insidiantesrquasi
440 983 574 1012 aucupes,
596 975 709 1011 laqueos
730 977 861 1011 ponentes
881 977 909 1002 et
930 974 1004 1010 pedi-

161 1031 206 1051 cas
227 1022 260 1051 ad
281 1022 427 1059 capiendos
447 1022 521 1050 viros
537 1034 562 1049 ».

239 1070 328 1105 (Vers.
354 1069 418 1104 12).
442 1068 565 1097 Initium
578 1068 654 1096 enim
676 1070 727 1095 etc.
744 1067 814 1095 Bene
835 1067 909 1101 dixi,
930 1067 1004 1103 quod

161 1119 315 1145 creaturae
331 1115 382 1143 Dei
395 1118 459 1149 etc.;
482 1114 599 1143 initium
613 1114 690 1142 enim
709 1112 930 1149 fornicationis,
952 1113 1004 1142 sci-

162 1163 224 1191 licet
244 1162 410 1199 spiritualis.
431 1170 502 1198 quae
523 1164 564 1190 est
582 1160 733 1189 recedendo
754 1169 769 1189 a
791 1161 859 1194 Deo,
881 1164 920 1188 est
935 1164 1002 1195 etc.;

163 1209 235 1238 unde
260 1209 392 1237 Glossa⁴²:
419 1220 432 1233 «
448 1208 598 1237 Pessimum
625 1215 713 1244 genus
733 1207 920 1235 fornicationis
946 1210 1003 1241 est,

162 1264 218 1293 quo
238 1256 330 1283 anima
351 1254 453 1283 recedit
473 1263 489 1282 a
510 1254 566 1282 Deo
587 1257 614 1282 et
628 1254 781 1282 fornicatur
799 1261 862 1282 cum
884 1253 962 1281 idolis
977 1264 1003 1287 »;

164 1302 234 1331 unde
256 1301 384 1330 Ieremiae
412 1301 508 1330 tertio:
535 1313 548 1326 «
563 1301 702 1329 Moechata
723 1303 764 1329 est
788 1308 852 1329 cum
881 1300 953 1337 ligno
977 1303 1004 1329 et

164 1348 251 1386 lapide
262 1360 288 1376 ».
304 1348 383 1376 Tales
404 1347 560 1384 perduntur
575 1347 631 1376 sive
646 1347 830 1376 destruuntur
848 1355 864 1375 a
878 1347 947 1381 Deo,
962 1355 1004 1375 se-

163 1395 284 1424 cundum
306 1394 373 1423 illud
394 1394 508 1423 Psalmi:
535 1405 548 1418 «
563 1393 705 1422 Perdidisti
720 1401 830 1427 omnes,
850 1393 897 1430 qui
919 1393 1004 1422 forni-

162 1444 261 1470 cantur
282 1441 331 1469 abs
352 1444 416 1469 te».
438 1440 559 1469 Initium
574 1440 663 1474 enim,
686 1440 812 1477 inquam,
833 1439 1004 1477 fornicatio-

161 1489 222 1523 nis,
244 1488 413 1525 praedictae,
435 1491 474 1516 est
495 1487 648 1525 eaequisitio
669 1487 822 1515 idolorum.

239 1536 293 1564 Suu
321 1543 446 1563 comus:
478 1534 656 1563 Ecclesiastici
689 1533 832 1562 decimo⁵:
859 1545 872 1558 ι(
895 1534 1002 1562 Initium

162 1581 251 1610 omnis
272 1581 374 1618 peccati
396 1581 527 1618 superbia
540 1593 567 1608 ».

241 1628 413 1665 Respondeo:
440 1628 497 1655 Non
526 1627 648 1664 loquitur
677 1627 721 1655 hic
748 1626 781 1655 de
808 1626 1003 1659 fornicatione,

163 1683 233 1713 quae
248 1678 289 1704 est
309 1683 359 1711 per
373 1682 578 1711 quemcumque
599 1681 739 1702 recessum
753 1681 768 1700 a
788 1673 857 1706 Deo,
879 1672 950 1700 sicut
964 1675 1005 1700 est

162 1722 190 1751 in
211 1722 335 1759 quolibet
355 1724 466 1757 peccato
488 1720 609 1753 mortali,
631 1719 678 1748 sed
699 1719 732 1747 de
757 1719 802 1747 ilia
827 1727 882 1755 qua
903 1718 1005 1747 recedit

163 1777 179 1797 a
200 1769 256 1797 Deo
277 1768 398 1804 perfecto
419 1775 545 1800 recessu,
568 1766 670 1795 scilicet
691 1773 780 1802 usque
794 1765 827 1793 ad
849 1765 1005 1794 subversio-

165 1823 227 1844 nem
248 1814 327 1848 fidei,
349 1821 420 1850 quae
448 1816 489 1842 est
509 1813 718 1841 fundamentum
744 1813 828 1841 totius
855 1812 1005 1849 spiritualis

164 1861 295 1894 aedificii;
316 1861 350 1889 ad
375 1860 510 1889 Hebraeos
530 1859 676 1888 undecimo
691 1859 718 1887 ⁶:
744 1870 757 1884 «
772 1859 849 1887 Fides
876 1862 918 1887 est
945 1867 1006 1895 spe-

164 1896 314 1936 randarum
337 1906 491 1935 substantia
512 1914 605 1934 rerum
621 1917 634 1930 »
661 1909 726 1939 etc.;
747 1905 812 1934 item
839 1905 945 1942 primae
972 1905 1005 1933 ad

163 1953 318 1982 Corinthios
339 1952 434 1981 tertio:
462 1964 475 1977 «
489 1952 706 1981 Fundamentum
727 1951 801 1980 aliud
823 1960 903 1980 nemo
917 1954 1006 1988 potest

163 2008 265 2038 ponere
280 2012 293 2025 »
319 2002 368 2028 etc.

245 2048 279 2075 Et
299 2046 464 2075 adinventio
485 2046 604 2074 illorum
618 2046 767 2082 corruptio
789 2046 865 2074 vitae
878 2049 932 2079 est,
954 2046 1005 2074 sci-

165 2094 228 2123 licet
248 2093 338 2130 quoad
363 2101 469 2127 mores;
490 2093 522 2121 ad
549 2093 683 2121 Romanos
710 2092 837 2129 prim0⁷:
863 2104 876 2117 «ι
892 2093 1006 2129 Propter

165 2141 239 2178 quod
260 2140 372 2169 tradidit
393 2140 453 2169 illos
481 2140 554 2169 Deus
575 2140 601 2168 in
623 2139 758 2168 desideria
778 2139 868 2168 cordis
891 2140 949 2174 sui,
978 2139 1005 2168 in

166 2187 367 2216 immunditiam
380 2197 406 2221 »3
428 2187 454 2215 in
470 2187 587 2215 Psalmo:
608 2198 621 2211 «
632 2186 671 2214 Da
686 2186 739 2215 illis
756 2186 908 2215 secundum
923 2195 1007 2223 opera

165 2241 262 2262 eorum
283 2236 310 2262 et
330 2233 482 2262 secundum
508 2233 659 2270 nequitiam
685 2232 909 2261 adinventionum
934 2233 1006 2270 ipso-

164 2288 228 2309 rum
244 2291 270 2307 ».

1845 156 1897 184 199

1133 231 1209 254 Tertio
1226 231 1356 256 detestatur
1373 232 1433 256 1110111,
1449 233 1539 263 propter
1556 233 1682 257 novitatem
1700 234 1723 257 et
1739 234 1825 257 modum

1403 272 1551 296 inventionis.

1138 372 1224 400 Non⁸
1245 373 1320 401 enim
1337 377 1429 401 erant.
1452 374 1497 402 llic
1519 374 1640 410 tangitur
1661 375 1741 403 tertia
1762 375 1832 403 ratio
1852 374 1898 403 de-

1060 419 1210 447 testationis
1232 419 1342 448 illorum
1367 420 1515 453 idolorum,
1537 421 1638 449 scilicet
1666 429 1702 450 ex
1722 422 1847 450 novitate
1874 425 1899 450 et

1061 466 1145 493 modo
1159 474 1230 494 suae
1244 466 1465 495 adinventionis.
1489 467 1573 495 Huius
1587 467 1785 496 adinventionis
1799 471 1826 496 et
1840 468 1898 496 cul-

1061 514 1141 540 turae
1162 512 1248 548 tangit
1269 513 1363 548 plures
1384 521 1492 542 causas:
1515 514 1616 550 primo,
1632 513 1781 542 hominum
1802 515 1898 542 eurio-

1060 566 1125 586 sam
1140 558 1325 592 otiositatem;
1341 559 1473 594 secundo,
1485 564 1642 597 parentum
1657 561 1697 588 acl
1710 560 1785 597 filios
1799 560 1899 598 defun-

1060 607 1118 632 etos
1140 604 1330 642 affectionem:
1350 606 1459 634 Aeerbo
1480 606 1571 639 erum,-
1586 607 1681 640 tertio,
1703 610 1897 644 tyrannorum

1061 650 1205 678 timorem:
1229 651 1334 679 Deinde
1354 655 1421 685 etc.;
1443 655 1555 688 quarto,
1578 653 1748 689 principum
1769 662 1899 681 reveren-

1061 697 1132 725 tiam
1147 700 1172 725 et
1193 696 1345 726 honorem:
1368 698 1426 726 Hos
1447 707 1538 736 quos,-
1559 699 1671 735 quinto,
1692 699 1839 735 artificum
1856 700 1898 728 di-

1061 743 1211 780 ligentiam
1232 747 1257 772 et
1283 744 1521 773 sollicitudinem:
1550 746 1687 774 Provexit
1714 750 1809 774 autem
1830 750 1898 780 etc.;

1061 792 1141 818 sexto
1162 790 1238 826 ponit
1262 799 1425 819 causarum
1447 791 1660 828 principalium
1685 793 1899 830 recapitulatio-

1060 844 1138 863 nem:
1162 837 1197 864 Et
1216 835 1285 864 llaec
1305 835 1365 873 fuit
1385 837 1468 865 vitae.

1139 883 1227 918 (Vers.
1253 883 1316 918 13.).
1340 884 1409 912 Bene
1430 884 1501 912 dixi:
1524 885 1686 922 Exquisitio
1706 885 1851 914 idolorum
1875 889 1900 914 et

1061 929 1225 957 adinventio
1247 933 1313 963 etc.;
1336 939 1393 958 non
1413 930 1489 958 enim
1511 935 1594 959 erant
1609 940 1628 959 a
1645 932 1806 969 principio,
1828 932 1899 960 scili-

1061 978 1103 1004 cet
1124 976 1208 1010 idola,
1231 976 1304 1012 quod
1326 979 1411 1013 patet,
1434 977 1499 1013 quia
1513 985 1566 1005 non
1588 981 1652 1006 sunt
1671 978 1806 1012 Creator;
1826 979 1899 1007 unde

1061 1023 1190 1051 Ieremiae
1210 1023 1350 1051 decimos’:
1378 1024 1459 1057 «Dii,
1481 1024 1527 1061 qui
1554 1025 1659 1053 caelum
1678 1028 1707 1053 et
1728 1028 1830 1053 terram
1845 1033 1899 1053 non

1061 1069 1201 1103 fecerunt,
1227 1073 1340 1106 pereant
1361 1070 1394 1098 de
1418 1073 1493 1098 terra
1514 1082 1544 1104 »;
1566 1079 1616 1099 nec
1640 1071 1721 1099 etiam
1743 1075 1898 1105 creatura,

1061 1116 1125 1153 quia
1146 1116 1235 1144 omnis
1255 1119 1383 1145 creatura
1397 1125 1413 1144 a
1433 1117 1489 1145 Deo
1510 1120 1563 1151 est,
1578 1117 1625 1145 sed
1646 1117 1717 1145 idola
1731 1125 1784 1145 non
1806 1121 1870 1146 sunt
1884 1126 1900 1145 a

1060 1163 1129 1197 Deo,
1151 1163 1197 1191 sed
1219 1166 1283 1191 sunt
1305 1163 1448 1199 hominum
1471 1164 1556 1197 fictio;
1579 1167 1692 1201 propter
1706 1164 1779 1200 quod
1800 1164 1900 1192 dicitur

1061 1209 1165 1245 primae
1187 1209 1219 1237 ad
1240 1209 1395 1238 Corinthios
1416 1213 1523 1238 octavo:
1550 1222 1563 1235 «
1584 1210 1687 1239 idolum
1708 1210 1776 1238 nihil
1804 1213 1845 1238 est
1873 1210 1898 1238 in

1061 1255 1209 1289 mundo»,
1231 1255 1333 1284 scilicet
1357 1259 1492 1292 quantum
1520 1256 1553 1284 ad
1578 1265 1636 1284 esse
1660 1256 1798 1290 divinum,
1827 1256 1900 1293 quod

1061 1302 1098 1330 illi
1121 1302 1243 1330 creditur
1265 1310 1324 1330 esse
1341 1302 1375 1330 ah
1397 1302 1554 1331 idololatris.
1570 1303 1665 1341 Neque
1686 1307 1772 1331 erunt
1792 1304 1823 1331 in
1833 1312 1900 1340 per-

1058 1353 1196 1386 petuum,
1218 1349 1301 1377 immo
1321 1349 1510 1383 destruentur,
1532 1350 1672 1378 conversis
1692 1350 1850 1378 hominibus
1867 1349 1901 1378 ad

1061 1395 1166 1423 cultum
1198 1395 1282 1423 unius
1303 1395 1366 1429 Dei;
1396 1396 1478 1424 Isaiae
1498 1396 1604 1424 decimo
1625 1404 1697 1424 nono
1712 1396 1750 1424 ¹⁰:
1777 1408 1789 1421 «
1805 1397 1901 1424 Ascen-

1060 1442 1106 1470 det
1141 1442 1274 1470 Dominus
1305 1450 1388 1478 super
1419 1443 1520 1470 nubem
1552 1443 1639 1471 levem
1671 1446 1698 1471 et
1732 1443 1900 1479 ingredietur

1061 1489 1227 1525 Aegyptum,
1254 1491 1281 1517 et
1308 1489 1557 1517 commovebuntur
1578 1489 1727 1517 simulacra
1750 1490 1861 1526 Aegypti
1886 1498 1901 1518 a

1061 1535 1128 1563 facie
1148 1535 1208 1563 eius
1224 1547 1248 1562 ».

1140 1581 1227 1617 (Vers.
1254 1582 1318 1616 tlt).
1340 1581 1570 1618 Supervacuitas
1587 1582 1679 1616 enim,
1702 1582 1727 1610 id
1749 1585 1790 1611 est
1810 1583 1901 1611 otiosi-

1062 1630 1116 1660 tas,
1131 1626 1281 1655 lzominunt
1297 1627 1366 1656 ltaec
1380 1629 1400 1644 ¹¹
1417 1628 1566 1656 adinvenit
1579 1632 1643 1662 etc.;
1659 1629 1837 1657 Ecclesiastici
1854 1629 1901 1657 tri-

1061 1674 1165 1709 gesimo
1188 1674 1282 1702 tertio:
1310 1686 1322 1699 «
1338 1675 1449 1702 Multam
1471 1675 1600 1703 malitiam
1622 1675 1716 1704 docuit
1735 1676 1856 1704 otiositas
1874 1687 1900 1710 »‚

1062 1720 1164 1749 scilicet
1189 1721 1302 1754 otiosos,
1331 1721 1377 1757 qui
1406 1721 1532 1750 laborare
1552 1722 1680 1750 nolebant
1707 1722 1739 1750 ad
1767 1730 1901 1759 quaeren-

1061 1767 1128 1795 dum
1158 1774 1244 1795 unum
1273 1775 1371 1795 verum
1400 1767 1486 1796 Deum
1515 1770 1542 1796 et
1575 1768 1655 1804 digne
1682 1768 1844 1803 colendum;
1870 1769 1901 1797 in

1062 1812 1159 1840 orbem
1180 1816 1350 1853 terrarum,
1372 1813 1399 1841 in
1427 1813 1502 1842 caelo
1526 1814 1598 1842 enim
1620 1814 1713 1842 nullus
1740 1822 1819 1842 error
1841 1814 1901 1843 talis

1062 1867 1184 1895 unquam
1207 1859 1265 1887 suit.
1288 1860 1323 1887 Et
1343 1860 1419 1891 ideo,
1441 1860 1543 1889 scilicet
1557 1861 1622 1897 quia
1642 1869 1696 1889 non
1717 1869 1825 1898 semper
1843 1861 1901 1890 fue-

1062 1909 1140 1939 runt,
1159 1905 1252 1933 brevis
1271 1906 1388 1939 illorum
1405 1906 1474 1943 sinis
1492 1907 1624 1935 inventus
1641 1911 1694 1941 est,
1709 1908 1811 1936 scilicet
1828 1908 1900 1944 apud

1061 1953 1205 1989 sapientes.
1227 1953 1286 1981 Cito
1306 1953 1378 1981 enim
1400 1953 1500 1982 deserti
1525 1957 1590 1981 sunt
1610 1962 1626 1982 a
1646 1954 1709 1982 filiis
1730 1954 1811 1983 Israel
1832 1958 1901 1983 tem-

1062 2007 1128 2037 pore
1155 2000 1238 2036 Moysi
1262 2002 1289 2028 et
1309 2008 1325 2027 a
1349 2000 1450 2036 populo
1474 2000 1623 2028 christiano
1650 2003 1774 2037 tempore
1801 2000 1901 2029 Christi

1062 2047 1105 2075 vel
1130 2054 1216 2075 novae
1241 2046 1325 2083 legis;
1352 2047 1480 2075 Ieremiae
1500 2046 1605 2075 decimo
1621 2047 1659 2075 l2:
1679 2059 1692 2072 «
1706 2047 1841 2076 Confusus
1861 2052 1900 2077 est

1061 2094 1149 2122 omnis
1170 2093 1270 2122 artifex
1296 2093 1322 2121 in
1345 2093 1479 2130 sculptili;
1502 2102 1571 2121 vana
1597 2097 1662 2122 sunt
1682 2102 1766 2130 opera
1792 2098 1819 2123 et
1844 2095 1902 2123 risu

1061 2139 1158 2176 digna,
1180 2139 1206 2167 in
1222 2141 1345 2175 tempore
1366 2139 1528 2168 visitationis
1548 2148 1614 2168 suae
1635 2140 1803 2176 peribunt».

1143 2186 1231 2222 (Vers.
1256 2187 1321 2221 15.).
1345 2186 1454 2214 Acerbo
1479 2187 1659 2215 enim.luctu
1687 2187 1783 2215 dolens
1806 2191 1902 2224 pater,

1063 2232 1166 2260 scilicet
1186 2232 1219 2261 de
1241 2235 1330 2261 morte
1355 2232 1419 2266 11111,
1441 2233 1512 2261 sicut
1537 2233 1622 2262 David
1646 2233 1734 2262 doluit
1754 2233 1787 2262 de
1815 2237 1902 2264 morte

1063 2278 1203 2312 Absalom‚
1226 2279 1337 2307 secundi
1369 2279 1471 2316 Regum
1504 2279 1609 2308 decimo
1629 2283 1725 2308 octavo
1737 2280 1768 2314 ¹³,
1799 2280 1842 2309 vel
1869 2280 1902 2309 de

228 2551 236 2573 .¹
256 2553 320 2576 Vers.
338 2554 366 2575 8:
384 2554 409 2575 Et
431 2556 553 2582 argentum
579 2555 727 2582 multiplicavi
750 2555 770 2576 ei
792 2558 813 2577 et
835 2561 929 2581 aurum,
947 2561 1007 2583 quae

167 2593 269 2614 recerunt
285 2592 345 2614 Baal.
362 2604 393 2608 —
410 2592 517 2621 Sequitur
534 2593 570 2615 Ps.
588 2593 631 2620 73,
648 2594 686 2615 23.

228 2628 238 2641 ²
255 2630 284 2652 lta
302 2630 370 2652 etiam
388 2631 450 2653 card.
475 2631 543 2658 nugo
568 2634 590 2653 et
614 2632 729 2659 Lyranus,
746 2630 844 2660 Vulgata
868 2630 1005 2658 animabus,

166 2668 274 2691 Rabanus
290 2668 385 2692 animis.
671 2674 673 2676 ’

229 2705 238 2718 ⁸
255 2708 321 2730 Vers.
344 2708 380 2730 10.
397 2720 429 2724 -
449 2709 502 2737 Seq.
523 2709 587 2731 locus
610 2711 644 2731 est
668 2709 709 2731 ler.
731 2709 758 2736 5,
781 2709 824 2736 26,
846 2708 884 2731 ubi
909 2709 1006 2736 Vulgata

164 2746 250 2768 >omittit
265 2746 318 2769 viri.
335 2746 380 2769 Csr.
397 2753 467 2774 supra
484 2753 537 2775 pag.
556 2748 613 2775 166,
631 2750 684 2770 11013
700 2747 724 2770 7.

229 2784 238 2797 ⁴
256 2786 343 2813 Nempe
359 2785 483 2808 ordimria
500 2792 526 2808 ex
544 2786 646 2809 Rabano.
663 2799 693 2803 —
711 2787 843 2816 Sequuntur
857 2788 897 2809 ler.
915 2787 939 2815 3,
953 2787 974 2809 9.
985 2789 1007 2809 et

167 2824 203 2846 Ps.
219 2824 261 2852 72,
279 2824 316 2846 27.

229 2862 239 2874 ⁵
256 2863 322 2885 Vers.
341 2863 376 2885 15.

229 2900 239 2913 ⁰
256 2902 321 2924 Vers.
339 2903 360 2924 1.
376 2915 406 2919 -
424 2903 477 2932 Seq.
492 2903 555 2925 locus
572 2906 606 2925 est
622 2904 637 2926 1.
654 2903 706 2926 Cor.
722 2904 748 2931 3,
768 2904 804 2926 11.

229 2938 237 2952 ⁷
256 2941 322 2963 Vers.
338 2941 377 2964 24.
393 2954 422 2957 —
439 2942 546 2970 Sequitur
563 2942 598 2964 Ps.
615 2942 654 2970 27,
673 2942 695 2964 4.

1125 2553 1134 2566 Β
1152 2554 1199 2577 Csr.
1215 2561 1283 2582 supra
1302 2561 1356 2582 pag.
1378 2555 1432 2582 196,
1450 2557 1502 2577 nota
1519 2554 1540 2576 5.
1559 2567 1588 2570 —
1611 2555 1705 2577 lnferius
1727 2561 1768 2583 pro
1790 2554 1859 2577 modo
1881 2558 1901 2577 et

1065 2593 1139 2615 Huius
1161 2592 1332 2616 adinventionis
1349 2593 1402 2615 edd.
1425 2592 1509 2616 merito
1531 2596 1553 2615 et
1570 2592 1635 2616 Finis
1651 2593 1830 2617 adinventionis.

1125 2629 1134 2643 ⁹
1153 2632 1217 2654 Vers.
1236 2632 1259 2653 11
1272 2640 1277 2654 :
1294 2632 1341 2659 Dii,
1359 2632 1397 2660 qui
1415 2632 1489 2654 caelos
1501 2634 1522 2654 et
1533 2635 1577 2654 etc.
1587 2644 1618 2648 —
1630 2632 1737 2661 Sequitur
1749 2633 1764 2654 1.
1775 2632 1827 2655 Cor.
1839 2633 1863 2660 8,
1877 2632 1902 2654 4:

1064 2671 1120 2693 Nihil
1137 2674 1171 2693 est
1188 2671 1274 2693 idolum
1292 2671 1313 2693 in
1331 2671 1427 2693 mundo.
1763 2670 1782 2683 ¹⁰
1799 2672 1864 2693 Vers.
1884 2672 1902 2693 1.

1127 2708 1145 2721 ¹¹
1164 2709 1276 2737 Vulgatae
1293 2709 1347 2731 edd.
1369 2712 1471 2732 recentes
1497 2710 1603 2732 omittunt
1625 2709 1682 2732 hacc
1704 2710 1776 2738 (quod
1798 2709 1902 2732 exhibent

1063 2749 1126 2771 card.
1147 2750 1213 2776 Hugo
1230 2752 1252 2771 et
1269 2748 1380 2777 tyranus)
1398 2751 1420 2770 et
1437 2750 1484 2771 fere
1500 2755 1580 2771 omnes
1597 2748 1680 2770 hahent
1696 2748 1790 2771 advenit
1805 2754 1847 2776 pro
1864 2747 1902 2771 ad-

1063 2787 1157 2811 ini-enit.
1176 2800 1205 2803 -
1223 2788 1275 2816 Seq.
1293 2788 1357 2809 locus
1373 2790 1407 2809 est
1424 2788 1492 2809 Eccli.
1508 2788 1548 2815 33,
1565 2788 1603 2810 29.

1126 2825 1145 2838 ¹2
1163 2827 1228 2848 Vers.
1250 2825 1282 2847 14.
1300 2828 1322 2847 et
1340 2826 1382 2853 1¹5,
1400 2825 1439 2847 ubi
1451 2828 1503 2853 post
1516 2825 1538 2848 in
1554 2824 1659 2854 sculptili
1675 2825 1771 2852 Vulgata
1789 2825 1853 2853 plura
1865 2825 1902 2847 ad-

1063 2865 1109 2893 dit,
1126 2868 1148 2886 et
1164 2871 1206 2892 pro
1222 2864 1273 2887 risu
1291 2864 1363 2893 diqna
1380 2864 1495 2886 substituit
1511 2870 1570 2893 opus
1587 2863 1639 2887 risu
1655 2863 1761 2893 dignum.

1126 2902 1145 2915 ¹²³
1162 2903 1228 2925 Vers.
1245 2903 1287 2930 33;
1304 2902 1360 2925 ibid.
1377 2903 1419 2929 1¹2,
1437 2903 1474 2925 116.
1490 2909 1555 2931 seqq.
1567 2905 1600 2925 est
1611 2909 1659 2931 seq.
1677 2903 1748 2924 locuS.
1765 2915 1795 2918 —
1810 2903 1901 2925 Glossa.

1063 2948 1122 2970 quae
1139 2941 1250 2970 sequitur,
1266 2944 1300 2963 est
1316 2940 1441 2963 ordinaria
1457 2947 1483 2963 ex
1501 2940 1604 2963 Rabano.

1916 517 2004 536 Rationes

1939 545 1977 559 sex.

1917 888 1970 907 Ratio
1984 888 2001 906 1.

1921 2187 1974 2206 Ratio
1987 2187 2004 2205 2.
