2296 3316
732 159 902 188 COMMENT.
924 158 957 187 IN
978 158 1169 187 SAPIENTIAM
1190 159 1218 187 C.
1240 160 1292 188 XII.

139 238 252 268 tentiam
266 239 338 276 agite
348 250 362 264 ι)
381 242 446 273 etc.;
462 238 527 267 item
542 238 625 267 Isaiae
648 237 860 275 quadragesimo
873 236 983 273 quinto:

5 297 9 326 ι.
143 296 157 310 <t
171 285 366 314 Convertimini
388 285 423 313 ad
442 292 500 319 me,
521 287 549 313 et
569 284 636 313 salvi
657 284 734 313 eritis
748 295 762 309 ι»
787 286 852 317 etc.;
873 283 983 311 Glossa:

8 331 9 335 ’
143 343 157 357 «
171 332 260 366 Beati,
281 332 329 369 qui
350 331 467 360 audiunt
486 339 580 360 vocem
601 330 808 364 admonentis»;
831 330 913 358 Isaiae
935 329 983 358 tri—

8 400 9 420 ,
138 378 256 416 gesimo:
283 390 296 404 «
311 379 398 407 Aures
418 381 483 407 tuae
503 377 616 406 audient
646 377 763 406 verbum
791 379 853 414 post
874 379 983 413 tergum

8 423 9 458 ἒ
137 425 274 454 monentis
289 437 315 453 n.
339 425 373 453 Et
403 424 574 462 alloqueris,
600 424 627 452 id
657 427 699 452 est
723 431 838 460 poenam
870 423 984 452 commi-

137 472 239 506 nando;
261 471 344 500 Isaiae
366 471 493 509 primo¹:
520 482 533 496 «
549 471 575 499 Si
596 470 740 499 audieritis
760 477 820 503 me,
842 469 914 498 bona
929 472 984 498 ter-

137 526 185 548 rae
205 518 365 553 comedetis;
387 518 484 556 quodsi
506 526 561 547 non
581 517 737 551 audieritis,
763 517 870 554 gladius
900 516 983 545 devo-

137 565 210 594 rabit
230 573 279 594 vos
292 576 319 599 »;
342 569 388 600 ut,
410 565 512 594 relicta
533 562 659 598 malitia,
682 564 784 593 scilicet
798 564 918 601 peccati,
940 564 982 592 vel

136 611 320 646 infidelitatis;
349 612 472 641 credant
495 612 526 640 in
558 616 598 646 te,
631 611 767 645 Domine,
796 611 899 640 scilicet
929 610 983 639 fide

6 645 10 697 ζ
136 658 268 693 formata;
290 659 322 688 in
353 662 391 693 te,
413 659 542 696 inquam,
565 667 620 687 non
641 662 682 693 te,
714 659 757 687 vel
786 657 838 687 tibi
859 661 982 692 tantum;

6 697 10 765 1
136 705 219 734 Isaiae
243 706 472 743 quinquagesimo
503 705 615 743 quinto:
643 716 656 730 «
671 704 851 741 Derelinquat
881 704 983 741 impius

9 767 10 790 i
136 752 208 781 viam
229 760 308 781 suam
323 764 336 778 »
361 756 412 782 etc.
434 753 596 782 Contrarius
616 752 689 781 enim
710 754 752 780 est
772 754 864 780 motus
889 751 983 788 poeni-

9 795 10 807 *
136 798 236 827 tentiae
256 799 343 827 motui
364 799 499 833 malitiae,
521 799 603 836 quia,
624 798 696 827 sicut
716 798 762 827 ille
783 801 824 827 est
838 806 854 826 a
869 798 940 826 bono
955 797 982 825 in

135 845 256 879 malum,
278 845 317 874 sic
337 846 388 874 iste
409 854 425 874 a
445 846 518 874 malo
538 845 566 874 in
589 845 701 874 bonum.

216 891 281 921 litos
301 892 378 921 enim
398 895 449 922 etc.
472 892 519 921 Hic
540 892 662 930 tangitur
690 891 823 931 aequitas
851 891 983 928 punitio-

9 933 122 973 {nequitate
135 939 200 973 nis,
231 942 258 968 et
288 939 378 976 primo
414 947 451 968 ex
485 939 702 968 consideratione
734 938 821 976 ipsius
856 938 983 975 culpae,-

9 971 110 1034 }⁰13‹'{it¹{}⁰t¹='s¹rs
134 985 270 1020 secundo,
301 993 337 1015 ex
369 985 586 1025 consideratione
613 993 744 1023 poenae.-
776 985 903 1013 Perdere
934 992 982 1012 vo-

9 1027 10 1035 *
77 1030 82 1034 '
136 1032 226 1061 luisti.

213 1079 301 1116 (Vers.
328 1079 376 1114 3.).
406 1080 473 1108 litos
503 1080 580 1108 enim
607 1083 658 1108 etc.
687 1079 758 1108 Bene
785 1079 860 1108 dixi:
889 1079 982 1108 corri-

9 1117 118 1175 &¹333thss
130 1126 180 1164 pis
200 1129 267 1161 etc.;
288 1126 363 1164 quod
384 1129 458 1164 patet
479 1134 528 1164 per
549 1126 719 1163 exemplum.
743 1126 810 1155 Illos
830 1126 907 1155 enim
928 1134 982 1154 an-

26 1179 99 1203 emae.
135 1173 229 1211 tiques
249 1172 472 1207 inhabitatores,
501 1173 605 1202 scilicet
632 1173 809 1202 chananaeos
839 1177 867 1202 et
887 1174 982 1201 Amor-

134 1219 234 1248 rhaeos
270 1222 298 1249 et
327 1220 395 1249 alios
425 1220 607 1254 huiusmodi,
640 1219 851 1248 inhabitatores
887 1223 982 1248 terrae

133 1269 252 1295 sanctae
272 1269 355 1300 tuae,
377 1266 404 1295 id
425 1269 466 1295 est
486 1266 542 1295 tuis
564 1267 669 1295 Sanctis
690 1267 856 1303 promissae,
878 1266 982 1295 scilicet

134 1313 286 1348 Abraham,
307 1313 420 1343 Genesis
444 1313 550 1343 decimo
575 1314 709 1351 quinto2;
740 1314 827 1347 Isaac,
851 1313 981 1350 vigesimo

134 1363 227 1395 sexto;
249 1360 340 1395 Iacob,
358 1360 491 1398 vigesimo
511 1363 623 1395 octavo;
645 1369 717 1399 quos
737 1359 932 1394 exhorruisti,
954 1360 981 1388 in

134 1409 257 1442 tantum,
277 1410 310 1436 ut
330 1408 465 1445 populum
487 1410 568 1436 tuum
590 1408 630 1436 eis
651 1407 774 1444 copulari
796 1407 920 1436 nolueris
934 1409 983 1435 aut

132 1453 257 1488 misceri,
272 1453 426 1482 secundum
440 1454 509 1483 illud
523 1454 728 1483 Deuteronomii
743 1454 874 1491 septimo:
895 1465 908 1478 «
924 1453 981 1481 Non

133 1499 215 1529 inibis
235 1507 300 1529 cum
320 1500 360 1529 els
379 1500 476 1530 foedus
497 1508 547 1530 nec
575 1500 691 1530 sociabis
712 1500 840 1538 coniugia
860 1508 910 1529 nec
931 1500 982 1529 mi-

133 1547 270 1576 sereberis
290 1555 388 1576 earum
402 1559 428 1575 ι).

211 1594 300 1631 (Vers.
323 1595 349 1623 [ι.
373 1594 420 1630 {3.).
445 1594 589 1631 Quoniam
612 1594 732 1624 odibilia
753 1603 843 1633 opera
862 1595 914 1624 tibi
933 1594 982 1633 fa-

134 1640 267 1675 ciebant,
302 1641 406 1670 scilicet
439 1645 551 1678 peccata
585 1643 710 1671 enormia
722 1666 729 1677 ‚
764 1642 836 1671 infra
873 1642 980 1671 decimo

134 1687 273 1724 quarto³:
299 1699 313 1712 «
328 1688 458 1717 Similiter
479 1688 541 1717 odio
562 1692 627 1717 sunt
648 1689 704 1718 Deo
725 1689 827 1726 impius
845 1692 871 1717 et
885 1689 981 1726 impie-

133 1736 175 1763 tas
195 1733 256 1763 eius
269 1745 297 1769 »ς
318 1743 370 1772 per
401 1735 615 1769 medicamina,
645 1736 749 1764 scilicet
776 1736 980 1769 veneficorum,

132 1783 159 1809 et
177 1780 331 1818 sacrificia
345 1781 474 1816 iniusta,
489 1782 643 1816 idolorum,
658 1785 685 1811 et
700 1782 752 1811 hoc
767 1785 863 1811 contra
879 1782 978 1810 Deum.

134 1828 216 1857 Erant
236 1831 329 1857 autem
350 1831 378 1858 et
399 1828 534 1857 sacrificia
554 1829 641 1863 iusta,
663 1837 735 1866 quae
750 1829 805 1858 Deo
826 1829 978 1858 offereban-

131 1877 194 1910 tur,
216 1875 288 1905 sicut
308 1875 409 1904 obtulit
429 1876 500 1910 Noe,
521 1875 633 1905 Genesis
661 1879 765 1905 octavo.
789 1892 826 1897 —
849 1877 884 1904 Et
906 1875 979 1912 filio-

131 1930 201 1950 rum
221 1930 346 1950 suorum
366 1925 531 1956 necatores,
553 1925 580 1951 et
601 1923 653 1951 hoc
675 1926 771 1951 contra
790 1922 978 1960 proximum,

130 1961 193 1997 sine
211 1968 433 2003 misericordia,
454 1968 481 1997 id
502 1971 544 1998 est
564 1969 622 1998 sine
644 1969 848 2006 compassione,
870 1969 936 2006 quia
950 1969 976 1997 in

131 2015 273 2044 sacrificiis
292 2015 457 2044 daemonum
478 2015 658 2044 immolabant
678 2023 725 2044 eos
746 2024 810 2044 cum
824 2016 912 2044 multa
932 2016 979 2045 de-

130 2062 253 2096 votione,
274 2062 426 2091 secundum
449 2062 517 2091 illud
532 2062 629 2091 Psalmi
641 2063 669 2091 ⁴²:
689 2074 703 2088 «
719 2063 750 2091 Et
764 2063 979 2092 Immolaverunt

131 2107 202 2137 filios
222 2116 288 2138 suos
308 2111 336 2138 et
363 2108 434 2137 filias
465 2117 530 2138 suas
560 2109 712 2138 daemoniis
726 2122 752 2138 ».
775 2110 877 2138 Contra
904 2110 978 2147 quod

130 2154 337 2183 Deuteronomii
357 2149 464 2184 decimo
484 2158 596 2184 octavo:
623 2167 637 2181 «
650 2156 688 2185 Ne
708 2156 811 2184 imitari
826 2156 893 2185 velis
913 2156 978 2185 abo-

130 2201 294 2231 minationes
314 2201 425 2231 illarum
446 2203 587 2240 gentium,
609 2210 659 2232 nec
680 2203 837 2232 inveniatur
857 2203 931 2240 apud
952 2206 978 2232 te

131 2247 179 2285 qui
200 2248 300 2277 lustret
320 2248 409 2277 filium
423 2252 472 2278 aut
485 2249 584 2284 filiam,
606 2250 710 2279 ducens
730 2250 885 2287 perignem
901 2262 927 2279 ».
944 2251 979 2278 Et

131 2297 300 2324 comestores
319 2295 465 2324 viscerum
486 2295 651 2330 hominum,
674 2297 726 2325 hoc
740 2305 795 2325 non
817 2297 918 2334 legitur
939 2297 977 2325 fa-

0 580 1 583 =
9 571 88 599 {iliadem
102 571 122 590 fi-

8 611 9 614 ,
40 600 76 614 rus.

194 2458 202 2472 ²
219 2460 286 2482 Vers.
304 2460 340 2483 19.
358 2463 380 2483 et
396 2461 439 2483 20:
457 2461 479 2483 Si
497 2461 616 2484 volueritis
633 2464 655 2484 et
675 2462 817 2485 audIeritis...
838 2463 923 2492 quodsi
940 2469 981 2485 no-

131 2498 218 2521 lueritis
234 2501 257 2521 et
273 2504 311 2521 me
327 2499 355 2522 ad
370 2499 512 2522 iracundiam
529 2500 726 2528 provocaveritis,
743 2501 835 2529 gladius
851 2504 907 2529 etc.;
926 2501 982 2524 ibid.

132 2537 174 2566 55,
190 2537 213 2560 7.
229 2540 264 2560 est
280 2544 330 2567 seq.
345 2538 418 2561 locus.
434 2539 467 2561 De
484 2539 636 2567 explicatione
653 2539 779 2563 verborum
797 2540 897 2564 credant
909 2540 934 2564 in
947 2542 980 2569 te,

131 2576 241 2604 Domine,
259 2577 301 2599 cfr.
317 2583 388 2605 supra
405 2583 459 2606 pag.
477 2578 535 2605 112,
551 2581 604 2601 noia
622 2579 644 2601 2.

193 2613 203 2627 ²
221 2615 287 2637 Vers.
305 2615 342 2637 16.
359 2617 381 2638 et
398 2616 440 2644 18;
458 2616 515 2639 ibid.
532 2617 574 2640 26.
592 2617 614 2639 3.
631 2623 680 2646 seq.
696 2620 718 2640 et
735 2618 778 2645 28,
796 2618 832 2640 13.
850 2624 915 2647 seqq.
928 2622 980 2641 sunt

131 2652 178 2675 duo
195 2659 261 2682 seqq.
278 2654 334 2682 loci;
351 2654 436 2677 deinde
452 2654 563 2683 allegatur
579 2655 645 2678 Deut.
661 2656 683 2684 7,
701 2657 723 2679 2.
739 2659 762 2679 et
778 2657 805 2685 3,
822 2656 862 2680 ubi
880 2657 979 2685 Vulgata

131 2695 184 2720 post
199 2692 299 2716 sociabis
315 2693 380 2717 addit
396 2699 451 2717 cum
467 2694 513 2723 eis,
530 2698 552 2717 et
569 2694 641 2718 verba
662 2701 704 2719 nec
725 2695 872 2719 misereberis
893 2703 979 2719 earum

131 2732 259 2760 transponit
275 2735 327 2760 post
342 2732 432 2762 foedus.

193 2768 203 2782 ²
220 2770 286 2793 Vers.
304 2771 325 2794 9,
342 2783 374 2788 -
390 2771 499 2800 Sequitur
515 2773 571 2795 Gen.
589 2773 614 2800 8,
632 2773 670 2795 20.
686 2775 709 2795 et
720 2773 745 2795 21
757 2781 763 2795 ι
774 2773 861 2796 Obtulit
872 2775 979 2797 holocau-

193 2847 203 2860 4
220 2849 303 2871 Psalm.
321 2849 378 2876 ⁴05,
397 2849 435 2872 37.
450 2862 482 2866 -
499 2849 552 2878 Seq.
574 2850 638 2872 locus
655 2853 690 2873 est
711 2850 777 2873 Deut.
796 2851 838 2878 18,
855 2852 877 2874 9.
894 2854 917 2874 et
935 2852 977 2879 io,

131 2886 172 2909 ubi
188 2893 231 2915 pro
247 2887 314 2916 apud
329 2889 350 2911 te
367 2888 466 2916 Vulgata
483 2888 508 2911 in
525 2890 553 2912 te.

194 2924 203 2938 ⁶
220 2926 286 2949 Vers.
303 2927 341 2949 25.
357 2933 435 2956 seqq.,
452 2927 492 2950 ubi
509 2931 623 2956 narratur,
640 2929 704 2957 quod
721 2931 806 2952 matres
822 2935 854 2952 ου
876 2930 976 2953 inediam

132 2965 189 2988 filios
206 2972 261 2988 suos
277 2966 436 2989 comederunt.
452 2979 483 2983 —
501 2968 554 2996 Seq.
571 2968 634 2990 locus
650 2970 685 2990 est
702 2968 787 2990 Thren.
805 2968 831 2995 4,
849 2969 887 2991 10.

225 3011 252 3035 S.
269 3012 358 3036 Bonav.
369 3025 401 3029 —
413 3013 482 3036 Tom.
500 3014 540 3036 Vl.

131 2812 165 2831 sta
177 2815 247 2838 super
259 2810 340 2837 altare,
357 2810 515 2839 odoratusque
526 2813 560 2833 est
572 2811 684 2834 Dominus
695 2811 791 2834 odorem
803 2813 923 2835 suavitatis
934 2816 985 2836 eles

1831 164 1884 192 185

1041 239 1132 271 ctum,
1154 236 1201 266 sed
1223 237 1391 267 credendum
1412 242 1454 268 est
1484 239 1606 276 potuisse
1626 240 1703 275 fieri,
1726 240 1797 270 sicut
1818 244 1886 270 tem-

1041 291 1107 320 pore
1128 284 1277 313 obsidionis
1299 285 1437 314 Samariae
1457 286 1559 323 Iegitur
1580 286 1683 315 sactum
1704 295 1777 322 esse,
1792 288 1883 325 quarti

1041 330 1144 367 Regum
1166 331 1281 365 sexto⁵;
1304 335 1331 360 et
1350 332 1525 361 Threnorum
1547 336 1659 370 quarto:
1679 345 1692 358 «
1708 335 1803 363 Manus
1824 342 1886 363 mu-

1040 377 1140 405 lierum
1161 377 1381 407 misericordium
1407 382 1544 408 coxerunt
1576 379 1646 409 filios
1667 388 1731 409 suos
1745 391 1773 415 »;
1794 384 1819 409 et
1839 381 1886 410 de-

1040 427 1190 452 voratores
1209 424 1406 461 sanquinffl,
1429 425 1559 460 humani,
1581 430 1678 455 contra
1692 426 1760 455 illud
1774 426 1886 456 Genesis

1040 477 1127 498 nono:
1153 481 1167 495 «
1182 470 1297 499 Carnem
1319 479 1383 500 cum
1405 473 1538 509 sanguine
1559 480 1613 501 non
1636 473 1821 502 comedetis».

1119 516 1207 552 (Vers.
1231 518 1278 551 6.).
1303 518 1336 545 Et
1357 522 1508 553 auctorest,
1530 519 1556 547 id
1587 523 1629 548 est
1659 520 1793 549 effusores
1823 528 1885 549 san-

1039 562 1146 599 guinis,
1174 567 1324 600 parentes,
1357 564 1384 592 id
1405 569 1462 599 est,
1484 566 1612 602 quamvis
1639 570 1767 602 parentes
1794 571 1887 596 essent

1039 610 1181 646 sanguinis
1201 610 1296 644 effuSI,
1318 611 1392 648 quod
1413 612 1526 648 gravius
1547 615 1604 647 est;
1625 614 1798 651 sanguinis,
1813 614 1883 648 dico,

1039 656 1230 691 animarum,
1253 657 1279 685 id
1300 661 1342 687 est
1360 658 1519 692 hominum:
1536 662 1641 696 partem
1655 660 1729 688 enim
1745 661 1821 697 ponit
1835 669 1886 698 pro

1039 705 1112 737 toto,
1133 706 1161 732 et
1181 707 1222 732 est
1243 704 1427 740 synecdoche,
1442 705 1513 733 sicut
1528 705 1614 734 Exodi
1629 707 1754 743 primo⁷,
1776 707 1822 736 ubi
1844 707 1886 736 di-

1039 750 1128 778 citur:
1154 761 1167 775 a
1182 750 1284 780 Omnes
1313 751 1437 785 animae,
1466 759 1537 789 quae
1563 753 1702 789 ingressae
1730 757 1795 783 sunt
1820 762 1883 783 cuni

1040 797 1118 826 Iacob
1139 797 1166 825 in
1187 798 1339 835 Aegyptum
1356 809 1381 833 »ς
1404 799 1655 829 inauxiliatarum
1662 810 1672 833 ;
1692 800 1802 829 Glossa:
1828 813 1841 826 α
1858 801 1885 830 Id

1039 847 1095 878 est,
1117 852 1215 873 eorum
1236 845 1284 882 qui
1306 853 1335 874 se
1356 853 1411 874 non
1431 848 1558 882 poterant
1578 846 1740 882 defendere,
1762 848 1805 877 vel
1823 848 1885 886 qui-

1039 890 1092 919 bus
1112 891 1241 920 nolebant
1261 892 1434 927 auxiliari»,
1461 893 1564 922 scilicet
1588 894 1766 930 propriorum
1798 894 1885 923 infan-

1040 937 1179 972 tulorum,
1201 946 1323 975 quorum
1344 939 1485 976 sanguinis
1506 940 1616 977 Ipsimet
1642 944 1722 969 erant
1742 943 1885 977 generato-

1040 992 1085 1014 res
1105 988 1132 1014 et
1152 985 1286 1014 effusores
1307 986 1334 1014 in
1349 986 1484 1015 sacrificio
1498 990 1525 1015 et
1539 990 1706 1016 comestores
1720 988 1886 1017 comedendo

1039 1032 1073 1061 de
1094 1032 1255 1061 sacrificato.
1286 1033 1448 1068 Filiorum,
1470 1033 1599 1071 inquam,
1620 1043 1746 1063 suorum
1773 1039 1885 1064 necato-

1038 1088 1084 1107 res
1099 1082 1165 1113 etc.,
1178 1080 1299 1117 perdere
1319 1080 1454 1114 voluisti,
1476 1081 1502 1109 id
1517 1084 1559 1110 est
1580 1082 1735 1118 expellere,
1758 1091 1777 1110 a
1791 1082 1884 1111 medio

1037 1130 1222 1155 sacramento
1244 1131 1306 1161 tuo,
1329 1127 1356 1155 id
1377 1130 1418 1156 est
1438 1136 1454 1155 a
1476 1131 1551 1156 terra
1579 1128 1768 1164 promissionis
1793 1137 1883 1165 sacra;

1038 1176 1065 1201 et
1078 1173 1180 1201 dicitur
1202 1176 1277 1202 terra
1291 1174 1480 1210 promissionis
1500 1183 1591 1203 sacra
1605 1176 1647 1204 vel
1665 1179 1884 1205 sacramentum

1038 1223 1152 1257 propter
1166 1221 1205 1249 rei
1221 1229 1330 1255 sacrae,
1353 1221 1379 1249 id
1401 1223 1443 1250 est
1463 1225 1554 1250 terrae
1575 1222 1726 1251 viventium
1739 1223 1762 1257 ⁸,
1781 1223 1884 1260 signifi-

1038 1266 1187 1301 cationem,
1209 1270 1236 1295 et
1257 1270 1371 1304 propter
1393 1271 1628 1296 sacramentorum
1654 1269 1750 1298 salutis
1775 1273 1884 1299 nostrae

1038 1313 1065 1341 in
1080 1321 1112 1342 ea
1126 1314 1349 1350 completionem,
1365 1317 1392 1343 et
1406 1318 1519 1351 propter
1534 1316 1775 1345 sacramentorum
1795 1317 1884 1346 Eccle—

1038 1360 1094 1389 siae
1115 1360 1142 1388 in
1164 1368 1196 1389 ea
1215 1361 1428 1395 institutionem,
1444 1365 1475 1390 ut
1496 1362 1679 1391 eucharistiae
1694 1366 1721 1391 et
1742 1363 1884 1400 baptismi,

1038 1410 1066 1435 et
1086 1410 1201 1444 propter
1222 1415 1366 1436 sacrorum
1389 1408 1533 1437 hommum
1554 1409 1677 1438 futuram
1699 1409 1726 1438 in
1748 1418 1780 1439 ea
1806 1410 1885 1439 Inha-

1038 1453 1214 1488 bitationem,
1237 1458 1268 1483 ut
1283 1455 1522 1489 PatrIarcharum,
1545 1456 1759 1492 Prophetarum,
1774 1457 1885 1493 Aposto-

1038 1501 1146 1535 lorum,
1167 1504 1194 1530 et
1215 1504 1329 1538 propter
1350 1502 1492 1539 sanguinis
1506 1502 1607 1531 Christi
1629 1503 1657 1531 in
1672 1511 1704 1532 ea
1724 1503 1884 1533 effusionem

1037 1551 1064 1577 et
1086 1548 1290 1586 irrigationem,
1319 1552 1346 1577 et
1366 1552 1480 1586 propter
1509 1557 1653 1578 sacrorum
1682 1558 1832 1587 corporum
1859 1554 1886 1580 et

1038 1596 1186 1633 pulverum
1207 1595 1234 1624 in
1263 1604 1295 1624 ea
1315 1596 1526 1630 resolutionem,
1551 1597 1655 1626 scincet
1683 1597 1795 1626 Patrum
1815 1598 1885 1626 anti-

1037 1651 1158 1680 quorum
1183 1643 1284 1672 ibidem
1305 1643 1495 1680 sepultorum;
1517 1644 1583 1672 item
1604 1646 1718 1681 propter
1740 1645 1810 1673 sacri
1834 1640 1883 1674 loci

1037 1690 1065 1718 in
1085 1698 1114 1719 ea
1138 1690 1370 1724 aedificationem,
1392 1690 1495 1719 scilicet
1510 1691 1620 1728 templi,
1642 1695 1668 1720 et
1683 1695 1797 1729 propter
1818 1693 1884 1721 San-

1037 1737 1073 1766 cti
1104 1737 1268 1765 Sanctorum
1295 1737 1465 1766 nativitatem
1496 1741 1523 1766 et
1551 1739 1796 1767 conversationem.
1823 1740 1882 1768 Per

1036 1792 1146 1812 manus
1165 1788 1322 1821 parentum
1342 1788 1528 1819 nostrorwm,
1553 1785 1665 1814 illorum
1693 1786 1811 1820 scilicet,
1833 1787 1879 1824 qui

1036 1838 1100 1859 cum
1121 1831 1199 1859 Iosue
1220 1834 1324 1860 terram
1346 1831 1535 1868 promissionis
1556 1832 1731 1861 intraverunt
1743 1832 1762 1860 ⁹.

1115 1878 1203 1915 (Vers.
1227 1879 1274 1914 7.).
1302 1878 1337 1906 Ut
1356 1878 1478 1915 dignam
1495 1879 1688 1916 perciperent,
1710 1879 1813 1908 scilicet
1833 1888 1881 1916 pa-

1036 1927 1129 1953 rentes
1150 1924 1252 1958 nostrI‚
1272 1925 1552 1962 peregrinationem,
1575 1925 1601 1953 id
1622 1928 1664 1954 est
1678 1928 1780 1954 terram
1802 1934 1880 1963 pere-

1035 1970 1209 2008 grinationis,
1222 1979 1385 2008 puerorum
1397 1971 1462 2005 Dei,
1477 1971 1580 2000 scilicet
1595 1972 1833 2006 Patriarcharum,
1846 1972 1880 2001 de

1035 2017 1138 2054 quibus
1152 2017 1185 2045 ad
1201 2017 1337 2046 Hebraeos
1358 2017 1505 2046 undecimo
1517 2018 1555 2045 ¹⁰:
1581 2029 1594 2043 «
1613 2018 1794 2052 Confitentes,
1816 2018 1882 2055 quia

1035 2064 1173 2101 peregrini
1201 2067 1228 2093 et
1256 2065 1378 2101 hospites
1402 2068 1467 2093 sunt
1494 2072 1579 2101 super
1607 2068 1711 2094 terram
1727 2077 1753 2094 n.
1784 2066 1881 2102 Quae,

1035 2111 1138 2140 scilicet
1159 2114 1235 2140 terra
1262 2111 1506 2148 peregrinationis,
1534 2115 1575 2139 est
1602 2111 1654 2140 tibi
1678 2116 1759 2140 terra
1780 2112 1882 2141 carior

1035 2157 1183 2191 omniunt,
1208 2157 1311 2186 scilicet
1336 2161 1494 2192 terrarum,
1516 2157 1543 2185 id
1565 2161 1607 2186 est
1627 2158 1756 2187 omnibus
1785 2158 1881 2192 terr1s,

1034 2203 1137 2233 scilicet
1164 2207 1278 2241 propter
1306 2204 1423 2232 salutem
1448 2204 1561 2232 humani
1584 2205 1693 2241 generis
1715 2205 1752 2233 ibi
1780 2213 1881 2242 procu-

1035 2250 1163 2285 randam,
1185 2251 1337 2279 secundum
1358 2251 1425 2279 illud
1447 2251 1561 2279 Psalmi:
1590 2263 1603 2276 «
1618 2251 1756 2288 Operatus
1777 2255 1818 2281 est
1839 2260 1881 2280 sa-

1035 2297 1121 2326 lutem
1142 2297 1169 2325 in
1192 2297 1282 2326 medio
1303 2300 1394 2326 terrae
1409 2309 1435 2326 ».

1931 1087 2016 1106 Secundo
2023 1102 2027 1110 ,

1903 1111 2028 1130 consideratio

1903 1139 1982 1158 poenae.

1902 1227 1990 1247 Rationes
2002 1228 2020 1247 8.

1099 2461 1110 2475 ⁶
1127 2463 1225 2491 Vulgata
1244 2464 1287 2485 hoc
1304 2463 1354 2485 loco
1371 2463 1435 2485 addit
1452 2462 1524 2485 verba
1542 2469 1557 2485 a
1574 2462 1649 2486 medio
1661 2465 1810 2486 sacramento
1828 2465 1884 2492 tuo,·

1037 2502 1077 2524 sed
1096 2502 1152 2524 haec
1169 2502 1237 2524 etiam
1256 2508 1268 2523 a
1286 2501 1349 2524 card.
1366 2502 1433 2529 nugo
1450 2504 1472 2524 et
1488 2502 1579 2529 Lyrano
1591 2502 1615 2524 in
1627 2507 1676 2530 seq.
1688 2507 1757 2524 versu
1769 2504 1821 2529 post
1829 2508 1883 2531 per-

1037 2540 1091 2564 dere
1102 2540 1198 2564 voluisti
1214 2540 1358 2563 exhibentur.
1369 2553 1399 2557 —
1412 2540 1520 2569 Sequitur
1532 2541 1587 2563 Gen.
1601 2541 1614 2562 9
1623 2559 1628 2568 ,
1646 2540 1668 2563 4,
1685 2541 1828 2564 Adiectivum
1841 2541 1882 2564 hu-

1036 2580 1105 2603 mani
1120 2579 1218 2602 habetur
1236 2580 1257 2602 in
1275 2580 1328 2603 edd.
1345 2583 1380 2607 et,
1397 2583 1422 2603 ut
1439 2581 1544 2607 videtur,
1562 2580 1630 2603 etiam
1650 2581 1672 2602 in
1690 2580 1759 2603 codd.

1099 2617 1107 2630 ⁷
1125 2619 1192 2641 Vers.
1211 2619 1231 2641 1.
1248 2622 1270 2641 et
1287 2619 1313 2641 5:
1331 2619 1391 2641 Haec
1408 2621 1461 2641 sunt
1477 2619 1569 2641 nomina
1587 2619 1687 2641 filiorum
1705 2620 1784 2647 lsrael,
1800 2619 1840 2648 qui
1853 2619 1883 2641 in-

1036 2658 1110 2686 gressi
1126 2661 1179 2681 sunt
1195 2658 1216 2680 in
1235 2659 1367 2686 Aegyptum
1385 2664 1437 2680 cum
1456 2658 1547 2680 iacob...
1564 2659 1633 2680 Erant
1649 2658 1719 2686 igitur
1735 2664 1815 2681 omnes
1831 2658 1882 2681 ani-

1035 2703 1089 2720 mae
1105 2703 1186 2719 eorum
1203 2697 1243 2726 qui
1260 2697 1347 2725 egressi
1364 2700 1416 2719 sunt
1432 2697 1462 2719 de
1479 2698 1566 2719 temore
1583 2697 1650 2719 Iacob
1665 2700 1709 2720 etc.
1725 2697 1823 2725 Origin.,
1840 2697 1882 2719 Ho-

1035 2736 1082 2758 mil.
1100 2736 1121 2758 1.
1139 2736 1161 2758 111
1178 2736 1248 2758 Exod.
1265 2742 1286 2758 n.
1304 2736 1331 2758 3:
1349 2737 1371 2758 In
1384 2742 1427 2758 usu
1440 2742 1540 2765 namque
1552 2742 1603 2759 esse
1615 2736 1716 2759 creditur
1727 2735 1821 2759 animas
1839 2742 1881 2764 pro

1035 2774 1169 2797 hominibus
1185 2775 1305 2803 appellari.
1322 2787 1352 2791 —
1368 2769 1462 2802 Glossa,
1474 2781 1535 2804 quae
1547 2775 1658 2803 sequitur,
1671 2778 1704 2797 est
1715 2774 1881 2797 interlinearis.

1097 2811 1107 2825 ⁶
1124 2814 1206 2836 Psalm.
1223 2814 1265 2841 26,
1284 2813 1325 2835 43:
1341 2812 1417 2836 Credo
1434 2814 1514 2836 videre
1536 2813 1595 2836 bona
1618 2814 1708 2836 Domini
1729 2814 1751 2835 in
1775 2816 1832 2836 terra
1850 2814 1881 2835 vi-

1034 2852 1147 2874 ventium.
1164 2852 1200 2874 Ps.
1217 2852 1270 2879 141,
1287 2852 1314 2874 6:
1331 2852 1366 2874 Tu
1384 2858 1408 2874 es
1425 2858 1479 2880 spes
1497 2858 1559 2880 mea,
1578 2853 1652 2880 portio
1670 2858 1720 2874 mea
1739 2853 1760 2874 in
1779 2855 1836 2874 terra
1849 2853 1880 2874 vi-

1034 2892 1145 2914 ventium.

1096 2928 1106 2941 ⁹
1122 2929 1168 2952 Cir.
1186 2930 1250 2952 losue
1268 2930 1289 2957 1,
1307 2930 1329 2952 2.
1346 2936 1411 2958 seqq.

1098 2967 1119 2983 ¹⁰
1136 2969 1202 2991 Vers.
1222 2969 1256 2991 13.
1274 2981 1305 2985 -
1323 2969 1431 2997 Sequitur
1448 2969 1483 2991 Ps.
1500 2969 1543 2996 73,
1565 2969 1597 2990 ¹2.

1758 3014 1787 3036 24
