2296 3316
241 549 269 568 De
282 548 370 567 seeundo.

267 1393 296 1412 De
310 1392 372 1412 lertio.

246 2001 320 2025 Duplex
329 2002 374 2019 tem-

292 2029 334 2049 pus.

385 186 442 214 462

384 270 445 291 sum
459 261 559 290 Christi
575 263 602 289 et
616 266 760 288 ascensum
782 257 816 286 ad
837 257 961 290 Patrem,
976 258 1004 285 et
1024 256 1127 284 iterum
1141 254 1228 284 modi-

383 317 446 338 cum
468 314 557 345 usque
577 306 612 335 ad
633 306 782 335 adventum
807 304 868 333 eius
892 303 926 331 ad
957 310 1019 336 eos,
1047 304 1080 330 ut
1106 303 1230 330 assumat

383 356 410 384 in
425 354 555 392 gloriam;
571 353 645 382 unde
659 359 745 389 supra
757 350 864 380 decimo
877 352 979 387 quarto
991 350 1016 377 l:
1033 360 1047 374 «
1058 349 1090 377 Et
1101 348 1122 377 si
1135 348 1230 377 abiero

383 405 410 431 et
424 408 626 438 praeparavero
640 398 718 427 vobis
732 398 839 432 locum,
851 396 953 425 iterum
968 395 1048 425 venio
1060 397 1087 424 et
1097 394 1230 431 accipiam

383 456 432 477 vos
456 448 490 476 ad
510 455 554 476 me
574 447 682 483 ipsum,
704 449 736 474 ut
755 444 804 474 ubi
825 451 888 473 sum
909 451 975 480 ego,
997 445 1025 472 et
1045 450 1094 471 vos
1114 442 1213 471 sitis».

463 494 508 522 28.
531 493 619 530 (Vers.
645 493 710 527 17.).
740 490 885 520 Diaeei'u‘nt
914 498 983 527 erqo
1014 498 1049 518 eft·
1076 487 1231 526 discipulis

384 541 446 570 eius
466 543 517 569 etc.
539 539 674 576 Tangitur
695 538 740 568 hic
760 537 931 571 secundum,
953 536 1058 566 scilicet
1071 535 1230 573 discipulo-

384 595 453 616 rum
473 586 632 620 dubitatio,
652 593 724 623 quae
745 584 911 622 procedebat
931 591 968 613 ex
989 583 1042 612 hoc
1057 582 1131 620 quod
1151 582 1231 611 dixe—

385 637 442 663 rat:
464 633 492 662 in
512 632 620 661 modico
647 640 702 660 non
734 631 867 660 videndus
888 633 916 660 et
943 629 1094 664 videndus;
1116 632 1231 667 propter

385 680 458 718 quod
485 679 568 709 dicit:
599 679 743 708 Dixerunt
763 686 832 716 ergo
860 686 896 706 ea:
923 676 1078 715 discipulis
1101 676 1165 705 eius
1191 675 1233 704 ad

386 728 523 756 invicem.-
547 726 624 763 Quid
644 729 684 755 est
704 724 757 754 hoc
777 725 855 764 quod
868 725 939 754 dicit
952 724 1048 753 nobis:
1070 724 1231 757 Modicum,

385 779 411 804 et
430 783 488 803 nou
508 773 641 803 videbitis
661 781 721 807 me‚·
741 776 768 802 et
788 772 895 801 iterum
922 772 1087 806 modicum,
1109 774 1135 799 et
1154 770 1232 799 vide-

386 821 452 850 bitis
466 820 531 849 me?
545 820 584 849 De
598 820 650 849 hoc
664 820 792 849 dubitant
814 819 917 857 primo,
933 818 998 856 quia
1014 817 1124 847 videtur
1139 817 1232 846 dicere

385 867 440 896 duo
461 866 672 896 contradictorie
692 865 832 903 opposita;
854 868 881 894 et
901 865 934 893 de
955 864 1009 893 alio
1028 863 1165 897 dubitant,
1179 863 1232 892 sci-

386 914 449 943 licet
469 922 525 951 quo
555 914 623 948 iret;
655 913 745 942 unde:
766 916 792 941 et
816 912 888 950 quia
915 911 991 940 vado
1022 911 1062 940 ad
1090 909 1232 939 Patrem?

386 961 547 990 Nesciebant
567 961 656 994 enim,
677 959 816 997 quomodo
842 958 1008 995 intelligeret
1039 957 1130 992 hoc²;
1151 956 1232 986 dubi-

386 1008 481 1037 tabant
500 1007 534 1036 de
554 1006 751 1044 significatione
772 1005 859 1043 verbi.

465 1055 510 1084 29.
533 1055 621 1090 (Vers.
647 1054 712 1089 18.).
737 1052 875 1082 Dicebant
901 1061 986 1090 erqo:
1014 1051 1092 1089 Quid
1118 1055 1159 1080 est
1180 1050 1233 1080 boc

386 1101 463 1140 quod
483 1101 555 1130 dicit
573 1100 673 1129 uobis:
695 1098 860 1128 Modicum?
893 1098 1063 1133 Nescimus,
1091 1098 1163 1137 quid
1191 1098 1231 1127 lo-

386 1149 496 1188 quitur.
518 1147 695 1181 Nesciebant,
724 1146 791 1184 quid
822 1154 872 1184 per
903 1147 956 1175 hoc
988 1146 1096 1175 volebat
1123 1145 1231 1180 dicere3

386 1203 504 1234 parvum
526 1194 663 1223 habebant
683 1194 775 1223 adhuc
796 1194 925 1231 discipuli
950 1194 1137 1227 intellectum3
1158 1192 1233 1222 unde

387 1242 539 1279 increpavit
564 1249 610 1270 eos
635 1241 769 1270 Dominus
796 1241 925 1270 Matthaei
956 1241 1063 1270 decimo
1094 1240 1230 1278 quinto³:

393 1301 406 1315 α
420 1289 515 1318 Adhuc
536 1292 563 1318 et
584 1296 633 1317 vos
654 1288 712 1317 sine
732 1288 875 1317 intellectu
895 1288 962 1317 estis
974 1291 1010 1316 n?

467 1335 513 1365 30.
535 1335 624 1372 (Vers.
649 1335 715 1370 19.).
739 1334 876 1373 Coynovit
895 1338 993 1364 autem
1007 1335 1097 1363 Iesus.
1114 1334 1159 1363 Hic
1174 1336 1235 1363 tan-

389 1383 463 1421 gitur
484 1382 615 1417 tertium,
636 1382 740 1411 scilicet
760 1382 917 1411 dubietatis
937 1382 1062 1416 amotio,
1078 1381 1235 1419 quaefacta

390 1433 431 1459 est
452 1438 501 1467 per
521 1429 682 1467 Magistrum
703 1432 766 1458 ante
786 1429 993 1466 inquisitionem
1015 1428 1232 1466 discipulorum;

390 1481 504 1514 propter
524 1476 598 1513 quod
628 1476 707 1505 dicit:
732 1475 869 1513 Coyuovit
891 1476 986 1510 lesus,
1008 1476 1079 1514 quia
1105 1475 1236 1504 volebant

390 1533 455 1553 eum
476 1524 659 1561 interrogare
680 1526 747 1557 etc.;
770 1523 949 1552 Ecclesiastici
968 1523 1100 1560 vigesimo
1117 1523 1234 1551 terti04:

395 1584 408 1597 α
423 1571 501 1600 Oculi
524 1571 630 1600 Domini
652 1571 741 1599 multo
769 1571 831 1607 plus
859 1570 1007 1599 lucidiores
1028 1578 1113 1607 super
1134 1570 1235 1604 solem,

391 1618 644 1655 circumspicientes
663 1625 758 1646 omnes
779 1617 837 1645 vias
858 1617 1001 1645 hominum
1023 1620 1050 1645 et
1064 1616 1235 1653 profundum

389 1665 479 1701 abyssi
507 1668 533 1693 et
561 1664 704 1692 hominum
733 1663 816 1692 corda
843 1664 982 1692 intuentes
1010 1663 1037 1692 in
1062 1663 1237 1692 absconditas

389 1715 481 1749 partes
496 1722 522 1745 »;
544 1714 572 1740 et
592 1710 772 1739 Ecclesiastici
793 1710 898 1739 decimo
926 1713 1026 1739 sexto:
1052 1721 1066 1735 «
1080 1709 1167 1739 Omne
1188 1717 1236 1738 cor

389 1757 551 1794 intelligitur
572 1757 606 1786 ab
627 1757 689 1791 illo;
711 1760 738 1785 et
759 1756 817 1785 vias
838 1756 912 1785 illius
933 1756 996 1793 quis
1017 1756 1144 1793 intelligit
1158 1758 1189 1783 n?
1205 1755 1236 1784 Et

388 1804 531 1842 praevenit
544 1804 669 1841 ipsorum
683 1804 882 1832 dubitationem
897 1803 954 1832 sive
975 1803 1235 1840 interrogationem,

389 1855 415 1880 et
435 1851 509 1880 dixit
530 1851 584 1880 eis:
603 1852 641 1879 De
659 1849 711 1880 boc
735 1850 878 1889 quaeritis
899 1850 973 1878 inter
991 1858 1057 1884 vos,
1080 1850 1152 1888 quia
1173 1850 1238 1878 dimi

389 1898 507 1927 vobis⁵s
530 1898 691 1931 Modicum,
713 1901 739 1926 et
762 1906 820 1925 non
842 1897 973 1925 videbitis
997 1905 1059 1929 mc,·
1084 1900 1110 1925 et
1130 1896 1237 1925 iterum

390 1945 548 1979 modicum,
569 1948 594 1974 et
614 1944 746 1973 videbitis
760 1953 811 1973 me.
832 1944 899 1973 Huic
920 1943 1084 1972 dubitationi
1107 1942 1237 1972 satisfacit

390 1992 537 2021 ostendens
550 1992 655 2029 duplex
670 1994 789 2028 tempus,
804 1991 907 2019 scilicet
919 1990 1118 2019 tribulationis
1129 1993 1156 2018 et
1171 1998 1237 2018 eon-

389 2039 557 2073 solationis‘,
579 2041 606 2067 et
626 2041 740 2075 propter
756 2046 842 2066 unum
858 2037 963 2066 dictum
978 2045 1053 2066 esse:
1076 2036 1140 2065 Non
1160 2037 1237 2065 vide-

392 2085 468 2120 bitis,
490 2088 517 2114 et
538 2089 652 2122 propter
670 2085 745 2114 aliud
759 2084 898 2113 videbitis.
922 2084 952 2112 Et
973 2088 1087 2121 propter
1110 2084 1161 2113 hoc
1183 2092 1237 2112 nou

392 2132 443 2161 fuit
463 2132 655 2166 contradictio,
670 2132 804 2169 quianon
819 2131 941 2160 refertur
962 2131 996 2159 ad
1017 2131 1088 2160 idem
1110 2134 1236 2167 tempus,

392 2179 437 2208 sed
459 2182 572 2216 propter
586 2178 695 2207 diversa
710 2181 834 2215 tempona
849 2178 891 2207 bis
905 2178 1010 2207 dictum
1025 2181 1066 2206 est
1080 2177 1236 2206 modicum.

392 2226 539 2263 Propterea
559 2226 640 2255 dicit:

455 2423 462 2436 ¹
482 2424 545 2447 Vers.
564 2425 585 2447 3.
597 2437 628 2441 —
639 2425 701 2447 Hanc
718 2424 883 2453 expositionem
902 2424 997 2453 praebet
1013 2424 1124 2453 August,
1142 2425 1164 2447 in
1176 2425 1236 2447 ioan.

393 2464 480 2491 Evang.
498 2466 525 2486 tr.
548 2464 595 2486 101.
613 2470 636 2486 n.
651 2464 672 2486 6.
1204 2483 1206 2485 .

455 2500 464 2514 ²
482 2502 523 2524 Ed.
540 2508 592 2524 cum
610 2502 725 2529 Gorrano,
738 2503 845 2531 superius
862 2502 948 2525 0m15so
965 2502 1039 2530 unde,
1052 2502 1087 2525 hic
1099 2502 1165 2530 legit:
1183 2507 1238 2531 quo-

394 2540 463 2563 modo
481 2540 632 2570 intelligerem
649 2540 704 2564 hinc
720 2540 859 2564 dubitabant
874 2541 945 2564 etiam
962 2540 1076 2571 [nonnulli
1092 2541 1160 2564 codd.
1173 2540 1233 2563 exhi-

395 2579 449 2602 bent
465 2579 543 2608 etiam,
560 2581 597 2602 vel
614 2582 646 2608 et,
663 2580 727 2609 quod
743 2581 860 2603 Gorranus
882 2586 935 2603 cum
953 2580 1030 2603 multis
1052 2580 1122 2602 codd.
1140 2579 1237 2608 omittit]

395 2617 422 2641 de
439 2621 481 2640 etc.

457 2655 466 2668 ³
484 2657 549 2679 Vers.
570 2658 604 2680 16.
623 2670 654 2675 -
673 2657 801 2686 chrysost,
824 2659 847 2680 in
870 2659 929 2681 ioan.
948 2658 1026 2681 homil.
1049 2658 1088 2680 79.
1106 2658 1170 2687 (alias
1188 2657 1237 2687 78.)

395 2701 417 2717 n.
437 2695 462 2717 l:
480 2695 555 2724 Quare
571 2702 628 2724 ergo
644 2703 689 2719 non
707 2697 879 2720 intellexerunt?
897 2698 941 2719 Aut
960 2700 1055 2726 propter
1072 2697 1196 2725 tristitiam,
1215 2699 1239 2719 ut

396 2733 509 2762 arbitror;
531 2735 581 2762 ipsa
597 2736 659 2757 enim
679 2736 792 2759 dictorum
813 2737 916 2759 omnium
935 2736 1070 2759 memoriam
1091 2736 1238 2765 eliminabat;

396 2773 433 2795 vel
450 2773 480 2795 ob
497 2774 611 2796 dictorum
624 2774 799 2802 obscuritatem,
812 2778 836 2798 ut
850 2776 963 2798 contraria
975 2776 1097 2804 protulisse
1114 2775 1239 2804 videretur,

395 2818 456 2840 quae
472 2818 527 2834 vere
544 2813 657 2835 contraria
673 2820 721 2836 nou
738 2817 808 2837 erant.
821 2815 844 2837 Si
862 2817 883 2837 te
895 2814 1037 2842 videbimus,
1054 2815 1129 2843 aiunt,
1143 2821 1190 2844 quo
1202 2821 1240 2837 va·

397 2851 451 2873 dis?
468 2851 492 2873 Si
508 2851 585 2878 vadis,
603 2853 722 2880 quomodo
734 2856 755 2876 te
766 2853 915 2876 videbimus?
932 2854 985 2877 Ideo
997 2854 1086 2877 dicunt:
1099 2853 1237 2882 Nescimus,

398 2888 454 2918 quid
470 2888 582 2918 loquitur.
600 2890 667 2919 Quod
679 2891 739 2913 enim
752 2891 856 2915 abiturus
873 2896 945 2920 esset,
962 2893 986 2915 id
1003 2896 1130 2921 noverant;
1148 2893 1240 2921 ignora-

397 2926 453 2949 bant
469 2930 558 2955 autem,
575 2928 651 2956 ipsum
669 2930 737 2956 paulo
753 2933 805 2957 post
821 2936 870 2953 esse
887 2930 1016 2953 rediturum
1028 2934 1071 2954 ete.

460 2964 469 2976 ⁴
488 2966 551 2988 Vers.
569 2967 609 2995 28;
626 2966 682 2989 ibid.
705 2968 742 2995 16,
754 2969 790 2990 20.
808 2972 842 2991 est
853 2975 902 2998 seq.
922 2970 993 2992 locus.

993 177 1163 207 COMMENT.
1185 177 1217 206 IN
1239 176 1385 205 IOANNEM
1406 175 1434 204 C.
1455 175 1521 204 XVI.

1365 253 1411 283 31.
1434 253 1524 288 (Vers.
1547 253 1615 289 20.).
1639 254 1748 287 Amen,
1763 260 1848 281 amen
1862 252 1927 281 dico
1939 252 2037 281 vobis.-
2054 253 2132 289 Quia

1282 300 1440 338 plorabitis
1461 302 1487 328 et
1505 299 1609 337 flebitis
1628 307 1696 328 vos:
1714 299 1872 337 plorabitis
1892 299 2034 335 exterius,
2055 299 2132 337 flebi-

1286 347 1323 376 tis
1343 347 1475 382 interius,
1495 354 1547 384 pro
1568 349 1708 384 tempore,
1729 346 1757 375 in
1779 354 1835 384 quo
1849 354 1893 375 me
1913 355 1969 376 non
1990 347 2132 384 videbitis;

1286 397 1314 423 et
1334 393 1395 423 ideo
1417 393 1508 429 beati;
1529 394 1618 423 Lucae
1639 394 1758 423 sextoss:
1784 405 1798 419 «
1814 393 1898 429 Beati,
1919 394 1967 432 qui
1989 403 2064 424 nunc
2085 395 2134 425 fle-

1287 440 1338 475 tis,
1359 440 1426 478 quia
1446 440 1571 470 ridebitis
1584 452 1612 469 ».
1634 440 1764 474 Mundus
1794 445 1891 469 autem
1910 441 2062 479 gaudebit,
2083 451 2134 471 vos

1286 494 1354 515 vero
1374 486 1629 516 contristabimini.
1652 486 1772 516 Mundus
1796 487 1913 524 gaudet;
1935 487 1981 516 lob
2001 487 2134 525 vigesimo

1286 532 1393 570 primo:
1420 544 1434 558 α
1448 532 1574 562 Gaudent
1604 533 1638 562 ad
1668 533 1790 562 sonitum
1812 534 1975 571 tympani».
1997 534 2049 564 Sed
2069 535 2133 564 boni

1287 580 1450 614 tristantur3
1472 580 1578 617 primae
1600 580 1671 609 Petri
1700 580 1804 617 primo:
1831 592 1845 606 α
1860 580 1996 610 Modicum
2017 589 2091 611 nunc
2112 581 2133 610 si

1287 628 1397 664 oportet
1417 626 1575 655 contristari
1597 627 1625 655 in
1647 626 1731 656 variis
1752 627 1950 657 tentationibus
1964 639 1990 656 n.
2013 627 2068 657 Sed
2083 628 2135 657 tri-

1287 674 1370 703 stitia
1391 677 1490 702 vestra
1509 677 1638 702 vertetur
1658 674 1690 702 in
1715 674 1879 712 gaudium,
1900 677 1929 704 et
1949 675 2009 704 ideo
2029 675 2134 704 dictum

1288 723 1344 749 est:
1366 720 1526 755 Modicum,
1541 724 1567 749 et
1580 720 1712 749 videbitis
1726 729 1770 750 me
1775 731 1785 755 ;
1799 721 1900 751 Tobiae
1914 722 1996 751 tertio
2007 722 2032 751 ⁷:
2051 733 2065 748 α
2074 722 2136 752 Post

1289 767 1513 804 lacrymationem
1529 770 1557 796 et
1571 767 1667 797 fletum
1678 768 1894 798 exsultationem
1905 769 2027 798 infundis
2035 781 2061 798 ι».
2074 769 2136 799 Ideo

1287 814 1390 844 dicitur
1423 814 1600 843 Ecclesiastae
1631 815 1763 851 septimo:
1789 826 1802 840 α
1817 815 1871 844 Cor
1898 816 2066 852 stultorum,
2087 816 2134 846 ubi

1289 861 1406 896 laetitia3
1429 869 1477 890 cor
1498 861 1680 898 sapientium,
1701 861 1749 890 ubi
1772 862 1884 891 tristitia
1904 866 1946 892 est
1960 875 1987 892 ».

1368 908 1414 937 32.
1436 908 1525 945 (Vers.
1542 909 1610 944 21.).
1626 907 1740 942 Mulier,
1755 917 1822 937 cum
1834 909 1926 946 parit.
1942 910 2076 948 Tangitur
2091 911 2136 940 hic

1288 958 1438 993 quartum,
1459 954 1563 984 scilicet
1576 954 1806 992 exemplificatio.
1823 956 1854 984 Et
1868 957 2082 994 exemplificatio
2096 962 2137 988 est

1288 1002 1322 1032 de
1343 1003 1412 1037 hoc,
1433 1002 1572 1040 quomodo
1592 1003 1647 1031 cito
1667 1005 1695 1031 et
1715 1002 1743 1031 in
1758 1002 1865 1032 modico
1880 1006 2005 1041 tempore
2026 1005 2137 1034 tristitia

1289 1052 1467 1078 convertetur
1488 1049 1515 1078 in
1541 1049 1689 1087 gaudium3
1710 1051 1738 1078 et
1765 1052 1807 1079 est
1834 1050 1994 1087 exemplum
2019 1051 2054 1081 de
2075 1060 2137 1081 mu-

1290 1096 1357 1125 liere
1378 1097 1563 1134 parturiente,
1579 1104 1666 1134 quae,
1681 1104 1745 1126 cum
1760 1096 1842 1134 parit,
1857 1097 1995 1132 tristatur,
2010 1099 2137 1136 quamvis

1289 1143 1394 1172 bonum
1416 1142 1510 1177 faciat;
1531 1143 1579 1172 sed
1599 1149 1663 1172 cum
1685 1143 1805 1181 peperit,
1819 1143 1921 1181 gaudet
1945 1144 2046 1174 statim.
2072 1145 2137 1174 Pro—

1291 1192 1386 1227 pterea
1412 1189 1493 1218 dicit:
1516 1189 1631 1224 Mulier,
1652 1198 1719 1219 cum
1737 1191 1838 1228 parit,
1859 1191 2011 1220 tristitiam
2036 1190 2137 1227 habet,

1290 1237 1362 1276 quia
1382 1237 1460 1265 venit
1479 1235 1555 1266 hora
1575 1237 1654 1272 eius,
1670 1237 1773 1266 scilicet
1788 1237 1928 1275 pariendi,
1943 1246 2027 1276 quam
2046 1238 2138 1268 adhuc

1291 1284 1373 1314 vellet
1393 1284 1498 1313 differri
1520 1292 1587 1322 prae
1607 1284 1714 1320 dolore;
1736 1285 1802 1322 quia
1822 1285 1973 1315 vehemens
1997 1285 2076 1315 dolor
2096 1289 2138 1315 est

1291 1331 1319 1360 in
1340 1331 1539 1369 parturitione3
1563 1332 1646 1361 isaiae
1666 1331 1773 1361 decimo
1795 1332 1915 1361 tertio⁸z
1941 1343 1954 1358 α
1969 1332 2053 1369 Quasi
2074 1341 2138 1370 par-

1291 1379 1399 1408 turiens
1428 1378 1603 1414 dolebunt»;
1624 1381 1652 1408 et
1679 1379 1784 1416 primae
1815 1379 1849 1408 ad
1881 1379 2138 1410 Thessalonicenses

1292 1426 1402 1464 quinto:
1427 1438 1441 1452 <1
1456 1426 1488 1455 Et
1508 1426 1581 1455 sicut
1611 1426 1689 1455 dolor
1721 1427 1748 1455 in
1780 1429 1862 1456 utero
1884 1427 2012 1462 habenti,
2034 1429 2063 1456 et
2083 1435 2138 1456 non

1292 1474 1423 1511 effugient
1435 1485 1461 1502 n.
1485 1473 1558 1502 Cum
1580 1477 1678 1502 autem
1696 1474 1830 1512 peperit⁹
1841 1482 1987 1512 puerum,
2002 1474 2065 1503 iarn
2079 1483 2138 1503 uon

1291 1521 1423 1549 meminit
1439 1529 1601 1558 pressurae
1626 1524 1746 1558 propter
1771 1521 1936 1559 wadium,
1958 1521 2030 1560 quia
2050 1524 2140 1551 natus

1292 1572 1332 1596 est
1353 1567 1436 1596 homo
1458 1567 1489 1595 in
1509 1567 1674 1601 mandatu,-
1695 1576 1761 1605 prae
1782 1568 1897 1605 gaudio,
1913 1568 1988 1606 quod
2009 1569 2092 1598 habet
2105 1569 2139 1598 de

1294 1615 1385 1651 prole;
1407 1614 1520 1643 Genesis
1546 1615 1676 1652 vigesimo
1704 1615 1809 1652 primo:
1836 1627 1849 1641 «
1865 1616 1959 1645 Risum
1987 1615 2051 1645 fecit
2070 1616 2139 1645 mihi

1293 1661 1443 1695 Dominus;
1465 1661 1636 1698 quicumque
1656 1662 1790 1696 audierit,
1805 1662 1957 1691 corridebit
1971 1662 2037 1691 mihi
2050 1674 2078 1697 n,
2099 1662 2140 1691 di-

1294 1708 1336 1736 xit
1357 1708 1432 1736 Sara.

1373 1754 1418 1783 33.
1442 1754 1531 1791 (Vers.
1554 1756 1622 1791 22).
1647 1756 1679 1783 Et
1700 1764 1751 1784 vos
1765 1755 1866 1793 iyitur.
1889 1756 1936 1785 Hic
1956 1760 1998 1785 est
2018 1756 2141 1794 exempli

1294 1801 1460 1838 adaptatio,
1480 1801 1554 1838 quod
1576 1802 1626 1838 ipsi
1649 1802 1836 1831 tristahuntur
1851 1803 1977 1832 similiter
1991 1803 2019 1832 in
2038 1803 2138 1832 Christi

1294 1849 1434 1886 passione,
1463 1848 1510 1877 sed
1542 1849 1663 1886 gavisuri
1695 1852 1775 1878 erant
1796 1850 1823 1878 in
1854 1850 1915 1879 eius
1942 1850 2139 1887 glorificatione

1294 1896 1351 1924 sive
1372 1896 1592 1929 resurrectione;
1615 1899 1729 1933 propter
1750 1897 1825 1933 quod
1844 1897 1926 1926 dicit:
1949 1898 1985 1926 Et
2011 1906 2061 1926 vos
2085 1897 2140 1936 iqi-

1295 1945 1344 1970 tur
1364 1950 1443 1970 nunc
1462 1942 1578 1980 quidem
1599 1942 1751 1971 tristitiam
1772 1942 1898 1978 habetis,
1920 1947 1947 1973 et
1967 1944 2020 1973 hoc
2041 1944 2074 1973 de
2095 1952 2140 1974 re-

1294 1996 1374 2017 cessu
1385 1989 1493 2025 sponsi;
1508 1989 1635 2018 Matthaei
1651 1997 1723 2018 nono
1736 1990 1773 2018 ¹⁰:
1793 2001 1807 2015 «
1822 1990 1938 2020 Venient
1951 1991 2018 2026 dies,
2030 1991 2140 2029 quando

1294 2035 1329 2064 ab
1343 2036 1383 2064 eis
1396 2035 1540 2065 auferetur
1555 2044 1689 2073 sponsus;
1704 2040 1731 2065 et
1747 2040 1813 2066 tunc
1828 2037 2000 2075 lugebunt».
2016 2038 2067 2067 Sed
2089 2038 2141 2068 ista

1295 2083 1407 2112 tristitia
1421 2083 1559 2112 modicum
1575 2083 1702 2118 durabit3
1714 2084 1774 2113 ideo
1789 2084 1870 2113 dicit:
1884 2085 1993 2113 lterum
2005 2086 2028 2103 ¹1
2041 2086 2140 2115 videbo

1294 2139 1360 2164 vos,
1382 2134 1408 2158 et
1419 2130 1560 2167 gaudebit
1579 2139 1629 2159 cor
1644 2134 1787 2165 vestrum,-
1808 2132 1881 2160 infra
1900 2132 2045 2169 vigesimo:
2065 2133 2141 2162 «Ga-

1294 2178 1345 2206 visi
1366 2181 1432 2206 sunt
1458 2178 1602 2215 discipuli,
1623 2178 1682 2207 viso
1713 2178 1867 2207 Domino».
1891 2179 1922 2208 Et
1952 2179 2004 2208 hoc
2026 2188 2080 2208 non
2104 2180 2138 2209 ad

1294 2228 1418 2262 tempus,
1440 2224 1488 2254 sed
1509 2225 1537 2253 in
1568 2228 1730 2260 aeternum;
1752 2225 1813 2255 ideo
1834 2226 1915 2255 dicit:
1941 2227 1975 2255 Et
1992 2227 2139 2264 qaudium

1356 2423 1366 2436 ⁵
1384 2425 1495 2453 Vulgata,
1512 2431 1583 2454 quam
1600 2425 1704 2454 sequitur
1720 2425 1769 2454 ed.,
1786 2426 1869 2448 omittit
1884 2425 1956 2449 vobis.
1971 2438 2003 2443 —
2019 2426 2141 2455 Aliquanto

1293 2463 1388 2486 inferius
1404 2466 1457 2492 post
1472 2470 1521 2486 nou
1537 2463 1583 2493 fuit
1599 2464 1635 2487 ed.
1653 2470 1706 2487 cum
1724 2465 1838 2487 nonnullis
1854 2465 1924 2488 codd.
1941 2465 2005 2488 addit
2021 2464 2059 2488 ibi.

1356 2500 1365 2514 ⁶
1384 2503 1448 2525 Vei-s.
1465 2503 1503 2525 21.
1523 2514 1554 2519 —
1574 2503 1668 2525 inferius
1685 2509 1727 2531 pro
1744 2509 1786 2526 vos
1802 2509 1858 2527 vero
1876 2504 1974 2532 Vulgata
1991 2510 2033 2527 vos
2052 2505 2140 2528 autem.

1294 2541 1427 2570 Sequuntur
1444 2541 1543 2563 subinde
1560 2540 1599 2564 lob
1617 2542 1659 2570 21,
1678 2542 1718 2569 42,
1736 2541 1775 2564 ubi
1795 2542 1891 2570 Vulgata
1910 2542 1953 2571 (ila
1971 2542 2039 2565 etiam
2057 2543 2086 2570 B,
2104 2543 2140 2565 ed.

1294 2586 1348 2602 cum
1364 2579 1477 2608 Gorrano)
1495 2579 1584 2609 oryam'
1599 2586 1641 2608 pro
1658 2579 1782 2610 tympani;
1800 2581 1814 2603 1.
1833 2581 1891 2603 Petr.
1909 2581 1933 2609 1,
1951 2581 1972 2603 6.

1356 2616 1365 2630 ⁷
1384 2619 1450 2641 Vers.
1467 2620 1505 2641 22.
1521 2631 1552 2635 —
1569 2619 1677 2648 Sequitur
1694 2620 1768 2642 Eccle.
1785 2620 1812 2647 7,
1830 2619 1853 2642 ὅ.

1357 2655 1366 2669 ⁸
1384 2658 1449 2680 Vers.
1468 2658 1488 2680 8.
1506 2670 1537 2675 -—
1556 2658 1660 2681 Subinde
1676 2659 1789 2686 allegatur
1806 2659 1820 2681 1.
1839 2659 1919 2681 Thess.
1936 2658 1961 2687 5,
1979 2659 2005 2681 3:
2024 2659 2090 2681 Tunc
2108 2665 2142 2682 re-

1294 2696 1402 2725 pentinus
1419 2696 1452 2719 eis
1476 2697 1624 2725 superveniet
1648 2697 1762 2725 interitus,
1787 2698 1846 2720 sieut
1870 2698 1936 2720 dolor
1961 2697 1983 2720 in
2008 2700 2074 2720 utero
2102 2698 2142 2720 ha-

1294 2735 1357 2757 benti
1374 2738 1417 2757 etc.
1435 2735 1508 2758 Codd.
1527 2742 1569 2764 pro
1591 2735 1686 2759 habenti
1706 2735 1847 2759 substituunt
1864 2735 1986 2765 habentis,-
2008 2736 2140 2759 Gorrauus:

1297 2773 1372 2802 Quasi
1388 2774 1456 2798 dolor
1473 2774 1499 2798 iu
1515 2776 1582 2798 utero
1599 2774 1704 2798 habentis
1722 2778 1764 2798 etc.

1356 2812 1367 2825 ⁹
1385 2814 1483 2842 Vulgata
1499 2814 1622 2844 pepererit.
1635 2827 1665 2831 —
1677 2815 1785 2844 Sequitur
1801 2815 1858 2838 Gen.
1875 2816 1912 2842 2¹,
1929 2815 1950 2837 6.

1358 2851 1378 2866 ¹⁰
1395 2854 1461 2876 Vers.
1480 2854 1520 2883 15,
1537 2853 1576 2876 ubi
1593 2860 1636 2883 pro
1653 2854 1767 2884 lugebunt
1786 2855 1882 2883 Vulgata
1900 2853 2045 2878 ieiunabuut.

1358 2891 1377 2904 ¹¹
1396 2893 1494 2920 Vulgata
1512 2893 1601 2916 Iterum
1617 2895 1705 2917 autem.
1716 2906 1747 2909 —-
1759 2894 1815 2917 Tres
1828 2900 1893 2923 seqq.
1905 2894 1948 2916 loci
1959 2896 2011 2917 sunt
2026 2895 2088 2916 loan.
2100 2894 2140 2921 20,

1297 2932 1341 2959 20,
1358 2932 1425 2954 Rom.
1443 2932 1469 2959 6,
1486 2932 1509 2954 9.
1527 2935 1549 2955 et
1565 2933 1637 2961 Apoc.
1654 2933 1681 2961 7,
1703 2933 1737 2955 17.

2155 912 2181 932 De
2193 914 2267 937 quai-lm

2157 1757 2184 1776 De
2199 1756 2261 1781 quinta
2293 1764 2296 1767 ·
