2296 3316
0 397 11 417 'l

4 468 11 491 vl

8 513 119 552 bacandum.

9 1379 10 1389 l
31 1371 120 1391 Tertium.

20 1839 57 1858 aior
66 1841 85 1858 et
96 1839 130 1858 rni-

17 1868 34 1882 π
42 1863 125 1882 rationis.

60 2120 126 2139 Minor.

751 115 921 144 COMMENT.
944 115 976 144 IN
998 115 1144 145 IOANNEM
1165 116 1193 145 C.
1216 117 1257 146 VI.

137 196 324 233 Augustinus:
352 207 365 220 α
379 195 418 223 De
439 194 538 231 spiritu
559 192 661 222 Christi
682 200 737 221 non
758 191 826 221 vivit
846 192 899 220 nisi
920 200 981 220 cor-

137 251 190 280 pus
210 242 320 271 Christi.
350 241 376 270 Si
404 240 489 277 igitur
510 239 552 268 vis
573 237 666 267 vivere
687 237 721 266 de
741 237 841 274 spiritu
863 237 980 272 Christi,

139 292 198 318 esto
218 289 246 318 in
267 295 383 325 corpore
404 286 547 316 Christi».
569 285 622 322 Qui
644 288 737 314 autem
758 284 907 314 manducat
920 292 981 313 cor-

138 343 191 374 pus
211 335 311 364 Christi
333 337 375 363 est
396 333 423 362 in
444 340 561 369 corpore
589 331 710 365 Christi;
739 330 787 367 qui
815 330 900 367 igitur
926 339 981 360 non

137 382 285 419 manducat
298 389 353 410 non
368 381 449 414 vivit;
465 379 531 417 quia
544 378 646 408 dicitur
661 378 733 407 infra
746 377 841 406 eodem
854 377 880 406 ¹:
905 389 918 403 ιι
929 378 981 414 Qui

135 429 284 459 manducat
304 435 393 457 meam
413 434 525 456 carnem
546 426 574 455 in
596 433 640 455 me
661 427 755 454 manet
769 436 796 452 n.

215 475 261 504 84.
284 475 373 511 (Vers.
397 473 463 509 55.)
494 472 553 508 Qui
579 471 742 501 manducat
768 473 819 500 eto.
848 470 982 507 Tangitur

135 522 182 551 hic
203 521 372 554 secundum,
394 520 497 549 scilicet
516 518 756 548 manducationis
770 517 901 546 utilitas.-
917 517 982 554 quia

137 569 183 606 qui
206 568 353 597 manducat
373 567 507 596 carnem²
528 565 685 595 vivificatur
706 565 733 593 in
756 565 860 594 anima
877 567 904 593 et
918 572 982 593 cor-

134 624 225 654 pore.-
248 615 276 643 in
297 614 422 647 anima‚·
442 612 516 642 unde
537 612 617 641 dicit:
641 612 699 648 Qui
711 611 873 641 manducat
887 619 981 640 meam

136 670 257 691 carnem
277 664 302 689 et
324 660 393 689 bibit
411 668 509 688 ‘meum
528 659 703 696 sanquinem
718 657 802 688 babet
822 658 915 686 vitam
935 665 982 687 ae-

140 712 272 741 ternam;
293 706 392 741 habet,
414 707 544 743 inquam,
566 707 594 735 in
614 705 730 740 merito;
746 705 789 734 vel
803 704 901 738 babet,
917 704 983 741 quia

139 756 192 785 iam
214 754 333 792 quodam
355 753 436 782 modo
452 753 554 782 habere
568 753 685 790 incepit;
706 752 790 781 Isaiae
811 752 982 789 quinquage-

140 801 209 830 simo
231 800 369 838 quintoss:
396 812 410 826 «
424 800 536 834 Audite,
557 800 700 829 audientes
720 807 779 833 me,
801 802 829 827 et
849 798 983 828 comedite

138 850 258 883 bonum,
280 851 307 877 et
327 847 509 877 delectabitur
530 847 558 875 in
573 846 754 876 crassitudine
769 846 860 874 anima
874 848 981 880 vestra;

139 896 268 926 inclinate
294 903 391 925 aurem
419 897 539 924 vestram
561 897 588 923 et
608 893 699 923 venite
725 893 760 921 ad
779 900 839 927 me,
861 895 888 921 et
909 892 983 920 vivet

137 943 229 972 anima
249 944 355 976 vestra,
377 944 404 971 et
425 941 521 970 feriam
543 941 686 969 vobiscum
707 941 819 977 pactum
839 938 983 975 sempiter-

138 998 221 1024 num,
242 989 445 1019 misericordias
466 988 551 1017 David
572 988 666 1016 fideles
680 999 707 1015 ».
723 1003 762 1007 —
776 987 827 1015 Dat
845 986 927 1014 etiam
943 986 983 1014 vi-

138 1040 194 1066 tam
216 1036 416 1074 corporalem:
437 1035 511 1065 unde
532 1038 559 1064 et
580 1034 692 1063 subdit:
721 1035 754 1062 Et
780 1042 830 1071 eqo
858 1032 983 1061 resusci-

139 1084 204 1113 tabo
226 1093 291 1113 eum
312 1084 343 1112 in
364 1083 521 1111 novissimo
542 1081 604 1115 die,
633 1081 661 1109 in
687 1081 733 1109 illa
760 1080 845 1113 hora,
867 1079 900 1108 de
928 1087 984 1116 qua

139 1140 224 1169 supra
245 1131 384 1168 quinto4:
410 1141 424 1155 α
439 1129 519 1158 Venit
540 1129 625 1163 hora,
647 1128 674 1157 in
696 1136 752 1165 qua
765 1135 878 1162 omnes,
893 1127 941 1164 qui
956 1127 983 1155 in

138 1177 324 1207 monumentis
345 1179 426 1211 sunt,
454 1176 567 1205 audient
587 1182 682 1205 vocem
702 1175 760 1203 Filii
785 1174 850 1208 Dei;
872 1177 899 1203 et
919 1182 984 1211 pro-

139 1224 237 1254 cedent
265 1224 312 1261 qui
341 1224 413 1252 bona
437 1223 562 1252 fecerunt
583 1222 611 1251 in
632 1222 865 1251 resurrectionem
894 1221 983 1255 vitae,

139 1271 186 1309 qui
209 1279 275 1300 vero
295 1271 367 1299 mala
387 1273 504 1307 egerunt
525 1269 552 1298 in
574 1269 807 1298 resurrectionem
829 1268 963 1297 iudicii».

217 1318 264 1346 85.
287 1318 375 1354 (Vers.
399 1318 465 1350 56.).
497 1317 574 1346 Caro
596 1317 671 1345 enim
692 1324 757 1344 mea
777 1318 828 1344 etc.
851 1315 984 1351 Tangitur

138 1366 185 1395 hic
206 1365 335 1399 tertium,
358 1364 461 1393 scilicet
481 1362 645 1401 refectionis
666 1363 783 1392 veritas.
813 1362 884 1391 Vere
911 1362 984 1391 enim

140 1413 229 1442 reficit
257 1420 321 1441 caro
347 1411 464 1445 Christi,
494 1410 559 1448 quia
586 1418 670 1439 verus
691 1412 732 1439 est
752 1409 847 1443 cibus,
869 1411 896 1437 et
924 1408 984 1437 ideo

139 1460 223 1489 vitam
243 1459 298 1488 dat.
320 1459 468 1495 Propterea
488 1458 570 1486 dicit:
594 1457 670 1486 Caro
691 1457 768 1486 enim
786 1464 852 1484 mea
865 1464 931 1484 vere
944 1458 985 1483 est

140 1507 221 1537 cibus
229 1518 238 1541 ,·
259 1507 383 1535 ita‘vere
403 1505 478 1540 dixi,
500 1504 572 1542 quod
596 1504 680 1534 habet
694 1504 778 1532 vitam
800 1503 847 1540 qui
868 1502 984 1531 mandu-

139 1557 201 1590 cat;
223 1562 294 1583 caro
315 1553 391 1582 enim
411 1560 478 1581 mea
504 1560 569 1580 vere
596 1555 636 1580 est
663 1551 760 1585 cibus,
786 1558 840 1579 non
868 1550 985 1587 phanta-

140 1602 221 1636 stice,
244 1601 315 1630 sicut
337 1600 389 1629 cibi
411 1599 581 1636 corporales,
603 1599 651 1636 qui
672 1598 707 1627 ad
728 1600 900 1626 momentum
921 1597 985 1625 refi-

141 1649 218 1678 ciunt
238 1650 265 1677 et
286 1647 425 1676 deficiunt.
449 1647 485 1674 Et
504 1646 628 1683 sanquis
649 1653 730 1673 meus
751 1653 816 1673 vere
830 1648 871 1673 est
882 1647 984 1681 potus,

141 1695 207 1733 quia
228 1695 301 1724 sitim
322 1693 414 1723 aufert
434 1693 563 1726 omnino;
586 1700 671 1729 supra
685 1691 781 1720 eodem
793 1691 823 1719 5:
848 1702 861 1716 α
876 1691 927 1727 Qui
942 1698 986 1719 ve-

141 1743 183 1772 nit
206 1742 241 1770 ad
269 1749 313 1770 me
340 1748 395 1769 non
416 1739 538 1774 esuriet,
567 1742 594 1768 et
621 1739 669 1776 qui
697 1738 784 1767 credit
810 1738 839 1766 in
859 1745 904 1766 me
931 1745 985 1766 non

142 1789 215 1819 sitiet
242 1795 367 1825 unquam
380 1799 407 1815 ».
435 1787 466 1815 Et
486 1786 560 1823 quod
582 1794 646 1814 caro
667 1785 727 1814 eius
748 1785 783 1814 sit
803 1792 887 1814 verus
908 1784 987 1813 cibus

142 1835 270 1864 reficiens
300 1837 327 1863 et
357 1833 514 1867 vivificans,
549 1832 668 1861 ostendit
698 1832 744 1860 tali
780 1831 904 1860 ratione:
938 1831 987 1867 qui

140 1885 234 1915 manet
261 1882 289 1910 in
316 1888 361 1909 me
387 1880 455 1909 vivit
482 1882 596 1917 propter
617 1887 680 1913 me;
702 1879 750 1908 sed
770 1879 818 1916 qui
839 1879 988 1908 manducat

142 1937 232 1958 meam
260 1935 371 1957 carnem
399 1930 491 1956 manet
518 1927 546 1955 in
573 1934 635 1955 me:
666 1934 732 1963 ergo
760 1926 808 1963 qui
840 1926 988 1955 manducat

142 1983 231 2004 meam
253 1982 364 2004 carnem
386 1974 453 2002 vivit
474 1976 587 2010 propter
601 1981 654 2002 me.
669 1973 756 2002 Huius
769 1973 884 2002 rationis
897 1973 988 2010 primo

144 2022 221 2060 ponit
240 2022 399 2055 minorem,
421 2029 485 2050 cum
506 2021 592 2051 dicitz

223 2069 269 2097 86.
292 2069 380 2104 (Vers.
404 2068 470 2103 57).
495 2068 552 2104 Qui
565 2068 728 2096 manducat
742 2076 836 2096 meam
851 2076 987 2101 earnem,

145 2116 280 2153 spirituali
305 2115 531 2149 manducatione,
553 2118 577 2143 et
598 2114 668 2143 bibit
694 2123 789 2143 metim
814 2114 988 2152 sanquinem

145 2164 177 2192 in
187 2172 232 2192 me
242 2165 348 2196 manet,
360 2170 409 2199 per
421 2162 606 2196 dilectionem3
618 2161 723 2198 primae
735 2161 841 2190 loannis
855 2163 955 2198 quarto
963 2161 987 2189 ⁶:

149 2221 163 2235 <t
177 2210 230 2247 Qui
257 2212 349 2238 manet
374 2209 402 2237 iu
423 2209 536 2237 caritate
557 2209 585 2237 in
606 2209 662 2237 Deo
683 2211 789 2243 manet,
812 2211 839 2237 et
859 2209 933 2237 Deus
961 2208 988 2236 in

145 2264 178 2286 eo
189 2267 216 2291 »3
231 2259 256 2285 et
269 2265 318 2294 eyo
334 2257 365 2285 in
385 2265 432 2290 eo,
455 2263 504 2293 per
525 2255 771 2289 inhabitationem;
792 2255 864 2284 infra
884 2255 989 2284 decimo

146 2305 264 2341 quarto:
291 2314 305 2327 «
320 2302 345 2331 Si
367 2303 430 2340 quis
450 2302 538 2339 diligit
558 2310 618 2337 me,
639 2310 794 2332 sermonem
817 2310 911 2332 meum
931 2312 989 2333 ser-

211 2593 218 2606 ¹
238 2594 302 2617 Vers.
319 2594 358 2616 57.

213 2631 222 2645 ²
239 2633 278 2655 Ed.
297 2632 352 2663 quia
369 2633 412 2663 qui
427 2633 515 2656 Christi
531 2633 601 2663 cliyne
622 2634 753 2658 manducat
774 2641 871 2658 carnem
893 2637 914 2659 et
937 2635 991 2659 bibit

148 2672 297 2702 sanquinem.

211 2709 220 2723 ⁸
237 2711 303 2733 Vers.
321 2712 343 2733 2.
359 2717 423 2740 seqq.

213 2749 223 2762 *¹
241 2750 306 2772 Vers.
323 2751 360 2772 28.
379 2753 401 2772 et
417 2750 454 2773 29.

214 2788 224 2801 ⁶
242 2790 308 2812 Vers.
325 2789 362 2812 35.

212 2826 222 2840 ³
240 2829 305 2851 Vers.
323 2829 360 2851 46.
375 2842 407 2845 —
424 2829 532 2858 Sequitur
549 2830 609 2852 loan.
628 2829 668 2858 ⁴4,
686 2830 723 2852 23.

213 2865 222 2879 ⁷
240 2868 283 2890 Pro
300 2867 325 2890 in
341 2867 415 2890 simili
431 2868 469 2890 ed.
486 2874 539 2891 cum
556 2868 636 2896 paucis
653 2868 721 2891 codd.
738 2868 762 2891 in
778 2868 940 2892 similitudine.

213 2903 222 2917 Β
240 2906 305 2929 Vers.
322 2907 359 2929 26.
375 2919 406 2923 —
424 2907 476 2935 Seq.
493 2907 557 2929 loeus
573 2909 607 2929 est
624 2908 685 2930 loan.
709 2907 750 2935 lt,
768 2908 805 2930 40.

1824 116 1880 145 333

1038 192 1126 226 vabit;
1149 196 1176 221 et
1197 193 1276 222 Pater
1296 201 1375 223 meus
1396 194 1490 231 diliget
1510 202 1592 228 eum,
1614 196 1641 222 et
1661 194 1695 222 ad
1710 202 1773 222 eum
1790 194 1881 222 venie-

1038 247 1102 267 mus
1122 242 1149 267 et
1170 240 1339 269 mansionem
1360 241 1433 277 apud
1454 249 1517 269 eum
1533 241 1665 269 faciemus
1678 253 1704 269 ».
1722 241 1814 269 Posuit
1828 241 1881 269 mi-

1038 293 1155 319 norem,
1177 286 1271 315 subdit
1292 287 1483 323 probationem
1502 287 1646 322 maioris,
1668 287 1742 317 illius
1763 287 1881 322 scilicet,

1038 331 1112 368 quod
1133 332 1181 368 qui
1202 335 1295 361 manet
1315 333 1343 362 in
1363 333 1429 362 Filio
1456 333 1525 363 vivit
1552 336 1666 370 propter
1693 333 1780 363 illum.
1810 334 1882 364 Hane

1038 378 1193 408 manifestat
1214 379 1241 407 in
1263 379 1343 408 simili
1356 379 1377 408 ⁷.

1117 425 1162 453 87.
1186 425 1274 461 (Vers.
1298 426 1364 462 58).
1388 426 1470 455 Sicut
1491 427 1571 455 misit
1590 435 1634 456 me
1654 426 1752 456 vivens
1775 427 1882 460 Pacem
1900 433 1987 460 Probatjw

1038 470 1150 506 vivens,
1165 480 1215 508 per
1229 473 1395 507 essentiam;
1416 476 1441 501 et
1462 482 1512 510 ⁶³9⁰
1532 473 1598 503 vivo
1609 477 1730 510 propter
1746 474 1881 508 Patrem,
1905 462 1988 476 ‘flamm'

1038 518 1141 548 scilicet
1163 519 1228 555 quia
1248 519 1283 548 ab
1304 520 1363 556 ipso
1385 520 1466 549 vitam
1496 520 1602 555 habeo;
1631 528 1716 557 supra
1742 520 1880 557 quinto⁸z

1043 575 1057 589 a
1071 564 1147 593 Sicut
1168 565 1246 594 Pater
1268 566 1351 596 habet
1372 566 1456 597 vitam
1478 567 1505 597 in
1526 567 1687 604 semetipso,
1709 567 1748 597 sic
1767 567 1842 597 dedit
1855 570 1883 596 et

1038 611 1104 639 Filio
1124 612 1227 641 habere
1249 613 1332 642 vitam
1355 613 1383 642 in
1405 614 1552 650 semetipso
1568 626 1594 648 »,
1616 617 1644 642 et
1665 614 1716 643 hoc
1731 622 1747 642 a
1762 614 1840 643 Patre
1854 614 1883 644 in

1038 657 1098 694 ipso
1119 662 1264 693 manente;
1287 659 1358 689 infra
1377 659 1484 690 decimo
1505 663 1623 697 quarto:
1650 672 1663 685 «
1679 660 1733 697 Ego
1747 660 1774 690 in
1790 660 1882 694 Patre,

1039 708 1066 735 et
1086 706 1165 734 Pater
1186 706 1214 734 in
1236 714 1279 735 me
1300 709 1342 736 est
1353 717 1379 740 »ς
1401 710 1429 736 et
1442 715 1479 736 ex
1494 707 1546 735 hoc
1561 707 1679 737 habetur
1693 707 1809 736 maior.-
1830 707 1883 743 Qui

1040 755 1132 782 manet
1153 753 1179 781 in
1202 761 1247 782 me
1267 755 1319 782 etc.
1342 754 1373 782 Et
1393 761 1431 783 ex
1452 754 1505 783 hoc
1526 753 1644 782 infertur
1665 754 1825 784 conclusio:
1850 754 1884 782 Et
1901 759 2005 778 Conc1usio.

1039 800 1091 838 qui
1110 800 1273 829 manducat
1291 809 1352 834 me,
1373 804 1400 829 et
1419 800 1479 837 ipse
1497 800 1571 829 vivet
1588 804 1709 837 propter
1729 810 1773 830 me
1784 811 1794 834 ,·
1818 800 1883 837 quia

1039 847 1142 876 scilicet
1162 850 1255 876 manet
1276 847 1303 876 in
1325 847 1382 877 vita
1401 847 1609 881 manducando,
1631 855 1696 877 vere
1712 850 1823 884 propter
1839 855 1883 876 me

1042 893 1119 928 vivit,
1148 894 1229 930 quia,
1258 894 1330 924 sicut
1358 894 1429 924 infra
1456 894 1624 924 undecim0⁹
1652 894 1770 928 dicitur,
1805 901 1884 930 «ego

1040 948 1102 969 sum
1123 941 1291 969 resurrectio
1313 944 1339 969 et
1360 941 1416 969 vita
1430 953 1457 969 ».

1118 988 1164 1016 88.
1187 988 1275 1023 (Vers.
1299 987 1365 1024 59.)
1388 988 1443 1016 Hie
1464 991 1504 1016 est
1521 988 1611 1024 panis
1625 990 1675 1017 etc.
1691 988 1824 1025 Tangitur
1839 988 1883 1016 hic
1900 994 1997 1017 Quartum-

1040 1037 1189 1071 quartum,
1212 1034 1315 1065 scilicet
1333 1033 1498 1072 refectionis
1512 1034 1660 1071 diynitas,
1682 1042 1753 1071 quae
1773 1033 1884 1063 excellit

1040 1082 1114 1110 illam
1130 1084 1242 1118 patrum
1257 1081 1433 1110 refectionem
1443 1104 1450 1115 ,
1465 1089 1549 1118 quam
1571 1089 1657 1118 supra
1678 1080 1825 1112 laudabant
1841 1081 1884 1110 lu-

1040 1128 1115 1163 daei,
1136 1131 1165 1158 et
1185 1129 1251 1165 quia
1271 1128 1412 1161 nobilior,
1434 1131 1461 1156 et
1482 1128 1547 1165 quia
1568 1127 1806 1164 permanentior.-
1834 1136 1884 1156 no·
1903 1134 2030 1160 Refqeiionw

1041 1175 1143 1210 bilior,
1165 1176 1231 1212 quia
1252 1175 1303 1204 iste
1323 1175 1357 1203 de
1379 1175 1472 1209 caelo;
1494 1174 1567 1203 unde
1588 1174 1672 1204 dicit:
1695 1174 1749 1203 Hie
1774 1177 1814 1202 est
1831 1182 1885 1211 pa·
1932 1157 1993 1176 bum*

1041 1222 1104 1256 nis,
1125 1222 1178 1260 qui
1197 1222 1230 1251 cle
1252 1222 1329 1251 caelo
1350 1221 1515 1254 descenclit;
1530 1229 1615 1258 supra
1629 1220 1725 1250 eodem
1738 1221 1775 1249 l⁰:
1802 1221 1895 1251 «Non‘

1041 1270 1146 1307 Moyses
1166 1269 1241 1298 dedit
1262 1269 1340 1298 vobis
1360 1276 1459 1305 panem
1478 1268 1512 1297 de
1533 1269 1623 1302 caele,
1639 1268 1685 1297 sed
1707 1268 1785 1297 Pater
1807 1275 1886 1297 meus

1040 1318 1088 1346 dat
1108 1317 1185 1346 vobis
1206 1324 1305 1353 panem
1325 1316 1359 1345 de
1380 1316 1455 1345 caelo
1470 1328 1497 1349 »,
1518 1318 1546 1344 et
1566 1315 1604 1344 ita
1629 1315 1747 1344 nobilior
1768 1318 1817 1344 est.
1840 1315 1886 1343 Est
1912 1321 2020 1348 1tem‚per-

1041 1364 1123 1393 etiam
1142 1364 1375 1401 permanentior,
1397 1363 1463 1400 quia
1483 1363 1528 1391 ille
1549 1362 1729 1391 conservabat
1744 1365 1885 1399 tempora-
1903 1346 2013 1363 mmmm

1041 1412 1120 1445 liter,
1142 1411 1193 1440 iste
1214 1419 1281 1439 vero
1296 1410 1502 1444 aeternaliter;
1523 1409 1597 1438 unde
1618 1409 1701 1438 dicit:
1725 1408 1789 1437 Non
1810 1409 1887 1437 sieut

1038 1462 1139 1496 patres
1174 1458 1265 1486 vestri
1294 1458 1551 1486 manducaverunt
1580 1465 1693 1486 manna
1721 1459 1747 1484 ct
1777 1455 1888 1484 mortui

1040 1509 1127 1539 sunt,
1152 1508 1179 1534 et
1208 1505 1245 1533 ita
1266 1504 1462 1542 temporaliter
1484 1503 1655 1537 conservati,
1677 1503 1743 1540 quia
1764 1503 1791 1531 in
1819 1509 1886 1538 qua-

1041 1552 1168 1589 draginta
1194 1552 1273 1580 annis
1299 1551 1403 1580 mortui
1432 1551 1459 1579 in
1487 1551 1612 1584 deserto,
1638 1549 1791 1579 secundum
1818 1548 1887 1577 illud

1043 1599 1139 1627 Psalmi
1153 1599 1175 1615 ¹²
1188 1609 1193 1626 :
1211 1610 1225 1623 «
1236 1597 1422 1634 Quadraginta
1436 1597 1514 1626 annis
1528 1597 1649 1626 offensus
1664 1596 1701 1625 fui
1717 1595 1886 1633 generationi

1042 1646 1109 1674 illi»
1129 1648 1196 1679 etc.;
1218 1646 1403 1673 Numerorum
1424 1644 1530 1673 decimo
1551 1647 1669 1681 quarto:
1694 1655 1708 1668 «
1723 1643 1780 1672 Filii
1801 1642 1886 1671 vestri

1043 1695 1125 1721 erunt
1153 1692 1213 1729 vagi
1242 1692 1270 1719 in
1297 1691 1406 1720 deserto
1434 1691 1512 1720 annis
1539 1691 1722 1728 quadraginta
1746 1693 1773 1719 et
1795 1692 1886 1727 porta-

1043 1740 1113 1768 bunt
1134 1739 1342 1767 fornicationem
1364 1741 1499 1772 vestram,
1521 1738 1607 1767 donec
1628 1741 1827 1766 consumantur
1841 1744 1886 1765 ca-

1043 1786 1145 1815 davera
1166 1788 1277 1823 patrum
1299 1785 1325 1813 in
1347 1785 1497 1814 deserto».
1528 1785 1579 1813 Sed
1607 1785 1657 1813 iste
1683 1784 1886 1816 aeternalitert

1043 1833 1117 1862 unde
1144 1833 1228 1862 dicit:
1260 1833 1317 1869 Qui
1344 1832 1504 1861 manducat
1532 1830 1609 1860 bunc
1626 1840 1734 1868 panem
1754 1831 1829 1859 vivet
1855 1830 1887 1859 in

1044 1884 1216 1914 aeternum:
1245 1880 1290 1908 ille
1318 1880 1435 1913 scilicet,
1461 1879 1508 1916 qui
1530 1878 1610 1915 digne
1632 1878 1793 1912 manducat,
1815 1877 1887 1905 vivet

1044 1929 1076 1957 in
1097 1931 1264 1961 aeternum,
1287 1927 1367 1964 quia,
1392 1926 1545 1955 secundum
1566 1925 1640 1963 quod
1661 1925 1761 1954 dicitur
1783 1924 1887 1961 primae

1045 1975 1078 2004 ad
1100 1975 1256 2003 Corinthios
1283 1974 1429 2003 undecimo
1442 1973 1480 2008 ²2,
1506 1985 1519 1998 «
1534 1973 1581 2010 qui
1604 1972 1751 2001 manducat
1772 1975 1799 2000 et
1819 1971 1887 2000 bibit

1045 2022 1155 2059 indigne
1176 2022 1308 2050 iudicium
1331 2021 1381 2050 sibi
1403 2020 1551 2049 manducat
1572 2023 1599 2049 et
1620 2020 1688 2048 bibit
1702 2031 1729 2054 »;
1748 2019 1796 2056 qui
1810 2025 1888 2047 man*-

1045 2069 1128 2098 ducat
1148 2069 1228 2106 digne
1250 2069 1323 2097 vivet
1344 2068 1370 2097 in
1386 2071 1537 2097 aeternum.
1554 2068 1638 2103 Saepe
1654 2066 1789 2103 promittit
1803 2066 1887 2094 vitam

1045 2119 1201 2150 aeternam,
1229 2118 1256 2144 et
1283 2118 1315 2144 ut
1341 2118 1471 2152 appetant
1499 2114 1590 2143 cibum
1619 2114 1712 2147 illum,
1740 2116 1768 2142 et
1795 2117 1826 2141 ut
1854 2112 1888 2141 ab

1045 2171 1139 2192 amore
1170 2166 1296 2191 terrenae
1327 2162 1398 2190 vitae
1429 2169 1475 2190 eos
1505 2161 1648 2189 abstrahat
1678 2160 1711 2188 ad
1739 2162 1886 2188 aeternam.

1048 2211 1124 2239 Sicut
1145 2210 1217 2239 enim
1246 2209 1347 2238 dicitur
1375 2208 1503 2237 Matthaei
1524 2207 1630 2236 decimo
1643 2207 1684 2235 ¹³:
1711 2218 1724 2232 «
1738 2206 1790 2243 Qui
1815 2209 1890 2234 amat

1046 2257 1165 2286 animam
1193 2264 1272 2286 suam
1294 2255 1356 2293 plus
1378 2263 1461 2292 quam
1481 2262 1526 2283 me
1546 2262 1602 2283 non
1623 2256 1664 2282 est
1684 2261 1728 2282 me
1749 2253 1848 2290 dignus
1861 2263 1888 2287 »;

1046 2303 1253 2333 Deuteronomii
1275 2302 1433 2339 trigesimo:
1461 2312 1474 2327 a<
1489 2301 1562 2338 Elige
1582 2300 1631 2329 tibi
1652 2300 1735 2329 vitam
1750 2312 1777 2328 ».

1113 2635 1132 2648 ¹⁰
1150 2636 1214 2657 Vers.
1232 2635 1270 2657 32.

1113 2674 1131 2686 ¹¹
1149 2674 1230 2696 Psalm.
1248 2673 1290 2700 94,
1310 2673 1346 2695 40.
1363 2685 1395 2689 -
1412 2672 1519 2701 Sequitur
1536 2672 1603 2694 Num.
1622 2670 1663 2700 ⁴4,
1681 2671 1717 2693 33.

1113 2712 1131 2725 ¹²
1150 2713 1214 2735 Vers.
1232 2712 1268 2734 29.

1113 2750 1132 2764 ²³
1151 2752 1215 2774 Vers.
1228 2751 1270 2773 37:
1281 2751 1323 2779 Qui
1334 2753 1396 2773 amat
1404 2753 1493 2779 patrem
1502 2752 1541 2772 aut
1550 2752 1646 2771 matrem
1654 2749 1781 2777 plusquam
1791 2754 1827 2770 me
1837 2750 1891 2774 etc.;

1049 2798 1072 2813 v.
1091 2791 1118 2813 39
1130 2799 1135 2813 ;
1154 2791 1197 2819 Qui
1214 2790 1301 2813 invenit
1317 2790 1417 2812 animam
1430 2795 1494 2812 suam
1507 2788 1589 2817 perdet
1600 2788 1659 2810 illam
1672 2789 1714 2810 etc.
1726 2786 1772 2809 Csr.
1783 2787 1837 2809 Luc.
1851 2786 1891 2813 14,

1050 2830 1095 2852 26:
1116 2830 1139 2852 Si
1155 2830 1208 2858 quis
1225 2829 1287 2851 venit
1304 2829 1333 2851 ad
1350 2835 1388 2851 me
1405 2830 1428 2850 et
1446 2834 1492 2850 non
1514 2828 1563 2850 odit
1584 2829 1696 2855 patrem...
1718 2826 1793 2848 adbuc
1815 2827 1891 2848 autem

1050 2871 1072 2891 et
1089 2869 1190 2890 animam
1208 2874 1287 2895 suam,
1304 2874 1352 2890 non
1369 2869 1444 2896 potest
1460 2873 1526 2889 meus
1542 2873 1592 2889 esse
1609 2865 1742 2893 discipulus.
1753 2876 1785 2881 —
1796 2865 1848 2893 Seq.
1860 2864 1891 2886 lo-

1050 2913 1091 2929 cus
1109 2909 1143 2929 est
1159 2907 1225 2929 Deut.
1242 2906 1284 2935 30,
1302 2906 1340 2929 4⁹.

1017 2597 1022 2769 ι
1110 2595 1120 2608 ⁹
1137 2597 1202 2619 Vers.
1212 2596 1250 2618 25.
1261 2608 1291 2611 —
1303 2595 1355 2617 Post
1366 2600 1420 2618 vere
1428 2595 1527 2624 propter
1538 2599 1575 2616 me
1586 2599 1613 2616 ex
1624 2593 1643 2615 D
1654 2592 1814 2621 supplevimus
1825 2591 1888 2615 vicit.
