2296 3316
6 1175 8 1179 ⁴
27 1170 119 1195 Quaestio.

67 1357 122 1380 Resp.

34 1495 114 1516 Obiectio
117 1509 122 1514 .

66 1635 122 1659 Resp.

45 1821 122 1841 Salutio.

724 152 892 181 COMMENT.
916 152 947 180 lN
969 152 1158 181 SAPIENTIAM
1179 153 1206 181 C.
1230 154 1294 182 XlV.

218 232 306 269 (Vers.
329 232 396 266 at).
422 232 456 259 Et
476 230 545 259 haec
565 229 624 267 fuit
645 230 720 258 vitae
737 228 885 257 humanae
905 229 981 257 dece-

139 280 216 317 ptio,
237 279 264 307 id
284 280 326 307 est
346 285 429 306 causa
450 277 629 313 deceptionis,
658 284 753 310 causa,
775 276 901 312 inquam,
930 276 981 304 du-

0 321 216 379 bupiexzportaplex,
238 324 317 362 quasi
344 324 449 360 duplex
477 326 556 359 porta
576 322 689 355 mortis,
719 322 821 350 scilicet
842 330 927 349 amor
955 325 981 350 et

0 370 1 383 1
26 365 95 380 moris.

139 372 234 405 timor,
253 370 404 400 secundum
423 369 545 398 Glossam
567 376 651 405 super
672 368 741 396 illud
761 368 858 396 Psalmi
871 369 894 395 1:
914 379 927 392 «
940 368 981 396 13-

138 426 219 447 censa
245 417 300 454 igni
328 419 356 445 et
376 416 492 445 53110553
507 427 520 441 »
545 418 595 444 etc.
620 415 766 450 Quoniam
794 418 892 442 aute-in
913 413 981 452 affe—

138 464 214 497 ctui,
236 464 339 493 scilicet
359 463 472 500 proprio
493 463 520 491 in
540 462 718 491 honoratione
739 461 906 494 amicorum,
929 467 982 490 aut

137 510 267 548 reyibus,
283 509 310 537 in
332 508 508 538 veneratione
523 510 678 545 potentum;
700 507 794 536 Glossa
805 507 829 534 ²:
848 518 862 532 «
874 507 916 535 Sic
931 515 980 544 per

137 557 253 594 populos
278 559 305 585 et
331 556 498 593 regiones»,
520 554 623 583 scilicet
646 562 713 591 prae
738 554 909 587 adulatione,
938 555 980 583 vel

137 611 203 640 prae
224 603 331 636 timore,
351 614 364 627 «
377 602 452 631 varia
472 609 550 630 sacra
570 604 698 637 suscepta
711 603 789 634 sunt,
809 600 876 628 dum
892 601 980 628 homi-

137 657 185 678 nes
206 649 277 686 grati
305 657 363 678 esse
385 649 413 676 in
439 656 504 676 suos
536 648 674 684 principes
702 647 817 683 cupiunt
833 658 864 681 »3
886 648 980 675 deser-

136 696 257 730 vientes,
279 696 306 724 id
333 698 374 724 est
395 695 492 723 devote
519 695 685 728 servientes,
714 693 855 728 homines,
885 697 980 722 contra

137 742 205 771 illud
226 742 331 779 primae
352 741 386 770 ad
406 741 562 769 Corinthios
589 740 743 777 septimo³:
769 751 783 765 a
802 740 888 769 Nolite
909 740 979 769 effici

137 789 209 817 servi
231 788 412 816 hominum».
432 786 708 815 Incommunicabiie
728 795 851 820 nomen,-
869 786 978 815 Glossa:

142 846 155 860 (1
170 835 218 863 Ι)61
237 834 431 871 omnipotentis
446 845 472 868 n,
495 834 560 870 quia
575 834 677 862 scilicet
698 833 800 867 forma,
822 842 838 862 a
858 834 978 870 (133131-

137 881 257 918 positum
278 883 319 909 est
338 888 437 909 nomen
458 881 526 909 illud
546 881 631 914 Deus,
654 880 918 909 incommunicabilis
939 883 980 909 est

137 928 285 962 creaturis,
300 927 535 956 communicabilis
556 930 647 956 tamen
662 929 704 955 est
721 927 846 963 personis
866 927 978 961 divinis;

137 973 284 1011 lapidibus
304 977 329 1002 et
350 973 436 1010 lignis
458 973 672 1010 imposuerunt,
695 977 791 1002 contra
811 973 879 1002 illud
900 981 979 1010 prae-

137 1024 262 1057 ceptum,
279 1020 363 1049 Exodi
379 1020 510 1057 vigesimo
521 1020 547 1048 ⁴:
574 1031 588 1045 <x
602 1020 660 1048 Non
676 1027 801 1048 assumes
815 1027 915 1048 nomen
931 1020 979 1048 Dei

138 1068 177 1096 tui
199 1067 226 1095 in
247 1075 348 1095 vanum
363 1078 389 1095 ι».

215 1114 267 1142 San
288 1121 409 1142 cournA:
433 1113 518 1142 Exodi
540 1113 693 1149 septimo⁵z
716 1113 827 1147 «Ecce,
849 1113 978 1142 constitui

137 1162 163 1189 te
190 1160 273 1188 deum
293 1160 441 1188 Pharaonis
455 1171 485 1194 »ς
507 1160 573 1188 116111
595 1159 622 1187 in
638 1159 777 1187 Psalmo⁶:
804 1171 817 1184 <1
832 1160 887 1196 Ego
907 1159 978 1187 dixi:

136 1206 173 1235 dii
194 1206 259 1235 estis
276 1218 289 1231 »
315 1209 382 1235 etc:
405 1214 471 1243 ergo
491 1214 591 1234 nomen
614 1206 667 1234 Dei
691 1209 732 1234 est
753 1206 980 1234 communicabile

137 1253 281 1282 creaturis.

216 1299 383 1334 Dicendum,
409 1299 482 1336 quod
510 1299 584 1327 Deus
611 1299 756 1336 tripliciter
783 1299 902 1327 dicitur:
927 1308 981 1327 na-

141 1350 223 1380 tura,
245 1346 410 1383 adoptione,
432 1346 657 1382 nuncupatione.
680 1346 770 1374 Primo
783 1346 864 1374 modo
886 1349 926 1374 est
940 1346 981 1374 in-

139 1393 381 1427 communicabile;
403 1392 523 1421 secundo
544 1394 571 1421 et
592 1392 673 1421 tertio
693 1392 774 1421 modo
795 1401 850 1421 non
862 1392 881 1420 ⁷.

217 1440 269 1468 SED
284 1447 407 1468 courna:
422 1439 492 1476 Quia
505 1439 615 1468 Christo
629 1439 732 1468 homini
747 1440 980 1468 communicatum

138 1488 180 1515 est
199 1493 298 1514 nomen
319 1485 457 1519 divinum;
479 1485 553 1514 unde
567 1485 601 1514 ad
615 1486 801 1522 Philippenses
823 1485 980 1514 secundo⁸:

143 1543 157 1557 «
171 1532 250 1560 Dedit
270 1532 308 1560 illi
328 1540 444 1566 nomen,
466 1532 540 1569 quod
561 1535 602 1561 est
623 1540 707 1569 super
727 1540 809 1561 omne
830 1540 967 1561 nomen».

217 1579 267 1608 Sed
281 1579 441 1613 dicendum,
457 1579 531 1616 quod
545 1587 600 1608 non
621 1582 662 1608 est
677 1579 909 1608 communicatum
924 1588 982 1607 non

139 1625 255 1654 habenti
277 1626 368 1663 prius,
390 1626 437 1655 sed
465 1626 550 1654 aliter
571 1634 654 1663 quam
669 1626 760 1662 prius,
782 1626 847 1662 quia
867 1626 919 1654 hoc
933 1634 982 1653 no-

138 1680 202 1701 men
223 1680 357 1709 personae
377 1673 519 1706 convenit,
537 1680 592 1701 non
613 1675 744 1706 naturae,
759 1672 862 1700 scilicet
883 1672 981 1700 huma—

138 1727 204 1753 nae,
227 1719 274 1748 sed
295 1722 386 1748 tamen
408 1719 518 1747 habenti
540 1722 669 1747 naturam
691 1719 849 1747 humanam.

216 1765 255 1793 Ad
274 1765 343 1793 illud
363 1765 437 1802 quod
458 1764 603 1793 obiicitur:
625 1764 705 1793 Dedit
728 1764 765 1792 ilii
788 1772 889 1793 nomen
909 1766 980 1797 etc.;

137 1811 300 1846 dicendum,
322 1811 397 1848 quod
418 1811 497 1839 datio
519 1811 555 1839 ibi
583 1811 718 1847 accipitur
738 1819 789 1847 pro
809 1809 981 1848 manifesta-

139 1858 220 1887 tione.
243 1859 306 1887 Vel:
332 1858 406 1886 dedit
433 1858 472 1886 illi
493 1858 521 1886 in
548 1860 649 1886 natura
669 1858 805 1891 humana,
827 1857 873 1894 qui
902 1858 981 1894 prius

139 1905 258 1934 habebat
277 1905 305 1933 in
325 1905 418 1934 divina
428 1905 448 1933 ⁹.

263 1982 347 2009 Quarto
364 1981 494 2005 detestatur
510 1981 571 2005 idola
587 1982 613 2005 ob
630 1981 734 2005 effectum
750 1981 861 2005 humanae

416 2020 568 2051 corruptionis
586 2020 703 2051 duplicem.

217 2092 252 2119 Et
277 2100 336 2120 non
363 2090 524 2129 suffecerat.
547 2091 594 2120 Hic
621 2091 744 2128 tangitur
772 2091 870 2119 ultima
898 2098 981 2119 causa

139 2137 325 2166 detestationis
352 2137 504 2172 idolorum,
534 2141 625 2166 sumta
648 2137 683 2166 ab
710 2137 808 2175 effectu
832 2136 980 2166 humanae

1820 158 1873 185 201

1038 231 1251 267 corruptionis;
1273 234 1299 259 et
1321 231 1410 267 primo
1426 232 1546 268 tangitur
1568 232 1595 260 in
1609 233 1759 262 idololatris
1779 242 1877 262 exeae-

1037 277 1113 304 catio
1134 277 1253 310 mentis;
1276 277 1412 311 secundo,
1434 278 1583 315 corruptio
1598 279 1708 316 operis:
1728 280 1787 307 Aut
1801 280 1877 309 enim

1037 321 1129 358 (ilios,·
1152 323 1244 356 tertio,
1266 323 1483 352 rationabilitas
1497 326 1707 354 excaecationis
1727 329 1754 354 et
1775 335 1877 354 corru-

1034 369 1160 405 ptionis:
1177 371 1211 397 Et
1225 370 1339 403 omnim
1354 372 1466 406 quarto,
1484 379 1577 399 causa
1592 372 1757 409 utriusque.-
1772 372 1877 410 Infan-

1038 415 1144 443 dorum.
1165 416 1248 444 enim.

1116 463 1203 498 (Vers.
1226 463 1292 498 22).
1321 463 1391 491 Dicit
1418 470 1498 500 ergo:
1525 465 1561 492 Et
1579 473 1637 493 non
1661 464 1813 503 suffecerat
1833 475 1877 494 er—

1037 517 1119 536 rasse
1139 518 1200 541 eos,-
1221 509 1315 537 Glossa
1329 510 1370 537 ¹⁰:
1401 521 1414 534 «
1429 509 1497 538 Cum
1511 510 1578 539 falsa
1598 511 1728 548 religione
1750 512 1877 541 omnibus

1037 554 1110 583 vitiis
1137 562 1166 583 se
1193 555 1376 583 subdiderunt
1397 566 1427 589 »;
1454 564 1585 589 errasse,
1614 557 1742 595 inquam,
1775 558 1877 587 scilicet

1036 600 1118 629 circa
1146 601 1199 629 Dei
1224 602 1388 636 scientiam,
1417 602 1443 630 id
1472 606 1512 631 est
1539 604 1640 638 fidem3
1667 613 1752 641 supra
1772 605 1877 634 decimo

1037 648 1132 675 tertio:
1159 659 1172 672 «
1188 648 1255 676 Vani
1280 651 1345 676 sunt
1366 657 1459 678 omnes
1485 650 1621 684 homines,
1650 651 1678 679 in
1699 651 1801 688 quibus
1822 660 1876 680 non

1036 694 1131 722 subest
1152 694 1264 722 scientia
1286 695 1332 723 Dei
1348 707 1373 722 ».
1397 696 1451 724 Sed
1470 699 1496 724 et
1516 697 1547 724 in
1567 705 1674 734 niayno
1697 698 1876 726 01116711εεὶ71-

1035 740 1186 773 scientiae,
1209 741 1235 768 id
1256 744 1296 769 est
1318 741 1499 776 infidelitatis,
1522 743 1602 777 helio,
1625 752 1674 780 per
1695 752 1777 781 1111313
1806 745 1877 773 56111-

1036 790 1079 815 661
1107 787 1295 815 infidelitatem
1323 788 1456 817 adversus
1477 789 1564 817 Deum
1593 790 1708 824 bellant;
1738 791 1810 819 unde
1832 791 1877 819 lob

1038 833 1166 870 vigesimo
1187 836 1287 870 quarto
1302 835 1340 862 l¹:
1367 846 1380 859 «
1402 835 1453 871 Ipsi
1474 835 1588 864 fuerunt
1602 836 1718 865 rebelles
1737 837 1874 865 lumini».

1043 880 1106 913 Tot,
1129 880 1231 908 scilicet
1245 881 1335 917 quoad
1350 889 1512 916 numerum,
1527 886 1552 910 et
1573 886 1633 911 tani
1647 892 1771 920 nzaqna,
1790 892 1877 920 quan-

1036 929 1094 955 tum
1109 927 1143 954 ad
1158 927 1353 961 intensionem,
1369 929 1410 956 vel
1425 932 1559 965 quantum
1574 929 1607 957 ad
1621 929 1773 958 durationis
1791 938 1878 967 quan-

1035 974 1156 1007 titatem;
1177 974 1275 1007 mala,
1301 978 1436 1011 quantum
1464 975 1497 1003 ad
1518 976 1732 1011 deformitatem,
1755 980 1809 1010 tot,
1837 977 1877 1005 in-

1036 1028 1137 1056 quam,
1169 1024 1195 1048 et
1225 1023 1285 1048 tam
1314 1029 1425 1058 11111930
1455 1022 1552 1056 mala,
1584 1023 1611 1050 in
1642 1023 1744 1059 quibus
1776 1023 1878 1051 scilicet

1035 1067 1148 1100 vivunt,
1168 1075 1269 1104 pacem
1291 1068 1456 1104 appeliant,
1484 1069 1636 1097 secundum
1667 1069 1736 1097 illud
1763 1070 1808 1097 Iob
1829 1070 1877 1097 tri-

1036 1114 1140 1150 gesimo
1154 1114 1190 1141 ¹2:
1219 1125 1232 1139 «
1251 1114 1281 1142 Et
1303 1122 1361 1143 esse
1383 1115 1434 1143 sub
1462 1115 1586 1144 sentibus
1607 1115 1716 1144 delicias
1738 1118 1877 1152 computa-

1037 1160 1102 1188 bant
1124 1171 1156 1194 »;
1180 1161 1307 1189 1616111136
1332 1164 1427 1190 sexto:
1453 1173 1467 1186 «
1490 1162 1629 1190 Dicentes:
1658 1170 1730 1198 pax,
1751 1170 1822 1198 pax3
1850 1166 1877 1190 et

1036 1215 1091 1234 non
1112 1210 1171 1235 erat
1192 1215 1247 1243 pax
1260 1218 1289 1239 »ς
1305 1207 1410 1236 Glossa:
1438 1220 1450 1233 n
1462 1209 1518 1236 Sub
1540 1216 1624 1245 regno
1642 1208 1741 1237 diaboli
1761 1208 1877 1237 diversis

1038 1253 1109 1281 vitiis
1131 1254 1245 1281 subiecti
1267 1261 1360 1282 veram
1382 1262 1475 1290 pacem
1498 1255 1600 1283 habere
1614 1263 1669 1283 non
1690 1258 1856 1291 poterant».

1117 1301 1176 1327 Aut
1196 1300 1272 1328 enim
1286 1303 1336 1328 etc.
1353 1301 1399 1329 Hic
1413 1304 1557 1329 enumerat
1571 1302 1654 1335 13313,
1673 1302 1775 1338 quibus
1797 1310 1879 1338 opere

1038 1349 1102 1374 sunt
1123 1347 1260 1383 corrupti:
1283 1347 1387 1383 primo,
1409 1348 1513 1375 malum
1528 1348 1682 1384 specialiter
1703 1349 1878 1377 commissum

1038 1393 1065 1421 in
1088 1393 1197 1426 Deum,-
1218 1394 1354 1427 secundO,
1375 1394 1529 1430 specialiter
1550 1395 1726 1423 commissum
1747 1395 1775 1423 in
1809 1404 1838 1423 se
1851 1398 1878 1424 et

1038 1440 1065 1467 in
1084 1440 1273 1476 proximum:
1297 1440 1392 1478 Neque
1412 1441 1512 1468 vitam.

1117 1487 1204 1523 (Vers.
1227 1487 1294 1522 23).
1323 1487 1393 1515 Dicit
1421 1495 1499 1523 ergo:
1522 1488 1582 1515 Aut
1609 1488 1685 1516 enim
1709 1487 1784 1524 lilios
1811 1497 1880 1517 suos

1037 1532 1255 1569 sacrificante&
1277 1533 1429 1561 secundum
1451 1533 1519 1562 illud
1540 1534 1638 1562 Psalmi
1650 1535 1688 1562 ¹³:
1708 1546 1722 1559 «
1738 1535 1769 1563 Et
1783 1535 1879 1563 immo-

1038 1579 1166 1607 laverunt
1186 1579 1257 1608 filios
1278 1587 1342 1608 suos
1363 1583 1390 1608 et
1418 1580 1487 1609 filias
1509 1589 1573 1609 51135
1593 1581 1742 1610 daemoniis
1758 1593 1787 1615 »;
1817 1582 1879 1610 Eze-

1040 1625 1133 1653 61116115
1154 1625 1260 1654 (1661130
1281 1628 1376 1654 sexto:
1402 1627 1556 1663 «Nunquid
1576 1635 1662 1663 parva
1682 1630 1724 1656 est
1737 1628 1880 1656 fornicatio

1038 1675 1106 1700 tua?
1125 1672 1271 1700 Immolasti
1287 1673 1357 1701 filios
1371 1681 1446 1702 meos
1467 1677 1492 1702 et
1507 1673 1619 1708 dedisti,
1642 1675 1702 1703 illos
1717 1682 1879 1703 consecrans

1038 1718 1078 1746 eis
1096 1730 1126 1751 ι),
1149 1719 1226 1755 quia,
1248 1719 1319 1747 sicut
1344 1719 1409 1747 dicit
1436 1719 1544 1753 Glossa,
1572 1732 1585 1745 «
1605 1721 1633 1748 in
1655 1721 1740 1749 sacris
1768 1721 1878 1749 Saturni

1038 1768 1151 1801 propter
1172 1765 1266 1793 odium
1284 1765 1353 1794 Iovis
1374 1766 1431 1794 sine
1453 1769 1579 1802 respectu
1604 1767 1711 1803 pietatis
1733 1775 1797 1795 suos
1816 1775 1879 1803 par-

1038 1812 1117 1839 vulos
1138 1811 1351 1840 immolabant».
1375 1814 1436 1840 Aut
1455 1813 1580 1841 obscura
1601 1813 1751 1850 sacrificia
1768 1813 1878 1851 facien-

1039 1862 1090 1892 tes,
1106 1858 1236 1892 obscura,
1258 1858 1285 1886 id
1300 1861 1340 1887 est
1361 1862 1508 1893 nocturna,
1530 1860 1601 1888 sicut
1616 1860 1709 1893 fiebat,
1726 1860 1877 1888 secundum

1037 1904 1159 1933 Glossam
1175 1905 1207 1938 ¹4,
1238 1916 1251 1929 «
1272 1905 1300 1932 13
1328 1905 1413 1934 536115
1434 1905 1510 1934 Isidis
1530 1906 1674 1942 Aegyptiae
1702 1910 1729 1934 et
1756 1906 1878 1939 Cereris,

1037 1959 1108 1988 quae
1135 1959 1214 1979 sacra
1241 1951 1397 1979 ardentium
1419 1952 1561 1980 taedarum
1590 1952 1734 1981 iactatione
1758 1952 1879 1981 celebra-

1037 1998 1139 2026 bantur
1151 2009 1176 2025 ».
1200 1998 1261 2025 Aut
1279 1998 1415 2026 insaniae
1426 1998 1529 2034 plenas
1548 1999 1666 2036 viyilias·
1681 1998 1813 2027 habentes
1823 2022 1830 2033 ,
1852 1999 1885 2027 in-

1038 2044 1122 2072 sacris
1144 2044 1216 2072 enim
1238 2044 1334 2072 Bacchi
1356 2046 1382 2073 et
1397 2044 1522 2080 Cybeles,
1543 2045 1639 2073 matris
1660 2045 1791 2079 deorum,
1817 2056 1831 2070 «
1845 2046 1877 2073 ad

1037 2091 1197 2127 exemplum
1227 2091 1362 2125 deorum,
1394 2091 1442 2128 (131
1472 2091 1499 2119 13
1531 2091 1676 2120 festivitate
1708 2092 1796 2120 satiati
1831 2100 1878 2120 no-

1037 2140 1107 2166 ctem
1127 2140 1210 2165 totam
1232 2137 1339 2166 lusibus
1360 2137 1512 2172 ducebant,
1533 2138 1583 2174 ipsi
1608 2138 1736 2167 ludebant
1749 2150 1776 2172 ι),
1791 2141 1823 2166 31
1843 2138 1880 2166 ait

201 2281 209 2294 ¹
227 2283 309 2305 Psalm.
326 2282 367 2311 79,
385 2282 422 2305 17.
439 2283 519 2305 610553
541 2282 665 2306 ordinaria
689 2284 724 2312 (ex
747 2284 853 2312 August.)
877 2284 899 2306 in
920 2285 981 2306 hunc

138 2321 226 2344 locum:
238 2322 338 2344 Incensa
354 2324 404 2349 etc„
419 2322 443 2344 id
460 2324 495 2344 est
511 2325 613 2350 peccata.
628 2322 673 2345 Sed
690 2322 785 2345 incensa
802 2325 867 2351 sunt,
880 2329 940 2351 quae
952 2324 981 2344 fa-

139 2360 169 2382 cit
185 2361 267 2383 ardens
285 2360 412 2389 [Lyranus:
430 2361 522 2390 amens]
541 2362 665 2389 cupiditas;
684 2361 788 2391 suffossa
805 2368 873 2389 vero,
886 2368 946 2390 quae
957 2362 981 2384 ti-

138 2405 189 2422 mor
205 2399 265 2421 male
281 2399 364 2422 iacens.
381 2400 407 2422 Et
424 2401 480 2422 haec
497 2403 550 2422 sunt
562 2400 638 2422 omnia
650 2403 757 2428 peceata;
769 2401 823 2429 quia
835 2401 913 2423 omnia
924 2401 981 2423 ssunt

139 2439 233 2464 propter
249 2437 398 2465 cupiditatem
415 2438 451 2459 vel
469 2438 575 2460 timorem
593 2442 637 2461 etc.

201 2474 210 2488 ²
228 2476 315 2503 Nempe
331 2475 456 2499 ordinaria
473 2483 499 2499 ex
516 2476 621 2499 Rabano.

202 2513 211 2526 ⁸
228 2515 293 2537 Vers.
312 2515 353 2537 23:
371 2515 442 2537 Nolite
458 2515 507 2537 fieri
524 2516 584 2538 servi
601 2518 644 2538 etc.
662 2529 691 2532 -—
708 2517 816 2545 Sequitur
827 2517 906 2539 Glossa
918 2516 982 2539 ordi-

139 2553 210 2577 naria
227 2559 254 2575 ex
276 2553 380 2576 Rabano.
396 2553 442 2576 crr.
460 2554 474 2576 Ι.
492 2554 554 2576 Sem.
571 2554 595 2576 d.
611 2555 633 2576 2.
650 2561 673 2583 q.
691 2555 717 2582 Ι1;
735 2555 758 2577 d.
776 2555 797 2577 4.
814 2561 838 2583 q.
855 2555 877 2577 3.
893 2561 943 2583 seq.
960 2558 982 2577 et

140 2592 162 2614 d.
180 2592 216 2614 23.
235 2598 255 2614 3.
273 2593 295 2614 2.
311 2598 335 2620 q.
352 2593 374 2614 3.
848 2592 858 2606 ¹³
875 2594 940 2616 Vers.
959 2594 982 2616 7.

202 2629 211 2642 ⁵
228 2631 294 2653 Vers.
312 2631 332 2653 1.
779 2631 789 2644 ⁶
805 2633 888 2655 Psalm.
906 2633 943 2659 81,
960 2632 982 2655 6.

202 2667 210 2680 ⁷
228 2669 273 2692 Csr.
290 2670 305 2691 1.
322 2669 384 2691 Sent.
401 2669 424 2691 d.
442 2669 463 2691 4.
480 2676 503 2698 q.
519 2670 542 2691 3.

201 2706 211 2719 Β
229 2708 295 2730 Vers.
312 2708 338 2729 9:
355 2708 454 2730 Donavit
470 2708 500 2730 illi
517 2711 560 2731 etc.

201 2744 211 2757 ⁹
228 2746 316 2774 Duplex
338 2747 394 2768 11366
415 2747 497 2769 solutio
520 2747 646 2770 insinuatur
667 2747 688 2769 in
710 2748 790 2770 Glossa
812 2747 936 2770 ordinaria
959 2748 982 2770 in

140 2784 195 2806 Phil.
213 2786 238 2811 2,
257 2785 278 2806 9.
295 2785 357 2812 apud
375 2785 433 2807 Petr.
450 2785 575 2808 Lombard.
592 2788 614 2808 et
630 2787 759 2814 Lyranum:
777 2787 824 2809 Hoc
838 2786 947 2816 [nomen]
961 2790 983 2809 et

141 2825 193 2845 ante
208 2823 399 2845 resurrectionem
416 2823 508 2850 habuit,
525 2824 565 2846 sed
583 2827 635 2852 post
651 2826 842 2847 resurrectionem
860 2826 923 2854 quod
935 2828 983 2847 erat

141 2861 163 2883 in
179 2861 280 2884 evidenti
297 2862 397 2889 positum
414 2865 460 2889 est,
477 2865 502 2885 ut
518 2863 601 2885 scirent
617 2864 743 2886 daemones
759 2866 781 2886 et
798 2864 915 2891 homines,
928 2865 982 2892 quia

141 2903 163 2922 et
174 2902 227 2923 tunc
239 2901 321 2923 dicitur
332 2908 369 2923 res
379 2901 438 2931 fieri,
452 2902 546 2930 quando
558 2902 680 2926 innotescit
692 2903 741 2931 (cfr.
754 2906 809 2925 tom.
819 2904 852 2925 111.
862 2910 915 2931 pag.
925 2904 982 2933 293,

140 2941 193 2961 nota
211 2939 250 2968 5.).
267 2940 357 2962 Homini
375 2940 471 2963 donavit
486 2947 585 2969 nomen,
603 2941 666 2971 quod
676 2943 710 2965 est
720 2948 792 2971 super
805 2948 873 2965 omne
884 2948 982 2970 nomen,

236 2985 261 3008 S.
277 2986 366 3009 Bonae.
383 2999 414 3003 —
432 2987 498 3009 Tom.
515 2988 552 3010 VI.

1038 2289 1083 2305 non
1100 2283 1147 2305 Deo
1164 2286 1207 2305 etc.
1224 2283 1283 2305 Vide
1300 2284 1409 2311 August,
1427 2283 1448 2305 in
1465 2283 1526 2305 loan.
1543 2283 1630 2310 Evang.
1648 2285 1675 2305 tr.
1692 2283 1740 2305 104.
1753 2290 1776 2305 n.
1788 2284 1809 2305 3.
1821 2286 1843 2305 et
1854 2284 1877 2305 11.

1038 2325 1116 2344 contra
1134 2322 1280 2344 Maximinum
1298 2322 1374 2344 Arian.
1391 2328 1411 2344 c.
1429 2323 1451 2344 2.

1100 2360 1119 2373 ¹0
1137 2361 1223 2388 Nempe
1240 2360 1400 2383 interlinearis
1418 2367 1445 2383 ex
1462 2361 1564 2383 Rabano.
1577 2374 1607 2378 —
1620 2362 1726 2390 Sequitur
1739 2362 1792 2389 Sap.
1805 2362 1832 2383 13
1841 2379 1846 2388 ,
1859 2362 1879 2383 1.

1100 2398 1118 2411 ¹¹
1137 2400 1201 2422 Vers.
1220 2400 1257 2421 riS.

1100 2437 1119 2450 ¹²
1137 2438 1201 2460 Vers.
1219 2438 1242 2460 7.
1254 2451 1283 2454 —
1296 2439 1427 2467 Sequuntur
1444 2439 1485 2460 Ier.
1497 2439 1523 2466 6,
1537 2439 1578 2465 14,
1591 2442 1613 2460 et
1625 2439 1704 2461 Glossa
1721 2438 1880 2461 interlinearis·

1038 2484 1063 2499 ex
1080 2476 1183 2499 Rabano.
1701 2472 1707 2476 '

1100 2514 1119 2527 ¹⁹
1137 2516 1217 2538 Psalm.
1238 2516 1292 2544 105,
1312 2516 1348 2538 37.
1366 2528 1396 2532 —
1414 2517 1545 2544 Sequuntur
1565 2517 1645 2538 Ezech.
1671 2517 1712 2544 (16,
1734 2517 1771 2538 20.
1794 2523 1843 2545 seq.
1860 2520 1879 2539 et

1038 2555 1116 2576 Glossa
1134 2554 1257 2577 ordinaria
1275 2561 1302 2576 ex
1319 2554 1423 2576 Rabano.

1102 2592 1121 2605 ¹⁴
1139 2593 1227 2615 Scilicet
1244 2593 1393 2615 ordinarium
1413 2593 1446 2619 (ex
1465 2593 1582 2621 Raban0):
1601 2594 1663 2615 Sicut
1681 2593 1702 2615 in
1725 2593 1795 2615 536115
1818 2594 1881 2615 Isidis

1039 2632 1165 2660 Aegyptiae
1183 2634 1205 2654 et
1221 2632 1309 2654 Cereris
1326 2632 1445 2654 Eleusinae
1467 2632 1587 2654 faciebant.
1604 2632 1660 2654 Nam
1683 2632 1740 2654 sicut
1757 2631 1789 2653 ibi
1811 2632 1881 2654 Osiris

1039 2672 1130 2699 planctu
1149 2671 1227 2693 matris
1244 2671 1373 2700 inquiritur,
1390 2671 1419 2693 ita
1443 2671 1479 2693 bic
1497 2671 1526 2693 ad
1549 2672 1661 2693 incestum
1684 2672 1759 2699 patrui
1781 2671 1881 2694 Plutonis

1040 2710 1211 2732 matrimonium
1234 2713 1297 2737 rapta
1319 2710 1461 2737 Proserpina.
1479 2711 1552 2738 Quam
1576 2710 1630 2738 quia
1653 2709 1740 2732 facibus
1761 2716 1787 2732 cx
1810 2711 1879 2732 Aetna

1040 2749 1140 2771 accensis
1157 2749 1275 2777 quaesisse
1292 2748 1359 2771 Ceres
1376 2749 1398 2770 in
1416 2749 1490 2770 Sicilia
1512 2749 1602 2776 dicitur,
1621 2748 1672 2770 ideo
1694 2754 1758 2770 sacra
1780 2748 1829 2770 eius
1845 2754 1881 2769 31-

1040 2787 1143 2809 dentium
1167 2788 1284 2809 taedurum
1308 2787 1427 2809 iactatione
1448 2787 1630 2809 celebrabantur.
1649 2787 1755 2809 Similiter
1771 2787 1793 2808 in
1810 2786 1880 2808 sacris

1039 2826 1114 2848 Liberi
1137 2826 1207 2853 patris
1230 2826 1344 2848 insaniunt
1364 2828 1386 2848 et
1408 2826 1502 2853 Magnae
1525 2826 1615 2852 matriS,
1636 2825 1675 2848 ubi
1698 2826 1727 2847 ad
1750 2825 1878 2852 exemplum

1040 2865 1136 2886 deorum
1155 2864 1276 2893 [Rabouus
1293 2864 1370 2886 addit:
1389 2864 1509 2893 suorum]y
1527 2865 1566 2893 qui
1579 2865 1600 2885 in
1614 2864 1733 2886 festivitate
1745 2863 1829 2890 satiati,
1842 2868 1879 2884 nor

1039 2907 1098 2926 ctem
1117 2903 1207 2925 luxibus
1225 2902 1358 2931 [Rabanusz
1376 2903 1477 2932 lusibus]
1496 2906 1565 2925 totam
1583 2903 1708 2927 duxerunt.
1720 2902 1813 2929 luduut;
1825 2902 1877 2929 (111111

1040 2948 1081 2970 1161
1098 2942 1216 2964 libidinem
1234 2945 1256 2963 et
1273 2942 1441 2964 immunditiam
1459 2942 1502 2964 diis
1519 2942 1566 2964 suis
1583 2942 1672 2969 placere
1689 2940 1807 2968 putabant.

1754 2986 1783 3008 26

1899 332 2022 351 Ratiouabili-

1891 357 1918 373 135
1933 358 1951 374 el.
1966 361 2021 382 causa

1889 380 2019 402 corruptionis.

1895 471 1921 489 De
1935 471 1993 494 primo

1906 494 1979 514 effectu.

1892 1305 1918 1324 De
1931 1305 2012 1323 secundo

1930 1329 1974 1347 duo.

1897 1491 1965 1509 Malum
1982 1496 2024 1509 603-

1902 1516 1931 1533 113
1944 1514 2009 1533 Deum.
