2296 3316
261 414 374 434 secundum.

283 880 373 899 Tertium.

254 1300 281 1320 De
291 1299 380 1319 secundo.

273 2049 300 2068 De
313 2049 376 2070 tertio,

283 2075 369 2097 quatuor.

394 188 450 216 500

393 266 506 302 propter
528 262 720 299 indigentiam,
743 263 878 298 quantum
899 260 933 289 ad
954 259 1146 296 complendam
1166 258 1238 287 Scri-

394 314 514 348 pturam.

470 357 515 385 47.
545 356 634 392 (Vers.
662 356 730 389 29).
758 355 815 383 Vas
842 362 910 391 erqo
937 356 1002 382 erat
1026 353 1164 390 positum.
1192 352 1239 381 Hic

393 403 504 440 ponitur
535 402 601 439 ipsa
632 400 862 434 consummatio,
893 407 949 437 qua
980 401 1147 437 potaverunt
1174 406 1238 428 eum

391 452 481 483 aceto,
503 448 577 486 quod
598 448 710 485 quidem
730 448 765 476 ad
792 452 906 476 manum
927 446 1082 480 habebant;
1104 445 1178 475 unde
1198 445 1240 474 di-

391 496 443 525 cit:
465 495 522 523 Vas
542 503 612 532 erqo
631 498 696 523 erat
714 494 844 531 positum
866 497 945 522 aceto
963 492 1101 530 ptenum‚·
1123 491 1167 521 illi
1185 500 1240 521 an-

391 546 445 570 tem
459 541 613 578 sponyiam
627 540 745 578 plenam
763 543 856 573 aceto,
874 538 998 577 hyssopo
1019 538 1240 575 circumponen-

391 591 444 621 tes,
466 586 493 615 id
513 590 555 616 est
576 589 710 624 ponentes
734 585 877 623 spongiam
899 584 973 614 circa
1000 585 1152 621 hyssopum
1173 584 1240 621 liga-

391 637 460 667 tam,
491 632 658 661 obtulerunt
687 632 735 661 ori
763 632 843 666 eius,
875 639 925 668 per
955 630 1137 665 arundinem,
1169 630 1241 660 sicut

391 680 492 709 dicitur
513 679 641 709 Matthaei
663 679 796 717 vigesimo
816 678 934 715 septimo
946 679 968 706 1;
995 689 1009 703 α
1023 677 1146 707 Currens
1167 685 1242 706 unus

391 735 428 756 ex
449 727 488 756 eis
502 730 643 764 acceptam
664 726 807 763 spongiam
822 725 947 762 implevit
968 727 1046 754 aceto
1067 727 1094 753 et
1108 724 1242 761 imposuit

390 773 520 803 arundini
541 776 569 802 et
589 773 671 802 dabat
691 773 715 802 ei
738 772 833 801 bibere
847 783 874 800 n.

470 822 516 850 48.
539 821 628 856 (Vers.
650 820 718 856 30.).
743 819 817 848 Cum
830 827 898 857 erqo
913 818 1068 856 accepisset
1082 818 1164 847 Iesus
1178 826 1242 846 ace-

392 871 462 896 tum.
484 867 530 896 Hic
546 867 659 904 ponitur
678 865 939 895 consummationis
954 864 1092 898 assertio;
1113 864 1187 893 unde
1201 864 1242 893 di-

391 915 440 944 cit:
458 914 531 943 Cum
551 922 621 951 erqo
635 913 790 950 accepisset
810 913 892 941 Iesus
906 915 1035 946 acetum,
1057 911 1145 940 dixit:
1170 910 1242 939 Con-

391 965 574 990 summatum
594 964 651 995 est,
673 960 775 989 scilicet
797 959 872 996 quod
898 959 1034 995 scriptum
1055 961 1116 987 erat
1136 958 1170 987 de
1200 966 1243 987 me

390 1012 454 1038 ante
474 1008 590 1045 spiritus
604 1007 787 1037 emissionem.
809 1006 849 1035 De
870 1006 922 1035 hac
936 1005 1175 1035 consummatione
1190 1006 1243 1034 Lu-

391 1064 437 1085 cae
451 1055 558 1084 decimo
579 1057 676 1083 octavo
688 1054 712 1082 ²:
732 1065 746 1078 «
757 1053 1032 1082 Consummabuntur
1047 1052 1153 1086 omnia,
1171 1060 1243 1089 quae

390 1102 494 1139 scripta
515 1105 581 1131 sunt
601 1101 635 1130 de
649 1101 715 1131 Filio
737 1100 856 1130 hominis
870 1111 902 1134 »ς
918 1100 952 1128 ad
973 1100 1111 1129 Hebraeos
1131 1099 1242 1137 quinto:

395 1161 409 1174 «
422 1148 651 1181 consummatus,
672 1147 762 1176 factus
776 1150 817 1176 est
838 1147 968 1175 omnibus
986 1146 1244 1183 obtemperantibus

391 1195 442 1224 sibi
463 1203 548 1224 causa
568 1194 666 1224 salutis
687 1198 816 1224 aeternae
830 1206 857 1223 ».

473 1242 507 1270 Et
528 1241 667 1270 inclinato
682 1241 776 1279 capite
790 1245 841 1270 etc.
859 1241 947 1270 Posita
965 1240 1202 1270 consummatione
1216 1240 1244 1268 in

392 1288 552 1325 Scripturae
574 1288 743 1322 testimonio,
765 1288 810 1317 hic
832 1288 909 1325 ponit
926 1287 1190 1316 consummationem
1213 1287 1245 1315 in

392 1335 486 1373 factm
508 1339 535 1364 et
555 1335 624 1364 haec
639 1335 840 1364 consummatio
861 1334 913 1363 fuit
934 1335 962 1363 in
984 1338 1086 1368 morte,
1101 1334 1168 1371 quia
1182 1334 1245 1362 finis

392 1382 552 1420 passionum
574 1382 763 1419 praesentium
784 1389 860 1410 mors
880 1385 941 1415 est;
963 1381 1037 1410 unde
1057 1380 1141 1410 dicit:
1157 1380 1244 1409 Incli-

390 1433 460 1458 nato
480 1429 590 1466 capite,
606 1428 730 1458 tradidit
743 1428 894 1465 spiritum.
910 1428 1080 1465 Augustinus
1092 1427 1118 1455 ³:
1135 1439 1149 1452 ιι
1171 1428 1244 1456 Tra-

391 1476 467 1505 didit
485 1472 637 1513 spiritum,
659 1478 791 1512 tanquam
814 1475 859 1504 ille
873 1475 922 1512 qui
934 1477 1104 1511 potestatem
1122 1473 1245 1502 habebat

388 1523 518 1561 ponendi
537 1523 672 1552 animam
692 1531 781 1551 suam
795 1522 939 1550 etiterum
961 1521 1099 1550 sumendi
1115 1529 1181 1549 eam
1192 1530 1202 1555 ,-
1216 1524 1244 1549 et

393 1571 445 1599 boc
459 1570 599 1599 inclinato
613 1569 716 1606 capite.
735 1569 802 1606 Quis
824 1569 861 1597 ita
880 1568 995 1602 dormit,
1017 1567 1128 1604 quando
1149 1567 1244 1596 volue-

392 1617 441 1652 rit,
451 1617 525 1646 sicut
539 1616 680 1650 Christus,
694 1615 807 1653 quando
820 1615 917 1650 voluit,
931 1617 1061 1643 mortuus
1071 1617 1113 1643 est
1123 1616 1157 1642 n?
1168 1614 1244 1643 Unde

393 1664 522 1701 spiritum
543 1662 659 1697 obtulit,
681 1662 754 1691 sicut
773 1662 876 1691 dicitur
896 1661 930 1690 ad
951 1662 1089 1692 Hebraeos
1109 1661 1242 1698 quinto4:

397 1722 410 1736 ιι
425 1710 495 1739 Cum
510 1710 640 1746 lacrymis
660 1714 688 1738 et
701 1709 822 1739 clamore
842 1708 933 1738 valido
947 1708 1066 1737 offerens
1079 1720 1093 1734 »
1113 1708 1243 1745 spiritum

392 1764 484 1786 suum.
507 1756 539 1786 Et
560 1757 628 1786 haec
642 1756 695 1785 fuit
715 1755 917 1786 consummatio
931 1755 1150 1792 praedictorum,
1172 1755 1245 1784 sicut

392 1804 494 1833 dicitur
523 1803 557 1832 ad
578 1803 716 1832 Hebraeos
743 1803 866 1832 decimo:
892 1814 906 1828 «ι
928 1803 986 1831 Una
1013 1802 1152 1832 oblatione
1179 1809 1245 1831 con-

393 1850 542 1880 summavit
562 1850 591 1878 in
612 1849 813 1886 sempiternum
834 1849 1018 1878 sanctificatos
1036 1859 1070 1883 »3
1091 1852 1119 1877 et
1139 1848 1173 1877 ad
1194 1848 1244 1877 He—

392 1897 491 1926 braeos
506 1896 643 1925 secundo:
670 1907 684 1921 α
697 1895 830 1929 Decebat,
846 1903 910 1924 eum
931 1895 979 1932 qui
995 1895 1098 1923 multos
1111 1895 1183 1923 filios
1197 1895 1244 1923 ad-

393 1944 514 1973 duxerat
534 1943 564 1971 in
584 1943 714 1980 gloriam,
735 1950 785 1979 per
806 1942 961 1979 passionem
982 1949 1178 1971 consummare
1192 1954 1218 1970 ι».

471 1991 517 2019 49.
546 1989 653 2018 Iudaei
681 1989 789 2023 ver-0⁵,
817 1989 957 2027 quoniam
982 1996 1144 2025 parasceve
1170 1992 1243 2017 erat.

394 2038 440 2066 Hic
461 2037 574 2074 ponitur
596 2036 798 2065 consummatio
818 2036 846 2064 in
865 2035 1015 2072 passionis
1035 2034 1151 2073 effectu,
1172 2043 1244 2073 quae

394 2084 506 2122 quidem
519 2084 573 2113 fuit
593 2084 621 2112 in
636 2083 778 2121 apertione
792 2083 887 2112 lateris
907 2082 1023 2117 Christi,
1038 2091 1074 2112 ex
1089 2091 1145 2120 quo
1158 2082 1245 2111 fluxit

458 2260 466 2273 ¹
486 2262 552 2284 Vers.
569 2261 607 2284 48.
623 2273 652 2278 -
672 2261 778 2289 August„
795 2261 816 2283 iu
834 2261 896 2283 loan.
909 2261 997 2288 evang.
1009 2263 1035 2283 tr.
1050 2261 1102 2283 lte.
1114 2267 1136 2283 n.
1149 2261 1171 2283 4.
1182 2267 1243 2290 seq.:

395 2301 526 2329 Hyssopum
544 2303 633 2328 autern,
645 2300 682 2323 eui
693 2300 912 2329 circumposuerunt
927 2300 1049 2328 spongiam
1061 2303 1127 2323 aceto
1143 2301 1244 2329 plenam,

395 2340 507 2368 quoniam
524 2339 596 2362 herba
621 2342 656 2362 est
680 2339 774 2362 humilis
798 2342 820 2362 et
845 2341 926 2367 pectus
948 2342 1046 2367 purgat,
1070 2339 1144 2367 ipsius
1160 2338 1244 2362 Christi

397 2379 555 2402 humilitatem.
573 2374 730 2407 congruenter
750 2379 902 2407 accipimus...
924 2379 969 2402 Nec
994 2381 1099 2406 moveat,
1124 2379 1244 2408 quomodo

396 2418 494 2446 spongia
511 2418 545 2441 ori
562 2419 612 2441 eius
636 2418 737 2447 potuerit
761 2418 894 2447 admoveri,
912 2418 951 2447 qui
970 2418 991 2440 in
1008 2424 1078 2441 cruce
1095 2419 1169 2441 ruerat
1185 2419 1245 2440 exal-

396 2458 458 2479 tatus
474 2463 486 2478 a
504 2459 572 2479 terra.
590 2457 653 2480 Sicut
669 2457 732 2480 enirn
757 2456 821 2485 apud
845 2456 903 2480 aiios
920 2456 1078 2484 Evangelistas
1095 2456 1183 2486 [Mattn.
1201 2456 1244 2485 27,

398 2494 525 2522 4831tlarc.
545 2496 585 2523 15,
602 2495 661 2522 36.1.
684 2495 749 2524 quod
774 2495 812 2518 nic
836 2495 1003 2523 praetermisit,
1025 2495 1050 2517 in
1074 2494 1194 2518 arundine
1210 2498 1245 2517 est

398 2534 496 2560 sactum,
514 2536 537 2555 ut
555 2533 576 2555 in
594 2533 691 2562 spongia
709 2533 759 2556 talis
775 2537 844 2562 potus
860 2534 890 2556 ad
903 2534 979 2556 crucis
996 2533 1104 2557 sublimia
1121 2534 1244 2556 levaretur.

397 2572 439 2594 Per
456 2572 593 2594 arundinem
611 2578 667 2594 vero
685 2572 803 2600 Scriptura
820 2572 1006 2600 significabatur,
1027 2578 1089 2601 quae
1105 2571 1244 2600 implebatur

398 2611 442 2632 hoc
459 2611 517 2633 tacto
543 2613 586 2633 etc.
604 2623 634 2626 —
651 2612 763 2639 Superius
788 2617 831 2639 pro
857 2611 957 2641 liqatom
979 2617 1024 2634 non
1042 2611 1112 2639 pauci
1132 2611 1201 2635 codd.
1219 2610 1244 2634 li-

398 2650 487 2678 patum.

460 2686 469 2700 ²
489 2688 553 2711 Vers.
571 2689 608 2711 31Δ
626 2701 656 2705 -
673 2689 781 2718 Sequitur
798 2689 869 2712 Hebr.
886 2689 913 2718 ὅ,
931 2690 953 2712 9.

461 2725 471 2738 ⁸
488 2728 510 2749 ln
529 2728 588 2749 ioan.
605 2728 692 2755 Evang.
709 2731 735 2750 tr.
755 2728 808 2751 419.
825 2735 847 2750 n.
864 2728 891 2750 ὃς
909 2728 1007 2755 Deinde,
1019 2728 1072 2757 quia
1085 2728 1140 2750 nibil
1156 2733 1244 2750 reman-

399 2768 471 2793 serat,
488 2766 551 2795 quod
576 2769 702 2795 antequam
722 2770 863 2795 moreretur,
881 2767 930 2789 fieri
954 2767 1031 2790 adhuc
1053 2769 1182 2795 oporteret,
1199 2769 1244 2789 tan-

399 2811 470 2833 quam
488 2805 524 2828 ille
541 2806 581 2834 qui
595 2807 734 2835 potestatem
760 2806 859 2830 habebat
879 2806 985 2836 ponendi
1006 2806 1116 2830 animam
1136 2812 1207 2829 suam
1223 2807 1246 2829 et

400 2843 486 2867 iterum
503 2844 613 2867 sumendi
636 2851 688 2868 eam
706 2845 774 2875 [ioan.
793 2846 835 2873 to,
854 2847 911 2875 ·18.];
929 2846 1028 2874 peractis
1045 2845 1167 2873 omnibus,
1184 2851 1245 2874 quae

400 2885 426 2905 ut
436 2887 603 2911 peragerentur
614 2884 773 2913 exspectabat,
790 2885 903 2908 inclinato
915 2885 1001 2915 capite,
1014 2884 1113 2908 tradidit
1122 2884 1243 2914 spiritum.

400 2922 456 2950 Quis
464 2922 495 2944 ita
503 2922 597 2949 dormit,
608 2923 702 2951 quando
715 2924 825 2951 voluerit,
837 2924 897 2947 sicut
908 2925 970 2947 lesus
983 2927 1088 2947 mortuus
1097 2926 1139 2951 est,
1149 2924 1244 2953 quando

400 2961 492 2984 voluit?
504 2974 533 2978 -
545 2962 587 2985 Ed.
599 2968 625 2985 ex
637 2963 735 2991 August.
746 2963 852 2991 adiungit
864 2963 970 2993 peractis
987 2962 1096 2987 omnibus
1107 2966 1161 2986 ante
1172 2962 1244 2986 verba

1002 182 1172 211 COMMENT.
1194 182 1226 210 ΙΝ
1248 182 1394 211 ΙΟΑΝΝΕΜ
1415 182 1443 210 C.
1466 182 1531 211 XIX.

1299 271 1313 284 α
1328 259 1441 296 sanguis
1461 261 1489 288 et
1509 267 1582 297 aqua
1593 259 1604 276 ⁶
1620 271 1650 295 »,
1672 259 1746 289 unde
1767 259 1917 289 efficaciam
1932 260 2034 289 habent
2048 260 2144 289 Sacra-

1295 307 1399 339 menta,
1421 307 1453 333 ut
1473 305 1539 334 dicit
1558 305 1661 335 Glossa.
1679 306 1710 334 Et
1731 308 1863 335 notantur
1878 306 1923 335 hic
1943 309 2078 343 quatuor,
2091 305 2145 335 sci-

1296 351 1359 380 licet
1383 351 1483 388 petitio
1511 351 1700 389 depositionis
1727 352 1962 389 crucifixorum,
1992 350 2145 390 crurifra-

1294 398 1378 435 gium
1405 398 1572 432 latronum,
1593 398 1706 436 apertio
1733 398 1835 428 lateris
1857 398 1968 428 Christi
1986 402 2014 428 et
2038 398 2145 436 σοφιίὶνὁ

1295 444 1387 473 matio
1409 445 1573 474 testimonii.

1375 491 1464 528 (Vers.
1487 491 1555 525 313.
1585 491 1689 521 Petitio
1716 492 1904 529 depositionis
1930 491 2145 529 crucifixorum

1295 538 1367 567 facta
1387 540 1429 567 est
1449 546 1465 566 a
1486 538 1607 572 ludaeis;
1629 540 1657 567 et
1684 538 1755 567 ratio
1775 538 1915 573 redditur,
1943 539 2010 576 quia
2029 541 2090 568 erat
2116 538 2145 567 in

1295 584 1340 613 die
1361 584 1487 621 sequenti
1509 592 1626 621 magnus
1646 584 1705 613 dies
1725 584 1852 618 Sabbati;
1874 588 1989 622 propter
2010 584 2084 622 quod
2105 584 2146 614 di-

1296 631 1348 661 cit:
1371 632 1477 660 Iudaei
1496 640 1581 669 erqo,
1603 631 1742 670 quoniam
1765 639 1927 668 parasceue
1953 635 2032 665 erat,
2057 632 2084 661 id
2105 634 2148 661 est

1296 678 1355 707 dies
1376 678 1524 715 proximus
1544 681 1608 707 ante
1629 678 1816 713 Sabbatum⁷;
1839 681 1871 706 ut
1883 686 1943 706 non
1964 681 2147 707 remanerent

1297 724 1329 753 in
1343 732 1429 753 cruce
1444 733 1571 762 corpora
1592 724 1732 759 Sabbato,
1747 727 1861 762 propter
1879 724 2081 754 solemnitatem
2094 724 2147 755 sci-

1298 772 1376 806 licet;
1398 775 1462 800 erat
1483 771 1557 800 enim
1574 780 1702 809 magnus
1723 771 1784 800 dies
1804 771 1850 800 itte
1866 771 2000 806 Sabbati,
2022 771 2088 809 quia
2105 771 2147 800 in—

1297 821 1342 847 tra
1362 818 1563 847 solemnitatem
1592 826 1773 855 azymorum;
1795 821 1976 856 royaverum
1997 817 2147 852 Pilatum,

1298 869 1330 893 ut
1357 864 1571 902 franyerentur
1599 873 1694 894 crura
1721 873 1824 894 eorum
1844 868 1870 893 et
1897 865 2072 894 tollerentur.
2094 865 2148 894 Au-

1297 912 1427 949 gustinus
1438 912 1465 940 ⁸:
1485 923 1499 938 «
1514 912 1576 941 ideo
1596 920 1694 942 eorum
1710 912 1911 949 frangebantur
1925 920 2022 947 crura,
2043 915 2076 941 ut
2089 920 2148 941 mo-

1298 961 1430 988 rerentur
1451 962 1478 988 et
1505 959 1685 988 auferrentur
1705 967 1742 988 ex
1770 959 1859 996 ligno,
1887 966 1922 988 ne
1942 959 2094 996 pendentes
2119 958 2149 988 in

1298 1006 1431 1034 crucibus
1452 1014 1585 1043 magnum
1613 1005 1686 1034 diem
1707 1005 1810 1034 festum
1831 1005 1873 1034 sui
1895 1005 2021 1034 diuturni
2043 1005 2150 1035 crucia-

1299 1056 1345 1081 tus
1366 1061 1484 1081 norrore
1505 1052 1688 1082 foedarent».
1710 1052 1918 1081 Deuteronomii
1940 1052 2072 1089 vigesimo
2092 1052 2149 1089 pri-

1299 1108 1360 1129 mo:
1388 1099 1528 1136 «Quando
1542 1099 1698 1136 peccaverit
1719 1099 1802 1128 bomo
1823 1099 1898 1136 quod
1918 1101 2008 1128 morte
2029 1099 2150 1136 plecten-

1298 1147 1366 1175 dum
1388 1149 1442 1180 est,
1468 1148 1496 1175 et
1522 1146 1696 1175 adiudicatus
1722 1145 1806 1175 morti
1833 1153 1987 1183 suspensus
2010 1145 2095 1175 tuerit
2121 1146 2152 1175 in

1300 1193 1437 1231 patibulo,
1458 1201 1513 1222 non
1535 1193 1708 1230 permanebit
1728 1193 1846 1222 cadaver
1867 1193 1928 1222 eius
1947 1192 1975 1221 in
1997 1192 2084 1230 ligno,
2103 1193 2151 1223 sed

1300 1241 1327 1269 in
1348 1240 1444 1269 eadem
1465 1240 1510 1269 die
1531 1240 1682 1277 sepelietur
1696 1251 1723 1268 n.

1380 1288 1426 1316 50.
1449 1287 1538 1323 (Vers.
1561 1287 1629 1319 32).
1652 1287 1795 1316 Venerunt
1814 1295 1882 1324 erqo
1897 1286 2008 1315 milites.
2031 1287 2078 1316 Hic
2099 1295 2149 1316 no—

1301 1338 1377 1363 tatur
1398 1333 1621 1372 crurifrayium
1639 1333 1798 1363 latronum.
1821 1334 1964 1362 Venerunt
1983 1342 2052 1372 ergo
2072 1334 2150 1363 mili-

1301 1384 1356 1415 tes,
1379 1380 1412 1409 ad
1427 1380 1587 1417 petitionem
1603 1379 1783 1414 ludaeorum,
1798 1382 1825 1408 et
1840 1379 1937 1417 primi
1949 1379 2083 1418 quidem,
2098 1380 2151 1409 sci-

1300 1428 1363 1456 licet
1384 1427 1418 1456 ad
1446 1435 1529 1464 quem
1559 1427 1650 1464 primo
1675 1429 1829 1461 venerunt,
1857 1425 2011 1464 freyerunt
2037 1435 2150 1462 crura,

1300 1475 1366 1512 quia
1397 1474 1506 1503 vivebat
1533 1474 1644 1509 adhuc;
1677 1478 1703 1503 et
1733 1473 1874 1508 alterius,
1906 1474 1959 1512 qui
1988 1473 2152 1514 crucifixus

1299 1525 1363 1551 erat
1375 1521 1386 1538 ⁹
1400 1529 1467 1549 cum
1482 1529 1527 1555 eo,
1549 1521 1663 1558 supple:
1678 1529 1763 1550 crura
1776 1520 1935 1558 fregerunt,
1957 1523 1984 1550 et
1998 1521 2037 1550 sic
2058 1521 2152 1558 exspi-

1299 1570 1453 1602 raverunt;
1475 1570 1507 1596 ut
1528 1568 1567 1596 sic
1588 1567 1639 1604 ipsi
1660 1567 1899 1604 distinguerentur
1913 1567 1948 1596 ab
1962 1568 2049 1604 Agno,
2070 1567 2151 1597 cuius

1299 1622 1361 1644 ossa
1381 1614 1519 1643 debebant
1540 1614 1646 1651 integre
1665 1613 1839 1648 conservari,
1861 1613 1927 1650 quia
1948 1613 2024 1643 solus
2044 1614 2151 1651 integer

1299 1669 1316 1689 a
1336 1663 1457 1698 peccato.
1483 1660 1523 1689 Illi
1555 1663 1684 1697 poterant
1714 1659 1807 1688 dicere
1836 1659 1905 1688 illud
1936 1660 2034 1689 Psalmi
2058 1660 2149 1690 sexti:

1305 1719 1319 1733 «
1333 1708 1404 1736 Sana
1424 1715 1485 1741 me,
1506 1707 1637 1741 Domine,
1659 1706 1791 1744 quoniam
1818 1706 1984 1735 conturbata
2003 1709 2069 1736 sunt
2089 1714 2151 1736 ossa

1299 1762 1361 1782 mea
1376 1765 1402 1782 ».

1379 1801 1425 1829 51.
1447 1801 1537 1837 (Vers.
1560 1800 1628 1836 33).
1653 1800 1700 1829 Ad
1727 1801 1825 1829 Iesum
1846 1803 1944 1829 autem
1970 1808 2037 1830 cum
2058 1800 2151 1830 venis—

1299 1851 1369 1877 sent.
1391 1848 1438 1877 Hic
1459 1850 1572 1877 notatur
1597 1848 1710 1885 apertio
1732 1848 1833 1877 lateris
1857 1846 1974 1877 Christi.
2000 1848 2033 1876 Et
2059 1847 2151 1885 primo

1299 1895 1380 1930 dicit,
1401 1903 1489 1933 quare
1510 1904 1565 1924 non
1585 1895 1731 1932 fregerunt
1750 1903 1836 1924 crura
1855 1895 1932 1930 eius,
1954 1895 2058 1924 scilicet
2085 1895 2151 1933 quia

1300 1946 1431 1971 mortuus
1451 1945 1526 1976 erat;
1548 1946 1575 1971 et
1603 1942 1655 1971 hoc
1681 1945 1732 1971 est.
1747 1942 1821 1980 quod
1842 1942 1922 1971 dicit:
1954 1942 1987 1971 Ut
2013 1942 2152 1971 viderunt

1300 1997 1367 2017 eum
1378 1988 1402 2006 ¹⁰
1423 1992 1591 2023 mortuum,
1612 1997 1672 2017 non
1691 1988 1846 2026 freyerunt
1865 1989 1929 2017 eius
1949 1996 2061 2022 crura,·
2085 1988 2151 2026 quia

1300 2040 1414 2074 propter
1445 2036 1497 2065 hoc
1518 2036 1669 2071 faciebant,
1701 2038 1733 2065 ut
1753 2036 1940 2065 accelerarent
1969 2038 2096 2065 mortem.
2119 2035 2151 2064 Et

1301 2083 1431 2112 subditur
1452 2083 1573 2120 apertio;
1595 2083 1670 2112 unde
1690 2082 1771 2111 dicit:

1300 2260 1414 2284 inclinato
1432 2260 1519 2290 capite,
1536 2263 1559 2283 et
1575 2260 1709 2283 immediate
1726 2262 1777 2288 post
1790 2259 1910 2288 subiungit
1920 2258 2019 2282 tradidit
2030 2258 2150 2289 spiritum.

1300 2299 1346 2323 Csr.
1363 2300 1421 2322 infra
1438 2307 1459 2322 n.
1478 2300 1516 2322 59.

1362 2337 1373 2351 ‘¹
1390 2340 1455 2362 Vei-s.
1472 2339 1499 2366 73
1517 2338 1572 2362 ibid.
1592 2339 1635 2367 ⁴0,
1654 2338 1691 2361 ⁴4.
1708 2340 1731 2361 et
1747 2338 1773 2367 2,
1792 2338 1828 2360 10.
1845 2339 1899 2360 sunt
1915 2337 1963 2360 duo
1980 2343 2045 2366 seqq.
2062 2337 2114 2360 loci.

1363 2376 1373 2389 ⁶
1390 2378 1488 2406 Vulgata
1506 2384 1575 2407 erqo,
1595 2377 1659 2406 quod
1676 2377 1745 2400 etiam
1762 2377 1839 2404 codd„
1856 2376 1972 2399 nonnuliis
1988 2376 2103 2405 exceptis,
2119 2375 2150 2399 in-

1301 2416 1370 2438 ferius
1388 2416 1504 2439 exhibent.
1541 2433 1544 2435 -
1901 2427 1906 2428 ν

1364 2453 1374 2467 ⁰
1392 2456 1449 2478 infra
1468 2462 1490 2478 v.
1509 2455 1551 2482 34,
1569 2455 1593 2478 in
1609 2461 1680 2484 quem
1697 2455 1776 2477 Glossa
1802 2454 1935 2478 ordinaria.
1953 2454 2016 2483 apud
2027 2449 2150 2483 Lyranum

1300 2494 1393 2517 exhibet
1409 2494 1481 2516 verba
1498 2494 1603 2522 August„
1620 2500 1681 2523 quae
1698 2494 1756 2516 intra
1772 2499 1794 2516 n.
1813 2493 1851 2516 52.
1869 2494 2003 2517 afferuntur.

1363 2532 1372 2545 ⁷
1390 2533 1436 2556 Csr.
1452 2540 1523 2561 supra
1540 2539 1595 2562 pag.
1613 2533 1667 2560 492,
1678 2536 1731 2559 nota
1749 2534 1773 2556 2.

1363 2571 1372 2584 ⁸
1390 2573 1413 2595 ln
1431 2574 1490 2595 loan.
1508 2573 1597 2600 Evang.
1614 2575 1642 2595 tr.
1660 2573 1713 2595 420.
1730 2579 1752 2595 n.
1771 2572 1792 2595 4.
1803 2584 1835 2589 —
1846 2571 1951 2595 Subinde
1959 2572 2071 2600 allegatur
2082 2571 2149 2594 Dent.

1301 2611 1326 2633 24
1339 2629 1344 2638 ,
1362 2612 1399 2633 22.
1417 2617 1467 2640 seq.

1364 2648 1373 2662 ⁹
1392 2650 1490 2678 Vulgata
1507 2651 1549 2673 est.
1567 2662 1599 2667 —
1620 2650 1729 2679 Sequitur
1754 2650 1789 2673 Ps.
1807 2650 1834 2677 6,
1852 2650 1875 2672 3.
1891 2662 1923 2666 -
1940 2649 2034 2672 inferius
2051 2654 2093 2677 pro
2110 2647 2150 2671 Illi

1297 2690 1411 2719 poterant
1427 2690 1546 2712 Gorranus
1562 2689 1602 2713 cui
1622 2689 1660 2712 illi
1672 2690 1798 2719 poterant,
1815 2689 1852 2712 ed.
1875 2687 1917 2718 qui
1929 2689 2033 2718 poterat.
2049 2687 2095 2711 Cfr.
2117 2687 2148 2711 in*

1301 2729 1333 2751 sra
1353 2735 1375 2751 n.
1395 2728 1432 2751 54.

1365 2765 1384 2779 ¹⁰
1402 2767 1499 2795 Vulgata
1512 2767 1576 2790 addit
1587 2767 1644 2790 iam.
1655 2780 1685 2784 -—
1697 2767 1774 2795 Cyrill.
1791 2767 1919 2795 Alexandr„
1932 2766 1954 2788 in
1971 2767 2033 2789 loan.
2051 2766 2092 2793 ⁴9,
2110 2766 2148 2788 32.

1300 2812 1361 2835 seq.:
1373 2806 1444 2829 Crura
1457 2807 1612 2835 confringunt,
1627 2807 1729 2835 graviori
1747 2813 1801 2829 casu
1819 2812 1846 2829 ac
1863 2806 1998 2828 necessitate
2014 2805 2037 2828 in
2049 2807 2147 2828 mortem

1301 2851 1342 2869 eos
1358 2845 1515 2868 detrudentes.
1533 2846 1579 2868 Sed
1596 2852 1650 2868 cum
1661 2846 1737 2868 lesum
1755 2846 1874 2868 inclinasse
1891 2847 1961 2873 caput
1981 2844 2149 2872 comperissent

1301 2887 1323 2906 et
1341 2884 1386 2906 iam
1403 2885 1531 2913 exspirasse
1549 2887 1669 2913 putarent,
1687 2885 1771 2907 trustra
1788 2885 1838 2907 eius
1854 2890 1930 2907 crura-
1944 2883 2058 2911 confringi
2073 2882 2149 2906 existi-

1301 2926 1377 2951 mant,
1394 2924 1435 2946 sed
1452 2930 1505 2946 cum
1524 2924 1600 2947 adhuc
1617 2926 1735 2947 mortuum
1752 2930 1814 2952 esse,
1827 2919 1928 2946 nonnihil
1945 2923 2086 2951 diffiderent,
2103 2923 2148 2945 lan-

1302 2969 1343 2986 cea
1360 2963 1419 2986 letus
1436 2963 1486 2986 eius
1503 2963 1640 2991 perfodiunt
1653 2965 1696 2986 etc.

2162 497 2246 519 PrImum.

2166 1295 2264 1316 seeundum

2166 1810 2252 1829 Tertium.
2280 1800 2289 1819 ²
