2296 3316
20 754 47 773 De
56 753 132 777 spiritus

11 778 32 796 ad
37 777 94 796 Deum
99 777 132 795 mi-

13 801 95 825 grallone-

31 1127 130 1155 ‚Expositio

10 1151 134 1194 atltti¹⁸⁶⁰

10 1199 50 1218 nali.

10 1315 87 1342 *Pi-imo,
100 1317 136 1333 sta-

9 1343 36 1357 tus
44 1344 83 1357 eius
91 1341 134 1357 ante

9 1362 102 1399 rudit-tium.

16 1644 65 1663 trimo
77 1644 101 1663 de
113 1644 133 1662 fi-

16 1667 35 1687 :ei
55 1667 132 1686 diminu-

17 1696 62 1711 lone·

17 1784 66 1803 tuoad
79 1789 132 1809 prae·

18 1808 68 1827 latos.

17 2253 76 2276 Quoad
87 2259 128 2277 per-

10 2289 11 2308 3
38 2277 100 2298 sectos.

725 155 894 184 COMMENT.
917 155 949 183 ΙΝ
972 155 1208 186 ECCLESIASTEN
1228 158 1255 186 C.
1279 159 1331 187 xll.

152 233 261 262 eductio
275 240 363 269 aquae
378 232 494 261 foetidae
509 235 536 261 et
550 233 655 261 lutosae
669 233 703 261 de
718 233 852 266 cisterna;
871 233 998 261 cisterna

152 279 273 309 continet
287 282 319 307 ut
333 278 485 315 plurimum
501 287 601 316 aquam
620 279 805 313 lutulentam;
827 282 855 308 et
876 280 937 308 talis
957 283 999 308 est

153 328 249 355 venter
256 328 358 354 noster.
368 326 473 354 Rotam
484 325 570 362 igitur
580 324 731 363 confringi
740 334 830 363 super
840 326 998 354 cisternam

151 375 192 401 est
212 375 334 401 meatum
355 372 483 409 impurae
504 372 706 409 superfluitatis
720 381 736 401 a
750 375 847 401 ventre
869 373 999 402 exeuntis

151 422 178 451 in
199 423 289 449 morte
309 419 445 456 dissipari.
468 435 505 439 —
526 419 628 455 Quinto
649 422 761 448 notatur
783 419 870 448 totius
898 428 999 457 corpo-

151 469 195 498 ris
215 467 406 500 incineratio,
427 474 490 495 cum
512 466 633 495 dicitur:
656 467 692 495 Et
712 470 878 495 revertatur
900 467 999 504 pulvis

151 516 182 544 in
203 518 314 543 terram
334 521 439 546 suam,
461 512 538 541 unde
558 517 638 546 erat,
661 513 686 541 id
702 516 756 546 est,
772 520 874 549 corpus
896 513 998 542 incine—
1016 529 1020 533 ·

151 564 245 596 retur,
266 560 419 590 secundum
441 559 510 588 illud
529 559 642 589 Genesis
664 559 745 588 tertio
758 560 786 587 ¹:
813 571 826 585 «
842 560 934 588 Pulvis
954 568 997 594 es,

149 611 176 637 et
196 608 223 637 in
246 608 389 645 pulverem
411 606 560 635 reverteris
574 618 601 634 ».
624 607 659 635 In
680 610 792 635 terram
806 615 910 641 suam,
932 607 998 644 quia

148 655 182 683 de
212 654 259 683 illa
289 656 348 687 est,
381 652 559 682 Ecclesiastici
591 653 821 690 quadragesimo:
849 665 862 678 ιτ
883 654 996 688 Omnia,

149 709 220 739 quae
240 701 273 729 de
295 703 371 729 terra
394 700 465 728 sacta
489 703 569 734 sunt,
585 700 612 728 in
638 703 741 728 terram
756 704 954 729 convertentur
969 712 996 729 ».

150 765 186 769 -
198 749 282 777 Sexto
303 747 426 784 tangitur
446 747 571 784 spiritus
585 746 642 775 sive
656 746 763 775 animae
778 747 818 775 ad
839 747 932 775 Deum
952 756 997 775 re-

148 795 259 829 versim
273 794 346 823 unde
360 793 441 823 dicit:
458 795 494 822 Et
506 794 631 831 spiritus
645 794 744 822 redeat
764 794 805 822 ad
821 795 930 828 Deum,
946 794 998 833 qui

148 841 224 871 dedit
246 840 336 869 illum.
360 841 418 878 lpse
439 841 573 869 Dominus
593 840 813 877 datspiritum,
836 840 909 870 unde
930 841 996 870 dici-

148 891 194 916 tur
215 887 243 916 in
264 887 412 916 Psatm02:
439 899 452 912 «
467 887 519 923 Qui
547 887 630 915 finxit
657 887 815 924 singillatim
843 887 927 916 corda
950 895 996 916 eo-

148 943 210 963 rum
225 947 239 960 ι)
264 937 335 969 etc.;
364 937 392 963 et
412 934 446 963 ad
471 942 535 963 eum
560 934 635 962 redit
662 934 757 962 omnis
784 934 908 971 spiritus
936 937 995 963 tan-

148 990 230 1019 quam
252 981 286 1010 ad
307 981 523 1015 retributorem;
545 981 579 1009 ad
601 982 735 1010 Romanos
753 982 861 1010 decimo
875 985 994 1019 quarto:

153 1028 281 1057 «Omnes
303 1028 437 1057 stabimus
458 1031 520 1057 ante
542 1028 665 1057 tribunal
685 1028 815 1057 Christi»
840 1032 891 1058 etc.

226 1075 429 1113 Spiritualiter
456 1076 491 1104 ab
519 1075 566 1104 illo
591 1076 669 1104 loco:
693 1076 818 1112 Quando
839 1085 995 1105 commove-

148 1123 257 1151 buntur
277 1125 343 1156 etc.,
364 1122 532 1151 describitur
554 1122 598 1150 hic
619 1125 708 1151 status
729 1123 864 1152 Ecclesiae
885 1123 994 1152 finalis:

111 1174 130 1193 fi-
147 1170 249 1207 primo,
271 1169 362 1206 quoad
382 1169 579 1198 antecedentia
593 1169 742 1204 iudicium;
758 1170 892 1204 secundo,
907 1179 995 1208 quan-

147 1222 206 1247 tum
227 1217 261 1246 ad
282 1216 525 1251 concomitantia,
547 1216 599 1245 ibi:
623 1217 770 1253 Quoniam
785 1217 838 1246 ibit
858 1217 941 1246 homo
963 1218 995 1247 in

147 1265 283 1298 dom⁴ttm;
313 1264 411 1298 tertio,
439 1263 473 1292 ad
501 1264 719 1302 consequentia,
748 1264 804 1293 ibi:
829 1266 993 1303 Antequam

146 1315 307 1349 rumpatur
316 1310 400 1348 funis
410 1314 574 1348 argenteus.
591 1327 628 1331 —
643 1311 736 1340 Status
750 1314 817 1339 ante
831 1311 975 1339 iudicium
985 1333 993 1344 ‚

146 1359 193 1396 qui
214 1358 268 1387 erit
287 1358 315 1387 in
335 1358 456 1386 adventu
474 1357 646 1392 antichristi,
667 1357 835 1386 describitur
857 1360 993 1394 quantum

146 1405 180 1435 ad
208 1405 278 1434 tria:
307 1405 413 1442 primo,
442 1407 578 1442 quantum
606 1404 640 1433 ad
661 1404 883 1433 diminutionem
904 1404 994 1441 fidei;

147 1452 282 1487 secundo,
304 1454 440 1489 quantum
460 1451 495 1480 ad
516 1451 717 1480 dilatationem
737 1452 867 1486 erroris,
889 1452 941 1480 ibi:
959 1453 995 1481 Et

146 1502 319 1536 consuryent
330 1498 370 1527 ad
383 1506 477 1527 vocem
493 1497 621 1526 volucris
635 1501 700 1532 etc.;
716 1498 813 1532 tertio,
829 1498 919 1536 quoad
934 1508 994 1528 mo-

146 1546 217 1575 dum
238 1545 401 1579 dilatandi,
424 1545 480 1574 ibi:
503 1545 629 1574 Florebit
648 1545 827 1583 amyydalus
847 1548 898 1574 etc.

223 1592 314 1621 Primo
324 1600 390 1629 ergo
402 1592 549 1629 praedicit,
561 1591 685 1621 futuram
700 1600 760 1621 csse
771 1592 863 1621 dimin
869 1593 994 1621 ationem

146 1639 215 1677 fidei
227 1642 362 1677 quantum
378 1639 411 1668 ad
426 1642 548 1676 quatuor
563 1647 665 1676 genera
679 1646 875 1676 personarum:
887 1640 994 1677 primo,

146 1689 283 1724 quantum
304 1686 338 1715 ad
356 1686 527 1723 praelatos;
552 1686 689 1720 secundo,
718 1689 854 1723 quantum
875 1687 909 1715 ad
928 1695 994 1724 per-

145 1734 254 1772 fectos‚·
274 1734 372 1768 tertio,
387 1736 522 1771 quantum
537 1733 570 1762 ad
585 1729 750 1770 simplices,·
771 1738 887 1771 quarto,
906 1743 994 1771 quan-

146 1785 204 1810 tum
225 1781 259 1810 ad
278 1781 431 1818 sapientes.
453 1780 544 1809 Primo
565 1780 650 1817 igitur
671 1780 804 1817 praedicit
828 1781 994 1810 commotio-

143 1837 209 1857 nem
225 1827 449 1865 praelatorum,
477 1835 540 1856 cum
569 1827 654 1856 dicit:
684 1827 808 1863 Quando
836 1836 994 1857 commove-

145 1875 255 1903 buntur
275 1874 406 1903 custodes
427 1875 540 1903 domus.
572 1875 681 1902 Domus
709 1874 761 1903 ista
789 1878 830 1903 est
859 1875 992 1910 Ecclesia,

144 1921 177 1950 de
204 1929 260 1958 qua
287 1921 314 1950 in
344 1921 489 1950 Psalmo³:
516 1921 662 1949 «Domum
692 1924 769 1949 tuam
793 1921 872 1950 decet
893 1922 993 1950 sancti-

144 1968 212 1997 tudo
225 1980 239 1994 »
264 1971 315 1997 etc.
339 1968 476 1997 Custodes
497 1971 562 1996 sunt
583 1968 714 2004 praelati,
736 1968 840 2005 quibus
855 1976 925 1997 cura
944 1969 993 1997 do-

145 2015 236 2044 minici
265 2015 356 2052 gregis
383 2017 425 2044 est
451 2015 616 2048 commissa;
645 2015 729 2043 Isaiae
751 2015 923 2052 sexagesimo
951 2023 993 2044 se—

143 2062 252 2091 cundo:
280 2062 396 2099 «Super
427 2070 524 2090 muros
555 2064 633 2095 tuos,
664 2061 830 2096 Ierusalem,
862 2063 991 2091 constitui

142 2109 271 2138 custodes
286 2121 312 2137 ».
334 2109 471 2138 Custodes
486 2108 571 2146 igitur
585 2108 859 2143 commovebuntur,
881 2108 993 2146 quando

144 2156 257 2193 praelati
279 2156 307 2184 in
327 2156 381 2185 fide
402 2155 614 2190 concutientur,
636 2158 663 2184 et
683 2156 736 2184 hoc
757 2155 870 2193 quidem
890 2155 944 2184 erit
964 2156 991 2184 in

144 2203 297 2232 antichristi
318 2203 458 2237 adventu;
480 2202 554 2231 unde
574 2202 665 2231 Iudith
686 2203 803 2232 ultimo:
829 2214 843 2228 (ι
858 2203 962 2232 Montes
976 2211 993 2232 a

144 2249 329 2278 fundamentis
349 2249 637 2278 commovebuntur».
661 2266 696 2269 —
712 2249 838 2278 Secundo
859 2250 993 2287 praedicit

145 2296 354 2325 dubitationem
379 2295 592 2334 perfectorum,
621 2304 685 2325 cum
710 2296 766 2325 ait:
789 2297 824 2325 Et
844 2296 993 2326 nutabunt

144 2344 204 2373 viri
223 2343 389 2381 fortissimi:
418 2344 481 2372 Viri
500 2343 659 2381 fortissimi
679 2346 744 2372 sunt
764 2344 878 2381 perfecti
900 2344 927 2372 in
947 2352 991 2373 ca-

145 2391 225 2419 ritate
246 2393 272 2419 et
293 2398 357 2427 spe,
378 2390 532 2419 secundum
553 2390 622 2419 illud
642 2390 726 2419 Isaiae
741 2390 990 2428 quadragesim04:

150 2449 163 2462 «
177 2437 228 2473 Qui
251 2441 363 2474 sperant
390 2436 418 2465 in
446 2437 561 2465 Domino
589 2437 737 2466 mutabunt
758 2437 946 2466 fortitudinem
963 2450 988 2465 ι».

1865 164 1900 191 95

1056 234 1100 262 Isti
1122 235 1280 269 nutabunt;
1302 237 1428 266 Matthaei
1459 238 1588 275 vigesimo
1613 243 1731 277 quarto:
1755 253 1768 266 α
1783 241 1902 277 Surgent

1056 280 1313 318 pseudoprophetae
1334 286 1361 312 et
1382 284 1487 313 dabunt
1508 286 1600 322 signa,
1623 289 1654 315 ut
1675 287 1702 316 in
1721 295 1846 317 errorem
1861 288 1902 316 in—

1055 326 1209 361 ducantur,
1231 328 1252 357 si
1275 329 1334 358 lieri
1357 333 1462 367 potest,
1484 332 1566 360 etiam
1587 333 1665 362 electi
1682 344 1709 367 »ς
1737 337 1764 362 et
1785 334 1900 363 ibidem:

1061 385 1074 398 a
1088 373 1120 401 Et
1140 374 1192 402 nisi
1218 375 1333 404 breviati
1362 377 1478 407 fuissent
1498 379 1556 408 dies
1577 379 1631 414 illi,
1652 389 1706 409 non
1728 381 1807 410 fieret
1827 382 1902 410 salva

1055 420 1145 449 omnis
1165 428 1247 455 caro;
1270 422 1315 451 sed
1338 427 1451 460 propter
1472 425 1572 454 electos
1598 427 1799 456 breviabuntur
1814 440 1840 456 ».
1863 444 1901 449 -

1055 467 1148 495 Tertio
1168 468 1302 504 praedicit
1322 470 1439 506 lapsum
1453 471 1647 508 simplicium,
1662 481 1727 502 cum
1742 474 1899 511 subiungit:
1917 482 1982 508 Quoad
1995 483 2021 501 sin

1059 514 1091 541 Et
1112 514 1220 542 otiosae
1247 520 1334 544 erunt
1360 517 1493 546 molentes
1524 519 1679 548 imminuto
1708 524 1845 555 numero,
1874 521 1901 549 id
1941 506 2007 529 ‘mm'

1055 564 1109 595 est,
1131 561 1269 598 simplices
1289 571 1306 591 a
1326 563 1398 592 bono
1418 573 1500 601 opere
1522 566 1681 601 cessabunt,
1703 567 1790 596 affecti
1812 568 1901 596 taedio

1055 611 1169 645 propter
1190 609 1305 638 multam
1328 618 1424 639 eorum
1439 611 1626 648 deceptionem
1640 624 1646 647 ;
1663 614 1736 643 unde
1749 614 1830 643 dicit:
1846 614 1900 642 im-

1054 654 1166 683 minuto
1187 664 1326 690 numero,
1348 657 1413 693 quia
1434 658 1554 687 multum
1569 659 1750 694 niinuentur;
1772 660 1899 689 Matthaei

1054 701 1186 737 vigesimo
1212 704 1354 739 quarto⁶:
1382 715 1395 728 α
1410 705 1470 733 Duo
1490 705 1523 733 ad
1545 706 1662 740 molam,
1684 714 1757 735 unus
1777 715 1901 735 assume-

1054 750 1116 782 tur,
1138 752 1165 777 et
1186 749 1256 777 alter
1281 750 1456 787 relinquetur
1471 763 1496 780 ».
1519 769 1557 773 ——
1579 753 1683 788 Quarto
1704 753 1836 790 praedicit
1856 763 1900 782 er·
1917 761 1982 788 Quoad
1993 767 2021 781 sa-

1054 802 1151 822 rorem
1171 795 1365 832 sapientium,
1388 805 1452 826 cum
1476 798 1559 827 dicit:
1591 800 1626 827 Et
1651 799 1839 828 tenebrescent
1857 801 1900 829 vi·
1928 787 2008 809 mm*

1053 840 1148 869 dentes
1160 850 1214 878 per
1226 841 1396 879 foramina,
1419 843 1445 872 id
1460 848 1513 878 est,
1529 845 1680 882 sapientes,
1696 846 1743 882 qui
1762 846 1900 876 subtiliter

1053 887 1162 922 vident,
1177 888 1283 918 erroris
1297 890 1419 919 tenebris
1433 890 1624 926 involventur;
1641 892 1686 921 lob
1700 892 1862 922 duodecimo
1873 894 1899 922 ⁸:

1057 946 1070 959 «
1086 935 1238 972 Palpabunt
1259 936 1338 973 quasi
1357 936 1384 965 in
1400 938 1521 966 tenebris
1536 941 1563 967 et
1577 947 1631 967 non
1646 939 1673 967 in
1689 939 1801 974 lumine,
1816 943 1843 968 et
1857 948 1901 969 er-

1053 990 1116 1010 rare
1139 982 1218 1011 faciet
1246 991 1292 1012 eos
1318 984 1396 1020 quasi
1424 984 1516 1013 ebrios
1531 997 1556 1013 ».
1580 986 1610 1014 Et
1641 986 1707 1023 quia
1732 987 1858 1016 cadentes
1885 996 1901 1016 a

1052 1029 1106 1057 fide
1127 1029 1229 1058 cadunt
1249 1038 1266 1058 a
1286 1031 1455 1060 consessione
1477 1032 1566 1066 fideli,
1588 1033 1649 1061 ideo
1669 1033 1748 1062 dicit:
1773 1035 1806 1062 Et
1820 1034 1900 1063 clau-

1051 1076 1117 1104 dent
1139 1076 1214 1104 ostia
1235 1077 1266 1105 in
1292 1077 1406 1113 platea,
1429 1078 1455 1106 id
1478 1082 1519 1107 est
1541 1079 1567 1107 in
1590 1079 1716 1116 publico;
1739 1080 1770 1108 in
1784 1080 1900 1109 humili-

1052 1126 1108 1151 tate
1128 1123 1206 1151 vocis
1224 1124 1375 1158 molentes,
1391 1125 1417 1153 id
1432 1129 1474 1154 est
1488 1126 1673 1155 mussitantes.
1690 1127 1740 1156 Sed
1757 1135 1822 1156 vera
1836 1136 1901 1156 con-

1051 1170 1134 1199 fessio
1154 1174 1196 1199 est
1217 1171 1243 1199 in
1266 1171 1395 1208 publico;
1418 1173 1492 1201 unde
1511 1173 1637 1202 Matthaei
1652 1174 1774 1202 decimo:
1794 1186 1807 1199 «
1823 1175 1901 1211 Quod

1051 1217 1078 1245 in
1100 1225 1168 1245 aure
1189 1217 1290 1246 auditis
1311 1218 1466 1255 praedicate
1488 1227 1572 1256 super
1594 1223 1664 1248 tecta
1680 1233 1705 1248 ».

1132 1265 1166 1292 Et
1186 1270 1362 1302 consui-yent
1383 1266 1423 1293 ad
1442 1274 1537 1294 vocem
1553 1269 1603 1295 etc.
1620 1267 1667 1295 Hic
1688 1268 1808 1296 secundo
1824 1272 1899 1297 nota-

1052 1314 1098 1339 tur
1113 1311 1247 1339 dilatatio
1258 1312 1371 1340 erroris
1386 1316 1447 1349 post
1461 1313 1671 1342 diminutionem
1687 1314 1748 1342 fidei
1764 1319 1900 1351 quantum

1051 1357 1085 1385 ad
1106 1358 1167 1386 tria.
1190 1358 1280 1387 Primo
1300 1359 1381 1393 dicit,
1403 1360 1477 1396 quod
1498 1360 1703 1397 praedicabitur
1724 1364 1751 1389 et
1771 1361 1900 1390 audietur

1052 1404 1169 1439 salsitas;
1186 1406 1323 1439 secundo,
1339 1406 1413 1443 quod
1429 1407 1565 1435 tacebitur
1582 1407 1698 1441 veritas;
1715 1408 1811 1442 tertio,
1827 1408 1901 1445 quod

1051 1451 1247 1480 sublimabitur
1268 1455 1295 1480 et
1317 1453 1459 1481 timebitur
1473 1453 1627 1481 antichristi
1648 1457 1775 1490 potestas.
1793 1471 1829 1475 —
1844 1455 1901 1483 Pri—

1051 1506 1128 1526 mum
1151 1498 1262 1535 quidem
1282 1499 1507 1536 praedicabitur
1528 1499 1648 1537 falsitas
1669 1501 1704 1529 ab
1724 1501 1900 1536 antichristo,

1051 1553 1115 1574 cum
1136 1546 1219 1574 dicit:
1244 1546 1423 1583 Consuryent
1444 1547 1484 1575 ad
1504 1556 1600 1575 vocem
1621 1548 1757 1576 'volucris
1782 1548 1841 1577 Vox
1856 1557 1900 1577 vo·

1051 1593 1137 1621 lucris
1158 1595 1237 1621 nocte
1258 1594 1380 1622 canentis
1395 1597 1436 1622 est
1457 1594 1623 1630 praedicatio
1644 1595 1798 1624 antichristi
1820 1604 1899 1632 prae-

1050 1639 1167 1668 dicantis
1189 1640 1216 1668 in
1238 1642 1317 1669 nocte
1339 1640 1517 1669 obscuritatis
1538 1645 1565 1670 et
1586 1641 1761 1670 infidelitatis.
1786 1642 1832 1670 Ad
1852 1651 1900 1671 vo-

1051 1695 1111 1718 cem
1133 1695 1200 1724 ergo
1221 1687 1282 1716 eius
1302 1691 1478 1725 consury'ent
1491 1688 1538 1725 qui
1555 1689 1751 1725 praedicationi
1766 1689 1825 1724 eius
1839 1697 1899 1718 cre-

1051 1734 1126 1762 dent.
1156 1734 1303 1771 Propterea
1331 1734 1433 1763 dicitur
1459 1735 1585 1763 Matthaei
1609 1735 1739 1772 vigesimo
1760 1737 1898 1772 quarto⁷,

1050 1784 1082 1810 ut
1109 1781 1190 1809 fidem
1219 1789 1273 1810 non
1299 1781 1465 1810 adhibeant:
1492 1782 1546 1810 «Si
1568 1790 1634 1819 ergo
1661 1782 1785 1811 dixerint
1805 1783 1896 1812 vobis:

1051 1829 1133 1863 Ecce,
1155 1829 1182 1856 in
1203 1828 1313 1857 deserto
1333 1832 1392 1863 est;
1415 1829 1498 1858 nolite
1518 1829 1631 1858 credere
1646 1841 1672 1857 ».
1695 1830 1796 1858 Tamen
1818 1830 1897 1859 multi

1050 1876 1162 1905 audient
1190 1879 1217 1905 et
1245 1876 1376 1910 credent;
1404 1876 1511 1905 loannis
1532 1876 1630 1913 quinto
1650 1876 1752 1905 dicitur
1774 1877 1896 1906 Iudaeis:

1055 1935 1068 1948 «
1083 1923 1108 1951 Si
1130 1923 1201 1952 alius
1222 1923 1329 1951 venerit
1350 1923 1377 1951 in
1399 1923 1509 1952 nomine
1530 1931 1596 1957 suo,
1618 1922 1696 1952 illum
1718 1924 1855 1960 recipietis
1869 1935 1896 1952 υ.

1049 1985 1088 1989 —-
1109 1969 1235 1997 Secundo
1255 1969 1404 2005 praedicit,
1426 1969 1500 2006 quod
1522 1970 1664 1998 tacebitur
1684 1969 1810 2004 veritas,
1832 1970 1898 2007 quia

1049 2024 1103 2043 non
1125 2015 1178 2044 erit
1199 2016 1246 2052 qui
1269 2015 1380 2049 audiat;
1402 2015 1463 2044 ideo
1477 2016 1560 2045 dicit:
1579 2016 1787 2045 Obsurdescent
1800 2024 1897 2045 omnes

1048 2062 1127 2098 filiae
1149 2062 1301 2090 carminis.
1323 2062 1400 2090 Tunc
1420 2061 1499 2098 filiae
1513 2063 1657 2091 carminis
1671 2062 1895 2097 obsurdescunt,

1049 2109 1160 2146 quando
1191 2116 1289 2137 sonum
1317 2109 1456 2143 veritatis,
1487 2118 1558 2146 quae
1589 2112 1630 2139 est
1659 2110 1735 2138 velut
1761 2110 1897 2147 quaedam

1049 2156 1242 2190 consonantia,
1264 2155 1361 2184 audire
1382 2164 1437 2184 non
1458 2159 1582 2193 possunt.
1605 2156 1674 2185 Illud
1695 2157 1748 2185 erit
1772 2160 1897 2194 tempore

1048 2202 1220 2237 antichristi,
1242 2203 1315 2232 sicut
1342 2203 1514 2240 praedictum
1546 2207 1602 2238 est;
1625 2203 1707 2232 Isaiae
1734 2203 1896 2240 trigesimo8

1048 2250 1218 2286 praedicitur
1247 2250 1281 2278 de
1310 2250 1356 2278 illo
1377 2250 1495 2287 populo,
1517 2250 1565 2287 qui
1585 2250 1746 2279 adhaerebit
1765 2250 1897 2279 antichri-

1048 2300 1109 2325 sto:
1143 2308 1156 2321 «
1171 2297 1292 2333 Populus
1320 2297 1354 2325 ad
1382 2297 1553 2326 iracundiam
1582 2294 1820 2334 provocans’est,
1848 2298 1896 2326 filii

1048 2344 1208 2377 mendaces,
1225 2343 1272 2371 filii
1288 2344 1412 2372 nolentes
1432 2344 1530 2373 audire
1544 2344 1631 2381 legem
1651 2344 1698 2373 Dei
1711 2356 1737 2372 ».
1753 2360 1790 2365 —
1805 2345 1897 2373 Tertio

1048 2391 1197 2427 praedicit,
1219 2390 1294 2427 quod
1321 2390 1536 2428 formidabitur
1562 2390 1732 2419 antichristi
1753 2395 1895 2428 potestas,
1928 2397 2041 2416 antichristi

1048 2446 1112 2466 cum
1145 2437 1200 2466 ait:
1234 2437 1356 2466 Excelsa
1386 2446 1498 2475 quoque
1531 2437 1670 2466 timebunt
1696 2441 1721 2466 et
1750 2437 1895 2475 formida·
1913 2421 2043 2463 ffiflgffiffl-

1916 1274 2008 1296 Secundo,
2022 1275 2045 1294 cle

1916 1298 1985 1324 erroris
2000 1299 2046 1317 dila·

1917 1323 1994 1340 tatione.

1953 1509 2032 1527 Falaitas

1916 1532 2033 1574 medicabi-

1914 1976 1990 1994 Veritas
2004 1978 2031 1994 ta-

1932 1999 2013 2018 cabitur.

208 2649 215 2662 ¹
235 2651 300 2673 Vers.
321 2652 354 2673 l9.
374 2664 402 2667 -
421 2651 528 2680 Sequitur
546 2651 612 2674 Eccli.
625 2651 667 2679 40,
680 2652 716 2674 11.
733 2652 779 2674 BD
795 2652 952 2680 subiungunt:
964 2652 992 2675 si-

145 2689 231 2713 militer
249 2689 357 2719 [Vulgata
374 2690 457 2712 omittit
473 2690 591 2720 similiter]
610 2692 632 2714 et
647 2696 723 2720 aquae
740 2697 821 2714 omnes
838 2691 862 2713 in
879 2698 946 2714 mare
958 2698 991 2713 re-

144 2730 273 2752 vertentur.

208 2765 217 2779 ⁹
235 2768 318 2790 Psalm.
335 2768 377 2796 32,
396 2768 432 2790 15.
449 2781 480 2784 -
497 2768 550 2797 Seq.
567 2769 632 2791 locus
649 2771 683 2791 est
700 2769 767 2791 Rom.
790 2769 831 2796 11,
853 2769 890 2790 10.
914 2769 991 2797 (codd.

146 2811 268 2833 perperam
287 2807 311 2828 ll.
328 2806 381 2829 Cor.
398 2807 425 2834 5,
444 2807 485 2834 10,
503 2807 555 2829 ubi:
574 2806 661 2830 Omnes
686 2807 747 2830 enim
773 2813 816 2830 nos
841 2807 993 2836 manifestari

146 2845 236 2873 oportet
252 2846 313 2872 etc).

208 2881 217 2895 ⁸
234 2884 316 2905 Psalm.
335 2884 377 2911 92,
396 2885 417 2906 5.
434 2897 465 2900 -
477 2885 610 2913 Sequuntur
622 2885 672 2907 lsai.
684 2885 726 2913 62,
739 2886 760 2907 6.
773 2888 795 2907 et
806 2885 880 2908 Iudith
895 2886 935 2912 16,
953 2886 990 2913 18,

146 2921 184 2943 ubi
202 2922 300 2950 Vulgata
317 2922 474 2946 movebuntur
492 2929 535 2951 pro
552 2923 769 2947 commovebuntur.

206 2960 216 2972 ⁴
234 2961 299 2984 Vers.
318 2962 355 2984 31.
372 2974 402 2978 -
420 2962 469 2984 Duo
486 2968 552 2991 seqq.
569 2963 613 2984 loci
628 2966 683 2985 sunt
707 2963 784 2985 Mattn.
811 2962 853 2990 24,
872 2963 909 2985 24.
927 2962 991 2988 (Vul-

1049 2654 1101 2679 gata
1120 2652 1171 2673 hinc
1189 2651 1243 2673 inde
1260 2651 1325 2678 plura
1342 2650 1463 2679 interserit)
1482 2652 1504 2673 et
1522 2651 1560 2672 22.
1577 2663 1606 2666 —
1624 2650 1719 2673 Inferius
1743 2650 1773 2672 de
1797 2650 1894 2674 lectione

1048 2690 1173 2713 imminuto
1190 2695 1291 2712 numero
1309 2690 1363 2712 vide
1380 2696 1449 2717 supra
1468 2695 1522 2717 pag.
1540 2690 1580 2716 93,
1598 2692 1651 2711 nota
1669 2690 1691 2711 6.

1111 2728 1120 2741 ⁶
1137 2730 1202 2751 Vers.
1221 2729 1257 2750 bl:
1276 2729 1338 2751 Duae
1356 2729 1466 2751 molentes
1484 2729 1505 2750 in
1524 2728 1596 2757 mola,
1608 2735 1652 2750 nna
1665 2730 1802 2755 assumetur,
1815 2731 1836 2749 et
1849 2734 1893 2750 una

1048 2769 1196 2797 relinquetur.

1110 2806 1119 2819 ‘³
1138 2808 1203 2829 Vers.
1221 2808 1258 2829 25.
1275 2820 1305 2823 —
1323 2807 1431 2835 Sequitur
1449 2808 1525 2829 Mattli.
1546 2807 1588 2833 lo,
1606 2807 1642 2828 27.

1110 2845 1119 2858 ⁷
1138 2847 1203 2869 Vers.
1221 2847 1265 2868 26:
1284 2847 1353 2874 Ecce,
1372 2847 1393 2868 in
1415 2846 1506 2868 deserto
1532 2848 1578 2873 est,
1598 2846 1667 2867 nolite
1689 2846 1764 2871 exire;
1782 2851 1847 2873 ecce,
1871 2845 1891 2866 in

1048 2885 1216 2913 penetralibus,
1233 2885 1303 2907 nolite
1319 2884 1420 2907 credere.
1444 2897 1475 2900 -—
1497 2884 1605 2912 Sequitur
1621 2884 1681 2906 ioan.
1703 2884 1729 2911 5,
1749 2883 1784 2905 43.
1806 2895 1834 2898 —-
1853 2883 1891 2904 Su-

1049 2925 1128 2952 perius
1145 2926 1197 2951 post
1217 2924 1269 2947 νοω
1286 2923 1390 2946 volucris
1408 2924 1424 2945 A
1442 2923 1506 2945 addit
1522 2922 1547 2945 id
1562 2923 1596 2945 est
1612 2921 1677 2951 qulli.

1111 2961 1120 2974 Β
1139 2963 1205 2985 Vei-s.
1225 2962 1245 2984 9.
1263 2963 1314 2984 Post
1331 2964 1366 2985 est
1382 2962 1480 2989 Vulgata
1498 2961 1561 2983 addit
1577 2962 1605 2984 et.
