2296 3316
10 69 11 116 l

10 194 11 225 1

7 294 12 386 l

10 387 11 392 ¹
36 391 93 415 neap.

10 1376 62 1404 ἰοεῃ.
76 1380 94 1398 1.

0 1521 11 1541 tt
17 1520 98 1540 robatur.

18 1804 66 1828 [esp.
78 1803 97 1822 2.

0 1850 21 1871 t.
31 1851 98 1876 proba.-

18 1877 53 1894 tur.

721 157 890 186 COMMENT.
914 156 945 185 IN
967 155 1114 185 lOANNEM
1135 155 1162 184 C.
1185 155 1251 184 XXI.

110 238 190 276 gebat
211 238 323 267 Petrum
341 245 426 274 quam
441 237 587 266 Ioannem?
603 252 639 258 —
652 236 781 271 Videtur,
796 235 870 273 quod
886 236 960 264 fictio

110 288 183 315 esset
203 284 232 313 in
253 284 378 313 Domino.

188 332 225 361 Ad
258 332 311 361 hoc
341 331 503 369 responderi
534 333 641 368 potest,
667 330 742 368 quod
772 331 835 359 licet
862 331 960 359 Petrus

110 379 200 408 maius
222 379 376 416 praemium
397 381 568 412 mereretur,
590 380 681 406 tamen
696 378 863 407 conveniens
883 381 959 412 erat,

109 426 252 456 Christum
280 426 413 455 maiorem
441 425 655 454 familiaritatem
687 425 823 454 exhihere
852 425 959 459 loanni,

110 473 175 512 quia
197 474 312 502 Ioannes
332 475 392 502 erat
413 472 522 501 iuvenis
543 474 570 500 et
584 475 644 501 erat
667 472 744 509 virgo
765 474 792 501 et
812 472 959 506 innocens;

109 524 137 551 et
157 521 226 550 haec
247 523 328 554 sunt,
350 527 423 557 quae
444 519 515 548 miro
536 519 617 548 modo
638 522 666 548 et
690 519 718 547 in
740 521 890 555 conspectu
912 519 960 547 Dei

109 571 137 598 et
157 568 303 597 hominum
330 567 435 596 faciunt
463 567 603 596 hominem
630 567 775 596 amabilem
805 570 832 595 et
859 567 961 603 gratio-

109 623 181 645 sum.
204 614 279 644 Unde
300 614 394 643 Βο(131
415 614 496 643 111011;
524 626 537 639 «
552 614 599 643 1110
620 618 661 643 051
683 615 813 647 1030005,
835 614 881 650 qui
905 613 961 650 pri-

109 663 209 700 vilegio
229 662 333 691 amoris
354 662 495 699 praecipui
515 662 615 691 ceteris
636 661 720 690 altius
740 661 844 689 meruit
871 668 887 688 a
909 661 962 688 Do-

109 709 185 739 mino
205 709 354 744 honorari;
376 713 404 738 et
424 709 499 746 quod
520 708 646 746 specialis
667 707 860 745 praerogativa
881 707 962 736 casti-

110 757 175 787 tatis
196 765 260 786 eum
291 757 420 794 ampliori
442 756 588 785 dilectione
618 755 721 784 fecerat
741 754 856 791 dignum
878 766 904 782 ι).
932 754 963 782 Et

109 804 226 833 Glossa²
247 803 328 838 dicit,
350 803 425 841 quod
451 803 594 832 «loannes
615 802 778 830 familiarior
800 801 868 835 fuit,
897 801 964 838 quia

110 850 233 880 tenerior
253 853 313 879 erat
329 862 355 878 ».

190 897 235 926 53.
258 897 368 933 Quaest.
384 896 427 925 Vl.
442 896 508 925 Item
532 895 679 933 quaeritur
701 895 735 924 de
760 895 812 924 hoc
833 895 908 932 quod
922 895 963 924 di-

110 944 162 973 cit:
186 944 235 973 Sic
255 952 322 972 eam
341 943 404 972 volo
425 952 561 977 manere,
584 943 673 972 donec
694 943 818 972 veniam.
837 960 872 963 —
893 943 963 980 Ergo

109 991 234 1026 videtur,
256 990 330 1028 quod
362 991 458 1019 saltem
489 998 581 1027 usque
605 990 640 1019 ad
671 990 780 1019 Domini
812 990 961 1019 adventum

109 1039 202 1068 anima
222 1039 310 1076 ipsius
330 1047 347 1067 a
361 1046 478 1075 corpore
500 1046 555 1066 non
577 1038 612 1067 sit
627 1040 769 1075 separata;
792 1046 855 1066 nam
878 1038 962 1074 post³

109 1095 165 1116 non
187 1086 307 1115 habetur
328 1094 364 1115 ex
387 1085 494 1114 littera:
516 1093 583 1122 ergo
604 1085 727 1119 videtur,
754 1085 828 1122 quod
850 1085 964 1114 loannes

110 1133 234 1163 nondum
257 1133 292 1162 sit
313 1136 457 1167 mortuus;
479 1133 507 1161 10
529 1133 609 1162 cuius
631 1132 670 1162 rei
693 1135 889 1170 argumentum
905 1135 963 1166 051,

110 1180 186 1218 quod
206 1188 310 1217 corpus
330 1181 391 1209 eius
411 1188 466 1208 000
488 1179 639 1208 invenitur.

190 1229 369 1257 1135101103οε
392 1226 561 1261 Dicendum,
584 1226 659 1263 quod
680 1229 791 1263 praeter
812 1226 964 1263 expositio-

111 1283 174 1304 nem
201 1274 321 1311 primam
349 1273 567 1310 discipulorum,
599 1281 684 1310 quam
706 1273 847 1307 fecerunt,
879 1281 962 1310 quam

111 1322 205 1359 arguit
225 1321 284 1358 ipse
306 1321 479 1357 Evangelista
489 1321 510 1354 4,
532 1320 607 1357 quod
627 1328 680 1348 non
703 1323 878 1354 moreretur,
908 1322 965 1348 tres

112 1371 177 1398 sunt
197 1368 267 1397 aliae
284 1367 480 1405 expositiones.
501 1367 558 1396 Una
579 1370 634 1401 est,
656 1367 731 1404 quod
746 1375 800 1395 non
822 1369 864 1395 est
888 1375 964 1395 1001-

111 1419 192 1450 tuus,
214 1415 262 1444 sed
282 1415 419 1443 morietur
434 1414 461 1442 in
483 1414 605 1443 adventu
619 1414 741 1448 Domini;
764 1414 811 1443 sed
833 1414 915 1442 modo
937 1414 964 1442 10

112 1470 212 1499 5011010
233 1465 275 1491 est
302 1462 355 1490 sub
376 1465 467 1496 terra,
495 1464 523 1490 et
543 1461 604 1490 ideo
625 1469 728 1498 corpus
749 1461 809 1489 eius
837 1469 892 1489 non
915 1461 965 1489 ha-

111 1509 204 1538 betur.
219 1525 258 1529 —
272 1507 324 1537 Sed
345 1507 397 1536 ista
418 1507 517 1544 positio
538 1510 579 1536 est
600 1507 806 1543 improbabilis;
829 1506 895 1544 quia
910 1515 965 1535 non

112 1559 155 1585 est
174 1555 360 1589 credendum,
376 1555 451 1592 quod
471 1555 606 1583 Dominus
620 1554 771 1592 discipulo,
794 1562 878 1591 quem
893 1562 965 1583 ama—

112 1603 172 1638 bat,
204 1603 310 1632 tamdiu
340 1602 466 1632 differret
496 1610 575 1631 suam
606 1602 799 1631 demonstrare
830 1602 964 1639 gloriam,

112 1657 197 1687 quam
224 1649 353 1686 cupiebat
380 1642 542 1686 Apostolus,
564 1648 598 1677 ad
620 1648 809 1685 Philippenses
830 1648 922 1685 primo
937 1649 964 1676 ⁵:

115 1696 207 1734 Cupio
228 1696 350 1725 (113301οί
369 1699 394 1724 et
414 1704 474 1724 esse
495 1704 563 1724 cum
586 1695 712 1725 Christo.

192 1743 248 1772 Alia
268 1747 310 1772 est
330 1743 438 1780 opinio,
460 1743 534 1781 quod
557 1743 691 1772 Dominus
713 1743 804 1780 ipsum
833 1743 965 1772 assumsit

113 1791 142 1820 in
164 1798 281 1828 corpore
301 1794 328 1819 et
348 1791 453 1825 anima,
475 1793 502 1819 et
523 1791 549 1819 in
572 1791 620 1819 illa
644 1791 814 1820 assumtione
842 1791 910 1819 obiit
937 1793 963 1819 et

114 1838 225 1867 revixit.
248 1853 286 1859 —-
302 1838 356 1866 Etsi
378 1838 430 1866 ista
450 1838 543 1875 opinio
565 1846 619 1866 non
642 1837 728 1874 possit
749 1837 786 1866 ita
808 1837 961 1874 reprobari,

114 1887 221 1918 tamen,
243 1884 310 1922 quia
329 1892 383 1913 000
399 1884 483 1913 1131101
497 1884 707 1918 3001011131010,
723 1884 817 1913 0311001
833 1884 962 1912 facilitate

114 1931 315 1966 contemnitur,
337 1939 393 1968 qua
414 1931 580 1968 111-01131015.

177 2132 185 2145 ¹
204 2132 281 2155 Verba
306 2133 356 2161 ipsa
381 2136 506 2156 occurrunt
531 2133 553 2156 in
578 2134 681 2156 Breviar.
707 2134 812 2156 Romano
837 2141 880 2162 pro
908 2135 965 2157 festo

115 2173 137 2195 S.
155 2173 215 2195 loan.
234 2172 281 2201 (27.
298 2173 375 2202 Dec),
398 2179 459 2201 resp.
482 2174 531 2196 lect.
550 2173 573 2196 3.
590 2174 653 2196 Noct.
673 2174 693 2196 1.
710 2176 732 2196 01
753 2174 804 2196 lect.
822 2175 842 2196 2.
862 2175 924 2197 Noct.
943 2175 966 2197 2.

115 2212 283 2235 sententialiter
299 2212 349 2240 ipsa
367 2212 459 2235 exhibet
476 2213 550 2240 Beda,
567 2213 676 2235 [1100111.
694 2214 787 2242 genuin.
806 2214 885 2236 homil.
903 2214 923 2236 8.
941 2214 965 2236 in

114 2252 182 2275 natali
200 2253 223 2275 S.
240 2252 299 2274 loan.
317 2258 400 2280 evang.
426 2255 449 2275 et
473 2252 601 2275 Comment.
620 2253 642 2275 in
668 2254 729 2276 loan.
747 2254 768 2281 1,
790 2254 807 2275 l.
830 2253 876 2276 Cfr.
893 2260 965 2282 supra

114 2297 169 2319 pag.
191 2291 250 2319 245,
273 2294 327 2314 nota
351 2292 373 2313 2.
395 2294 417 2314 et
440 2294 495 2314 tom.
518 2292 550 2314 111.
568 2298 621 2320 pag.
639 2292 697 2319 706,
714 2295 767 2315 11013
785 2293 814 2320 ὃς
833 2292 889 2315 ibid.
910 2299 964 2321 pag.

113 2330 168 2358 707,
180 2333 232 2353 nota
251 2331 272 2353 1.
289 2330 436 2353 exhibuimus
453 2330 526 2353 verba
543 2330 670 2359 Chrysost„
682 2332 811 2354 secundum
829 2338 889 2360 quae
906 2333 964 2355 haec

114 2369 220 2398 specialis
242 2370 333 2392 dilectio
357 2370 466 2392 fundatur
484 2370 505 2392 in
522 2376 563 2397 eo,
581 2371 645 2399 quod
662 2371 754 2393 videtur
779 2372 875 2394 loannes
895 2380 905 2392 «
918 2378 965 2394 mo-

114 2408 212 2431 destiam
235 2411 257 2431 et
279 2409 482 2432 mansuetudinem
505 2415 614 2437 magnam
632 2409 762 2432 exhibuisse
775 2419 796 2432 ».
815 2411 922 2439 August.,
940 2411 965 2433 in

115 2448 175 2470 1030.
193 2448 282 2475 Evang.
300 2451 327 2470 tr.
345 2448 398 2470 124.
417 2455 437 2470 11.
455 2448 478 2470 7.
495 2449 540 2471 ait:
559 2449 616 2471 Sunt
633 2449 672 2477 qui
694 2449 818 2478 senserint,
836 2452 858 2472 et
875 2450 898 2472 hi
915 2450 965 2479 qui—

114 2486 168 2509 dem
194 2493 240 2509 non
266 2487 451 2515 contemptibiles
476 2488 535 2510 sacri
560 2488 647 2517 eloquii
666 2491 810 2516 tractatores,
836 2495 849 2511 a
874 2489 964 2512 Christo

114 2527 221 2549 loannem
239 2526 373 2555 Apostolum
392 2530 514 2555 propterea
532 2528 583 2555 plus
600 2530 716 2555 amatum,
734 2529 798 2557 quod
815 2535 892 2558 neque
909 2535 965 2552 uxo-

114 2571 163 2588 rem
181 2566 272 2589 duxerit
288 2569 310 2589 et
327 2565 357 2588 ab
374 2567 467 2589 ineunte
485 2567 582 2595 pucritia
600 2567 742 2589 castissimus
760 2568 841 2590 vixerit
858 2571 901 2590 etc.

176 2603 186 2617 ²
203 2605 297 2628 Glossae
314 2605 490 2634 interlineares,
511 2613 570 2635 quas
588 2608 630 2629 hac
647 2607 676 2630 de
693 2614 718 2630 re
736 2608 875 2636 invenimus,
896 2611 964 2631 sunt:

114 2644 136 2666 in
154 2644 214 2666 loan.
234 2645 275 2671 13,
294 2645 339 2667 23:
356 2645 405 2667 Non
431 2646 483 2673 plus
508 2646 631 2674 omnibus,
648 2647 689 2669 sed
712 2647 858 2675 familiarius,
877 2650 901 2669 ut
924 2654 964 2675 per

114 2689 197 2711 pacem
214 2683 244 2706 de
261 2684 308 2706 vita
325 2684 408 2712 exiret,
425 2691 472 2707 non
489 2684 555 2714 [per]
573 2686 720 2714 passionem,
737 2686 778 2713 19,
797 2687 838 2708 26:
858 2687 913 2709 Prae
929 2693 965 2709 00-

115 2722 169 2745 teris
186 2723 336 2750 familiarius,
354 2724 391 2750 2l,
409 2724 451 2746 20:
468 2723 622 2747 Commendat
639 2725 787 2753 privilegium
806 2726 892 2748 amoris
909 2726 952 2748 sui.

177 2759 187 2773 ⁸
205 2762 291 2784 Dicitur
308 2762 385 2784 enim:
403 2762 481 2786 Donec
503 2762 604 2786 veniam.
621 2776 652 2780 —
669 2764 709 2786 Ed.
727 2770 780 2786 cum
802 2764 906 2787 Gorrano
924 2770 964 2794 op-

114 2799 227 2830 positum.

178 2837 188 2851 ⁴
205 2839 265 2862 Vide
282 2846 353 2868 supra
370 2847 393 2862 v.
411 2841 448 2863 23.

178 2877 187 2890 ⁵
204 2879 270 2901 Vers.
288 2880 326 2902 23.
342 2892 373 2895 —
389 2880 422 2902 De
439 2881 482 2902 hac
499 2880 612 2908 positione
629 2881 725 2910 eiusque
742 2881 906 2910 reprobatione
923 2884 963 2905 cfr.

115 2917 221 2945 August„
238 2918 261 2940 in
278 2919 340 2941 loan.
357 2919 445 2947 Evang.
463 2922 489 2941 tr.
509 2919 561 2942 124.
578 2926 600 2942 n.
618 2921 639 2942 2.
658 2923 680 2942 et
696 2921 718 2943 3.
737 2934 765 2936 —
786 2921 898 2949 Superius
921 2928 963 2949 pro

112 2956 199 2985 positio
216 2956 233 2979 C
251 2957 378 2987 caepositio,
397 2959 461 2981 multi
479 2959 515 2981 alii
533 2959 601 2982 codd.
619 2962 641 2982 et
658 2960 776 2982 Gorranus
793 2960 864 2983 ratio.

210 3003 236 3027 S.
255 3004 386 3027 Bonav.—
398 3005 464 3027 Tom.
483 3005 518 3028 Vl.

1808 155 1863 184 529

1095 234 1188 263 Tertia
1201 234 1293 271 opinio
1308 234 1386 268 dicit,
1408 233 1482 271 quod
1498 233 1611 262 Ioannes
1625 238 1666 263 est
1680 237 1821 269 mortuus,
1836 237 1864 263 et

1016 282 1050 311 de
1065 290 1182 319 corpore
1196 282 1256 310 eius
1270 281 1340 310 nihil
1354 281 1468 315 asserit,
1484 281 1550 318 quia
1570 281 1639 309 nihil
1660 285 1766 310 certum
1789 282 1865 311 inve-

1017 329 1102 358 nitur.
1118 329 1197 365 Quod
1211 331 1305 357 autem
1319 328 1425 357 dictum
1439 331 1496 357 est:
1509 327 1557 356 Sic
1571 336 1636 356 eum
1651 328 1713 356 volo
1728 337 1863 363 manere,

1018 377 1106 405 donec
1120 376 1249 409 veniam,
1266 375 1292 404 id
1307 378 1357 409 est,
1376 387 1389 400 «
1404 375 1476 404 diem
1492 378 1655 412 exspectare
1666 375 1863 410 novissimum,

1017 432 1073 452 non
1094 422 1210 456 saeculi,
1232 422 1279 451 sed
1310 422 1408 450 mortis
1429 429 1511 456 suae,
1533 422 1644 459 quando
1666 422 1723 459 ipse
1752 423 1865 451 veniens

1018 478 1082 500 eum
1104 470 1131 498 10
1153 473 1281 498 aeternae
1303 469 1480 498 beatitudinis
1500 470 1641 498 mansione
1662 469 1793 507 recipiam
1808 470 1818 487 ⁷
1837 482 1864 498 ».

1130 562 1238 601 Tertio,
1261 563 1294 593 de
1315 563 1427 594 nostrae
1447 562 1511 594 fidei
1532 561 1749 594 confirmatione.

1099 659 1144 687 54.
1169 659 1222 687 Hic
1242 662 1284 687 031
1303 659 1467 696 discipulus
1488 659 1533 688 ille
1547 662 1598 688 etc.
1615 660 1705 696 Supra
1723 660 1811 697 posita
1825 663 1867 688 est

1018 705 1218 742 discipulorum
1242 706 1397 735 sollicitudo
1422 709 1449 735 et
1479 704 1579 735 Christi
1601 707 1800 742 manifestati0;
1822 707 1867 736 1110

1020 752 1133 789 ponitur
1164 752 1234 790 fidei
1262 756 1381 782 nostrae
1411 753 1633 789 confirmandae
1661 754 1771 782 7111108.
1794 754 1867 783 Hanc

1019 802 1112 828 autem
1134 800 1280 828 confirmat
1299 800 1328 828 in
1349 800 1428 829 nobis
1444 800 1615 837 Evangelista
1629 801 1790 837 duplIciter:
1806 809 1866 830 cer—

1021 845 1159 883 tificando
1191 846 1222 875 in
1252 847 1373 875 veritate
1404 850 1431 875 et
1456 847 1609 875 solidando
1641 847 1672 875 z'n
1694 846 1865 876 humilitate.

1022 893 1170 931 Cercisz'cat
1191 894 1219 922 in
1235 894 1364 929 veritate,
1385 894 1451 923 dum
1468 903 1497 923 se
1511 894 1577 923 dicit
1599 898 1696 923 testem
1718 903 1816 924 verum
1841 899 1867 924 et

1020 949 1168 975 securum;
1190 941 1299 970 solidat
1311 942 1338 970 in
1354 942 1526 976 humilitate,
1542 942 1608 971 dum
1623 942 1751 977 ostendit,
1767 950 1796 971 se
1810 951 1864 971 non

1021 996 1101 1025 posse
1122 989 1214 1017 omnia
1235 989 1357 1018 scribere
1378 989 1412 1018 ad
1434 989 1560 1026 plenum,
1583 989 1619 1018 1111
1632 989 1658 1017 ⁹:
1675 990 1750 1018 Sunt
1770 993 1868 1018 autem

1020 1038 1045 1063 ec
1066 1035 1128 1063 alia
1149 1035 1244 1064 multa
1258 1039 1308 1064 etc.

1098 1083 1144 1111 55.
1168 1083 1257 1115 (Vers.
1277 1083 1345 1119 21).
1361 1083 1432 1112 Dicit
1452 1084 1553 1121 igitur:
1570 1084 1624 1113 Hz'c
1645 1088 1685 1113 031
1706 1084 1869 1122 discipulus

1022 1129 1080 1164 ille,
1109 1130 1162 1168 quz'
1192 1130 1389 1159 testimonium
1414 1130 1544 1168 perhibet
1574 1132 1608 1160 de
1639 1131 1685 1160 Itis
1705 1136 1731 1160 01
1751 1132 1869 1169 scripsit

1020 1175 1106 1212 ltaec,
1129 1177 1173 1205 cui
1195 1177 1365 1206 credendum
1386 1181 1442 1212 est,
1464 1179 1539 1207 omni
1567 1179 1737 1208 dubitatione
1759 1182 1869 1216 postpo-

1021 1224 1081 1258 sita,
1102 1225 1168 1262 quia
1189 1228 1215 1253 et
1235 1225 1360 1260 scimus,
1383 1226 1455 1263 quia
1476 1235 1579 1254 verum
1604 1230 1645 1255 031
1672 1227 1868 1255 testimonium

1020 1271 1092 1299 eius.
1115 1271 1329 1308 Chrysostomus
1342 1272 1378 1300 ¹⁰:
1405 1284 1418 1297 «
1434 1273 1505 1309 Quia
1518 1273 1607 1301 multa
1621 1273 1787 1302 certitudine
1802 1274 1869 1303 scri-

1022 1318 1092 1355 psit,
1114 1326 1168 1346 non
1191 1318 1293 1347 refutat
1315 1319 1357 1347 sui
1380 1319 1467 1356 ipsius
1489 1320 1675 1348 testimonium
1697 1320 1725 1348 in
1747 1320 1868 1349 medium

1021 1365 1107 1399 ferre,
1129 1374 1282 1402 provocans
1303 1374 1535 1404 unumquemque
1556 1367 1718 1396 examinare
1738 1371 1765 1396 et
1791 1375 1870 1396 scru-

1023 1412 1075 1440 tari
1097 1420 1168 1448 quae
1183 1412 1254 1441 facta
1268 1416 1342 1441 sunt.
1358 1412 1535 1441 Consuetudo
1549 1413 1628 1442 nobis
1643 1417 1697 1448 est,
1713 1422 1776 1442 cum
1792 1414 1870 1443 valde

1022 1466 1088 1487 vera
1108 1459 1238 1492 dicimus,
1260 1467 1351 1497 neque
1365 1462 1494 1488 nostrum
1508 1460 1696 1489 testimonium
1719 1461 1870 1498 denegare;

1022 1506 1096 1535 unde
1117 1507 1234 1535 Actuum
1255 1507 1354 1544 quinto
1374 1507 1509 1536 dixerunt
1533 1507 1668 1544 Apostoli:
1702 1508 1796 1537 Testes
1824 1517 1870 1537 su-

1022 1561 1085 1582 mus
1106 1554 1208 1582 horum
1230 1554 1419 1583 verborum».

1102 1602 1147 1629 56.
1171 1601 1260 1636 (Vers.
1283 1602 1350 1635 25).
1379 1602 1454 1630 Sunt
1483 1606 1579 1631 antem
1612 1606 1638 1631 et
1668 1603 1730 1632 alia
1758 1603 1869 1638 matta,

1022 1656 1096 1686 qaae
1117 1647 1184 1686 fecit
1205 1648 1294 1676 lesus.
1317 1648 1459 1683 Ostendit,
1481 1657 1510 1678 se
1538 1658 1591 1678 non
1613 1650 1705 1678 omnia
1726 1650 1868 1687 scripsisse

1021 1695 1055 1723 ad
1077 1695 1204 1732 plenum;
1227 1695 1253 1723 in
1268 1703 1325 1732 quo
1340 1695 1510 1724 intellectum
1526 1699 1652 1724 nostrum
1669 1697 1810 1731 humiliat,
1834 1705 1867 1726 ne

1021 1742 1167 1771 credamus
1188 1750 1238 1771 nos
1259 1742 1293 1771 ad
1314 1743 1405 1771 omnia
1427 1743 1569 1772 sciendum
1584 1751 1705 1780 capaces.
1723 1744 1870 1781 Propterea

1021 1789 1102 1824 dicit,
1122 1797 1153 1818 se
1175 1798 1229 1818 non
1251 1790 1394 1827 scripsisse
1407 1791 1437 1818 ¹¹.
1461 1790 1522 1819 Ideo
1539 1791 1619 1819 dicit:
1644 1792 1724 1827 Quae
1748 1792 1776 1820 sz'
1795 1792 1868 1820 scri-

1021 1836 1131 1865 bantur
1150 1846 1203 1874 per
1223 1837 1357 1875 singula,
1380 1846 1430 1866 nec
1451 1838 1549 1875 ipsum
1570 1839 1716 1867 mundum
1736 1839 1869 1868 arbitror

1018 1892 1103 1921 posse
1123 1892 1226 1921 capere
1245 1892 1292 1912 003
1313 1885 1366 1923 qui
1385 1885 1532 1914 scribendi
1550 1889 1619 1913 sant
1635 1885 1724 1914 libros
1746 1903 1783 1906 —
1805 1894 1869 1915 con—

1021 1931 1091 1960 strui
1113 1931 1194 1960 debet
1215 1931 1254 1960 sic
1276 1932 1383 1960 littera:
1406 1940 1508 1969 capere
1528 1941 1575 1961 003
1596 1932 1701 1967 libros,
1723 1934 1775 1971 qui
1795 1934 1868 1962 scri-

1085 2134 1096 2148 5
1112 2137 1135 2158 ln
1155 2136 1222 2164 epist.
1240 2136 1260 2158 9.
1285 2136 1313 2159 ad
1338 2137 1432 2159 Paulam
1458 2139 1480 2159 et
1504 2137 1666 2164 Eustochium,
1684 2137 1713 2159 de
1729 2137 1869 2160 assumtione

1023 2175 1048 2198 B.
1068 2176 1096 2198 M.
1114 2176 1141 2198 V.
1160 2176 1227 2205 (inter
1244 2182 1314 2204 opera
1332 2176 1434 2205 Hieron.)
1452 2183 1472 2199 c.
1491 2177 1512 2199 2.
1531 2178 1586 2199 11300
1603 2179 1624 2199 01
1642 2183 1690 2205 seq.
1702 2177 1780 2204 opinio
1798 2177 1868 2204 tangi-

1023 2217 1075 2237 tur:
1093 2215 1160 2244 Quod
1178 2215 1232 2245 [iam
1250 2216 1411 2238 resuscitatum
1437 2215 1496 2245 esse]
1517 2219 1539 2238 et
1561 2216 1590 2239 de
1612 2216 1679 2238 beato
1702 2217 1784 2238 Ioanne
1801 2222 1868 2238 evan-

1023 2255 1111 2283 gelista,
1128 2255 1178 2278 eius
1202 2255 1320 2282 ministro,
1338 2255 1374 2277 cui
1394 2255 1478 2283 virgini
1501 2262 1513 2277 a
1536 2255 1625 2278 Christo
1650 2255 1721 2283 Virgo
1746 2255 1867 2278 commissa

1022 2297 1069 2322 est,
1087 2295 1180 2323 plurimi
1198 2297 1346 2323 asseverant,-
1364 2295 1418 2323 quia
1437 2295 1458 2316 in
1475 2295 1581 2322 sepulcro
1599 2294 1660 2321 eius,
1678 2297 1702 2316 ut
1719 2295 1796 2323 fertur,
1814 2301 1869 2317 non-

1022 2335 1066 2357 nisi
1085 2341 1168 2357 manna
1185 2334 1308 2361 invenitur,
1325 2335 1388 2363 quod
1405 2336 1428 2356 et
1444 2334 1555 2356 scaturire
1577 2334 1685 2356 cernitur.
1702 2334 1868 2356 Verumtamen

1022 2374 1078 2403 quid
1104 2375 1186 2396 horum
1212 2374 1291 2395 verius
1316 2376 1443 2400 censeatur,
1460 2362 1611 2400 ambigimus.
1628 2373 1705 2395 Melius
1727 2376 1803 2395 tamen
1822 2373 1868 2395 Deo

1022 2416 1110 2441 totum,
1123 2413 1159 2435 cui
1177 2413 1231 2435 nihil
1249 2412 1392 2440 impossibile
1404 2415 1450 2437 est.
1463 2412 1641 2439 committimus,
1653 2418 1724 2441 quam
1742 2415 1767 2434 111
1783 2413 1867 2441 aliquid

1022 2454 1109 2473 temere
1131 2451 1229 2473 definire
1245 2451 1344 2473 velimus
1366 2451 1500 2473 auctoritate
1522 2453 1611 2477 nostra,
1629 2450 1693 2479 quod
1718 2457 1763 2473 non
1788 2450 1871 2479 probe-

1022 2497 1075 2513 mus
1091 2494 1134 2513 etc.
1152 2490 1195 2513 Cfr.
1214 2491 1343 2518 Nicephor.,
1361 2491 1386 2512 ll.
1403 2490 1531 2512 Ecclesiast.
1548 2490 1630 2512 Histor.
1648 2496 1667 2512 c.
1686 2490 1721 2512 42.
1740 2490 1762 2512 111
1781 2491 1833 2512 line.

1084 2528 1093 2541 ⁷
1111 2530 1139 2552 Ut
1156 2529 1211 2552 dicit
1228 2529 1289 2551 Beda
1312 2535 1381 2557 supra
1400 2534 1453 2556 pag.
1480 2528 1537 2555 527,
1563 2531 1616 2551 nota
1635 2529 1655 2551 9.
1673 2529 1793 2556 allegatus.
1812 2530 1869 2552 Vide

1021 2575 1091 2597 supra
1108 2575 1162 2597 pag.
1181 2569 1239 2597 245,
1256 2571 1334 2590 notam
1352 2568 1374 2590 7.
1392 2581 1422 2585 —
1440 2568 1472 2590 De
1489 2568 1524 2590 his
1544 2567 1692 2596 opinionibus
1709 2570 1748 2591 cfr.
1766 2568 1870 2596 Calmet.,

1022 2609 1154 2631 Dissertatio
1171 2609 1201 2631 de
1218 2608 1281 2631 obitu
1300 2609 1322 2630 S.
1340 2609 1399 2630 loan.
1418 2614 1502 2635 evang.
1520 2607 1552 2636 (in
1570 2608 1684 2636 principio
1701 2608 1829 2630 Comment.
1846 2609 1868 2630 in

1022 2650 1083 2671 ioan.
1099 2648 1197 2675 Evang.)
1215 2650 1238 2670 et
1254 2647 1342 2670 Cornel.
1360 2653 1371 2668 3
1390 2647 1489 2674 Lapide,
1508 2647 1530 2668 in
1548 2648 1609 2669 loan.
1626 2647 1664 2673 21,
1682 2648 1718 2669 22.

1084 2685 1093 2698 ⁸
1112 2687 1170 2709 Vide
1187 2692 1258 2714 supra
1276 2692 1295 2708 c.
1313 2686 1351 2708 20.
1368 2692 1390 2707 0.
1410 2686 1430 2707 1.

1084 2724 1093 2737 ⁹
1112 2726 1177 2748 Vers.
1195 2726 1233 2747 25.

1085 2764 1103 2777 ¹⁰
1121 2766 1144 2787 ln
1162 2766 1221 2787 1030.
1235 2765 1313 2786 homil.
1325 2765 1362 2786 88.
1376 2764 1441 2793 (alias
1459 2764 1505 2793 87.)
1523 2771 1546 2786 n.
1564 2766 1585 2786 2.
1598 2765 1650 2787 Post
1662 2764 1779 2794 dener-sare
1795 2768 1869 2787 textus

1021 2804 1140 2831 originalis
1157 2804 1222 2831 plura
1240 2803 1312 2825 addit.
1330 2803 1446 2830 Allegatur
1463 2803 1510 2824 Act.
1528 2802 1555 2831 5,
1574 2804 1610 2825 32.

1085 2842 1102 2855 ¹¹
1121 2843 1288 2870 Supplevimus
1305 2848 1317 2863 e
1335 2842 1404 2864 codd.
1422 2842 1500 2868 (etiam
1520 2843 1638 2864 Gorranus
1661 2842 1701 2864 ista
1719 2842 1819 2871 exhibet)
1837 2843 1870 2865 ad

1018 2881 1141 2911 plenum...
1158 2880 1288 2910 scripsisse.
1307 2881 1350 2902 Pro
1361 2886 1410 2903 non
1421 2880 1546 2909 scripsisse
1562 2881 1580 2903 Η
1599 2880 1716 2903 substituit
1727 2887 1775 2904 non
1787 2881 1868 2904 omnia

1021 2920 1152 2950 εον-11131330.

1744 3008 1772 3028 (17

1882 239 1938 264 Resp.
1953 239 1971 258 3.

1884 803 1963 822 Divisio.

1886 1085 1956 1107 Primo,
1970 1090 2011 1104 eer-

1898 1109 1976 1136 tificatio
1989 1109 2008 1127 in

1898 1135 1987 1152 vent-ale.

1905 1603 1992 1622 Secundo
2000 1618 2005 1625 ,

1887 1627 2005 1645 confirmatio

1888 1650 1908 1669 in
1929 1651 2006 1669 humili-

1888 1676 1934 1693 tate.
