2296 3316
13 990 61 1013 latin,
76 995 133 1014 quai-e

10 1014 62 1057 *3³2⁵
68 1014 134 1033 timeu-

9 1058 10 1077 l

9 1101 10 1117 l

9 1135 11 1158 l

718 157 887 186 COMMENT.
910 158 942 187 ΙΝ
963 158 1199 189 ECCLESlASTEN
1219 160 1247 189 C.
1270 161 1321 189 xii.

145 236 211 264 mini
233 235 351 265 declinat
370 236 460 265 omnis
480 244 496 265 a
516 236 588 265 malo
603 247 629 264 n.
653 236 792 272 Quantum
823 235 858 264 ad
889 244 990 273 opera-

146 283 250 311 tionem
271 283 338 312 boni
357 283 438 311 dicit:
461 283 495 311 Et
515 283 659 312 mandata
678 283 742 311 eius
761 283 883 311 observa
890 293 900 316 ;
918 283 991 311 Deu-

145 329 289 358 teronomii
310 333 405 358 sexto:
431 341 445 354 «
460 329 545 364 Audi,
567 329 662 364 Israel,
676 333 704 358 et
717 329 847 364 observa,
862 332 894 358 ut
907 329 991 358 facias

145 384 216 413 quae
236 376 375 413 praecepit
396 376 567 404 Dominus».
590 376 651 404 Hoc
671 380 711 405 est
732 376 827 405 omnis
847 375 947 411 homo,
964 376 991 405 id

144 426 186 452 est
207 426 281 452 totus
301 426 328 451 et
349 422 488 460 perfectus
509 423 600 452 homo.
623 423 649 451 Si
670 424 744 452 enim
766 423 830 452 facit
845 423 949 452 bonum
963 426 991 452 et

144 478 198 498 non
219 470 337 499 declinat
357 478 373 498 a
394 469 478 504 malo,
500 478 554 498 non
575 473 617 498 est
637 470 743 507 integer
765 470 860 504 homo,
882 470 929 499 sed
950 470 991 498 di-

144 517 260 551 niidius3
282 524 395 551 rursus,
417 517 439 545 si
460 516 579 545 declinat
599 524 615 544 a
635 517 708 545 malo
729 520 756 545 et
781 525 835 545 non
857 516 921 545 facit
942 516 989 545 bo-

143 571 227 598 num,
249 571 303 592 non
323 567 364 592 est
378 563 430 592 nisi
444 563 589 598 dimidius;
612 563 633 592 si
648 566 741 600 autem
755 563 903 592 declinata
918 563 990 592 malo

143 617 193 646 per
215 610 341 639 timorem
362 613 389 638 et
409 609 474 638 facit
494 609 598 638 bonum
612 617 661 646 per
682 610 877 639 mandatorum
894 610 990 639 obser-

143 656 297 690 vationem,
326 656 380 685 iam
408 660 450 685 est
474 656 569 685 omnis
597 655 697 691 homo,
719 656 746 685 id
773 660 815 686 est
835 657 990 694 completus

142 703 241 732 iustus.
263 703 397 732 Dominus
410 703 446 732 ab
460 703 571 732 homine
585 703 623 732 nil
637 703 756 740 amplius
771 704 902 741 requirit;
917 704 989 732 Deu-

143 750 287 779 teronomii
308 749 415 779 decimo
428 751 453 778 ¹:
479 762 493 775 «
509 750 540 778 Et
560 758 635 779 nunc
657 750 752 785 lsrael,
767 750 834 788 quid
854 751 990 779 Dominus

143 796 261 833 requirit
281 804 297 824 a
318 799 357 831 te,
379 797 431 825 nisi
452 800 485 825 ut
506 797 602 826 timeas
621 797 771 826 Dominum
791 797 879 826 Deum
908 800 988 826 tuum

142 846 169 872 et
189 843 315 871 ambules
335 843 362 871 in
384 843 436 872 viis
455 843 531 878 eius,
553 846 580 872 et
601 844 706 872 servias
732 844 848 873 Domino
876 844 904 872 in
933 847 989 873 toto

142 889 224 918 corde
251 893 300 918 tuo
320 893 347 918 et
368 890 395 918 in
418 893 474 919 tota
494 891 587 919 anima
608 894 671 925 tua,
697 891 891 928 custodiasque
912 899 989 919 man—

142 936 205 965 data
225 936 333 965 Domini
354 936 402 965 Dei
424 937 464 965 tui
476 940 515 965 »t

221 982 309 1019 (Vers.
335 983 400 1019 14).
423 984 454 1012 Et
475 984 546 1012 ratio
566 987 623 1019 est,
645 992 732 1021 quare
753 985 828 1013 Deus
849 984 989 1014 timendus

143 1029 190 1064 sit,
212 1032 239 1058 et
258 1030 386 1059 mandata
406 1030 466 1060 eius
487 1030 541 1059 sint
561 1031 746 1060 observanda:
768 1032 833 1069 quia
853 1031 887 1060 de
901 1032 989 1060 omni-

1853 166 1888 194 99

1048 236 1100 265 bus
1121 237 1214 274 exiget
1234 238 1384 273 rationem,
1406 239 1463 268 sive
1490 240 1523 269 de
1551 240 1644 276 bonis,
1671 242 1727 270 sive
1748 242 1781 271 de
1802 243 1888 272 malis.

1047 282 1108 312 Ideo
1130 284 1237 312 subdit:
1262 285 1297 313 Et
1316 289 1439 320 cuncta,
1460 296 1535 325 quae
1553 287 1645 324 fiunt,
1668 288 1792 317 adducet
1814 289 1889 318 Deus

1047 330 1079 358 in
1099 330 1244 360 iudicium
1262 341 1318 369 pro
1339 333 1419 361 omni
1438 338 1552 369 errato,
1574 335 1639 372 quia
1653 335 1722 364 nihil
1736 336 1890 365 remanebit

1047 376 1246 412 indiscussum,
1268 386 1317 407 nec
1339 383 1446 415 gestum
1475 388 1524 416 per
1552 381 1682 409 malitiam
1704 389 1754 410 nec
1782 385 1888 419 gestum

1047 431 1096 460 per
1117 432 1254 459 errorem;
1270 425 1397 454 Matthaei
1412 426 1574 455 duodecimo
1585 428 1609 455 2:
1635 439 1648 452 «
1664 428 1702 456 De
1716 429 1789 457 omni
1805 429 1889 457 verbo

1046 470 1149 504 otioso,
1170 470 1244 507 quod
1266 471 1349 500 locuti
1380 472 1483 501 suerint
1511 473 1650 508 homines,
1672 474 1786 503 reddent
1808 475 1889 504 ratio-

1046 524 1110 545 nem
1126 529 1152 545 ι».
1169 517 1199 545 Et
1220 526 1273 546 non
1290 522 1397 547 tantum
1411 519 1595 549 discutientur
1609 521 1695 555 mala,
1712 521 1795 550 immo
1808 522 1888 550 etiam

1046 563 1133 597 bona;
1154 564 1215 592 ideo
1229 565 1383 602 subiungit:
1406 566 1470 595 Sive
1491 566 1613 601 bonam,
1635 568 1694 596 sive
1715 568 1826 597 malam
1841 569 1889 603 sit,

1045 610 1199 639 adducetur
1220 611 1247 639 in
1269 611 1381 646 iudici03
1404 613 1476 641 unde
1497 614 1524 642 in
1547 614 1666 643 Psalmo:
1692 627 1705 639 «
1720 615 1789 643 Cum
1813 623 1889 644 acce-

1045 664 1113 693 pero
1135 660 1257 694 tempus,
1279 666 1329 695 ego
1350 659 1468 688 iustitias
1489 660 1657 695 iudicab0»;
1672 664 1699 690 et
1714 670 1826 696 rursus,
1848 669 1890 690 se-

1045 703 1152 732 cundae
1173 704 1207 732 ad
1228 704 1384 734 Corinthios
1405 706 1516 743 quinto:
1543 707 1672 736 «Omnes
1699 716 1749 736 nos
1777 709 1890 738 manife-

1046 750 1112 778 stari
1134 754 1243 786 oportet
1262 754 1325 779 ante
1347 752 1468 780 tribunal
1489 753 1589 782 Christi
1606 765 1632 788 ²¹3
1648 754 1708 782 ideo
1728 758 1827 783 cuncta
1847 755 1889 783 iu-

1045 797 1161 832 dicabit,
1177 798 1242 834 quia
1262 798 1354 826 omnia
1368 799 1488 835 respicit.
1505 799 1536 827 Et
1550 800 1602 828 hoc
1620 804 1661 829 est
1682 801 1756 837 quod
1771 802 1888 830 multum

1044 844 1126 873 debet
1146 845 1253 873 hortari
1274 844 1308 873 ad
1329 845 1456 874 timorem
1484 849 1512 875 et
1542 847 1735 876 mandatorum
1760 848 1889 877 observa-

1046 891 1163 926 tionem;
1185 894 1212 920 et
1233 891 1293 920 ideo
1314 892 1342 920 in
1363 892 1415 921 hoc
1430 897 1619 927 consummat,
1634 894 1705 922 sicut
1719 897 1746 922 et
1760 895 1889 924 Boethius

1045 938 1072 966 in
1094 937 1149 967 fine
1169 938 1203 967 de
1224 938 1499 967 consolationibus⁸:
1526 951 1539 964 <t
1555 940 1651 977 Magna
1677 943 1718 969 est
1742 941 1820 970 nobis
1848 942 1890 970 in-

1045 984 1117 1013 dicta
1142 985 1290 1014 necessitas
1320 985 1479 1022 probitatis,
1501 986 1566 1015 dum
1598 990 1697 1016 cuncta
1727 988 1834 1025 agimus
1861 989 1887 1017 in

1045 1036 1194 1069 conspectu
1215 1032 1313 1062 iudicis
1334 1036 1434 1062 cuncta
1455 1034 1592 1063 cernentis
1607 1046 1633 1063 ».

830 1143 956 1171 Exmcn
979 1143 1174 1172 Ecum-:sums
1185 1145 1204 1172 4.

887 1373 1148 1410 SOHOLION.

202 1602 217 1624 Ι.
234 1602 257 1624 ln
275 1602 318 1624 hoc
329 1601 500 1625 Commentario
512 1602 675 1631 componendo
688 1602 709 1625 S.
722 1603 885 1626 Bonaventura
896 1606 987 1632 praeter

140 1640 243 1663 Glossam
261 1639 437 1664 interlinearem
449 1644 471 1663 et
483 1640 633 1664 ordinariam
647 1641 716 1670 (quae
727 1642 865 1670 plerumque
882 1642 986 1664 derivata

140 1682 174 1702 est
190 1685 217 1702 ex
233 1679 404 1703 Commentario
421 1681 444 1702 S.
462 1680 596 1708 Hieronymi
607 1681 630 1702 in
642 1680 801 1709 Ecclesiasten)
820 1687 876 1703 usus
892 1684 926 1703 est
937 1683 985 1703 turn

140 1719 190 1747 ipsa
207 1722 335 1741 memorata
360 1718 500 1749 Hieronymi
520 1719 661 1747 expositione
684 1722 732 1742 tum
754 1719 823 1742 altera
850 1719 956 1749 Huqonis
973 1726 985 1741 a

141 1758 163 1781 S.
182 1758 288 1787 Victore,
305 1764 378 1787 quae,
395 1759 475 1781 saltem
493 1759 515 1781 in
532 1758 680 1786 editionibus,
697 1765 743 1781 non
769 1765 793 1781 se
817 1759 918 1782 extendit
942 1759 985 1781 nisi

139 1803 214 1826 usque
230 1798 259 1820 ad
277 1804 329 1826 cap.
347 1797 373 1826 4,
389 1798 412 1820 7.
429 1798 585 1820 Ecclesiastae.
599 1797 635 1820 Ab
646 1798 745 1825 Hugone
757 1798 807 1826 ipse
822 1801 941 1821 mutuatus
952 1801 987 1821 est

140 1837 290 1865 praecipuam
313 1837 374 1859 illam
396 1837 535 1860 divisionem
559 1838 654 1866 trip11cis
672 1837 790 1865 vanitatis,
807 1838 892 1860 scilicet
908 1839 986 1860 muta-

141 1875 248 1904 bilitatis,
266 1876 412 1906 iniquitatis,
426 1876 587 1906 poenalitatis.
599 1877 665 1905 Quod
678 1879 755 1899 autem
768 1877 905 1905 cognoverit
916 1877 985 1899 etiam

140 1915 320 1945 Eoepositionem
336 1915 461 1945 mysticam
479 1916 501 1938 in
519 1916 669 1939 Ecclesiasten
682 1915 787 1944 Salonii,
800 1916 902 1944 episcopi
916 1916 986 1938 Vien-

140 1954 217 1977 nensis
240 1954 303 1983 (vide
325 1955 421 1983 Migne„
440 1955 521 1977 Patrol.
538 1955 616 1977 Latina
634 1957 690 1977 tom.
707 1955 758 1977 Llll.
775 1956 817 1978 col.
834 1955 879 1977 993
897 1956 985 1984 seqq.),

139 1993 178 2022 qui
196 1994 273 2016 floruit
289 1994 349 2016 circa
368 1994 424 2022 453,
440 1994 536 2023 quidam
554 1995 618 2017 iocus
641 2001 653 2016 a
676 1994 743 2017 nobis
765 1994 847 2017 citatus
869 1995 985 2017 insinuare

139 2032 244 2059 videtur,
260 2033 303 2055 nisi
320 2033 377 2055 sorte
395 2033 455 2056 illam
474 2034 610 2056 sententiam
628 2032 657 2055 ab
675 2034 724 2056 aliis
742 2033 875 2056 auctoribus
889 2035 983 2057 relatam

139 2072 261 2100 acceperit.
285 2072 330 2094 Nec
355 2072 485 2095 invenimus
501 2075 590 2095 certum
616 2073 753 2101 vestigium,
769 2073 833 2102 quod
854 2072 986 2096 adhibuerit

139 2110 321 2134 Commentarios
337 2111 427 2133 Alcuini
450 2114 472 2133 et
497 2111 605 2139 Ruperti,
630 2110 720 2134 abbatis
745 2112 879 2140 Tuitiensis,
896 2112 935 2143 qui
961 2113 983 2134 in

139 2149 274 2177 exponendo
291 2150 425 2172 Ecclesiaste
442 2156 522 2178 presse
538 2154 668 2178 sequuntur
684 2151 859 2179 Hieronymum.
875 2163 906 2168 —
923 2150 984 2174 Cete-

138 2193 190 2210 rum
207 2189 264 2210 haec
275 2188 386 2216 expositio
398 2191 432 2211 est
444 2195 503 2216 opus
515 2189 635 2217 seraphico
651 2190 742 2212 Doetori
755 2196 850 2218 prorsus
862 2191 983 2219 proprium

139 2227 235 2256 eiusque
251 2227 351 2250 indolem
369 2228 471 2250 nativam
489 2229 598 2252 reserens.
614 2230 672 2258 lpse,
690 2229 798 2252 adhibitis
817 2236 983 2259 nonnunquam

139 2266 188 2288 aliis
204 2266 363 2295 versionibus,
380 2267 515 2295 praesertim
532 2267 664 2296 Hieronymi
682 2271 704 2291 et
722 2269 885 2298 Septuaginta,
898 2272 983 2292 textum

138 2305 252 2333 Vulgatae
268 2306 361 2333 exponit
377 2306 506 2328 secundum
524 2312 618 2329 sensum
637 2306 775 2335 litteralem,
791 2307 820 2329 ita
837 2309 862 2330 ut
879 2307 984 2335 plurimis

138 2344 193 2367 locis
209 2344 340 2372 scripturae
357 2345 481 2374 parallelis,
499 2345 566 2374 quasi
583 2345 633 2373 ipsa
651 2346 768 2374 Scriptura
789 2346 905 2373 explicans
928 2346 984 2368 Scri-

138 2386 243 2412 pturam,
260 2385 353 2406 sensum
370 2384 472 2407 illustret.
489 2384 594 2412 Exposita
612 2384 740 2407 secundum
757 2391 850 2407 sensum
865 2385 983 2407 litteralem

138 2424 203 2450 parte
219 2428 266 2444 non
284 2422 365 2450 exigua
378 2425 462 2451 textus,
474 2422 622 2451 subiungitur
634 2424 771 2452 plerumque
783 2423 862 2446 brevis
872 2424 983 2452 expositio

138 2467 220 2483 sensus
236 2461 331 2491 mystici
346 2460 395 2484 sive
411 2462 535 2490 spiritualis
552 2462 655 2484 eiusdem
674 2463 752 2490 partis.
773 2463 896 2485 Adduntur
913 2469 983 2491 porro

138 2501 186 2523 suis
202 2501 258 2523 locis
275 2501 332 2523 ultra
350 2501 466 2529 octoginta
483 2501 629 2531 quaestiones
647 2508 712 2524 more
729 2502 865 2524 scholastico
887 2508 983 2530 compo—

138 2539 206 2567 sitae,
231 2539 316 2568 quibus
341 2540 451 2568 speciales
475 2540 626 2569 difficultates,
643 2541 704 2563 circa
729 2541 857 2563 doctrinam
880 2541 916 2563 vel
934 2547 983 2563 sen-

1043 1610 1095 1626 sum
1112 1603 1273 1627 obscuriorum
1294 1605 1397 1627 locorum
1414 1608 1561 1628 occurrentes
1578 1604 1679 1628 breviter
1696 1609 1718 1628 et
1734 1606 1833 1629 dilucide
1848 1607 1889 1629 sol-

1043 1645 1137 1665 vuntur.

1105 1682 1129 1704 ll.
1146 1682 1169 1704 ln
1186 1683 1302 1705 sententiis
1319 1682 1430 1711 gravibus
1447 1689 1473 1705 ex
1491 1683 1569 1706 verbis
1586 1685 1609 1706 S.
1627 1684 1759 1712 scripturae.
1770 1685 1888 1713 eruendis,

1042 1720 1174 1743 dividendis
1190 1724 1212 1743 et
1229 1721 1364 1745 ordinandis
1381 1723 1403 1745 S.
1415 1722 1588 1745 Commentator
1604 1723 1742 1751 comprobat
1756 1724 1888 1752 ingeniosis-

1043 1760 1124 1782 simam
1143 1759 1299 1783 subtilitatem.
1316 1761 1408 1783 Plurimi
1425 1761 1521 1790 quidem
1539 1762 1607 1784 huius
1625 1762 1676 1784 libri
1693 1762 1833 1790 expositores
1855 1769 1887 1785 re-

1043 1799 1156 1821 centiores
1173 1802 1270 1828 negant,
1282 1799 1460 1822 determinatum
1473 1801 1578 1823 ordinem
1590 1804 1612 1823 et
1624 1801 1725 1829 logicum
1737 1807 1885 1829 progressum

1043 1838 1064 1860 in
1083 1839 1133 1867 ipso
1150 1839 1256 1861 inveniri.
1272 1839 1390 1868 Quidquid
1407 1839 1436 1861 de
1453 1840 1497 1862 hoc
1514 1840 1659 1862 sentiendum
1677 1840 1716 1867 sit,
1729 1846 1771 1868 pro
1783 1846 1837 1863 vera
1849 1847 1887 1863 no-

1042 1878 1081 1900 stri
1098 1878 1198 1900 auctoris
1214 1878 1274 1900 circa
1292 1878 1397 1900 ordinem
1414 1878 1444 1900 ab
1462 1878 1512 1906 ipso
1528 1879 1666 1906 dispositum
1692 1880 1800 1901 sententia
1824 1880 1887 1902 intel-

1042 1917 1134 1945 ligenda
1151 1917 1239 1940 servire
1261 1920 1335 1945 potest
1360 1918 1383 1940 id
1408 1918 1472 1946 quod
1496 1918 1518 1940 in
1544 1917 1708 1940 Collationibus
1725 1919 1747 1941 in
1772 1919 1886 1945 hexaem,

1041 1957 1115 1979 collat.
1140 1956 1175 1978 14.
1193 1962 1216 1978 n.
1233 1956 1260 1984 5,
1277 1960 1382 1984 respectu
1400 1956 1506 1979 omnium
1523 1956 1635 1979 librorum
1654 1957 1784 1985 Scripturae
1801 1959 1887 1985 profert

1041 1995 1071 2018 de
1088 1995 1175 2024 ordine,
1201 1998 1225 2018 ut
1242 1996 1271 2018 ita
1297 1995 1386 2024 dicam,
1403 1996 1512 2024 organico
1529 1997 1552 2018 S.
1573 1996 1715 2025 scripturae,
1733 1997 1782 2018 sive
1804 1997 1834 2019 de
1855 1997 1886 2027 di-

1041 2035 1162 2063 versitate,
1174 2040 1235 2063 quae
1251 2038 1284 2057 est
1302 2034 1360 2057 inter
1377 2035 1482 2057 ordinem
1494 2035 1555 2057 illius
1571 2038 1593 2057 et
1612 2035 1718 2057 ordinem
1731 2036 1884 2057 humanorum

1041 2073 1165 2102 librorum,
1182 2073 1246 2102 quod
1263 2074 1348 2096 scilicet
1365 2074 1386 2095 in
1405 2074 1522 2102 Scriptura
1539 2080 1585 2096 non
1603 2077 1701 2102 ponatur
1722 2075 1754 2096 sic
1776 2074 1884 2096 sententia

1041 2116 1094 2141 post
1110 2113 1256 2135 sententiam:
1277 2122 1287 2132 (ι
1300 2113 1349 2135 Non
1366 2116 1411 2141 est,
1429 2114 1515 2142 inquit,
1533 2113 1575 2140 ita;
1587 2113 1641 2142 quia
1659 2113 1827 2135 ordInatissima
1840 2116 1885 2140 est,

1041 2154 1063 2174 et
1080 2152 1138 2174 ordo
1155 2152 1203 2174 eius
1220 2155 1254 2174 est
1270 2152 1394 2174 consimilis
1410 2152 1484 2174 ordini
1501 2154 1597 2174 naturae
1615 2152 1636 2174 in
1654 2152 1820 2180 germinatione
1843 2155 1886 2174 ter—

1041 2196 1079 2213 rae
1092 2199 1102 2210 n
1123 2193 1164 2213 etc.
1182 2203 1212 2206 —
1229 2191 1324 2213 Difficile
1342 2191 1437 2219 quidem
1455 2194 1488 2213 est
1505 2191 1673 2219 praegrandem
1691 2197 1815 2213 numerum
1831 2191 1886 2213 divi-

1041 2231 1131 2253 sionum
1149 2234 1171 2253 et
1187 2230 1372 2253 subdivisionum
1391 2233 1466 2253 mente
1484 2231 1589 2253 retinere.
1606 2231 1637 2253 Ne
1654 2231 1725 2258 igitur
1744 2230 1814 2253 lector
1836 2236 1886 2252 con-

1041 2270 1160 2298 fundatur,
1178 2269 1222 2291 iam
1241 2269 1262 2291 in
1280 2272 1341 2291 textu
1359 2269 1487 2292 ordinando
1500 2276 1543 2297 pro
1555 2269 1645 2292 viribus
1662 2269 1819 2298 providimus,
1837 2272 1885 2291 turn

1040 2308 1122 2334 titulis,
1134 2314 1193 2336 quos
1210 2306 1337 2330 maioribus
1349 2307 1454 2335 partibus
1467 2308 1685 2336 superscripsimus,
1698 2310 1746 2329 tum
1759 2307 1817 2330 notis
1829 2313 1886 2329 mar-

1041 2346 1156 2374 ginalibus
1172 2349 1195 2368 et
1211 2346 1284 2374 typis,
1296 2352 1355 2375 quos
1366 2346 1472 2369 cursivos
1488 2350 1579 2369 vocant.
1591 2347 1640 2369 Non
1652 2349 1729 2369 autem
1742 2347 1884 2374 superfluum

1040 2392 1091 2408 esse
1108 2392 1149 2408 nec
1166 2386 1243 2408 lectori
1261 2386 1377 2413 ingratum
1395 2388 1516 2413 putamus,
1533 2386 1597 2414 quod
1612 2386 1781 2408 multitudinem
1794 2385 1885 2408 divisio-

1040 2430 1095 2446 num
1113 2427 1135 2446 et
1151 2424 1313 2452 principalium
1331 2424 1507 2451 sententiarum,
1525 2430 1586 2452 quae
1597 2424 1682 2446 suntin
1695 2424 1836 2452 expositione
1849 2423 1885 2446 lit-

1040 2462 1122 2490 terali,
1141 2463 1176 2485 his
1192 2466 1292 2492 quatuor
1309 2462 1465 2485 schematibus
1482 2462 1644 2485 adumbratam
1661 2463 1684 2485 in
1702 2469 1748 2484 uno
1760 2458 1883 2490 conspectu

1040 2508 1162 2530 ponamus.
1172 2502 1258 2524 Similia
1268 2503 1383 2524 schemata
1393 2502 1415 2524 in
1425 2501 1544 2524 codicibus
1555 2501 1779 2524 Commentariorum
1792 2502 1814 2523 S.
1827 2501 1884 2523 Scri-

1040 2544 1122 2569 pturae
1139 2541 1224 2569 passim
1243 2541 1390 2563 inveniuntur
1407 2541 1437 2563 ad
1454 2541 1583 2568 marginem
1604 2541 1697 2568 scripta.

200 2730 208 2743 ¹
226 2731 293 2754 Vers.
318 2732 354 2754 112.
377 2735 399 2754 et
420 2733 459 2755 43.
480 2733 577 2761 Vulgata
600 2733 658 2763 petit
682 2741 725 2762 pro
747 2734 863 2764 requirit,·
885 2734 983 2757 subinde

138 2773 190 2798 post
207 2770 257 2794 eius
274 2771 338 2793 addit
355 2773 376 2794 et
393 2771 478 2801 diliyas
495 2778 562 2801 eum,
574 2779 601 2795 ac
618 2777 671 2801 post
684 2773 782 2797 Domino
800 2774 918 2802 subiungit
934 2774 982 2797 Deo

138 2811 190 2838 tuo,
210 2809 295 2832 omisso
313 2809 334 2832 in
352 2810 398 2833 sine
414 2811 457 2833 Dei
473 2811 515 2834 tui.

199 2846 208 2860 ²
226 2849 291 2871 Vers.
309 2849 346 2871 36.
364 2849 475 2877 Vulgata:
500 2851 613 2878 Quoniam
640 2857 710 2873 omne
734 2851 833 2874 verbum
857 2852 981 2879 otiosum..

137 2886 235 2909 reddent
246 2887 275 2910 de
287 2893 315 2910 eo
326 2891 368 2910 etc.
380 2900 411 2903 —
423 2889 555 2917 Sequuntur
567 2890 601 2911 ΡΞ.
613 2889 657 2917 74,
669 2890 691 2912 3.
703 2893 724 2912 et
736 2890 761 2912 ll.
777 2890 828 2913 Cor.
847 2891 872 2917 5,
886 2891 926 2917 40,
938 2896 981 2918 pro

138 2931 185 2953 quo
202 2926 252 2948 loco
268 2926 337 2949 codd.
354 2928 451 2950 afferunt
476 2927 560 2950 verba:
579 2927 666 2951 Omnes
682 2928 797 2952 stabimus
809 2931 863 2952 ante
875 2928 981 2952 tribunal

138 2965 237 2993 Christi,
250 2972 310 2993 quae
322 2966 435 2988 habentur
447 2967 514 2989 Rom.
533 2967 560 2989 ’14
569 2985 574 2995 ,
592 2967 628 2989 lO.
640 2967 684 2990 Cir.
696 2974 769 2995 supra
779 2974 832 2995 pag.
844 2969 882 2994 95,
894 2971 945 2990 nota
959 2969 979 2990 2.

1102 2733 1111 2746 ¹³
1128 2734 1189 2756 Libr.
1207 2735 1234 2756 V.
1253 2740 1323 2762 prosa
1340 2734 1368 2757 6:
1386 2735 1470 2762 Magna
1490 2733 1557 2756 vobis
1574 2736 1619 2762 est,
1637 2734 1655 2755 si
1674 2733 1816 2755 dissimulare
1836 2739 1880 2755 non

1039 2774 1119 2800 vultis,
1137 2774 1260 2796 necessitas
1278 2774 1363 2795 indicta
1379 2773 1511 2801 probitatis,
1529 2779 1581 2795 cum
1600 2776 1651 2794 ante
1668 2773 1746 2794 oculos
1767 2772 1833 2799 agitis
1851 2772 1881 2793 iu-

1039 2814 1096 2835 dicis
1118 2817 1202 2835 cuncta
1221 2813 1341 2835 cernentis.
1358 2825 1390 2829 -
1407 2812 1517 2839 Superius
1535 2818 1577 2839 pro
1594 2811 1658 2834 debet
1675 2810 1769 2833 hortari
1785 2811 1800 2833 C
1818 2809 1881 2832 debet

1038 2850 1156 2874 hominem
1174 2850 1291 2874 inducere.

1099 2889 1109 2901 ⁰
1126 2891 1142 2911 E
1159 2890 1181 2911 in
1200 2890 1258 2911 fine:
1275 2889 1370 2916 Explicit
1386 2895 1455 2916 supra
1477 2889 1625 2911 Ecclesiasten
1644 2887 1771 2910 secundum
1790 2888 1878 2908 tratrem

1042 2930 1239 2956 Bonavemuram,
1256 2932 1277 2950 et
1295 2931 1347 2950 sunt
1363 2928 1492 2955 peroptima
1510 2927 1601 2954 scripta.
