2296 3316
888 168 1133 209 PROLEGOMENA
1154 180 1183 209 C.
1205 181 1235 209 II.
1858 186 1937 217 XXIII

175 260 236 282 rium
254 259 360 282 eiusdem
377 259 401 282 in
418 259 569 287 Evangelinm
583 259 659 282 Lucae
671 257 716 281 sub
728 259 793 281 titulo
804 261 909 281 recenter
925 260 1030 281 exarato:

176 305 277 330 Postilla
302 306 328 329 in
350 305 493 334 Iohannem,
520 306 562 328 col.
585 312 642 328 vcro
666 306 693 328 l:
715 306 786 334 Ecce,
809 305 924 335 intelliqet
945 311 1031 329 serens

175 359 243 377 meus
259 356 304 376 ete.
327 353 415 376 Desinit
439 353 477 376 rol.
499 353 554 376 194.
578 359 598 376 r.
619 353 663 376 col.
688 354 716 380 2,
741 359 825 382 manus
841 359 903 376 saec.
923 353 976 376 XV.
992 353 1032 376 ad-

174 400 250 423 didit:
273 399 372 423 Postilla
390 399 503 429 3139151νί
521 399 619 423 Ioannis
638 399 789 423 Parisiensis.
806 411 838 416 —
854 400 919 427 Sign.
937 400 980 422 litt.
999 400 1030 427 L;

175 447 232 470 vide
248 453 272 470 n.
289 448 311 470 3.

240 496 263 518 6.
287 494 411 519 mechii
431 495 455 517 in
476 495 588 524 Bavaria,
609 494 753 518 bibliotheca
774 495 859 523 Regia,
881 495 935 517 cod.
956 495 1028 517 7940.

175 542 276 565 membr.
292 543 316 565 iu
338 543 376 565 [01.
393 548 456 565 saec.
474 542 530 565 XIII.
547 541 734 565 Commentarius
756 541 836 570 incipit
851 542 888 564 tol.
906 542 927 564 -I.
944 548 963 564 r.
979 542 1030 564 sine

175 591 222 613 ullo
239 590 303 613 titulo
320 594 343 612 et
360 590 453 612 nomine
465 589 583 612 auctoris:
595 589 886 619 Ecce,intelliyetserz·us
901 595 970 613 meus
985 592 1029 612 etc.

174 636 263 659 Desinit
280 637 316 659 sol.
334 637 372 659 60.
389 643 413 659 v.
429 637 473 659 001.
491 637 513 658 2.
530 637 591 659 circa
608 636 713 659 medium
724 645 730 659 ι
741 635 779 659 Ad
795 642 869 666 quam
885 636 959 659 ‘citam
972 642 1030 666 per·

175 683 249 707 ducat
263 689 307 707 nos
324 684 391 707 Iesus
407 684 483 712 Xtus,
501 683 544 713 qui
558 685 593 707 est
611 689 657 713 per
679 683 761 707 onmia
782 683 864 707 secula
886 682 1027 706 benedictus.

174 732 257 755 Amen.
275 731 316 755 Sic
331 731 393 762 finit.
408 744 440 748 —
457 731 523 759 Sign.
540 731 582 754 litt.
598 731 627 754 III.

238 779 287 801 Non
303 785 391 807 paucas
407 779 515 807 proprias
535 778 632 807 praebet
652 779 776 806 lectiones3
793 779 931 806 generaliter
950 781 1029 801 tamen

172 826 283 849 convenit
298 832 352 849 cum
370 826 439 849 codd.
456 826 514 849 bibl.
529 826 672 849 Florentinae
693 828 716 848 et
737 826 883 854 quandoque
904 832 959 848 011111
981 831 1028 848 11110

172 874 293 903 alteroque
309 874 362 897 cod.
378 873 434 896 bibl.
452 873 593 896 Parisiensis.

236 921 260 944 7.
276 920 377 949 Ibidem,
401 921 423 943 in
448 921 530 943 cadem
556 920 708 949 bibliotheca,
726 920 779 943 cod.
804 920 886 943 t7783.
909 921 982 943 chart.
1004 920 1027 942 in

174 969 211 991 [01.
228 974 290 991 5300.
306 969 358 991 XV.
374 968 483 991 ineuntis.
501 968 583 996 Incipit
600 968 639 990 sol.
656 969 678 990 1.
694 974 713 990 r.
730 967 775 990 sub
797 969 840 990 1130
863 967 1027 996 inscriptione:

172 1015 255 1040 Gorra
275 1022 349 1045 super
369 1015 509 1039 Iohannem.
525 1016 584 1038 111110
607 1016 651 1038 001.
668 1016 694 1037 l:
712 1015 783 1043 Ecce,
804 1015 921 1045 intelliyet
942 1021 1028 1039 servus

171 1068 240 1085 meus
256 1065 300 1085 etc.
316 1062 503 1085 Commentarius
520 1062 589 1084 valde
613 1064 647 1084 est
671 1062 796 1090 ampliatus
821 1063 867 1085 tere
886 1068 929 1090 per
945 1064 1027 1084 totum.

172 1109 261 1132 Desinit
278 1112 303 1132 ut
319 1110 342 1132 111
359 1110 422 1132 edito
440 1110 477 1132 [01.
496 1110 549 1132 ifle.
566 1116 586 1132 r.
603 1110 646 1132 001.
664 1111 686 1132 2.
704 1109 727 1131 111
745 1109 799 1132 sine.
816 1109 931 1132 Additur:
945 1108 1028 1139 Expli-

171 1156 205 1180 cit
216 1163 262 1186 per
279 1163 367 1180 manns
383 1159 405 1180 el
421 1163 471 1180 non
483 1163 529 1186 per
543 1156 630 1187 βαιὰ-3,·
642 1157 685 1179 alia
703 1163 787 1180 manus
803 1158 967 1186 prosequitur:
979 1157 1028 1180 Ma-

172 1203 246 1233 yisler
263 1202 378 1228 Nicotaus
394 1203 423 1227 de
440 1204 522 1227 Gorrct
537 1210 611 1234 super
627 1204 766 1227 Iohannem.
782 1217 814 1221 —
831 1205 894 1233 Sign.
911 1205 951 1227 litt.
968 1205 996 1228 Ο.

235 1251 277 1273 1110
298 1251 350 1274 cod.
368 1250 460 1274 exhibet
484 1251 682 1275 Commentarium
708 1251 793 1274 NIcolai
814 1251 845 1274 de
866 1252 968 1279 Gorran,
985 1251 1027 1274 sed

169 1303 227 1320 cum
249 1297 386 1320 lectionibus
408 1298 567 1327 variantibus;
585 1298 648 1321 unde
663 1298 722 1321 sicut
739 1299 775 1320 illa
792 1298 877 1326 editio,
894 1298 965 1321 babet
980 1300 1028 1321 tere

172 1345 285 1373 integram
303 1345 419 1368 Postillam
436 1349 553 1373 nostram,
571 1345 593 1367 111
610 1351 660 1374 qua
676 1348 743 1373 parte
764 1345 884 1368 ordinario
905 1346 1028 1369 confirmat

170 1393 281 1415 lectiones
297 1393 405 1416 codicum
422 1396 562 1416 nostrorum.
682 1417 686 1419 ,

235 1441 257 1462 8.
274 1439 416 1463 Monaslerii
431 1440 455 1462 in
478 1441 599 1469 borussia,
616 1440 756 1463 bibliotheca
778 1441 886 1468 Paulina,
902 1441 955 1464 cod.
974 1442 1026 1464 135.

173 1487 274 1510 membr.
291 1488 313 1510 in
330 1488 367 1510 sol.
385 1494 460 1516 parvo
476 1494 538 1511 saec.
550 1489 606 1511 XIII.
618 1489 730 1511 exeuntis.
745 1488 931 1511 Commentarius
947 1489 1029 1517 incipit

171 1535 211 1558 [01.
228 1536 250 1557 1.
266 1541 286 1558 r.
302 1536 345 1558 col.
365 1537 390 1558 l:
408 1536 480 1564 Ecce,
497 1535 612 1565 intelliqel
627 1542 713 1559 sert-us
734 1542 802 1559 mens
819 1539 863 1559 etc.
880 1536 967 1559 Desinit
989 1537 1028 1559 tol.

172 1581 210 1604 94.
227 1588 247 1604 r.
264 1582 306 1605 col.
326 1583 352 1605 l:
369 1583 423 1612 Ipso
444 1582 585 1611 adiuvante,
603 1582 645 1612 qui
663 1582 721 1606 vicit
746 1584 769 1606 el
791 1584 880 1612 regnat
899 1583 926 1606 in
946 1583 1028 1607 secula

171 1629 317 1653 seculorum.
329 1631 412 1653 Amen.
430 1631 479 1652 Alia
496 1636 579 1652 manus
596 1630 681 1653 saeculi
693 1631 753 1653 XIV.
769 1630 874 1653 addidit:
887 1630 1030 1660 Eapliciunt

172 1676 269 1700 Postilla
293 1677 430 1707 nmqsstri...
450 1677 546 1706 (nomen
571 1678 613 1700 suit
637 1677 758 1707 abrasum)
779 1684 852 1708 snper
877 1678 1028 1708 evangelium

172 1723 294 1747 Iohannis.
306 1725 441 1754 Sequuntur
458 1724 595 1747 Collationes
611 1725 790 1748 Bonaventurae
802 1725 824 1748 in
839 1726 941 1749 eundem
952 1727 1029 1748 Evan-

172 1771 272 1799 gelium,
290 1772 320 1794 de
336 1772 423 1801 quibus
440 1773 563 1801 loquemur
580 1772 683 1795 interius.
698 1785 731 1789 —
747 1773 812 1801 Sign.
829 1773 869 1796 litt.
887 1774 913 1796 N.

234 1818 364 1847 Utrumque
382 1825 444 1846 opus
466 1821 501 1841 est
522 1825 673 1846 anonymum.
691 1820 784 1841 Praeter
808 1820 893 1842 multas
918 1820 1028 1843 lectiones

171 1865 280 1893 proprias
302 1866 419 1893 peculiare
443 1866 486 1894 ipsi
508 1868 554 1894 cst,
571 1866 635 1894 quod
652 1869 698 1888 tam
717 1873 771 1889 cum
788 1868 841 1890 cod.
858 1867 876 1890 C
896 1867 951 1890 bibl.
969 1868 1028 1890 I’ari-

171 1911 267 1939 siensis‚
284 1918 355 1941 quam
373 1919 428 1935 cum
445 1912 498 1935 cod.
514 1912 570 1935 bibl.
588 1912 745 1940 Tudertinae,
760 1914 801 1942 qui
820 1914 881 1942 sign.
899 1915 928 1943 Ε,
945 1921 1028 1937 conve-

170 1959 220 1986 nit;
237 1962 315 1982 tamen
331 1963 404 1982 scatet
420 1960 482 1982 vitiis
499 1959 593 1982 librarii.

235 2006 256 2028 9.
274 2006 361 2029 Montis·
378 2006 509 2034 Alteri-nae,
526 2006 665 2029 bibliotheca
690 2006 837 2035 Conventus,
853 2008 907 2030 cod.
927 2008 1027 2031 membr.

170 2053 195 2076 in
211 2054 248 2076 [01.
259 2060 322 2077 saec.
336 2054 397 2077 XIV.
410 2057 463 2082 post
479 2055 637 2078 medietatem.
656 2054 829 2078 Commentario
846 2056 1027 2084 praemittuntur

170 2102 228 2123 haec
245 2101 317 2123 verba
334 2101 365 2124 ab
381 2102 439 2130 alia,
455 2102 497 2124 sed
519 2108 606 2125 coaeva
629 2109 700 2125 manu
723 2104 803 2131 parvis
819 2104 900 2126 litteris
919 2107 1026 2127 exarata:

170 2147 292 2178 Incipiunt
309 2149 406 2173 Postilla
429 2149 516 2179 finiris
537 2150 706 2173 Bonoventure
726 2157 801 2180 snper
822 2151 974 2181 evonqelium
990 2152 1027 2175 Io-

169 2195 266 2219 hannis.
284 2197 312 2219 In
327 2196 387 2226 sesto
403 2197 483 2221 sancli
498 2197 612 2221 Iohannis
632 2198 777 2228 evangeliste
793 2200 874 2228 polest
889 2199 932 2222 istc¹
945 2199 1026 2229 prolo-

169 2248 216 2272 qus
227 2242 354 2272 predicari.
367 2244 455 2266 Deinde
467 2245 512 2266 col.
528 2245 546 2266 l:
558 2244 631 2272 Ecce,
648 2244 766 2275 intelliget
775 2248 820 2268 etc.
831 2246 909 2269 Codex
920 2247 958 2269 hic
969 2248 1027 2270 mul-

170 2292 206 2312 tas
217 2289 288 2312 habet
299 2291 367 2313 falsas
378 2291 487 2314 lectiones
497 2294 521 2313 et
531 2291 659 2314 identidem
671 2292 741 2315 etiam
753 2293 853 2316 maiores
869 2294 971 2317 lacunas.
986 2294 1026 2317 De-

170 2337 225 2359 sinit
241 2337 278 2359 [01.
295 2337 376 2361 ultimo
392 2344 461 2361 verso
478 2344 521 2366 pet·
537 2339 595 2361 haec
606 2338 695 2361 verba:
707 2339 751 2363 Ilio
767 2342 802 2363 esl
816 2340 873 2370 finis
889 2340 959 2364 isitius
975 2347 1026 2371 ope-

169 2384 215 2408 ris.
231 2385 279 2408 Deo
295 2385 401 2414 ¹‹Ji-ocios.
418 2398 449 2402 ——
466 2386 531 2414 Sign.
547 2386 589 2409 litt.
607 2388 631 2409 F.

234 2432 294 2455 Satis
310 2433 420 2456 convenit
436 2440 490 2456 cum
505 2434 575 2457 codd.
587 2434 642 2457 bibl.
653 2435 810 2464 florentinae,
821 2436 864 2459 sed
875 2436 965 2460 laborat
981 2438 1026 2460 hoc

169 2479 240 2506 vitio,
257 2480 323 2508 quod
344 2486 416 2509 saepe
437 2481 510 2503 verba
535 2484 558 2504 et
582 2482 725 2512 quandoque
749 2484 830 2511 plures
853 2484 1026 2512 propositiones

168 2526 260 2548 omittit.

235 2573 273 2596 10.
289 2573 405 2602 Parisiis,
423 2575 561 2598 bibliotheca
586 2576 722 2606 Nationalis‚
742 2578 794 2601 cod.
817 2577 903 2602 15680.
925 2579 1024 2602 membr.

169 2619 195 2642 in
212 2620 249 2643 [01.
267 2621 321 2644 Post
336 2622 380 2644 alia
399 2628 471 2651 opera
490 2623 628 2652 antiquioris
646 2624 699 2647 aevi
721 2625 760 2648 [01.
784 2626 837 2648 102.
855 2632 875 2648 r.
891 2627 935 2649 col.
952 2627 979 2649 1.“
991 2627 1025 2649 in-

169 2666 241 2695 cipit:
257 2667 329 2696 Ecce,
347 2667 462 2698 intelliyet
476 2675 562 2693 servus
583 2676 651 2694 meus
667 2673 711 2693 etc.
727 2672 746 2694 Λ
768 2673 822 2695 [0110
842 2672 952 2695 126-145.
968 2673 1024 2700 alia,

170 2713 211 2736 sed
229 2719 318 2737 coaeva
335 2721 418 2738 manus
434 2715 520 2738 scribit.
538 2717 625 2739 Desinit
641 2718 680 2740 tol.
693 2707 747 2741 171.
757 2725 777 2741 r.
787 2719 832 2742 col.
847 2720 869 2741 2.
886 2720 939 2742 I’ost
949 2722 1025 2743 Amen

169 2760 281 2784 additur:
297 2762 363 2785 Laus
385 2762 428 2786 tibi
447 2763 479 2786 sit
497 2763 556 2791 Xte,
573 2764 688 2793 qnoniam
713 2764 781 2789 labor
805 2765 905 2797 captivit
926 2766 978 2790 isle.
994 2779 1025 2783 —-

170 2808 235 2836 Sign.
253 2808 295 2831 litt.
312 2809 338 2831 Α.

233 2856 275 2878 1110
300 2856 358 2879 inter
382 2860 482 2886 quatuor
506 2858 646 2882 Parisienses
670 2860 777 2888 codices,
802 2861 842 2889 qui
867 2867 949 2884 omnes
971 2864 1025 2884 sunt

168 2908 230 2925 5300.
247 2903 310 2931 XIII,
327 2904 420 2927 videtur
435 2911 487 2928 esse
503 2906 622 2934 antiquior
637 2909 661 2929 et
677 2907 783 2935 originali
803 2907 909 2937 tldelior;
928 2914 975 2931 non
993 2911 1024 2931 ta-

170 2955 226 2972 men
242 2957 325 2978 expers
341 2954 376 2974 est
391 2958 473 2975 eorum
490 2953 615 2981 vitiorum,
636 2961 698 2984 quae
722 2956 769 2978 sere
785 2954 897 2978 omnibus
913 2955 973 2979 illius
989 2963 1025 2979 ae-

170 2997 223 3019 tatis
239 2999 405 3027 manuscriptis
420 3003 475 3023 sunt
492 3002 635 3024 communia.

1153 259 1191 282 11.
1207 259 1308 288 Ibidem,
1335 261 1389 284 cod.
1406 261 1492 285 15593.
1508 262 1608 286 membr.
1625 263 1648 285 in
1665 265 1701 286 [01.
1719 270 1780 287 saec.
1796 266 1854 288 XIII.
1874 266 1936 289 circa

1088 305 1246 328 medietatem.
1262 306 1449 330 Commentarius
1465 309 1537 331 sancti
1554 309 1730 333 Bonaventurae
1742 311 1822 340 incipit
1834 313 1871 334 [01.
1885 313 1937 335 159.

1087 357 1106 374 r.
1123 352 1169 375 col.
1185 353 1208 375 1.
1223 356 1247 375 et
1262 353 1347 377 desinit
1363 355 1402 377 tol.
1418 356 1474 378 226.
1488 362 1513 378 v.
1526 356 1570 379 col.
1582 357 1591 378 1
1603 364 1609 385 ;
1620 357 1729 380 additur:
1740 358 1846 388 Eaplicit
1856 359 1936 388 Paplo—

1086 398 1153 422 natio
1169 399 1288 430 evangelii
1302 400 1425 425 Iohannis.
1441 414 1473 419 ——
1490 402 1555 431 Siga.
1570 403 1612 426 litt.
1628 404 1653 426 B.

1150 446 1211 469 Satis
1225 447 1336 469 convenit
1348 454 1403 470 eum
1415 449 1584 477 praecedente;
1595 453 1672 473 tamen
1685 452 1708 474 in
1719 458 1747 474 eo
1758 453 1856 480 vestigia
1868 454 1935 476 alieni

1086 493 1226 515 correctoris
1241 493 1392 517 inveniuntur
1413 494 1435 517 in
1452 495 1548 518 minutis
1563 495 1647 524 rebus,
1663 499 1799 525 praesertim
1817 499 1841 521 in
1859 500 1936 522 modis

1087 539 1186 566 citandi,
1203 542 1229 562 ut
1244 543 1319 563 textus
1335 541 1447 564 reddatur
1463 542 1553 565 clarior.

1151 587 1190 609 12.
1205 586 1308 616 Ibidem,
1328 588 1381 611 cod.
1398 588 1485 611 15599.
1501 589 1602 613 membr.
1618 591 1643 613 in
1659 592 1698 614 sol.
1714 598 1776 615 saec.
1794 593 1851 616 XIII.
1867 593 1937 616 Com-

1086 634 1215 657 mental-ius
1231 635 1314 663 incipit
1330 636 1370 658 [01.
1386 636 1409 659 1.
1427 643 1447 659 r.
1463 636 1509 659 sub
1525 638 1570 660 1100
1588 638 1772 666 epigrammate:
1792 640 1856 664 Assil
1867 641 1937 670 prin-

1085 680 1148 710 cipio
1163 683 1249 705 sancta
1264 683 1346 706 Maria
1362 689 1423 707 meo.
1438 684 1508 713 Ecce,
1525 684 1642 715 intelliqet
1655 693 1741 710 servus
1756 693 1824 711 meus
1835 691 1880 711 etc.
1890 688 1935 711 De-

1085 728 1140 751 sinit
1156 730 1196 752 sol.
1214 730 1253 752 51.
1269 736 1288 752 r.
1305 731 1349 753 col.
1367 731 1389 753 1.
1406 731 1460 754 Post
1475 733 1552 755 Amen
1567 732 1662 755 additur
1672 736 1761 757 tantum
1781 734 1894 764 Explicit.
1905 748 1936 752 —

1085 775 1151 804 Sign.
1167 776 1209 799 litt.
1225 776 1250 800 C.
1700 780 1703 781 ⁷

1148 822 1191 845 Hic
1207 823 1268 846 inter
1285 824 1426 848 parisienses
1442 826 1536 850 codices
1552 827 1629 855 magis
1644 828 1734 851 accedit
1758 829 1788 851 ad
1812 829 1937 853 editionem

1085 870 1109 892 Ρ.
1126 870 1214 893 Bonelli
1230 874 1254 893 et
1269 872 1300 894 ad
1316 873 1369 895 cod.
1385 874 1403 895 E
1420 874 1584 897 Tudertinum.

1152 919 1188 941 13.
1204 918 1304 948 Ibidem,
1322 921 1374 943 cod.
1392 921 1478 944 15592.
1495 922 1595 945 membr.
1612 923 1634 946 in
1650 924 1689 946 [01.
1705 930 1766 947 saec.
1782 925 1840 947 XIII.
1855 931 1937 948 exeun-

1085 964 1121 987 tis.
1138 965 1192 988 Post
1207 965 1408 990 Commentarium
1419 968 1484 991 card.
1494 969 1600 997 hugonis
1611 975 1625 991 a
1636 971 1660 993 S.
1676 969 1752 993 Charo
1762 971 1786 993 in
1798 972 1936 994 matthaeum

1084 1012 1204 1041 aliumque
1225 1013 1351 1042 prologum
1368 1014 1417 1042 (sol.
1434 1015 1489 1038 135.
1507 1015 1551 1044 r.),
1568 1016 1616 1039 scil.
1633 1017 1748 1045 eundem,
1764 1018 1806 1046 qui
1822 1019 1938 1046 praefixus

1084 1061 1120 1081 est
1135 1060 1217 1087 spurio
1233 1059 1406 1084 Commentario
1432 1062 1484 1091 (cfr.
1508 1069 1580 1091 supra
1602 1070 1623 1086 c.
1640 1064 1662 1087 1.
1679 1065 1693 1092 S
1710 1065 1752 1093 5.).
1770 1066 1882 1093 Prologus
1898 1072 1937 1094 ge-

1084 1106 1171 1129 nuinus
1186 1107 1268 1135 incipit
1285 1109 1323 1131 tol.
1342 1109 1403 1131 ⁴36:
1420 1109 1493 1138 Ecce,
1511 1109 1626 1140 intelliqet
1641 1117 1727 1134 servus
1748 1118 1816 1135 mens
1833 1115 1876 1135 etc.
1892 1113 1937 1136 De—

1084 1153 1139 1176 sinit
1159 1155 1198 1177 [01.
1221 1155 1275 1177 185.
1297 1162 1336 1178 v.:
1363 1155 1411 1183 Qui
1433 1156 1491 1180 viril
1506 1158 1529 1180 el
1543 1159 1632 1187 reqnat
1646 1157 1671 1181 in
1687 1158 1768 1181 secula
1790 1159 1936 1183 seculorum.

1084 1203 1160 1225 Amen
1165 1210 1175 1230 ,·
1192 1201 1283 1231 absque
1298 1203 1343 1225 3113
1358 1206 1421 1226 nota.
1431 1216 1463 1220 —
1474 1204 1539 1232 Sign-
1555 1205 1596 1227 litt.
1612 1205 1641 1228 D.

1147 1248 1223 1272 Habet
1238 1250 1339 1278 optimas
1355 1251 1478 1278 lectiones,
1494 1252 1611 1275 interdum
1633 1254 1701 1281 talae,
1723 1256 1749 1276 ut
1765 1255 1842 1282 ipsum
1858 1256 1934 1277 solum

1083 1297 1157 1320 secuti
1181 1297 1263 1320 simus.
1283 1310 1315 1314 —
1331 1299 1424 1325 Praeter
1447 1305 1598 1322 communem
1623 1301 1747 1329 prologum
1764 1301 1834 1324 habet
1857 1303 1936 1330 plures

1084 1344 1157 1372 alios3
1174 1344 1212 1367 [01.
1229 1344 1284 1367 135.
1310 1351 1345 1367 1·.;
1370 1345 1487 1375 Nunqm'd
1501 1346 1535 1369 acl
1546 1348 1704 1377 praeceptum
1719 1349 1789 1371 tuum
1805 1348 1936 1372 elevabatur

1083 1391 1191 1421 aquila...
1210 1392 1237 1414 In
1253 1391 1298 1416 ltoc
1313 1392 1385 1415 zerbo
1400 1392 1474 1416 huius
1490 1393 1581 1423 operis,
1601 1394 1654 1417 scil.
1673 1394 1805 1424 Econqelii.
1824 1395 1883 1418 Cum
1906 1396 1936 1418 de

1083 1438 1149 1461 obitu
1166 1439 1256 1462 Ioannis
1272 1440 1390 1468 quaedam
1408 1440 1483 1463 [11111113
1500 1441 1589 1464 eisdem
1601 1443 1649 1464 tere
1659 1442 1739 1465 verbis
1750 1446 1864 1470 narretur,
1874 1449 1936 1472 quae

1084 1487 1169 1515 legitur
1180 1487 1203 1509 in
1213 1488 1316 1510 editione
1332 1489 1429 1511 Gon-ani
1448 1489 1536 1518 (expos.
1553 1490 1644 1518 prologi
1661 1491 1817 1521 Hieronymi),
1835 1492 1872 1514 hic
1884 1498 1935 1520 pro·
1956 1504 1958 1506 ·

1084 1534 1153 1562 logus
1170 1535 1266 1557 [οι-13550
1282 1534 1312 1557 ab
1329 1535 1380 1563 ipso
1397 1536 1498 1564 scriptus
1515 1539 1563 1564 est,
1579 1537 1618 1560 vel
1628 1536 1659 1559 ab
1670 1538 1727 1565 alio,
1743 1538 1785 1567 qui
1796 1545 1867 1566 opere
1878 1539 1936 1561 Gor-

1084 1581 1134 1603 rani
1159 1588 1216 1604 usus
1240 1585 1281 1608 est,
1300 1583 1323 1605 in
1348 1583 1448 1611 prologo
1472 1583 1603 1607 scribendo.
1621 1597 1652 1600 —
1668 1585 1721 1608 Post
1745 1586 1815 1608 tinem
1832 1586 1936 1608 Postillae

1084 1627 1132 1657 ([01.
1151 1628 1205 1651 «185.
1221 1628 1255 1658 v.)
1272 1629 1331 1652 alius
1347 1632 1382 1652 est
1397 1631 1511 1659 prologus
1528 1631 1611 1653 eadem
1623 1638 1694 1654 manu
1706 1632 1819 1661 scriptus,
1830 1633 1870 1661 qui
1882 1633 1935 1655 11101-

1084 1676 1130 1704 pit:
1139 1675 1283 1699 Abscondila
1289 1668 1409 1706 produxit
1420 1677 1445 1700 in
1456 1677 1542 1701 lucem.
1556 1678 1661 1702 Verbum
1669 1678 1746 1707 istud,
1756 1679 1820 1709 quod
1827 1681 1934 1703 sumtum

1083 1724 1120 1746 est
1134 1729 1162 1745 ex
1180 1723 1220 1745 Iob
1239 1724 1280 1752 18,
1297 1723 1352 1747 licet
1367 1726 1506 1754 exponatur
1517 1725 1660 1755 qeneraliler
1671 1729 1714 1749 etc.
1726 1727 1813 1749 Desinit
1824 1728 1863 1749 [01.
1880 1728 1934 1750 Ι86;

1083 1769 1125 1792 Sic
1141 1769 1216 1799 iyitur
1229 1771 1315 1799 potent
1329 1771 1408 1800 operis
1424 1771 1497 1795 liuius
1513 1778 1624 1796 causae„
1638 1785 1667 1789 —
1678 1773 1742 1796 Alius
1752 1774 1864 1802 prologus
1880 1775 1934 1797 inci-

1083 1817 1118 1844 pit
1134 1817 1252 1844 explicans
1262 1818 1387 1846 prologum
1403 1809 1553 1846 Hieronymi:
1569 1819 1613 1842 Hic
1628 1821 1664 1843 est
1678 1820 1779 1843 Ioannes
1788 1828 1796 1843 :
1814 1821 1934 1848 Quoniam

1082 1863 1216 1887 secundum
1238 1865 1354 1894 August„
1377 1865 1427 1888 VII.
1443 1864 1472 1888 de
1487 1865 1536 1889 Cin.
1552 1871 1573 1889 c.
1590 1865 1616 1894 7,
1637 1866 1710 1896 finem
1733 1866 1772 1890 rei
1794 1867 1934 1890 concomita-

1083 1912 1125 1933 tur
1136 1914 1181 1933 etc.
1191 1912 1230 1933 Εἰ
1240 1911 1332 1939 longior
1343 1912 1394 1935 aliis
1409 1915 1433 1934 et
1448 1913 1531 1935 eadem
1549 1916 1626 1936 narrat
1640 1913 1671 1936 de
1681 1913 1746 1936 obitu
1759 1914 1783 1936 S.
1794 1914 1891 1937 loannis.
1901 1927 1934 1932 —

1084 1957 1189 1986 Denique
1206 1958 1301 1981 ultimus
1317 1960 1430 1988 prologus
1441 1959 1535 1988 incipit:
1552 1959 1604 1990 qu
1619 1966 1716 1983 sumam
1727 1960 1858 1984 medullam
1869 1961 1936 1984 cedri

1082 2005 1218 2029 sublimis...
1234 2006 1307 2030 Actor
1323 2006 1355 2030 ab
1371 2013 1442 2037 opere
1457 2009 1480 2030 et
1494 2014 1555 2037 opus
1571 2007 1602 2031 ab
1617 2009 1699 2031 actore
1713 2008 1747 2031 od
1769 2008 1869 2032 invicem
1879 2012 1934 2032 cte.

1083 2053 1125 2075 1110
1141 2053 1166 2075 111
1182 2053 1289 2082 pluribus
1304 2055 1413 2077 convenit
1429 2061 1484 2077 cum
1500 2056 1598 2083 prologo
1615 2056 1639 2078 S.
1654 2056 1838 2078 Bonaventurae.

1147 2100 1184 2123 «lt.
1202 2100 1302 2124 Tuderti
1318 2101 1340 2123 in
1356 2101 1465 2129 Umbria,
1481 2101 1620 2125 bibliotheca
1637 2102 1772 2125 Conventus
1788 2103 1861 2125 sancti
1877 2104 1932 2126 For—

1084 2148 1169 2175 tunati,
1185 2148 1237 2170 cod.
1255 2148 1293 2171 65.
1311 2148 1410 2171 membr.
1427 2149 1451 2172 in
1468 2150 1506 2172 rol.
1523 2156 1585 2172 saec.
1601 2150 1661 2172 XIV.
1681 2150 1790 2173 ineuntis.
1810 2150 1935 2173 Commen-

1083 2195 1155 2217 tarius
1172 2195 1245 2217 sancti
1262 2195 1440 2219 Bonaventurae
1456 2197 1481 2219 in
1497 2197 1649 2225 Ex‘angelium
1668 2197 1758 2220 1011111115
1775 2197 1868 2226 incipit,
1885 2198 1934 2220 sine

1082 2243 1129 2265 ullo
1146 2243 1212 2265 titulo
1228 2246 1252 2265 et
1267 2243 1362 2266 nomine
1378 2244 1492 2273 auctoris,
1509 2245 1548 2267 [01.
1564 2244 1602 2267 37.
1619 2251 1638 2267 r.
1655 2247 1678 2268 et
1693 2245 1779 2268 desinit
1795 2246 1833 2268 [01.
1851 2246 1932 2268 ultimo

1081 2290 1170 2313 codicis
1186 2293 1212 2313 ut
1228 2290 1250 2312 in
1267 2291 1376 2313 editione.
1386 2303 1418 2308 -—-
1430 2292 1494 2319 Sign.
1511 2292 1552 2314 litt.
1569 2293 1593 2314 E.

1146 2337 1224 2361 Codex
1248 2338 1287 2361 hic
1311 2341 1346 2361 est
1370 2338 1447 2362 bonae
1470 2342 1552 2367 notae,
1573 2340 1616 2363 sed
1639 2341 1780 2368 plerumque
1803 2340 1887 2363 omittit
1909 2340 1932 2362 id

1080 2385 1148 2414 quod
1171 2385 1298 2409 moraliter
1322 2386 1444 2414 exponitur
1459 2389 1483 2409 et
1498 2393 1570 2415 saepe
1594 2387 1687 2416 aliquos
1708 2387 1772 2410 locos
1788 2388 1934 2415 scripturae,

1080 2432 1175 2461 quando
1191 2433 1269 2461 plures
1285 2433 1395 2461 citantur;
1419 2433 1462 2456 sed
1477 2433 1508 2456 ad
1525 2433 1655 2461 marginem
1673 2433 1743 2456 habet
1759 2434 1852 2462 copiosa
1869 2433 1933 2456 addi-

1081 2481 1195 2507 tamenta,
1211 2480 1255 2502 alia
1271 2485 1342 2502 manu
1359 2482 1382 2502 et
1398 2480 1478 2508 parvis
1494 2480 1574 2503 litteris
1589 2483 1694 2509 exarata,
1710 2487 1772 2509 quae
1793 2480 1862 2503 etiam
1879 2486 1933 2508 sup-

1081 2527 1146 2555 plent
1162 2526 1185 2549 id
1201 2526 1265 2555 quod
1283 2527 1305 2548 in
1322 2529 1383 2549 textu
1400 2527 1487 2550 codicis
1503 2527 1617 2550 omissum
1634 2530 1675 2550 est.

1144 2573 1243 2596 Codices
1258 2574 1410 2603 Parisiensos,
1427 2577 1524 2603 excepto
1540 2575 1571 2602 C,
1587 2575 1655 2604 quasi
1671 2581 1743 2597 unam
1761 2575 1872 2597 familiam
1891 2576 1933 2597 sor-

1081 2624 1160 2648 mam,
1175 2627 1246 2650 quam
1264 2621 1404 2650 plerumque
1420 2622 1493 2644 secuti
1509 2628 1604 2649 sumus;
1620 2622 1714 2644 codices
1735 2622 1782 2644 itali
1799 2622 1865 2650 quasi
1882 2628 1933 2644 me-

1081 2667 1147 2690 dium
1165 2670 1243 2690 tenent
1259 2668 1318 2690 inter
1335 2668 1475 2691 Parisiensae
1490 2671 1514 2691 et
1529 2671 1627 2692 ceteros.
1646 2669 1695 2691 Non
1711 2675 1765 2691 raro
1781 2668 1852 2691 editio
1873 2669 1932 2691 Gor-

1080 2714 1131 2737 rani
1147 2714 1294 2737 confirmavit
1309 2715 1419 2737 lectiones
1434 2722 1448 2737 3
1464 2714 1533 2738 nobis
1548 2715 1640 2738 electas.

1491 2802 1515 2823 11.

1318 2869 1410 2895 Codices
1426 2877 1441 2893 11.
1456 2869 1522 2893 nobis
1537 2877 1581 2893 111111
1597 2869 1687 2893 collati.

1145 2957 1183 2979 15.
1205 2955 1405 2981 Alba-Carolinoe
1427 2956 1575 2986 (Karlsburg)
1595 2956 1618 2978 in
1638 2955 1830 2984 Transsylvania,
1847 2954 1929 2977 biblio-

1080 3005 1148 3027 theca
1159 3004 1285 3032 nattnyan,
1301 3004 1354 3026 cod.
1366 3004 1392 3026 11.
1404 3004 1427 3026 5.
1439 3003 1477 3026 IV.
1491 3004 1510 3026 I.
1521 3004 1593 3026 chart.
1605 3002 1627 3025 in
1640 3003 1677 3026 sol.
1691 3002 1781 3025 minore
1796 3007 1856 3024 saec.
1868 3001 1928 3023 XIV.
