2296 3316
6 633 19 672 Ι
40 646 121 666 Divisio.

16 874 17 889 1

15 909 17 916 i

15 920 16 928 1

19 1025 110 1045 uhdivisio

14 1050 30 1098 ἰ3
36 1050 125 1069 membra.

14 1102 15 1112 l

12 1255 87 1298 {positio
94 1262 124 1281 lit-

12 1286 120 1336 attala..

12 1335 84 1352 1161111116
98 1334 118 1352 111

11 1356 66 1378 :oi-de.

741 141 910 171 COMMENT.
934 143 965 171 ΙΝ
985 143 1178 190 ΞΛΡΙΕΝΤΙΑΜ
1199 145 1226 173 C.
1247 146 1312 174 tht.

140 218 255 253 dabitn;
277 218 344 248 item
364 219 545 249 Ecclesiastici
567 219 674 249 decimo
694 220 811 257 quinto:
837 220 990 257 «Implevit

140 273 206 294 eum
225 265 359 295 Dominus
380 265 481 302 spiritu
501 267 651 304 sapientiae
665 278 679 292 »
704 270 772 301 etc.;
794 267 859 296 item
876 266 989 295 ibidem:

145 323 160 337 α
177 311 376 341 Iucunditatem
398 315 425 341 et
445 313 658 342 exsultationem
673 325 687 338 >1
713 316 765 342 etc.

198 411 276 436 Tertio
294 411 352 435 idom
369 412 499 436 ostentum
516 420 544 436 ex
561 413 637 437 studio
655 413 776 444 1111661311ᾰί
793 413 932 445 sapientiam

495 451 630 484 tripuoitor.

219 547 299 577 Haec
319 547 451 585 cogitans
479 549 530 577 etc.
559 547 606 577 Hic
634 548 716 578 tertio
742 548 876 584 ostendit,
901 557 989 586 quan-

140 596 200 624 tum
221 594 355 623 amaverit
384 594 563 631 sapientiam,
584 598 611 625 et
639 596 692 625 hoc
711 604 749 625 ex
780 596 878 625 studio
901 605 989 635 quae-

140 641 227 671 rendi
254 649 328 671 cam.
362 641 394 670 Et
414 641 488 671 circa
518 642 570 671 hoc
601 643 692 680 primo
722 644 841 673 ostendit
868 643 989 682 diligen-

142 688 214 718 tiam
236 688 410 727 quaerendi,-
427 689 561 724 secundo,
583 690 775 728 aptitudinem
795 691 987 729 suscipiendi:

139 736 222 765 Puer
242 739 341 765 autem
355 744 453 771 cram,-
470 737 565 772 tertio,
582 737 725 775 fiduciam
746 738 937 776 impetrandi:
952 740 988 768 Et

138 787 172 812 uc
190 783 264 813 scivi

229 885 304 910 Primo
322 886 452 911 ostenditur
468 886 592 917 diligentis
608 887 746 918 sapientiam
764 887 895 918 quaerendi.

217 974 246 1003 ln
270 974 363 1011 prima
386 974 463 1011 ponit
481 977 538 1003 tres
562 982 660 1003 causas
684 977 826 1004 moventes
850 974 882 1003 ad
902 981 988 1011 quae-

140 1021 258 1051 rendum
293 1021 455 1051 scientiam:
490 1021 580 1058 primo
614 1022 741 1051 effectum
774 1021 926 1059 sapientiae
960 1021 987 1049 in

140 1068 244 1103 corde;
276 1068 396 1098 secundo
427 1068 555 1097 effectum
577 1068 611 1099 ,in
642 1078 740 1106 opere:
771 1070 805 1098 Et
833 1069 865 1097 in
893 1068 987 1106 operi-

139 1115 192 1144 bus
199 1126 210 1150 ;
237 1116 319 1145 tertio
340 1116 468 1145 effectum
489 1115 518 1144 in
540 1115 697 1144 locutione:
720 1117 756 1145 Et
776 1116 808 1145 in
829 1115 988 1145 certamine

138 1162 271 1202 loquelae.

217 1210 306 1246 (Vers.
332 1210 398 1243 17.).
424 1209 520 1243 Haec,
542 1209 645 1238 scilicet
666 1210 829 1246 praemissa,
851 1209 988 1247 cogitans

139 1257 221 1294 apud
240 1265 299 1291 me,
320 1257 482 1294 frequenter
503 1256 537 1285 de
558 1256 602 1285 his
622 1257 792 1291 meditando,
813 1260 838 1285 et
866 1265 987 1285 comme-

139 1311 262 1332 morans
276 1304 308 1332 in
319 1303 404 1332 corde
418 1312 494 1337 mea,
513 1303 616 1332 scilicet
634 1304 789 1341 sequentia,
808 1311 854 1338 ea,
869 1311 904 1332 ne
918 1303 987 1332 obli-

140 1350 270 1385 viscerer,
285 1351 319 1380 ad
335 1350 494 1379 memoriam
506 1350 676 1385 reducendo;
691 1351 794 1379 animal
808 1350 896 1384 enirn,
912 1350 986 1387 quod

145 1398 296 1427 «ruminat
322 1400 350 1427 et
369 1397 450 1426 findit
475 1397 610 1434 ungulam
626 1409 653 1432 n,
678 1398 781 1426 scilicet
808 1397 987 1426 memorando

140 1446 167 1473 et
193 1444 389 1478 discernendo,
411 1443 547 1473 mundum
571 1446 628 1478 est,
656 1444 767 1473 Levitici
796 1444 942 1473 undecimo
958 1445 985 1477 ¹;

138 1491 227 1520 Lucae
255 1491 394 1520 secundo:
427 1502 440 1516 «
460 1491 544 1519 Maria
572 1491 751 1520 conservabat
779 1491 871 1520 omnia
902 1491 987 1520 verba

138 1537 231 1567 haec»
256 1541 307 1567 etc.
335 1538 481 1574 Quoniam
508 1537 684 1567 immortalis
709 1542 749 1566 est
764 1538 784 1572 2,
809 1538 913 1566 scilicet
936 1545 986 1574 per

137 1588 282 1621 naturam,
304 1586 347 1615 vel
368 1593 417 1623 per
433 1585 560 1614 effectum
575 1585 801 1619 immortalitatis,
824 1593 907 1622 quam
923 1593 987 1613 con-

138 1632 203 1667 fert;
225 1632 299 1661 unde
318 1640 406 1669 supra
428 1631 538 1660 eodem:
564 1643 578 1656 <r
593 1632 703 1661 Habebo
717 1640 766 1668 per
788 1632 859 1660 lianc
874 1631 987 1660 immor-

141 1678 273 1707 talitatem
287 1691 314 1710 »,.
337 1679 373 1707 In
400 1678 571 1716 capitatione
591 1678 766 1715 sapientiae,
788 1678 815 1706 id
842 1681 884 1707 est
908 1678 987 1706 intel-

139 1725 225 1760 lectu;
239 1725 347 1755 Glossa:
368 1737 381 1751 «
395 1725 536 1762 Quidquid
550 1725 584 1754 de
604 1728 705 1753 natura
719 1725 779 1753 eius
802 1725 986 1762 cognoscitur,

141 1775 230 1802 totum
251 1773 409 1802 immortale
422 1775 450 1801 et
470 1780 579 1809 semper
594 1772 688 1801 vivere
709 1772 849 1801 invenitur
864 1783 894 1807 »3
916 1772 988 1801 infra

140 1820 246 1849 decimo
270 1820 383 1858 quinto:
410 1831 422 1845 α
438 1819 513 1848 Scire
541 1819 673 1848 iustitiam
701 1822 728 1848 et
749 1819 881 1848 virtutem
910 1822 986 1848 tuam

137 1866 216 1896 radix
240 1870 281 1897 est
301 1866 516 1896 immortalitatis
529 1878 556 1894 n.

216 1915 305 1951 (Vers.
324 1914 389 1949 18.).
408 1915 441 1943 Et
455 1914 487 1942 in
500 1914 634 1942 amicitia
648 1913 743 1948 illius,
758 1914 861 1943 scilicet
875 1914 986 1951 quando

140 1964 259 1996 amatur,
281 1961 426 1991 delectatio
448 1961 538 1995 bona,
554 1961 657 1990 scilicet
678 1961 704 1989 in
720 1961 834 1995 affectu3
857 1961 932 1990 bona
946 1960 986 1989 di-

137 2008 174 2037 cit
195 2012 291 2038 contra
305 2009 512 2038 delectationem
535 2008 651 2045 peccati,
666 2016 738 2046 quae
759 2009 831 2037 mala
845 2012 898 2043 est,
920 2009 986 2045 quia

139 2055 215 2085 ducit
236 2056 270 2085 ad
291 2058 437 2085 aeternum
458 2056 626 2090 cruciatum,
651 2055 804 2085 secundum
826 2055 893 2084 illud
918 2055 985 2084 Gre-

1839 152 1893 180 165

1047 221 1116 257 gorii
1128 221 1148 249 ³.
1170 234 1183 247 «
1197 223 1417 253 Momentaneum
1438 228 1481 254 651
1500 226 1574 262 quod
1596 226 1727 262 delectat,
1749 231 1892 257 aeternum

1047 268 1122 305 quod
1137 269 1243 298 cruciat
1254 281 1284 304 »;
1301 270 1365 300 item
1381 271 1487 301 Glossa:
1508 284 1521 297 «
1532 273 1694 310 Corporales
1707 274 1819 304 deliciae
1834 283 1894 304 cor—

1047 322 1101 351 pus
1111 319 1240 352 gravant,
1252 317 1410 354 spirituales
1421 326 1486 348 vero
1500 323 1620 349 mentem
1632 321 1768 356 relevant;
1779 325 1807 350 et
1818 325 1893 351 tanto

1048 362 1135 399 magis
1155 364 1329 399 esuriuntur,
1346 368 1451 402 quanto
1471 374 1559 403 magis
1577 368 1768 397 comeduntur.
1791 369 1819 398 ln
1841 369 1894 398 illis

1046 409 1185 446 appetitus
1199 411 1300 448 placet,
1315 413 1488 449 experientia
1501 413 1640 450 displicet;
1656 415 1814 452 spirituales
1828 424 1894 445 vero

1046 455 1159 486 deliciae
1179 462 1281 495 augent
1301 459 1486 494 desiderium,
1506 463 1534 489 et
1553 469 1609 497 quo
1629 462 1716 498 magis
1734 465 1893 497 sumuntur,

1046 511 1079 532 eo
1093 504 1201 534 avidius
1215 509 1383 535 amantur».
1401 508 1436 535 Et
1446 507 1477 535 in
1491 507 1627 544 operibus
1643 517 1788 537 manuum
1800 509 1892 545 illias,

1046 550 1072 579 id
1088 554 1130 579 est
1144 550 1171 579 in
1187 552 1318 588 operibus
1339 552 1431 586 bonis,
1447 561 1518 589 quae
1533 553 1604 582 fiunt
1624 562 1673 590 per
1688 563 1786 584 manus
1808 555 1893 589 illius,

1046 596 1072 626 id
1087 601 1128 627 est
1143 598 1247 627 virtute
1260 602 1288 627 et
1303 599 1426 635 potentia
1436 599 1508 633 eius;
1525 596 1630 629 loannis
1643 600 1750 630 decimo
1760 602 1858 638 quinto
1869 603 1893 630 4:

1052 656 1066 670 «
1080 645 1144 687 Sine
1165 653 1209 674 me
1230 645 1299 674 nihil
1320 646 1435 682 potestis
1455 646 1546 675 facere
1561 657 1590 680 »ς
1613 646 1746 676 honestas
1766 648 1828 677 sine
1848 649 1894 676 de-

1044 691 1179 730 fectione,
1207 690 1238 721 id'
1263 696 1305 721 est
1332 692 1455 729 perfecta
1483 693 1629 728 honestas;
1652 694 1741 723 virtus
1767 695 1840 724 enirn
1867 699 1895 724 et

1045 747 1116 776 opus
1137 739 1250 768 virtutis
1270 742 1336 768 sunt
1356 739 1390 768 de
1411 747 1512 776 genere
1533 740 1659 775 honesti;
1681 741 1753 770 infra
1771 741 1893 771 decimo:

1050 797 1064 811 α
1076 786 1234 815 Honestavit
1248 786 1327 815 illum
1349 786 1376 814 in
1393 786 1534 815 laboribus
1545 797 1572 820 »;
1587 787 1652 816 item
1667 795 1752 825 supra
1764 789 1893 825 septimo:

1047 844 1064 857 «
1083 833 1296 862 Innumerabilis
1317 833 1447 862 honestas
1467 841 1518 870 per
1539 841 1638 863 manus
1658 834 1732 863 illius
1753 847 1778 863 ».
1802 836 1836 863 Et
1863 835 1895 864 in

1044 880 1204 909 certamine
1225 880 1352 918 loquelae
1372 880 1469 914 illius,
1492 880 1595 909 scilicet
1622 888 1693 918 quae
1714 885 1761 910 est*
1779 882 1813 910 ad
1836 890 1894 910 mo-

1045 927 1112 956 dum
1130 927 1336 964 disputationis,
1359 927 1386 955 in
1400 936 1457 964 qua
1478 931 1519 956 est
1533 928 1672 964 quoddam
1692 932 1831 957 certamen
1846 936 1894 965 op-

1045 974 1172 1010 ponentis
1193 976 1221 1002 et
1242 974 1445 1011 respondentis;
1467 975 1626 1012 sapientia,
1648 975 1674 1003 id
1702 978 1744 1004 est
1764 975 1892 1010 scientia,

1044 1020 1156 1057 supple:
1171 1021 1340 1057 acquiritur;
1364 1021 1543 1050 Ecclesiastici
1559 1022 1657 1050 ultimo
1668 1022 1692 1050 ⁵:
1718 1034 1732 1047 «
1743 1022 1894 1051 Colluctata

1044 1070 1086 1096 est
1107 1067 1199 1096 anima
1218 1075 1281 1096 mea
1306 1075 1370 1096 cum
1392 1068 1438 1096 illa
1453 1079 1479 1096 n.
1503 1069 1538 1096 Et
1562 1069 1776 1105 praeclaritas,
1797 1069 1824 1098 id
1852 1072 1893 1098 est

1044 1114 1135 1143 clarae
1156 1114 1268 1143 virtutis
1289 1114 1438 1148 evidentia,
1460 1114 1490 1143 in
1505 1115 1765 1144 communicatione
1785 1125 1892 1145 sermo-

1043 1169 1116 1189 num
1137 1160 1246 1197 ipsius,
1262 1161 1309 1197 qui
1324 1160 1428 1190 scilicet
1447 1158 1686 1191 communicantur
1708 1170 1756 1199 per
1779 1163 1890 1192 mudum

1044 1208 1178 1244 simplicis
1207 1208 1375 1242 collationis;
1408 1208 1587 1238 Ecclesiastici
1620 1210 1750 1247 vigesimo
1775 1213 1891 1247 quarto:

1048 1266 1063 1281 a
1077 1255 1130 1292 Qui
1144 1255 1285 1284 elucidant
1306 1263 1349 1284 me
1364 1255 1447 1284 vitam
1469 1259 1607 1286 aeternam
1626 1257 1767 1286 habebunt
1781 1268 1811 1291 »3
1827 1257 1891 1286 item

1044 1302 1164 1331 Danielis
1185 1302 1360 1331 duodecimo:
1379 1314 1393 1328 «
1408 1303 1460 1339 Qui
1481 1303 1662 1332 adjustitiam
1685 1304 1817 1333 erudiunt
1831 1305 1892 1341 plu-

1044 1349 1142 1384 rimos,
1163 1349 1243 1387 quasi
1265 1350 1359 1379 stellae
1373 1350 1400 1378 in
1416 1353 1564 1387 perpetuas
1584 1351 1761 1380 aeternitates
1778 1362 1804 1379 ».
1829 1350 1892 1379 Cir-

1043 1396 1180 1430 cuibam,·
1200 1397 1296 1426 Glossa
1309 1397 1334 1425 ⁶:
1362 1408 1374 1422 «
1389 1397 1540 1433 Diligenter
1559 1400 1588 1426 et
1614 1397 1735 1426 studiose
1750 1408 1781 1431 »ς
1803 1397 1893 1428 Canti-

1043 1452 1141 1473 corum
1157 1444 1251 1473 tertio:
1272 1456 1285 1469 «
1296 1444 1413 1481 Surgam
1428 1447 1455 1473 et
1469 1444 1593 1473 circuibo
1614 1444 1791 1478 civitatem»;
1807 1452 1894 1482 quae-

1044 1499 1125 1524 rerw,
1148 1491 1220 1519 sicut
1244 1491 1355 1525 mulier,
1383 1491 1417 1519 de
1445 1499 1501 1528 qua
1529 1491 1617 1519 Lucae
1644 1491 1749 1519 decimo
1777 1491 1893 1527 quinto:

1048 1549 1061 1562 «
1077 1538 1153 1574 Quae
1175 1538 1317 1566 lucernam
1339 1538 1463 1566 accendit
1483 1541 1510 1567 et
1531 1538 1634 1566 everrit
1658 1538 1788 1571 domum,
1810 1545 1894 1574 quae-

1045 1592 1110 1613 rens
1131 1584 1286 1621 diligenter,
1308 1584 1394 1613 donec
1410 1585 1531 1613 inveniat
1545 1596 1572 1612 ».
1600 1585 1635 1613 Ut
1654 1585 1734 1613 illam
1756 1583 1831 1613 milti
1847 1593 1894 1613 as-

1044 1639 1205 1665 sumerem,
1231 1631 1334 1659 scilicet
1355 1631 1382 1659 in
1405 1639 1548 1668 sponsam,
1570 1631 1643 1666 unde
1663 1639 1750 1668 supra
1763 1631 1891 1660 eodem72

1049 1689 1062 1702 «
1078 1678 1205 1714 Quaesivi
1227 1686 1287 1707 eam
1309 1678 1377 1707 mihi
1399 1686 1527 1715 sponsam
1546 1686 1690 1707 assumere
1704 1690 1731 1706 ».

1124 1725 1151 1753 In
1175 1724 1315 1762 praedicto
1336 1728 1417 1754 textu
1439 1728 1590 1762 tanguntur
1605 1728 1666 1754 octo
1687 1726 1765 1754 utilia
1785 1725 1893 1762 praedi-

1044 1772 1132 1800 catori
1153 1772 1197 1800 vel
1217 1771 1323 1800 doctori
1344 1772 1418 1801 circa
1439 1772 1599 1809 sapientiam
1625 1772 1818 1801 addiscendam
1835 1773 1892 1801 sive

1043 1819 1117 1848 circa
1138 1819 1286 1856 sapientiae
1300 1819 1522 1856 acquisitionem:
1544 1819 1678 1857 cogitatio
1692 1819 1726 1848 de
1740 1827 1772 1848 ea
1786 1827 1836 1856 per
1849 1820 1891 1847 in-

1043 1866 1267 1903 vestigationem,
1289 1867 1524 1895 commemoratio
1552 1874 1601 1903 per
1629 1867 1891 1904 frequentationem,

1043 1913 1191 1942 delectatio
1220 1921 1269 1950 per
1290 1921 1429 1948 amorem,
1454 1914 1584 1950 operatio
1611 1922 1661 1950 per
1688 1913 1890 1950 impletionem,

1043 1961 1219 1989 concertatio
1251 1969 1300 1997 per
1328 1960 1561 1997 disputationem,
1589 1960 1814 1989 communicatio
1841 1968 1891 1997 per

1043 2008 1229 2042 collationem,
1251 2008 1386 2036 circuitio
1408 2016 1457 2044 per
1480 2007 1734 2045 interrogationem,
1749 2007 1891 2036 assumtio

1042 2063 1092 2092 per
1117 2055 1375 2092 incorporationem.

201 2216 209 2230 ¹
226 2218 292 2240 Vers.
311 2218 341 2240 3:
359 2217 446 2246 Omne,
463 2218 528 2246 quod
545 2217 614 2240 habet
631 2218 730 2241 divisam
751 2219 861 2246 ungulam
879 2221 901 2241 et
917 2218 986 2241 rumi-

137 2259 176 2280 nat
192 2257 215 2279 in
233 2257 370 2285 pecoribus,
387 2256 513 2279 comedetis
531 2257 711 2285 (Septuagintaz
729 2257 803 2280 Omne
820 2263 904 2285 pecus,
922 2258 986 2286 quod

139 2297 250 2325 ungulam
273 2296 357 2319 dividit
378 2299 401 2318 et
424 2296 519 2318 fissuras
544 2296 609 2319 findit
631 2296 730 2319 duarum
752 2297 891 2325 ungularum
914 2300 936 2319 et
952 2303 985 2319 re-

136 2336 200 2359 ducit
215 2336 394 2359 ruminationem
416 2336 439 2358 in
461 2335 596 2364 pecoribus,
615 2337 671 2359 llaec
692 2336 880 2365 manducabitis).
897 2349 927 2353 —
946 2337 986 2359 Se-

137 2375 215 2404 quitur
232 2376 287 2397 Luc.
304 2376 330 2403 2,
348 2374 386 2397 51.

193 2412 207 2426 ·²
223 2414 286 2436 Hanc
303 2414 425 2436 lectionem
447 2414 507 2437 sicut
523 2417 545 2436 et
561 2415 630 2443 paulo
655 2415 751 2437 interius
775 2415 874 2443 positam
894 2415 932 2444 (in
949 2421 985 2438 co-

136 2453 248 2483 yitatione
267 2453 406 2483 sapientiae)
425 2453 532 2476 exhibent
552 2454 614 2477 card.
633 2455 700 2482 nugo
722 2461 735 2476 a
753 2456 776 2477 S.
792 2454 868 2478 Charo
886 2455 984 2483 (partim

138 2493 160 2515 in
177 2495 250 2520 textu,
262 2493 346 2521 partim
363 2493 386 2515 in
404 2493 518 2521 margine)
537 2496 558 2516 et
575 2494 805 2522 Lyranus3Vulgata
822 2498 899 2517 autern
917 2495 983 2522 legit:

138 2531 257 2560 Quoniam
275 2531 445 2555 immortalitas
467 2533 501 2555 est
524 2532 548 2555 in
570 2533 709 2562 coquatiooze
725 2532 861 2562 sapiertt'mc.
879 2545 910 2550 —
928 2533 985 2555 Sub-

135 2571 191 2594 inde
216 2572 345 2599 allegantur
370 2572 424 2600 Sap.
442 2572 468 2600 8,
487 2572 528 2599 '¹35
547 2572 624 2595 Glossa
647 2571 808 2595 interlinearis
826 2572 861 2602 (ex
879 2572 982 2601 Rabona)

136 2613 158 2633 et
175 2611 228 2639 Sap.
246 2611 288 2636 15,
306 2611 328 2633 3.

197 2647 208 2661 ³
225 2649 287 2672 Libr.
303 2650 363 2672 XlV.
380 2650 456 2672 Moral.
478 2656 498 2673 c.
524 2651 545 2672 8.
568 2657 589 2672 n.
614 2651 658 2678 ⁴03
680 2651 730 2673 XV.
753 2657 773 2673 c.
796 2651 835 2673 43.
856 2657 879 2673 n.
904 2651 940 2673 15.
962 2654 984 2673 et

135 2689 159 2711 11.
180 2689 265 2711 Homil.
283 2689 304 2711 in
322 2690 410 2717 Evaug.
436 2690 514 2712 homil.
532 2689 568 2712 40.
590 2695 614 2712 n.
631 2691 669 2713 32.
686 2690 767 2713 eadem
792 2691 915 2719 sententia,
933 2691 984 2713 licet

135 2728 185 2751 aliis
207 2728 298 2757 verbis,
315 2728 458 2756 exprimitur.
480 2728 605 2757 chrysost„
629 2730 702 2752 Serm.
725 2730 746 2752 4.
768 2730 797 2752 de
819 2730 896 2757 Anna,
914 2736 936 2752 n.
953 2731 982 2752 a:

136 2767 224 2789 Vitium
248 2768 309 2790 enim
333 2770 519 2793 momentaneam
544 2767 614 2790 habet
630 2763 907 2796 voluptatem-dotorem
927 2775 983 2791 vero

136 2809 284 2834 perpetuum.
296 2819 327 2823 —
338 2807 417 2829 Glossa
436 2807 529 2830 interius
546 2808 642 2836 allegata
660 2811 694 2830 est
710 2807 847 2835 ordinaria,
864 2811 939 2830 sumta
957 2815 983 2831 ex

136 2845 233 2867 Rabano
251 2845 290 2874 (ad
306 2852 329 2868 v.
348 2845 409 2875 la),
421 2847 460 2875 qui
473 2847 577 2875 sequitur
593 2847 697 2875 Gregor.,
715 2847 738 2869 ll.
756 2847 838 2869 Homil.
855 2847 877 2869 in
895 2848 982 2876 Evang.

136 2884 215 2906 homil.
227 2884 265 2907 36.
276 2891 299 2906 n.
312 2885 333 2907 1.
345 2884 390 2908 Csr.
402 2886 507 2913 August„
519 2886 534 2907 1.
546 2885 575 2908 de
587 2886 663 2908 Doctr.
676 2886 812 2913 christiana,
823 2892 844 2908 c.
856 2887 893 2909 38.
905 2893 928 2909 n.
946 2886 982 2909 42.

200 2922 210 2935 ⁴
226 2924 292 2946 Vers.
310 2924 331 2946 5.
348 2936 379 2940 —
396 2925 528 2953 Sequuntur
554 2925 607 2953 Sap.
625 2925 666 2953 l10,
685 2925 720 2947 10.
744 2928 766 2948 61
788 2925 809 2952 7,
834 2926 870 2948 Μ.
892 2925 982 2954 Cicero,

135 2963 160 2985 11.
178 2963 272 2985 Rhetor.
288 2969 308 2985 c.
321 2962 350 2986 54
361 2972 366 2986 :
378 2963 444 2992 Quod
462 2966 502 2986 aut
517 2965 603 2991 totum,
615 2967 655 2987 aut
670 2965 746 2993 aliqua
763 2971 789 2988 ex
807 2967 871 2993 parte
888 2968 983 2993 propter

1043 2224 1067 2241 se
1079 2218 1165 2247 petitur
1176 2217 1301 2241 honestum
1318 2218 1492 2240 nominamus...
1504 2218 1543 2239 Est
1554 2217 1623 2245 igitur
1636 2217 1657 2239 in
1670 2223 1697 2239 eo
1709 2223 1794 2245 genere
1810 2223 1891 2239 omnes

1044 2264 1081 2280 res
1098 2264 1143 2280 una
1162 2257 1184 2280 vi
1200 2260 1272 2286 atque
1289 2263 1335 2279 uno
1353 2263 1447 2279 nomme
1467 2257 1571 2284 amplexa
1589 2256 1679 2285 oirtus;
1696 2262 1749 2278 nam
1767 2256 1840 2278 virtus
1857 2259 1891 2278 est

1046 2297 1117 2319 animi
1132 2296 1239 2324 habitus,
1257 2296 1352 2319 naturae
1368 2296 1452 2323 modo,
1469 2296 1550 2318 rationi
1566 2298 1741 2318 consentaneus,

1106 2335 1115 2348 ⁵
1133 2337 1199 2359 Vers.
1216 2336 1256 2364 25,
1274 2335 1315 2358 ubi
1332 2342 1375 2364 pro
1395 2342 1449 2359 cum
1468 2335 1509 2358 illa
1527 2336 1624 2363 Vulgata
1642 2335 1665 2358 in
1683 2334 1733 2358 illa.
1744 2347 1775 2351 —
1788 2336 1891 2364 Sequun-

1043 2378 1080 2397 tur
1103 2375 1170 2397 Eceli.
1188 2374 1230 2402 24,
1248 2375 1286 2397 31.
1303 2378 1325 2397 et
1344 2375 1400 2397 Dan.
1419 2375 1460 2402 12,
1479 2375 1504 2401 3,
1527 2374 1565 2397 ubi
1589 2381 1631 2402 pro
1651 2374 1771 2404 plurimos
1792 2374 1889 2401 Vulgata

1044 2413 1141 2437 multos.
1155 2426 1187 2431 -
1204 2414 1298 2436 interius
1316 2420 1342 2436 ex
1360 2414 1377 2436 A
1394 2414 1516 2442 posuimus
1533 2413 1665 2437 collat‘umis
1682 2420 1724 2441 pro
1741 2412 1890 2436 collectionis.

1105 2452 1115 2465 ⁴³
1134 2454 1222 2481 Nempe
1244 2452 1404 2476 interlinearis
1425 2453 1554 2475 secundum
1577 2452 1706 2475 Rabanum.
1720 2464 1753 2470 —
1773 2453 1824 2474 Duo
1846 2452 1889 2474 loci

1042 2499 1108 2522 seqq.
1126 2495 1179 2515 sunt
1195 2492 1260 2516 Cant.
1277 2493 1304 2520 3,
1321 2494 1344 2515 2.
1361 2495 1383 2515 et
1399 2494 1454 2515 Luc.
1472 2493 1513 2519 15,
1531 2493 1553 2514 Β.

1105 2531 1113 2543 ⁷
1133 2533 1201 2554 Vers.
1223 2533 1246 2554 2.
1262 2544 1293 2549 —-
1310 2532 1378 2555 Card.
1400 2532 1483 2560 Hugo:
1506 2532 1575 2559 Ecce,
1599 2531 1702 2560 quinque
1726 2531 1790 2559 ponit
1814 2531 1889 2557 Philo,

1041 2578 1102 2601 quae
1128 2574 1219 2600 oportet
1243 2578 1337 2594 omnem
1362 2571 1546 2599 praedicatorem
1562 2571 1600 2592 vel
1617 2571 1736 2593 doctorem
1754 2570 1839 2592 babere
1860 2569 1889 2592 ad

1044 2612 1099 2638 boc,
1117 2614 1142 2633 ut
1158 2611 1293 2639 praedicare
1309 2611 1345 2633 vel
1362 2611 1446 2633 docere
1470 2611 1544 2639 possit
1567 2610 1720 2638 sapientiam:
1736 2609 1838 2631 Primum
1855 2611 1889 2631 est

1042 2650 1150 2678 cogitatio
1173 2650 1311 2678 sapientiae,
1332 2650 1397 2679 quod
1420 2650 1521 2677 tangitur
1544 2650 1595 2672 hic:
1613 2649 1675 2672 Haec
1697 2648 1803 2681 capitana
1824 2647 1889 2677 apud

1042 2696 1087 2712 me.
1105 2690 1236 2712 Secundum
1254 2692 1288 2712 est
1304 2696 1370 2712 amor
1386 2689 1523 2717 sapientiae,
1540 2689 1603 2718 quod
1620 2688 1720 2716 tangitur
1736 2688 1781 2710 ibi:
1794 2688 1819 2710 ln
1831 2686 1888 2710 [zmi-

1041 2729 1095 2752 citia
1117 2729 1184 2752 illias
1206 2729 1326 2752 delectatio
1345 2728 1413 2752 bona.
1431 2729 1534 2751 Tertium
1557 2731 1591 2751 est
1613 2734 1684 2756 opus,
1702 2728 1766 2756 quod
1787 2727 1887 2754 tangitur

1041 2769 1087 2791 ibi:
1100 2770 1127 2792 ln
1142 2768 1251 2798 operibus
1268 2774 1387 2791 manuum
1403 2767 1468 2790 illins
1481 2767 1591 2790 honestas
1607 2766 1658 2789 sine
1674 2766 1806 2796 defectione.
1818 2766 1887 2793 Quar-

1040 2812 1089 2831 tum
1106 2811 1141 2831 est
1156 2808 1273 2835 studium,
1289 2807 1351 2836 quod
1371 2807 1471 2835 tangitur
1488 2806 1534 2829 ibi:
1549 2806 1579 2829 Et
1596 2806 1620 2829 in
1637 2805 1765 2829 certamine
1783 2803 1887 2834 loquelae

1041 2847 1105 2870 illius
1126 2846 1250 2876 sapientia.
1268 2847 1379 2875 Quintum
1402 2849 1436 2868 est
1458 2846 1561 2868 doctrina
1583 2846 1633 2868 sive
1654 2844 1806 2873 praedicatio,
1823 2843 1887 2872 quod

1040 2886 1141 2914 tangitur
1165 2886 1212 2908 ibi:
1230 2885 1260 2909 Et
1278 2885 1440 2915 praeclaritas
1466 2885 1490 2907 iu.
1515 2883 1726 2908 communicatione
1748 2887 1886 2906 sermonum

1040 2932 1123 2956 ipsius.

1912 846 1956 864 item
1963 859 1968 872 t
1982 846 2000 864 in
2013 846 2041 864 lo-

1931 871 2013 888 cutione.

1909 1737 1955 1755 Octo
1968 1736 2022 1755 utilia

1925 1760 2003 1778 doctori.
