2296 3316
373 158 429 187 208

375 236 428 264 tio:
457 235 606 263 «Infelices
636 237 701 262 sunt
733 233 780 270 qui
811 232 1021 269 appellaverunt
1050 231 1116 259 deos
1140 238 1223 267 opera

376 289 509 310 manuum
531 288 646 309 suarum
658 292 684 308 ».
701 280 801 317 Supra
816 279 935 307 modam
956 279 1075 306 animae
1094 285 1180 310 suae,
1196 277 1222 304 id

377 331 418 357 est
433 331 549 355 naturae
571 334 649 360 suae,
663 326 784 363 superbi
796 329 878 358 seuit,
892 325 996 353 seilicet
1010 327 1106 352 eontra
1121 323 1222 356 Deum,

375 377 403 403 et
424 375 476 403 hoc
498 373 625 410 fingendo
646 373 697 401 sibi
718 373 790 400 idola
811 375 942 408 tanquam
964 371 1043 403 deos;
1066 370 1149 398 Isaiae
1176 369 1222 397 de-

377 420 447 448 cimo
462 423 542 448 sexto
554 421 578 447 ¹:
601 431 614 444 «
625 419 786 447 Audivimus
800 417 959 454 superbiam
978 417 1068 449 Moab,
1084 415 1223 452 superbus

375 470 416 495 est
431 466 524 498 valde:
540 465 671 502 superbia
688 465 748 493 eius
770 467 797 493 et
814 463 972 500 arrogantia
986 463 1046 491 eius
1061 462 1123 499 plus
1138 470 1222 499 quam

375 513 508 542 fortitudo
529 513 589 541 eius
604 524 629 540 n.
652 512 713 540 Vel:
735 510 862 548 infelices
883 518 978 547 supra
999 509 1135 542 modum,
1156 508 1222 545 quia

375 560 482 588 infinita
513 559 682 591 infelicitate,
711 558 777 595 quia
802 569 815 582 «
834 557 936 586 vermis
963 564 1061 585 eorum
1081 564 1136 584 non
1165 563 1222 583 mo-

376 607 474 639 rietur,
496 609 522 635 et
543 606 613 642 ignis
638 613 692 633 non
714 604 955 641 exstinguetur»,
978 603 1061 631 Isaiae
1089 603 1187 631 ultimo
1202 602 1221 629 2.

377 653 494 681 Inimici
512 652 615 689 populi
637 653 693 685 cui,
709 652 811 680 scilicet
826 650 1017 687 persequendo
1038 649 1181 678 credentes
1196 649 1222 677 in

376 700 483 732 Deum;
505 699 633 733 inimici,
656 699 783 735 inquam,
806 697 896 734 quoad
917 696 1061 734 affectum,
1083 698 1110 724 et
1130 703 1223 732 perse-

376 746 486 784 quendo
507 744 610 782 factis,-
626 745 723 773 Esther
743 744 849 773 decimo
864 746 976 780 quarto:
1004 754 1017 767 «
1030 743 1086 771 Non
1108 742 1222 776 sufficit,

377 793 451 831 quod
471 792 619 821 durissima
639 799 689 820 nos
710 791 873 828 opprimunt
894 790 1041 822 servitute;
1068 788 1115 817 sed
1136 788 1223 816 robur

376 848 510 868 manuum
532 846 647 867 suarum
669 838 806 866 idolorum
827 836 964 873 potentiae
984 835 1161 872 deputantes,
1176 843 1223 863 vo-

355 907 359 909 -
378 887 438 915 lunt
460 890 506 915 tua
527 888 635 914 mutare
657 885 792 921 promissa
808 894 837 915 »;
859 886 882 911 et
898 883 1129 919 impropera-ntes
1147 881 1190 909 illi
1201 881 1222 915 ³,

233 1216 261 1235 De
270 1216 359 1235 seeundo.

258 2193 286 2211 De
300 2193 362 2211 tertio.

377 935 481 963 scilicet
498 932 610 963 verbis.-
631 932 658 959 in
685 932 801 959 Psalmo:
830 942 842 955 «
858 929 1027 966 lmproperia
1051 928 1223 965 exprobran—

378 981 446 1009 tium
471 980 516 1008 tibi
546 978 704 1007 ceciderunt
725 985 809 1014 super
835 984 878 1005 me
899 987 929 1009 »;
953 976 1024 1004 sicut
1051 975 1162 1012 quidam
1190 975 1224 1003 de

378 1027 508 1063 Ephraim
523 1030 549 1054 et
571 1026 691 1053 Manasse
707 1024 818 1052 nuntios
840 1023 982 1056 Ezechiae,
998 1022 1031 1050 ad
1053 1023 1158 1050 cultum
1176 1021 1223 1049 Dei

378 1074 500 1101 volentes
521 1080 567 1100 eos
596 1078 739 1103 revocare,
768 1069 935 1101 irridebant,
963 1072 995 1097 ut
1016 1070 1090 1105 patet
1111 1067 1224 1096 secundi

379 1120 603 1155 Paralipomenon
625 1117 773 1154 trigesimo.

457 1165 545 1202 (Vers.
564 1165 629 1200 tiit).
647 1164 792 1200 Quoniam
807 1163 907 1191 onmia
922 1162 1000 1191 idola
1015 1165 1076 1196 ete„
1091 1161 1169 1198 quasi
1184 1161 1224 1189 di-

379 1215 437 1240 cat:
461 1212 511 1239 boe
534 1214 621 1239 totum
644 1210 747 1238 malum
763 1212 819 1242 est,
834 1209 974 1247 quoniam
988 1208 1087 1236 omnia
1106 1211 1156 1236 eto.
1176 1207 1224 1235 Vel

379 1258 436 1286 sie:
459 1258 527 1286 bene
548 1257 622 1290 dixi,
645 1256 719 1293 quod
745 1256 909 1293 insipientes
933 1259 958 1283 et
982 1254 1110 1292 infelices
1130 1262 1225 1291 supra

378 1304 498 1332 mollum
520 1304 637 1332 animae
657 1312 729 1332 suae
742 1302 861 1339 superbi·
881 1306 946 1336 etc.;
969 1302 1107 1339 quonlam
1126 1301 1225 1329 onznia

381 1350 458 1379 idola
481 1351 646 1384 naliouzmi,
669 1350 696 1379 id
717 1354 758 1379 est
772 1350 916 1386 gentilium
938 1358 991 1377 non
1014 1356 1063 1385 per
1084 1348 1165 1376 fidem
1183 1356 1225 1376 re-

379 1401 522 1431 natorum,
545 1397 591 1425 sed
613 1397 640 1425 in
663 1397 728 1425 vitio
754 1396 903 1425 nativitatis
931 1395 1101 1424 manentium
1117 1395 1137 1428 4,
1160 1394 1225 1422 deos

380 1444 626 1476 uestiiuaverunt;
648 1443 684 1472 sic
707 1443 832 1471 fecerunt
854 1442 980 1475 Romani,
1007 1441 1109 1469 scilicet
1133 1440 1226 1469 omnia

380 1490 451 1518 idola
465 1490 609 1527 gentilium
632 1489 843 1526 subiugatorum
859 1490 969 1517 Romam
992 1488 1103 1516 ferendo
1121 1491 1148 1515 et
1162 1487 1225 1515 ado-

380 1537 466 1565 rando
487 1540 514 1565 et
539 1536 729 1570 custodientlo;
751 1536 870 1574 quibus,
900 1536 1002 1564 seilicet
1024 1535 1116 1568 idolis,
1138 1542 1226 1572 neque

380 1584 533 1612 oculorum
556 1584 636 1611 uisus
656 1587 697 1611 esc
717 1583 758 1610 ad
782 1582 955 1616 videndum,
978 1581 1130 1610 secundum
1159 1580 1226 1609 illud

381 1630 513 1659 Psalmi⁶:
541 1629 666 1658 «Oculos
692 1629 806 1663 babent,
822 1632 849 1657 et
862 1637 917 1657 non
943 1628 1075 1657 videbunt
1090 1638 1116 1661 »;
1138 1636 1227 1665 neque

380 1686 469 1706 aures
484 1677 523 1705 acl
545 1674 739 1709 audiendum,
755 1675 908 1703 secundum
924 1675 991 1703 illud
1012 1674 1125 1703 ibidem:
1147 1686 1160 1699 «
1175 1675 1226 1702 Au-

379 1732 425 1752 res
443 1724 558 1757 habent,
580 1726 606 1751 et
621 1731 675 1751 non
690 1722 840 1750 audient».
858 1722 953 1759 Neque
973 1729 1061 1749 nares
1076 1721 1116 1749 ad
1134 1720 1227 1757 perci-

376 1770 517 1807 piendum
538 1769 691 1806 spirilzrnu
714 1768 827 1796 ibidem:
849 1779 862 1792 «
876 1768 961 1796 Nares
982 1768 1100 1801 habent,
1122 1770 1148 1795 et
1173 1774 1227 1795 non

379 1816 571 1845 odorabunt».
592 1815 687 1853 Neque
701 1814 788 1851 cliyili
804 1822 949 1842 manuum
968 1813 1008 1841 acl
1023 1813 1226 1847 tractamlum,

380 1863 406 1891 id
428 1866 468 1892 est
482 1862 648 1899 palpandum
673 1861 790 1898 aliquid:
810 1861 883 1889 unde
909 1860 1023 1889 ibidem:
1043 1872 1056 1885 «
1069 1861 1164 1888 Manus
1180 1860 1227 1888 ha—

379 1910 458 1943 bent,
473 1913 500 1938 et
520 1918 574 1937 non
590 1909 741 1945 palpabunt
756 1920 782 1936 n.
806 1908 861 1936 Sed
874 1911 899 1935 el
919 1908 1002 1944 pedes
1017 1915 1118 1935 eorum
1129 1907 1226 1943 pigri,

379 1956 407 1985 id
421 1960 461 1985 est
483 1955 648 1989 immobiles,
671 1955 710 1983 ad
731 1954 962 1987 ambulandum,
978 1953 1092 1982 ibidem:
1119 1963 1132 1977 «
1145 1952 1227 1981 Pedes

380 2003 496 2036 habent,
526 2006 552 2031 et
579 2011 633 2031 non
655 2001 881 2030 ambulabunt».
904 2000 965 2029 Ideo
992 2000 1094 2028 dicitur
1119 1999 1227 2028 Barueh

380 2053 478 2078 sexto:
499 2049 627 2078 «Bestiae
648 2049 777 2077 meliores
798 2051 862 2076 sunt
882 2047 936 2076 illis
957 2055 1028 2083 quae
1049 2049 1164 2083 possunt
1185 2046 1227 2074 fu-

379 2103 444 2132 gere
466 2096 517 2124 sub
540 2098 643 2124 tectum
663 2103 695 2123 ac
715 2094 845 2131 prodesse
867 2094 917 2122 sibi
934 2105 959 2121 ».

459 2143 546 2178 (Vers.
574 2142 637 2178 16.).
660 2142 752 2169 Homo
773 2141 862 2174 enim,
885 2140 965 2169 cuius
986 2139 1089 2168 scilicet
1109 2147 1163 2167 non
1185 2142 1227 2167 est

380 2189 446 2218 dare
468 2196 579 2217 sensum
607 2191 634 2217 et
654 2191 774 2222 motum,
803 2186 870 2224 feeit
890 2187 970 2221 illos,
998 2195 1051 2215 non
1077 2186 1173 2223 genuit
1193 2185 1226 2214 de

969 153 1139 182 COMMENT.
1162 153 1193 182 lN
1215 152 1405 181 SAPIENTIAM
1426 151 1454 180 C.
1477 151 1530 180 XV.

1280 229 1434 258 substantia
1455 236 1517 262 sua,
1541 228 1588 257 sed
1609 228 1739 265 figuravit
1760 228 1793 257 de
1818 229 1934 257 materia
1955 230 2125 263 extrinseca;

1279 279 1305 304 et
1331 275 1383 313 qui
1411 279 1563 303 ”tumulus
1585 278 1625 303 est
1645 274 1801 311 spiritum,
1823 275 1926 304 seilicet
1953 284 1969 304 a
1993 276 2065 310 Deo,
2087 277 2124 305 illi

1280 322 1465 355 reddendum,
1481 321 1591 358 quando
1606 321 1724 357 placebit
1738 321 1778 355 ei;
1795 321 1971 351 Ecclesiastae
1990 323 2087 351 ultimo
2098 323 2124 351 ⁰:

1284 380 1297 393 «
1312 368 1343 396 Et
1364 368 1479 404 spiritus
1500 368 1593 396 redeat
1614 368 1648 396 ad
1669 368 1773 401 Deum,
1795 368 1843 405 qui
1864 368 1939 397 dedit
1961 369 2037 398 illum
2053 380 2080 397 n.
2098 370 2125 397 ls

1278 414 1365 451 finxit
1386 414 1466 448 illos,
1488 414 1514 442 id
1535 417 1589 448 est,
1610 414 1644 442 de
1665 414 1724 442 luto
1749 414 1820 442 fecit.
1850 413 1938 443 Nemo
1959 415 2035 443 enim
2055 419 2123 449 ete,

1279 461 1358 498 quasi
1379 461 1465 489 dieat:
1488 463 1515 489 et
1536 468 1600 489 vere
1622 460 1660 489 sio
1689 460 1747 489 sine
1768 468 1851 489 sensu
1879 464 1906 489 et
1933 464 2010 490 motu
2038 465 2122 495 sunt;

1279 515 1361 535 nemo
1377 507 1452 535 euim
1467 506 1524 535 sibi
1536 506 1660 535 similem
1678 506 1761 535 homo
1779 507 1886 543 polerit
1898 507 2006 545 fingere
2019 508 2124 541 Deum,

1280 554 1411 587 similem,
1434 553 1537 581 scilieet
1558 553 1736 581 similitudine
1757 553 1943 590 aequalitatis,
1964 562 2020 591 qua
2044 554 2125 583 homo

1280 600 1377 628 similis
1398 603 1439 628 est
1459 600 1504 628 alii
1527 600 1643 634 homini,
1666 600 1729 628 licet
1749 600 1865 628 similem
1887 600 2065 629 similitudine
2078 600 2127 629 ali-

1279 647 1360 675 cuius
1381 647 1530 675 exterioris
1545 646 1811 682 repraesentationis.

1358 693 1447 729 (Vers.
1466 694 1531 728 17.).
1550 693 1622 721 Cum
1637 692 1713 721 <mim
1727 693 1766 721 sil
1778 692 1929 727 mortalis,
1951 693 2035 721 vitam
2050 701 2125 722 mor-

1281 740 1362 769 talem
1379 740 1495 773 liabens‚
1511 743 1675 772 mortuum,
1697 738 1724 767 id
1738 742 1779 767 est
1798 739 1854 767 vita
1874 742 2027 773 carentem,
2042 739 2127 777 fingit

1280 786 1418 815 „iconibus
1433 786 1556 824 iniquis,-
1572 786 1598 813 in
1621 785 1725 814 Psalmo
1737 786 1761 813 ⁷:
1788 797 1801 810 «
1816 786 1845 814 In
1859 794 1980 822 quorum
2000 786 2127 814 manibus

1280 833 1439 870 iniquitates
1460 836 1525 861 sunt
1543 844 1569 860 ι».
1592 832 1688 861 Melius
1714 834 1807 861 autem
1828 835 1870 861 est
1894 833 2016 861 mortale
2043 840 2127 870 quain

1280 883 1447 912 mortuum,
1469 879 1621 908 secundum
1642 879 1711 907 illud
1732 878 1910 908 Ecclesiastae
1931 887 2019 908 nono:
2045 891 2059 905 «
2073 881 2127 908 Me·
2272 885 2273 914 i

1281 926 1332 954 lior
1354 928 1394 954 est
1415 925 1490 954 canis
1518 925 1598 954 vivus
1620 925 1697 953 leone
1724 928 1835 954 mortuo
1854 937 1880 953 ».
1903 926 1934 954 Et
1961 926 2031 955 bene
2051 926 2125 960 dixi,
2272 930 2273 946 ¹

1281 973 1355 1009 quod
1379 981 1461 1001 ‘nemo
1482 975 1572 1009 potest
1590 971 1649 1000 sibi
1667 972 1760 1000 simile
1781 975 1846 1006 etc.;
1868 972 1969 1001 melior
1990 972 2066 1001 enim
2086 976 2128 1001 est
2143 977 2255 1001 nequam.
2287 962 2291 994 ἶ

1281 1020 1357 1056 ipse,
1373 1019 1476 1048 scilicet
1491 1020 1588 1052 homo,
1610 1018 1655 1046 liis
1675 1027 1747 1056 quos
1767 1019 1840 1047 colii.
1863 1019 1937 1048 Deus
1957 1027 2023 1048 vero
2047 1019 2128 1048 debet
2272 1013 2273 1022 ¹

1281 1074 1341 1095 esse
1361 1066 1496 1102 optimum
1512 1066 1643 1099 hominis,
1666 1065 1818 1094 secundum
1833 1065 2016 1102 Augustinum
2027 1066 2047 1100 ⁸,
2063 1074 2126 1095 cum

1282 1113 1316 1141 sit
1330 1113 1390 1141 eius
1404 1112 1552 1141 beatitudo.
1568 1112 1645 1147 Quia
1660 1112 1719 1149 ipse
1733 1112 1848 1150 quidem
1862 1112 1952 1147 vixit,
1967 1113 2127 1150 aliquando,

1282 1160 1384 1188 scilicet
1406 1160 1505 1193 homo,
1528 1168 1594 1187 eum
1615 1162 1684 1187 esset
1704 1158 1856 1193 mortalia,
1883 1159 1957 1196 quod
1977 1160 2051 1188 enim
2072 1167 2127 1188 nou

1282 1206 1364 1239 vivit,
1381 1214 1434 1234 non
1450 1209 1490 1234 est
1505 1206 1637 1239 mortale;
1653 1205 1697 1233 illi
1715 1208 1812 1233 autem
1833 1214 2003 1244 nunquam,
2025 1206 2128 1234 scilicet

1281 1252 1318 1280 dii
1333 1252 1400 1280 falsi.
1419 1253 1479 1280 Iure
1494 1255 1586 1280 autem
1602 1254 1813 1288 praeponuntur
1828 1251 1947 1280 viventia
1965 1260 2019 1280 non
2034 1252 2127 1281 viven*

1283 1299 1371 1332 tibus,
1401 1299 1544 1327 sentientia
1565 1306 1619 1326 non
1641 1298 1837 1332 sentientibuS‚
1860 1299 2011 1327 secundum
2037 1299 2128 1336 Augu—

1282 1346 1386 1374 stinum
1401 1345 1420 1373 ⁰.

1361 1392 1412 1420 Sed
1427 1392 1577 1420 obiicitur:
1590 1391 1659 1427 Quia
1670 1399 1754 1428 supra
1766 1391 1861 1420 eodem
1871 1392 1893 1408 ¹⁰
1904 1391 2018 1420 dicitur:
2035 1402 2048 1417 α
2059 1392 2128 1420 Luto
2144 1397 2239 1421 Quaestio·
2293 1392 2296 1417 ἐ

1281 1439 1362 1468 vilior
1383 1439 1439 1467 vita
1453 1439 1526 1467 illius
1541 1451 1567 1467 n.

1360 1485 1525 1519 Dicendum,
1547 1485 1619 1522 quod
1642 1493 1727 1522 supra
1748 1486 1872 1522 loquitur
1893 1486 1926 1515 de
1941 1486 1997 1515 vita
2018 1486 2126 1520 morali,
2144 1489 2201 1513 neap.
2294 1519 2296 1530 Α

1283 1532 1327 1561 hio
1349 1532 1381 1561 de
1403 1532 1531 1560 naturali.
2294 1538 2296 1552 ¹

1362 1579 1416 1607 Sed
1437 1582 1463 1607 et
1483 1578 1629 1607 animalia
1650 1581 1700 1607 etc.
1724 1579 1770 1607 Hie
1788 1579 1941 1607 ostenditur
1963 1579 2129 1616 vituperatio
2141 1583 2256 1630 ξέἓιὲὲεῗήξ.
2274 1574 2275 1617 i
2293 1583 2296 1641 Ι

1283 1627 1430 1655 colentium
1447 1634 1490 1655 res
1512 1626 1676 1658 animatas,-
1691 1628 1718 1654 et
1738 1626 1828 1662 primo
1849 1626 2032 1655 ostenduntur
2053 1626 2081 1654 in
2099 1633 2128 1655 se
2255 1619 2260 1624 ⁸

1284 1681 1343 1701 esse
1364 1672 1560 1705 miserabiles,-
1589 1672 1722 1706 seeundo,
1751 1675 1878 1709 respectu
1906 1671 2127 1709 praecedentium

1284 1719 1503 1757 aliquantuluiiz
1531 1718 1724 1747 excusabiles:
1755 1720 1907 1747 [mensale.
1934 1722 2001 1752 etc.;
2030 1719 2127 1752 tertio,

1280 1766 1452 1802 simpliciter
1467 1765 1691 1794 ineaeeusabiles:
1707 1765 1763 1794 Sed
1783 1774 1833 1794 uec
1853 1769 1969 1803 aspectu
1984 1768 2035 1794 etc.
2049 1781 2085 1786 —
2097 1765 2129 1794 Et
2145 1768 2257 1788 Subdivisio.

1284 1812 1320 1840 ibi
1342 1812 1526 1845 ostenduntur
1547 1812 1766 1847 inexcusabiles,
1788 1812 1877 1849 primo
1898 1820 1947 1848 per
1968 1812 2032 1846 hoc,
2055 1812 2129 1849 quod

1284 1858 1381 1886 colunt
1395 1858 1601 1892 irrationali'a;
1616 1858 1749 1893 secundo,
1765 1859 1830 1896 quia
1850 1857 2013 1896 effuyerwnt
2026 1866 2128 1887 verum

1286 1905 1393 1933 Deum:
1417 1905 1590 1942 Effuqerilm
1610 1909 1660 1934 etc.

1363 1952 1451 1987 (Vers.
1477 1952 1542 1984 18).
1568 1952 1624 1980 Sed
1643 1955 1670 1979 et
1695 1952 1858 1985 animalia;
1879 1951 1974 1980 Glossa
1987 1952 2024 1980 ¹¹:
2043 1963 2057 1977 «
2071 1952 2129 1980 Non
2146 1955 2173 1974 De
2186 1955 2251 1979 primo.

1284 1998 1372 2026 solum
1396 1998 1539 2026 hominum
1562 1998 1679 2035 speciem
1694 2010 1722 2032 »‚
1743 1998 1791 2027 sed
1811 2001 1838 2027 et
1852 1998 2011 2027 animalium
2033 1998 2129 2035 imagi-

1283 2052 1361 2078 nem,
1384 2047 1415 2072 ut
1436 2045 1557 2081 Aegyptii
1580 2045 1675 2073 [sidem
1703 2045 1730 2073 in
1752 2045 1841 2081 specie
1869 2044 1961 2079 bovis,
1991 2045 2128 2081 Babylonii

1283 2091 1445 2125 draconem,
1468 2095 1499 2120 ut
1520 2094 1594 2128 patet
1615 2091 1734 2120 Danielis
1755 2091 1861 2120 decimo
1882 2094 2000 2128 quarto;
2026 2092 2128 2120 miser-

1283 2138 1355 2166 rimi
1367 2138 1389 2154 ¹2
1411 2138 1522 2171 eolunl;
1544 2138 1756 2167 Proverbiorum
1771 2138 1877 2167 decimo
1892 2140 2007 2175 quarto:
2027 2138 2129 2167 «Mise-

1284 2193 1330 2214 ros
1351 2185 1414 2213 facit
1439 2185 1555 2222 populos
1582 2187 1725 2222 peccatum
1740 2197 1766 2213 ».
1796 2185 1866 2213 Sunt
1890 2184 2001 2222 quidem
2028 2185 2130 2213 miseri

446 2360 453 2373 ¹
472 2362 538 2383 Vers.
556 2362 583 2388 G,
601 2361 640 2383 ubi
657 2364 710 2389 post
726 2361 869 2390 urroqsmlia
887 2361 936 2383 eius
954 2361 1051 2389 Vulgata
1065 2361 1128 2383 addit
1140 2360 1228 2383 etincli-

381 2399 461 2429 quatio
479 2399 536 2422 eius.
555 2413 584 2415 —
602 2400 654 2422 Post
672 2406 745 2427 pauca
762 2399 924 2422 substituimus
935 2399 1046 2429 affectum
1058 2405 1101 2427 pro
1113 2399 1228 2429 effectum.

443 2438 452 2451 '¹³
471 2439 536 2461 Vers.
554 2439 592 2461 24.
609 2452 639 2455 --
657 2439 765 2467 Sequitur
782 2440 861 2461 Esther
883 2438 921 2466 14,
939 2439 961 2461 8.
978 2441 1000 2461 et
1017 2439 1042 2460 9:
1060 2439 1086 2461 Et
1102 2445 1164 2461 nunc
1181 2445 1228 2461 non

381 2477 413 2500 eis
431 2478 514 2499 sufficit
531 2480 573 2499 etc.

443 2515 452 2528 ³
470 2517 499 2538 lta
518 2517 587 2538 etiam
605 2517 666 2539 card.
686 2517 753 2544 lingo
771 2519 793 2538 et
810 2517 926 2544 Lyranus:
944 2517 1042 2544 Vulgata
1054 2517 1075 2538 el
1086 2515 1228 2545 imperantes

381 2555 426 2580 illi.
447 2561 508 2584 quae
525 2556 592 2577 etiam
612 2556 680 2583 paulo
703 2556 821 2583 superius,
839 2556 1022 2583 interpunctione
1044 2555 1144 2582 variata,
1161 2556 1227 2583 legit:

380 2600 454 2623 supra
475 2593 570 2616 modum
595 2594 690 2616 animae
711 2594 789 2623 [etiam
813 2594 876 2616 card.
893 2595 961 2621 Hugo
982 2597 1004 2616 et
1020 2595 1124 2621 Lyranus
1141 2594 1227 2616 addunt

379 2632 449 2662 suae]
467 2632 574 2662 superbi,
591 2634 650 2656 sunt
666 2632 755 2655 inimici
773 2633 859 2662 populi
874 2633 917 2656 tui.
935 2646 965 2649 —
982 2633 1086 2655 Subinde
1103 2634 1228 2661 allegantur

380 2672 416 2693 Ps.
426 2672 454 2693 68
463 2689 468 2698 ,
486 2672 522 2693 10:
532 2671 661 2699 Opprobria
675 2671 863 2699 exprobrantium
877 2674 927 2698 ete,
940 2675 962 2694 ct
973 2672 996 2694 11.
1007 2672 1104 2700 Paralip.
1114 2673 1154 2699 30,
1165 2673 1227 2694 6-10.

444 2709 453 2721 ⁴¹
471 2710 515 2733 Csr.
532 2717 601 2738 supra
619 2716 673 2738 pag.
693 2711 750 2737 1164,
769 2713 821 2732 nota
839 2711 861 2732 7.
878 2722 909 2727 —
930 2711 1041 2738 Superius
1062 2717 1088 2732 ex
1105 2711 1121 2732 B
1139 2711 1228 2738 supple—

381 2749 459 2771 vimus
476 2749 546 2778 quasi
561 2749 646 2772 dicut...
658 2749 738 2772 mimia
749 2751 791 2772 etc.
804 2750 897 2772 Inferius
914 2756 955 2777 pro
979 2749 1078 2772 Romam
1094 2749 1190 2778 serendo
1208 2751 1228 2772 el

382 2788 436 2810 edd.
452 2794 588 2817 perperam.
606 2789 649 2810 Pro
668 2788 730 2811 risus
748 2790 780 2811 est
798 2788 838 2816 (ita
860 2789 929 2810 etiam
951 2789 1014 2811 card.
1036 2789 1103 2816 Hugo
1123 2792 1145 2810 et
1161 2789 1228 2816 Lyra-

381 2830 434 2854 nus)
453 2827 554 2854 Vulgata
568 2833 627 2849 usus
645 2828 686 2849 est.

445 2864 454 2876 ⁵
472 2866 554 2887 Psalm.
572 2866 629 2892 113,
647 2866 695 2888 5-7.
712 2868 765 2888 sunt
781 2868 880 2895 quatuor
905 2866 947 2888 loci
969 2867 1071 2894 allegam
1089 2866 1173 2889 deinde
1195 2872 1227 2889 se-

384 2905 463 2933 quitur
480 2905 568 2927 Barucli
587 2905 613 2931 6,
630 2905 668 2927 67.
1093 2903 1103 2917 ὅ
1121 2906 1186 2927 Vers.
1204 2906 1225 2927 7.

446 2941 454 2954 ⁷
472 2944 555 2965 Psalm.
573 2944 614 2970 253,
637 2944 669 2966 10.
687 2956 717 2960 —
735 2944 842 2973 Sequitur
859 2944 932 2967 Eccle.
949 2944 975 2971 9,
993 2944 1015 2967 4.

1347 2359 1356 2371 Β
1374 2360 1434 2383 Libr.
1453 2361 1467 2382 1.
1485 2360 1514 2382 de
1531 2359 1632 2381 Moribus
1650 2359 1722 2381 Eccle.
1739 2359 1821 2381 cathol.
1838 2364 1859 2381 c.
1876 2359 1897 2380 3.
1915 2364 1937 2380 n.
1955 2357 1976 2380 4.
1993 2363 2058 2387 seqq.

1347 2398 1356 2411 ⁹
1374 2399 1435 2422 Libr.
1460 2399 1489 2421 de
1514 2399 1574 2421 Vera
1599 2398 1730 2426 Religione,
1748 2404 1768 2420 c.
1785 2398 1821 2420 29.
1840 2404 1863 2420 n.
1881 2397 1917 2419 52.
1935 2404 1996 2426 seq.,
2015 2396 2054 2420 uhi
2071 2397 2129 2419 inter

1285 2439 1327 2461 alia
1346 2439 1411 2461 dicit:
1430 2438 1550 2466 Quaelibet
1567 2444 1667 2466 namque
1684 2437 1738 2459 viva
1756 2437 1882 2459 substantia
1900 2435 1992 2458 cuilibet
2003 2442 2049 2458 non
2060 2436 2129 2458 vivae

1285 2477 1426 2500 substantiae
1444 2480 1538 2499 naturae
1555 2477 1606 2504 lege
1623 2476 1772 2504 praeponitur
1789 2478 1832 2498 etc.
1848 2474 1894 2498 Csr.
1911 2476 1935 2497 11.
1952 2475 1981 2497 de
1998 2474 2047 2497 Lib.
2072 2474 2126 2498 Arb.

1285 2524 1304 2539 c.
1323 2518 1343 2539 3.
1361 2523 1384 2539 n.
1403 2517 1424 2545 7,
1442 2519 1464 2538 et
1481 2518 1536 2538 tom.
1555 2517 1580 2538 V.
1599 2522 1653 2543 pag.
1678 2515 1718 2537 214
1730 2532 1736 2542 ,
1760 2514 1798 2537 ubi
1820 2515 1843 2536 in
1865 2514 1979 2543 Breviloq.
1997 2520 2019 2542 p.
2037 2515 2052 2536 1.
2070 2519 2089 2536 c.
2108 2515 2130 2536 2.

1284 2557 1347 2578 locus
1364 2557 1473 2583 August,
1491 2556 1542 2577 XV.
1559 2555 1589 2577 de
1606 2555 1669 2576 Trin.
1687 2560 1706 2576 c.
1726 2554 1746 2576 4.
1765 2560 1786 2576 n.
1804 2554 1828 2581 6,
1846 2555 1949 2576 refertur.

1348 2593 1367 2606 ¹⁰
1386 2595 1450 2616 Vers.
1471 2594 1507 2615 10.

1348 2632 1366 2644 ¹¹
1385 2634 1471 2660 Nempe
1488 2631 1654 2655 inim-linearis.
1673 2630 1793 2653 Rabanus:
1811 2630 1890 2653 Misera
1908 2630 2022 2658 gentilitas
2034 2636 2080 2652 non
2095 2636 2129 2652 so-

1286 2672 1333 2694 lnm
1351 2673 1475 2693 humanam
1493 2671 1593 2699 speciem
1611 2671 1633 2692 in
1652 2669 1822 2692 insensibilibus
1844 2668 1914 2691 rebus
1939 2670 2059 2691 formatam
2085 2674 2128 2696 pro

1285 2711 1379 2732 numine
1397 2710 1497 2737 colebat,
1515 2710 1556 2732 sed
1573 2709 1641 2731 etiam
1659 2711 1788 2731 ceterorum
1813 2708 1944 2730 animalium
1967 2707 2055 2735 species
2077 2713 2129 2735 per-

1285 2756 1352 2772 verse
1370 2749 1481 2771 adorabat
1497 2751 1540 2771 etc.
1557 2748 1602 2771 Csr.
1619 2754 1689 2775 snpra
1706 2754 1760 2775 pag.
1776 2748 1830 2774 180,
1842 2750 1894 2769 nota
1908 2747 1915 2769 l
1927 2747 1945 2769 l.
1958 2759 1987 2763 —
2000 2747 2052 2775 Seq.
2065 2747 2129 2768 locus

1285 2792 1318 2811 est
1336 2789 1391 2810 Dan.
1414 2788 1452 2815 14,
1471 2789 1513 2810 22:
1531 2789 1555 2810 Et
1572 2790 1620 2810 erat
1637 2787 1707 2809 draco
1725 2793 1824 2814 magnus
1849 2787 1870 2808 in
1896 2787 1945 2808 loco
1967 2786 2015 2811 illo,
2033 2787 2055 2807 et
2071 2785 2128 2807 cole-

1285 2826 1339 2849 bant
1357 2833 1410 2849 eum
1428 2826 1555 2854 Babylonii.

1348 2864 1366 2877 ¹²
1384 2866 1413 2887 lta
1431 2866 1499 2887 etiam
1519 2865 1582 2887 card.
1599 2865 1666 2892 nugo
1688 2866 1710 2886 et
1732 2865 1848 2892 Lyranus·;
1865 2864 1960 2891 Vulgata
1978 2862 2127 2890 miserrima,

1283 2911 1343 2933 quae
1360 2905 1426 2927 lectio
1444 2905 1512 2932 paulo
1531 2904 1622 2926 inferius
1639 2903 1739 2931 ponitur.
1756 2915 1786 2920 —
1804 2903 1936 2932 Sequuntur
1951 2902 2017 2924 Prov.
2036 2901 2076 2929 44,
2089 2901 2126 2923 34.

1283 2947 1305 2967 et
1322 2945 1357 2967 Ps.
1377 2944 1433 2971 105,
1451 2944 1488 2966 20.
