2296 3316
290 355 396 378 Replicatis»-

269 377 396 421 ffiffspmffle'

268 541 336 560 lterum
342 540 398 563 repli-

282 566 334 583 catur
343 565 361 582 et
371 568 399 581 re-

281 587 390 611 spondetur.

291 820 395 846 1165112311-

311 845 375 862 cteris.

309 871 364 889 Ratio
379 871 394 888 i.

311 1057 365 1075 Ratio
377 1057 394 1075 2.

311 1290 365 1309 Ratio
378 1290 395 1308 ³.

413 179 470 207 460

413 255 499 285 sentia
520 254 612 291 potius
635 251 797 288 disponebat
818 250 851 279 ad
880 248 1010 286 gratiam,
1032 255 1116 284 quam
1145 246 1259 283 impedi-

414 304 467 335 ret;
489 300 563 338 quod
578 301 665 336 patet,
680 298 745 335 quia
766 299 830 325 ante
844 295 992 324 adventum
1014 294 1116 322 Christi
1137 301 1192 322 non
1208 293 1262 321 fuit

415 352 523 384 tempus
543 346 660 384 gratiae,
682 344 729 373 sed
746 346 816 380 post.
833 360 871 363 --
885 341 1092 378 Respondetur,
1113 339 1188 377 quod
1209 339 1261 368 im-

413 394 607 432 pediebantur,
635 391 701 429 quia
728 389 875 419 carnaliter
904 389 996 425 ipsum
1023 387 1190 421 amabant¹;
1212 385 1260 415 sed

414 442 464 470 hoc
481 440 550 469 nihil
565 443 619 472 est,
641 438 706 475 quia
721 437 748 465 in
770 436 816 464 illo
833 443 927 464 amore
942 442 997 463 non
1013 433 1174 470 peccabant:
1193 440 1260 469 ergo

412 495 465 516 non
494 485 666 523 repugnabat
694 483 811 521 gratiae,
833 481 906 510 unde
934 481 1018 509 simul
1038 479 1168 508 manebat
1194 486 1259 508 cum

412 534 533 563 caritate.
559 549 597 553 -—
622 531 655 560 Si
675 534 706 559 tu
728 530 828 563 dicas,
849 528 924 565 quod
944 536 999 556 11011
1014 528 1152 564 repugnat
1172 528 1204 554 ut
1218 525 1260 554 in-

411 579 614 617 compossibile,
630 577 677 607 sed
699 580 791 605 tamen
805 578 837 604 ut
858 574 1025 612 impediens;
1042 574 1094 602 hoc
1121 572 1190 601 nihil
1205 574 1260 607 est,

412 628 491 665 quia,
514 625 624 664 quando
655 624 756 661 aliquis
782 625 856 651 amat
887 622 1007 659 aliquem
1039 620 1206 650 sensibiliter
1234 622 1261 648 et

411 673 604 712 spiritualiter,
620 670 773 701 ferventius
794 669 896 706 diligit,
912 669 978 706 quia
997 668 1108 696 dilectio
1126 667 1261 696 naturalis

412 721 527 750 intendit.
548 718 729 757 spiritualem.

490 769 667 797 11551οΝ1111οε
693 764 859 798 Dicendum,
888 762 962 800 quod
990 761 1091 798 tripiici
1119 769 1156 790 ex
1177 768 1261 789 causa

413 825 466 845 non
484 815 536 844 fuit
550 814 631 843 datus
645 813 764 849 Spiritus
779 813 891 840 sanctus
908 812 971 838 ante
985 816 1130 837 ascensum
1149 807 1260 836 Christi.

412 865 470 893 Una
490 862 561 891 ratio
582 864 623 890 est
643 868 680 889 ex
699 863 776 897 parte
797 856 1038 894 suscipientium,
1061 855 1142 892 quia,
1164 862 1261 883 conso-

413 911 459 940 lati
481 908 646 939 sensibiliter
669 905 823 943 praesentia
844 903 981 940 corporali
1002 902 1117 936 Christi,
1138 909 1193 930 non
1214 901 1262 930 de-

413 957 570 987 siderabant
589 955 669 983 aliam
685 951 908 981 consolationem.
930 950 1005 978 Deus
1019 952 1112 978 autem
1132 957 1186 977 non
1202 948 1262 976 vult

412 1006 482 1034 dona
497 1011 547 1032 sua
561 1000 712 1034 contemni,
731 1002 758 1028 et
782 998 843 1027 ideo
861 1005 915 1026 non
940 997 987 1025 dat
1005 996 1056 1025 nisi
1075 995 1260 1029 merentibus;

412 1052 472 1081 ideo
493 1048 629 1087 oportuit,
649 1046 791 1075 Christum
813 1045 848 1073 ab
862 1044 902 1072 eis
916 1042 1039 1080 separari
1051 1043 1071 1070 2.
1088 1058 1124 1063 --
1139 1042 1196 1070 Alia
1217 1050 1262 1070 ra—

414 1098 450 1126 tio
476 1104 513 1125 ex
541 1097 620 1132 parte
651 1091 802 1125 mittentis,
825 1090 891 1128 quia
915 1098 970 1118 non
1001 1089 1095 1123 decet,
1127 1088 1261 1117 miserum

411 1144 506 1172 dotare
527 1149 592 1171 suos
613 1139 778 1172 servitores,
800 1137 852 1166 nisi
874 1137 932 1174 ipse
953 1138 1086 1173 appareat
1106 1135 1260 1172 gloriosus3

413 1191 473 1220 ideo
487 1189 589 1218 dicitur
604 1195 690 1224 supra
710 1186 827 1223 septimo
839 1185 863 1213 ⁸:
890 1184 1020 1222 Spiritus
1040 1183 1173 1211 nondum
1197 1185 1262 1210 erat

414 1238 515 1270 datus,
544 1236 616 1274 quia
647 1235 725 1262 lesus
752 1233 883 1261 nondum
912 1234 977 1260 erat
1002 1229 1196 1268 glorificatus.
1224 1245 1261 1250 ——

413 1285 505 1314 Tertia
526 1283 596 1312 ratio
617 1284 658 1311 est
679 1290 715 1310 ex
731 1283 808 1317 parte
828 1279 997 1317 utriusque,
1019 1278 1084 1315 quia
1098 1277 1189 1306 adhuc
1204 1285 1261 1305 ma-

416 1332 516 1361 nebant
537 1329 695 1359 inimicitiae
716 1329 788 1357 inter
802 1335 853 1356 1105
873 1330 900 1355 et
921 1326 1025 1359 Deum3
1047 1328 1074 1354 et
1089 1324 1149 1353 ideo
1171 1324 1261 1361 primo

416 1378 539 1416 oportuit
560 1377 619 1406 fieri
641 1374 913 1405 reconciliationem4
934 1381 1017 1410 quam
1034 1372 1152 1409 Spiritus
1174 1371 1261 1400 sancti

415 1426 597 1455 donationem.
616 1424 678 1452 Ideo
692 1423 770 1460 prius
791 1421 914 1459 oportuit
928 1420 1068 1449 Christum
1091 1419 1160 1456 pati,
1176 1426 1261 1456 quam

416 1473 549 1511 Spiritum
572 1474 696 1500 sanctum
721 1469 800 1498 mitti.

493 1521 539 1548 25.
562 1519 671 1555 Quaest.
694 1517 733 1545 ill.
756 1517 822 1545 Item
844 1515 990 1553 quaeritur
1011 1514 1043 1543 de
1059 1514 1111 1542 1106
1129 1512 1203 1550 quod
1221 1513 1262 1541 di-

416 1568 467 1602 cit,
488 1566 563 1604 quod
583 1574 651 1594 cum
664 1564 774 1593 venerit
795 1563 937 1600 Spiritus,
959 1561 1067 1590 docebit
1080 1569 1131 1589 vos
1149 1569 1263 1589 omnem

416 1615 575 1644 veritatem.

497 1663 521 1690 1.
544 1660 634 1689 Primo
662 1659 771 1688 videtur
798 1658 869 1686 male
899 1657 1008 1690 dicere,
1036 1656 1111 1693 quod
1138 1655 1263 1689 docebit,-

416 1709 482 1747 quia
502 1708 602 1736 docere
623 1710 664 1736 est
684 1710 762 1734 actus
783 1704 944 1742 sapientiae,
966 1706 994 1733 et
1014 1703 1148 1740 sapientia
1162 1710 1262 1740 appro-

416 1756 524 1794 priatur
545 1755 623 1788 Filio,
645 1762 698 1782 non
721 1752 835 1790 Spiritui
857 1754 951 1781 sancto
961 1751 982 1779 ⁶.

480 1945 488 1959 ²
505 1946 613 1974 August.‚
631 1943 653 1965 in
670 1943 731 1964 ioan.
748 1942 836 1969 Evang.
854 1943 882 1963 tr.
899 1940 937 1963 94.
954 1946 977 1963 n.
994 1939 1020 1962 4:
1033 1940 1078 1962 Sed
1090 1940 1150 1967 nolo,
1163 1946 1200 1962 me
1212 1945 1264 1963 car-

417 1986 502 2009 naliter
519 1985 594 2007 adhuc
611 1981 723 2010 diligatis,
740 1983 761 2002 et
778 1980 820 2002 isto
837 1980 894 2002 lacte
916 1979 1028 2007 contenti,
1051 1985 1142 2007 semper
1164 1979 1264 2001 infantes

416 2032 467 2048 esse
484 2024 588 2052 cupiatis.

478 2063 487 2076 ²
505 2064 550 2087 Csr.
567 2064 670 2091 August.¹
688 2062 731 2083 loc.
748 2059 785 2081 cit.
802 2059 824 2080 in
842 2058 995 2086 praecedente
1011 2060 1065 2079 nota
1083 2060 1105 2080 et
1121 2058 1135 2080 1.
1152 2057 1182 2080 de
1199 2057 1263 2079 Trin.

414 2110 434 2126 c.
446 2104 469 2126 9.
480 2109 504 2125 n.
517 2103 560 2129 485
573 2103 630 2128 Leo,
643 2102 716 2123 Serin.
727 2098 765 2122 74.
783 2098 846 2127 (alias
862 2096 909 2125 72.)
928 2097 952 2118 li.
962 2097 991 2119 de
1008 2096 1147 2118 Ascensione
1160 2095 1263 2123 Domini,

414 2149 433 2165 c.
451 2142 477 2169 35
495 2142 605 2169 Gregor.,
624 2140 676 2162 Viil.
696 2139 771 2162 Moral.
788 2144 808 2160 c.
826 2136 863 2159 24.
880 2142 901 2158 n.
921 2135 962 2162 41;
980 2135 1102 2162 Bernard„
1120 2135 1193 2157 Serm.
1207 2135 1229 2157 3.
1240 2135 1263 2156 in

414 2179 552 2203 Ascensione
569 2178 676 2205 Domini,
694 2184 716 2200 n.
733 2178 754 2199 3.
771 2180 794 2199 et
811 2176 832 2199 4.
848 2187 879 2192 —
895 2174 1007 2202 Superius
1019 2179 1060 2201 pro
1072 2175 1126 2196 ante
1138 2179 1264 2196 ascensum

414 2225 459 2241 non
480 2218 548 2246 pauci
571 2217 642 2240 codd.
664 2222 788 2244 perperam
811 2217 865 2238 ante
886 2213 1027 2241 adventum,
1045 2213 1061 2234 N
1080 2212 1139 2241 (Ma
1162 2212 1263 2235 secunda

415 2258 494 2286 manu)
512 2259 566 2280 unte
582 2262 715 2284 recessum,
733 2256 851 2277 Gorranus
867 2255 921 2277 ante
937 2252 1107 2276 ascensionem.

476 2295 485 2308 ³
503 2297 568 2319 Vers.
584 2296 621 2318 39.
639 2295 699 2318 Vide
721 2295 833 2322 August„
852 2294 945 2316 XXXII.
957 2295 1034 2316 contra
1048 2292 1170 2319 Faustum,
1187 2297 1206 2313 c.
1226 2290 1263 2317 47,

415 2339 437 2358 et
452 2336 510 2362 Leo,
529 2336 601 2357 Serm.
619 2335 657 2357 76.
675 2334 749 2363 (alias.
765 2333 814 2362 74.)
833 2333 857 2355 11.
870 2333 898 2355 de
911 2333 1055 2358 Pentecoste,
1073 2337 1092 2354 c.
1110 2331 1132 2353 8.
1143 2343 1174 2347 -
1190 2331 1263 2358 Supe-

415 2375 462 2397 rius
486 2377 538 2402 post
562 2373 677 2396 miserum
699 2373 736 2396 ed.
759 2378 813 2395 cum
836 2373 941 2394 Gorrano
964 2372 1112 2400 prosequitur
1129 2368 1265 2393 cuiusmodi

415 2415 467 2436 erat
484 2412 591 2436 Christus
609 2413 633 2435 in
650 2418 722 2435 carne
744 2411 856 2439 mortali,
879 2410 970 2434 donare
987 2416 1043 2433 suos
1060 2409 1187 2433 servitores
1209 2415 1263 2431 mu-

415 2459 470 2475 nere
487 2454 536 2475 tam
552 2451 685 2479 eoecellenti,
705 2451 753 2474 nisi
768 2451 817 2480 ipse
833 2453 876 2473 etc.

477 2490 487 2503 ⁴
504 2491 549 2514 Cir.
566 2492 632 2513 Rom.
650 2491 676 2517 5,
697 2491 731 2512 10.
749 2497 797 2519 seq.
814 2493 836 2512 et
858 2489 946 2513 ColosS.
964 2490 971 2511 4
984 2506 990 2516 ,
1008 2490 1046 2511 20.
1068 2495 1134 2517 seqq.
1150 2501 1181 2505 —
1198 2489 1262 2510 Hane

416 2531 527 2553 rationem
545 2531 609 2552 affert
624 2529 753 2557 chrysost,
772 2530 793 2551 in
810 2530 871 2551 ioan.
888 2529 967 2551 homil.
984 2529 1024 2551 78.
1042 2528 1106 2557 (alias
1123 2527 1169 2556 77.)
1188 2534 1211 2550 11.
1228 2528 1251 2550 3.

479 2568 488 2581 ⁵
506 2570 576 2597 Epist.
593 2570 607 2591 l.
624 2568 676 2591 Cor.
695 2569 721 2595 4,
738 2568 776 2590 24.
793 2571 862 2590 vocat
877 2567 993 2591 Christum
1015 2576 1025 2587 11
1037 2567 1079 2589 Dei
1090 2567 1262 2595 sapientiamn;

417 2610 458 2630 cfr.
475 2614 545 2636 supra
562 2614 616 2636 pag.
634 2608 691 2634 444,
709 2610 760 2630 nota
780 2608 799 2629 4.

479 2646 488 2659 Β
506 2648 571 2670 vers.
589 2648 610 2669 6.

479 2684 487 2697 ⁷
505 2686 550 2708 Csr.
568 2687 599 2708 lii.
617 2687 678 2708 Sent.
695 2686 718 2708 d.
735 2686 772 2708 35.
789 2692 812 2714 q.
833 2687 856 2712 1,
874 2685 914 2708 11111
931 2686 1065 2714 ostenditur,
1082 2685 1147 2714 quod
1169 2684 1264 2714 sapien-

417 2725 450 2748 tia
466 2728 565 2754 quatuor
583 2725 658 2747 modis
675 2725 746 2752 accipi
765 2728 852 2753 potest,
868 2727 891 2747 et
912 2725 930 2747 si
956 2724 1033 2754 mayis
1047 2724 1146 2754 proprie
1163 2724 1263 2752 accipia-

418 2767 461 2791 tur,
482 2764 538 2785 «516
562 2764 665 2785 nominat
689 2764 844 2791 cognitionem
870 2764 911 2786 Dei
935 2764 1151 2792 experimentalem,
1174 2765 1197 2785 et
1218 2764 1262 2785 hoc

417 2803 488 2825 modo
505 2805 539 2824 est
556 2808 627 2824 unum
645 2803 674 2825 de
691 2806 778 2830 septem
797 2803 864 2825 donis
886 2803 985 2831 Spiritus
1007 2803 1091 2831 sancti,
1108 2803 1175 2825 cuius
1196 2805 1261 2824 actus

417 2841 519 2864 consistit
534 2841 555 2863 in
567 2841 711 2869 degustando
723 2842 826 2864 divinam
838 2842 974 2864 suavitatem
987 2850 1010 2864 ».
1021 2842 1080 2864 Vide
1091 2841 1160 2864 etiam
1172 2842 1187 2863 l.
1199 2841 1262 2863 sent.

418 2880 522 2902 Prooem.
539 2886 563 2908 q.
579 2880 601 2901 3.
618 2880 641 2902 in
657 2886 721 2907 corp.

480 2916 490 2930 Β
507 2919 634 2946 Respicitnr
652 2919 696 2940 Tit.
714 2919 739 2945 4,
758 2919 783 2945 4,
800 2919 839 2941 ubi
857 2920 940 2941 Paulus
956 2925 980 2941 se
999 2919 1104 2941 nominat
1125 2919 1261 2947 Apostolum

419 2958 467 2980 lesu
485 2957 567 2980 Christi
588 2966 597 2977 u
609 2958 735 2985 secundnm
754 2958 823 2980 fldem
841 2959 964 2981 electorum
983 2958 1023 2981 Dei
1035 2961 1057 2980 et
1068 2958 1209 2986 agnitionem
1221 2964 1262 2980 ve-

1022 169 1192 198 COMMENT.
1214 169 1246 198 IN
1267 168 1413 198 IOANNEM
1434 168 1462 196 C.
1484 167 1550 196 XVl.

1395 247 1423 275 2.
1448 245 1528 279 item,
1556 245 1695 282 quomodo
1716 244 1824 273 docebit
1852 252 1965 272 omnem
1993 244 2165 273 veritatem?

1316 292 1475 321 Secundum
1507 292 1560 320 hoc
1595 291 1722 326 videtur,
1757 291 1832 328 quod
1868 290 1988 327 Apostoli
2023 291 2167 321 sciverunt

1316 338 1494 376 geometriam
1510 341 1537 367 et
1557 346 1653 367 omnes
1667 340 1754 372 artes;
1775 339 1803 366 et
1823 336 1892 365 illud
1906 337 2007 366 falsum
2029 339 2084 372 est,
2099 338 2167 375 quia

1316 386 1399 414 etiam
1423 385 1497 414 maie
1518 385 1641 414 sciebant
1668 384 1894 421 grammatica1u;
1915 384 1989 413 unde
2020 384 2166 421 Apostolus

1316 432 1439 461 dicebat:
1464 432 1525 460 Etsi
1545 432 1700 469 imperitus
1721 439 1783 460 sum
1812 439 1960 465 sermone,
1981 439 2040 460 non
2069 434 2166 460 tamen

1316 479 1452 513 scientia,
1474 479 1611 508 secundae
1631 479 1666 507 ad
1686 478 1844 507 Corinthios
1865 478 2011 507 undecimo
2021 478 2041 507 θ.

2269 428 2271 435 A

2268 490 2272 504 l

1396 526 1573 555 Rasronnao:
1594 525 1762 559 Dicendum,
1784 524 1858 562 quod
1880 525 1980 554 docere
2000 525 2085 554 totius
2105 525 2166 554 Tri·
2183 530 2233 558 Rau)
2253 511 2271 551 ,ss

1317 573 1411 602 nitatis
1424 575 1481 607 est,
1503 576 1594 601 tamen
1609 572 1757 610 aliquando
1772 572 1907 601 tribuitur
1921 572 1999 607 Filio,
2018 572 2167 610 aliquando

1317 619 1431 657 Spiritui
1446 621 1556 654 sancto;
1578 619 1644 656 quia
1657 619 1763 655 duplex
1778 621 1820 648 est
1840 619 1972 656 cognitio,
1987 619 2092 649 scilicet
2104 628 2166 657 spe-

1317 666 1488 701 culationis,
1510 670 1537 695 et
1562 667 1629 695 haec
1650 666 1816 695 attribuitur
1830 666 1910 701 Filio;
1931 669 1959 695 et
1973 667 2168 704 experientiae

1317 717 1343 741 et
1364 713 1521 741 devotionis
1533 713 1554 747 ⁷,
1576 715 1603 742 et
1624 713 1692 742 haec
1712 713 1877 742 attribuitur
1902 713 2026 742 unctioni
2047 713 2167 751 Spiritus

1318 760 1419 795 sancti;
1441 763 1469 789 et
1489 760 1523 788 de
1545 761 1596 789 hac
1619 760 1744 797 loquitur
1766 760 1819 789 1116.

1397 809 1423 836 2.
1447 807 1478 835 Et
1499 815 1548 844 per
1571 808 1623 836 hoc
1644 810 1718 844 patet
1739 807 1841 836 solutio
1861 807 1895 836 ad
1916 815 2044 845 sequens.
2066 807 2168 836 11116111-
2183 811 2214 830 Ad
2224 811 2242 830 Ξ·
2254 799 2276 830 1(-

1318 854 1358 891 git
1378 854 1450 883 enim
1473 863 1527 883 non
1548 854 1582 883 de
1607 854 1688 883 omni
1707 854 1828 883 veritate
1848 854 2029 892 simpliciter,
2057 855 2103 884 sed
2125 863 2168 884 se—

1318 901 1448 930 cundum
1466 901 1640 939 pietatem⁸;
1668 904 1697 930 et
1717 902 1786 930 haec
1813 904 1854 931 est
1880 902 1984 931 veritas
2011 902 2168 932 necessaria

1318 948 1351 976 ad
1373 948 1504 982 salutem,
1527 956 1610 984 quam
1633 948 1712 984 plene
1733 951 1924 985 cognoverunt
1943 948 2072 985 Apostoli.

2177 553 2264 574 distincti(

2215 835 2240 854 tio
2251 835 2264 854 1.

1397 994 1445 1023 Vel
1466 994 1630 1029 dicendum,
1651 994 1726 1031 quod
1747 1002 1802 1023 non
1830 994 1957 1032 intelligit
1978 995 2046 1030 hoc,
2068 1003 2166 1025 secun-
2183 998 2264 1018 somno·

1317 1042 1385 1070 dum
1406 1041 1479 1078 quod
1502 1041 1598 1069 omnis
1625 1041 1769 1070 distribuit
1795 1049 1847 1078 pro
1863 1041 1991 1080 singulis
2009 1051 2168 1080 yenerum,

1318 1088 1365 1117 sed
1387 1097 1438 1125 pro
1464 1088 1620 1125 yeneribus
1646 1088 1836 1125 sinyulorum
1850 1088 1874 1124 ⁹;
1896 1091 1938 1118 est
1965 1089 2039 1118 enim
2067 1089 2170 1119 veritas

1318 1135 1483 1169 doctrinae,
1504 1135 1581 1164 vilae
1602 1138 1630 1164 et
1650 1135 1795 1170 iustitiae,
1817 1138 1845 1165 et
1866 1136 1916 1165 has
1936 1136 2039 1165 docuit.
2061 1136 2101 1166 De
2122 1145 2169 1166 ve·
2185 1138 2265 1163 Triissex*

1318 1183 1400 1212 ritate
1421 1183 1590 1216 cloctrinae;
1609 1183 1737 1211 Matthaei
1759 1183 1892 1220 vigesimo
1913 1183 2035 1213 secundo
2047 1183 2086 1212 ¹⁰:
2107 1184 2170 1212 Ma-

1316 1230 1422 1268 gister,
1443 1231 1572 1264 scimus,
1594 1230 1666 1267 quia
1687 1239 1779 1259 veram
1800 1239 1830 1259 es
1850 1234 1876 1259 et
1896 1230 1976 1259 viam
2000 1231 2052 1260 Dei
2071 1231 2104 1260 in
2123 1240 2170 1260 ve-

1317 1277 1405 1306 ritate
1426 1277 1517 1306 doces.
1543 1294 1580 1297 —
1605 1277 1644 1306 De
1666 1277 1782 1306 veritate
1803 1277 1895 1312 vitae;
1915 1278 2000 1307 Isaiae
2028 1278 2169 1316 trigesimo

1318 1328 1431 1353 octavo:
1454 1325 1609 1358 Memento,
1634 1325 1768 1358 Domine,
1790 1325 1934 1363 quomodo
1954 1324 2169 1354 ambulaverim

1318 1380 1421 1401 coram
1442 1374 1466 1400 te
1487 1371 1519 1399 in
1539 1371 1669 1400 veritate.
1685 1387 1721 1392 -—
1740 1371 1779 1400 De
1801 1371 1917 1401 veritate
1937 1371 2068 1401 iustitiae
2075 1382 2086 1406 ‚·
2104 1372 2170 1401 Pro-

1319 1418 1480 1448 verbiorum
1495 1418 1602 1447 decimo
1616 1421 1728 1447 octavo:
1745 1418 1883 1455 Accipere
1893 1427 2054 1456 personam
2075 1419 2107 1447 in
2123 1419 2169 1447 iu-

1319 1466 1395 1495 dicio
1409 1474 1468 1494 non
1479 1469 1519 1494 est
1531 1465 1648 1500 bonum,
1664 1470 1697 1494 ut
1711 1465 1833 1494 declines
1847 1474 1867 1494 a
1881 1466 2002 1495 veritate
2016 1465 2123 1495 iudicii
2137 1467 2167 1495 ¹¹.

1397 1513 1444 1541 26.
1473 1513 1584 1549 Quaest.
1606 1512 1648 1540 lV.
1678 1512 1828 1549 Quaeritur
1853 1512 1887 1542 de
1918 1513 1971 1542 1106
1991 1513 2066 1550 quod
2087 1513 2168 1542 dicit:

1322 1561 1360 1589 De
1381 1569 1442 1589 meo
1464 1559 1594 1596 accipiet.

1401 1609 1425 1636 1.
1448 1607 1564 1636 Videtur
1584 1607 1700 1642 falsum;
1715 1607 1794 1644 quia,
1816 1607 1837 1636 si
1860 1607 1980 1644 Spiritus
2001 1610 2113 1637 sanctus
2127 1610 2170 1637 est

1318 1655 1408 1689 Deus;
1430 1657 1458 1683 et
1478 1654 1553 1683 Deus
1573 1655 1642 1683 nihil
1663 1663 1766 1683 novum
1788 1657 1879 1691 potest
1899 1654 2019 1684 habere:
2040 1663 2107 1692 ergo
2127 1654 2170 1684 ni-

1319 1703 1359 1731 hii
1380 1702 1500 1739 amplius
1521 1705 1611 1739 potest
1625 1702 1758 1739 accipere.
1780 1702 1852 1739 Quid
1873 1705 1915 1731 est
1929 1710 2011 1740 ergo,
2033 1702 2107 1740 quod
2127 1702 2168 1731 di-

1319 1749 1371 1778 cit:
1396 1749 1435 1777 De
1455 1757 1517 1777 meo
1539 1748 1681 1786 accipiet?

1319 1940 1404 1967 ritatis,
1421 1945 1482 1969 quae
1504 1939 1632 1962 secundum
1655 1939 1764 1967 pietatem
1786 1940 1821 1961 est
1832 1947 1854 1961 n.
1871 1938 1931 1961 Vide
1948 1938 2049 1966 Hieron„
2066 1938 2090 1961 in
2106 1939 2168 1961 hunc

1320 1980 1406 2002 locum.

1382 2016 1392 2029 ⁹
1409 2017 1453 2041 Csr.
1471 2024 1540 2046 supra
1558 2024 1613 2046 pag.
1630 2018 1689 2045 332,
1707 2020 1758 2040 nota
1777 2018 1799 2039 3.

1383 2056 1402 2070 ¹⁰
1420 2058 1485 2080 Vcrs.
1499 2058 1535 2079 46.
1544 2069 1575 2074 --
1584 2058 1634 2079 Duo
1644 2063 1709 2086 seqq.
1718 2057 1761 2079 loci
1773 2059 1827 2079 sunt
1837 2057 1887 2079 lsai.
1899 2057 1941 2084 38,
1954 2057 1976 2079 3.
1987 2059 2010 2079 et
2018 2057 2086 2079 Prov.
2096 2057 2136 2086 48,
2146 2057 2167 2085 5,

1321 2097 1360 2119 ubi
1373 2097 1484 2125 Vulgata,
1497 2103 1567 2126 quam
1580 2097 1685 2125 sequitur
1702 2096 1747 2123 ed„
1758 2095 1828 2126 impii
1839 2096 1865 2123 (N
1878 2095 1969 2124 iniusti)
1982 2102 2025 2124 pro
2037 2095 2061 2118 in
2073 2095 2168 2119 iudicio.

1320 2149 1351 2153 —
1368 2137 1401 2159 De
1418 2136 1500 2164 triplici
1518 2137 1560 2158 hac
1583 2136 1678 2158 veritate
1701 2136 1742 2158 csr.
1762 2135 1892 2158 Comment.
1912 2135 1935 2157 in
1955 2136 2009 2158 Luc.
2031 2135 2068 2163 47,
2089 2135 2110 2164 4,
2128 2135 2169 2158 ubi

1321 2177 1378 2198 haec
1391 2175 1474 2198 divisio
1492 2175 1599 2197 tribuitur
1616 2175 1756 2202 Hieronymo
1770 2174 1809 2203 (ita
1822 2174 1891 2196 etiam
1908 2174 1969 2197 Alex.
1986 2174 2047 2202 Hah,
2064 2175 2086 2196 S.
2104 2180 2126 2202 p.
2143 2175 2168 2197 li.

1320 2221 1343 2243 q.
1362 2214 1415 2236 474.
1432 2220 1464 2236 m.
1481 2214 1507 2241 6;
1526 2214 1547 2236 S.
1566 2214 1662 2240 Thom.,
1680 2213 1702 2235 S.
1721 2214 1744 2235 il.
1762 2213 1785 2235 li.
1797 2219 1820 2242 q.
1833 2212 1870 2235 43.
1881 2219 1902 2235 3.
1913 2213 1936 2235 7.
1947 2219 1997 2241 arg.
2010 2212 2031 2235 t.
2043 2215 2066 2235 et
2076 2219 2100 2241 q.
2113 2212 2165 2235 409.

1320 2258 1370 2280 arg.
1387 2252 1432 2281 3.);
1450 2252 1473 2274 Β,
1492 2251 1590 2280 Albert.‚
1608 2252 1629 2273 in
1647 2252 1679 2273 ill.
1697 2252 1759 2273 Sent.
1776 2251 1797 2273 d.
1816 2251 1853 2273 37.
1871 2257 1892 2273 3.
1910 2251 1947 2273 15.
1964 2257 2006 2279 pro
2023 2251 2074 2279 ipsa
2085 2251 2168 2279 allegat

1320 2292 1424 2314 Glossam
1447 2292 1469 2314 in
1491 2292 1568 2313 Matth.
1585 2292 1607 2313 8.
1624 2293 1646 2313 et
1668 2291 1723 2313 Luc.
1741 2291 1783 2317 49,
1800 2290 1840 2312 ubi
1864 2293 1939 2312 tamen
1963 2290 2026 2318 apud
2048 2289 2124 2312 Strab.
2146 2292 2168 2312 et

1320 2332 1436 2359 Lyranum
1453 2331 1508 2353 nihil
1526 2332 1568 2353 hac
1586 2330 1614 2353 do
1631 2336 1656 2352 re
1673 2329 1785 2356 occurrit;
1801 2330 1842 2352 cfr.
1853 2330 1931 2352 Matth.
1944 2329 1985 2357 48,
1997 2329 2024 2358 6,
2036 2328 2076 2352 ubi
2088 2329 2168 2352 Glossa

1320 2369 1445 2393 ordinaria
1463 2370 1498 2399 (ex
1515 2370 1623 2397 Gregor.,
1641 2370 1656 2391 l.
1673 2369 1755 2391 Iiomil.
1772 2369 1794 2391 111
1813 2368 1892 2391 Ezech.
1910 2368 1988 2390 homil.
2006 2368 2029 2390 7.
2040 2374 2063 2390 n.
2075 2368 2101 2395 53
2113 2367 2168 2390 vide

1319 2410 1388 2432 etiam
1411 2415 1481 2437 supra
1504 2415 1558 2437 pag.
1576 2409 1633 2437 291,
1655 2411 1732 2430 notam
1756 2408 1800 2436 8.):
1822 2408 1907 2434 aN0m,
1924 2407 1989 2436 quod
2011 2407 2033 2429 in
2055 2409 2167 2435 quantum

1320 2451 1385 2477 potes
1396 2449 1446 2471 sine
1458 2451 1560 2476 peccato,
1578 2448 1650 2470 vitare
1667 2447 1801 2469 scandalum
1814 2447 1911 2474 proximi
1927 2446 2011 2473 debes;
2023 2446 2085 2475 quia,
2102 2446 2121 2468 si
2137 2446 2168 2469 de

1319 2487 1416 2511 vailate
1433 2489 1479 2515 est,
1496 2493 1539 2515 pro
1555 2486 1664 2509 scandalo
1680 2486 1765 2508 veritas
1781 2486 1879 2514 relinqui
1896 2492 1941 2508 non
1959 2485 2028 2508 debet
2040 2494 2062 2507 11.
2080 2485 2166 2508 Eadem

1320 2527 1392 2549 verba
1414 2527 1483 2549 refert
1505 2526 1609 2554 Lyranus
1626 2525 1647 2547 in
1665 2525 1743 2547 Glossa
1761 2523 1886 2547 ordinaria
1903 2525 1957 2547 Luc.
1975 2523 2016 2551 47,
2034 2524 2055 2546 4.
2073 2525 2096 2546 ln
2113 2523 2167 2546 edd.

1320 2572 1416 2594 operum
1435 2565 1496 2587 Alex.
1512 2564 1560 2587 Hal.
1578 2567 1600 2586 et
1617 2564 1639 2586 S.
1658 2564 1761 2586 Thomae
1780 2563 1844 2590 (iocis
1861 2563 1929 2591 paulo
1946 2563 2053 2591 superius
2070 2562 2125 2591 citt.)
2143 2562 2165 2584 in

1320 2605 1425 2633 margine
1447 2605 1556 2632 allegatur
1573 2603 1651 2625 Glossa
1670 2603 1691 2625 in
1709 2603 1785 2624 liiatth.
1804 2602 1845 2628 45,
1863 2602 1900 2624 42.
1917 2607 1989 2629 super
2005 2601 2062 2624 iilud
2078 2600 2166 2624 Audito

1320 2643 1389 2667 verbo
1414 2644 1457 2667 hoc
1478 2641 1637 2666 scandalizati
1660 2643 1731 2669 δυτψ·
1756 2641 1798 2663 sed
1823 2640 1854 2663 ibi
1876 2641 1951 2663 solum
1969 2640 1993 2662 in
2011 2640 2059 2668 ipsa
2077 2639 2167 2667 exposi-

1320 2684 1392 2711 tione,
1409 2689 1480 2712 quam
1499 2682 1552 2705 facit
1567 2682 1678 2712 Lyranus
1696 2681 1717 2703 in
1736 2682 1796 2703 hunc
1813 2680 1903 2707 locum,
1920 2680 1981 2702 dicta
1998 2679 2113 2702 distinctio
2130 2684 2166 2701 oc-

1320 2722 1391 2744 currit
1409 2721 1463 2749 (non
1481 2722 1503 2743 in
1520 2722 1599 2744 Glossa
1621 2719 1746 2743 ordinaria
1768 2725 1845 2748 neque
1869 2717 2036 2747 interlineari).
2060 2718 2165 2741 Gulielm.

1319 2761 1456 2787 Antissiod.,
1475 2761 1537 2783 Sum.
1556 2766 1639 2782 aureae
1657 2759 1696 2782 lib.
1714 2760 1746 2781 ili.
1764 2762 1790 2781 tr.
1808 2759 1845 2781 30.
1862 2765 1885 2787 q.
1904 2757 1926 2780 4.
1942 2764 2007 2786 seqq.
2019 2758 2078 2780 lianc
2089 2757 2167 2781 distin-

1319 2800 1431 2827 ctionem,
1450 2800 1510 2822 nullo
1527 2802 1621 2821 auctore
1637 2799 1750 2826 adducto,
1768 2797 1867 2821 exhibet.

1382 2838 1400 2851 ¹¹
1419 2839 1480 2861 Alex.
1498 2839 1559 2866 Hah,
1577 2839 1600 2860 S.
1616 2844 1639 2866 p.
1658 2839 1681 2860 11.
1699 2844 1722 2866 q.
1741 2837 1793 2859 474.
1806 2843 1836 2859 m.
1849 2838 1876 2859 6:
1893 2836 2007 2865 Distingui
2023 2839 2100 2859 autem
2112 2842 2165 2864 pos-

1318 2881 1371 2902 sunt
1389 2879 1444 2900 istae
1462 2880 1507 2900 tres
1524 2878 1632 2900 veritates
1638 2886 1644 2904 ;
1661 2883 1714 2899 nam
1732 2876 1817 2899 veritas
1833 2876 1894 2899 vitae
1910 2876 2008 2904 pertinet
2024 2876 2054 2898 ad
2071 2881 2164 2903 omnes,

1319 2917 1519 2945 comprehendens
1541 2916 1619 2939 omnia
1636 2918 1759 2944 praecepta
1777 2918 1800 2938 et
1815 2915 1930 2943 prohibita
1947 2917 1969 2937 et
1986 2914 2091 2943 consilia;
2107 2914 2165 2937 veri-

1318 2959 1352 2979 tas
1369 2956 1472 2979 iustitiae
1488 2956 1518 2978 ad
1536 2956 1661 2984 praelatos,
1680 2954 1880 2983 comprehendens
1896 2954 1955 2977 duas
1966 2955 2043 2982 partes
2053 2953 2163 2982 iustitiae,

2215 1162 2263 1181 ritas.

2268 643 2272 687 ἔ

2268 716 2271 734 i
