2296 3316
383 167 439 195 ⁹248

383 252 436 273 nus
458 244 493 272 ita
514 243 594 272 dicit:
616 244 779 281 Antequam
803 241 956 271 Abraham
976 241 1069 278 fieret,
1084 250 1134 279 eye
1148 250 1225 275 sum,

383 290 454 319 inl'ra
475 291 608 323 octauo&
630 298 684 318 non
699 289 764 318 dicit
784 288 833 326 fui
853 289 896 318 vel
917 298 1015 318 eram:
1031 297 1097 326 ergo
1111 291 1138 317 et
1154 296 1227 317 nunc

383 345 433 374 per
452 345 591 374 praesens
611 336 724 365 deberet
743 336 843 365 dicere.

462 384 641 412 Reseonuno:
668 382 835 416 Dicendum,
863 382 937 419 quod
965 383 1030 419 quia
1057 391 1116 411 esse
1144 382 1226 411 Verbi

381 430 548 458 describitur
569 429 613 458 hic
634 432 666 458 ut
683 438 872 466 permanens,
893 429 1060 457 describitur
1076 432 1106 457 ut
1121 429 1227 457 imunt-

383 476 476 509 mette,
492 479 524 505 ut
547 479 640 505 cetera
661 476 844 509 antecedens,
866 476 932 513 quia
954 476 1004 504 hoc
1026 476 1143 504 verbum
1164 479 1228 503 erat

383 523 534 552 secundum
556 523 629 559 quod
652 523 809 551 huiusmodi
832 523 898 552 haec
920 523 973 551 tria
999 523 1144 559 importat:
1167 522 1227 551 ideo

382 569 581 607 elegantissime
602 569 673 597 dixit
694 573 764 597 erat.
787 570 856 598 Cum
872 570 944 599 enim
960 570 994 598 sit
1014 569 1136 598 medium
1156 569 1227 597 inter

382 624 512 654 praesens
526 620 552 645 et
567 616 764 653 praeteritum,
780 619 806 645 et
826 628 839 641 «
854 617 976 645 medium
991 619 1119 645 naturam
1140 616 1227 652 sapiat

383 666 573 692 extremorum
586 663 642 696 2»;
664 671 679 691 a
700 663 837 699 praesenti
870 663 952 692 habet
976 663 1225 700 permanentiam,

382 718 398 738 a
418 710 567 747 praeterito
589 709 868 744 immutaln‘lz‘tutem‚
890 718 906 738 a
927 718 956 738 se
977 710 1036 747 ipso
1057 710 1227 738 antecessio—

382 766 447 786 nem
461 761 487 786 et
502 757 635 791 ordinem,
657 757 760 786 scilicet
781 758 950 786 aeternitatis
971 757 1005 786 ad
1028 760 1145 794 tempus.
1166 756 1226 785 Ideo

383 808 457 833 recte
478 804 579 833 dicitur
600 808 671 833 wat.

461 851 487 878 8.
510 850 561 879 Sed
582 851 695 887 opponit
717 851 887 879 haereticus:
914 851 936 879 si
960 850 1082 879 Verbum
1105 849 1228 887 procedit

383 906 398 926 a
419 897 524 926 dicente
552 900 583 925 ut
605 897 678 926 filius
706 906 722 925 a
749 901 842 934 patre;
865 901 891 926 et
912 897 987 926 filius
1007 900 1049 926 est
1076 900 1154 934 patre
1180 905 1226 933 po-

383 944 498 973 sterior:
521 951 586 980 ergo
615 943 737 972 Verbum
765 952 819 972 non
848 946 908 972 erat
939 944 966 972 in
997 943 1132 980 principio
1153 943 1227 980 apud

384 991 480 1019 Deum.
504 990 536 1018 St*
556 993 587 1018 cu
609 990 701 1024 dieas,
723 990 797 1027 quod
812 993 989 1027 comparatur
1008 990 1080 1019 sicut
1098 990 1227 1027 splendor

383 1037 417 1065 ad
438 1038 542 1070 lucem;
564 1037 677 1073 opponit
707 1037 777 1066 alius
809 1037 981 1066 haereticus:
1008 1037 1030 1066 si
1059 1037 1110 1066 lux
1139 1037 1228 1065 multo

383 1083 544 1112 luminosior
565 1086 592 1111 et
613 1084 729 1112 nobilior
750 1087 791 1112 est
805 1084 964 1120 splendore,
979 1084 1027 1121 qui
1042 1084 1076 1112 ab
1091 1084 1150 1120 ipsa
1163 1091 1228 1120 pro-

383 1130 465 1159 cedit:
489 1138 554 1167 ergo
575 1133 601 1158 et
625 1130 701 1159 Pater
723 1130 813 1159 Verbo
825 1124 845 1158 ³.
1026 1163 1030 1166 ¹

462 1177 638 1206 Responnno:
660 1177 825 1211 Dicendum,
847 1178 921 1214 quod
950 1178 1072 1214 acceptio
1101 1177 1228 1206 similitu-

384 1223 469 1257 dinis,
491 1224 594 1252 scilicet
615 1224 642 1252 iu
663 1224 812 1258 creaturis,
835 1232 972 1261 nusquam
994 1224 1073 1261 plene
1089 1224 1228 1260 reperitur

384 1273 512 1306 respectu
534 1270 595 1304 Dei,
616 1270 682 1307 quia
703 1271 791 1299 omnis
812 1274 941 1299 creatura
956 1270 1018 1307 plus
1042 1274 1083 1299 est
1111 1270 1228 1299 dissimi-

384 1316 417 1345 lis
441 1318 524 1353 quam
546 1317 658 1351 similis;
688 1320 715 1346 et
743 1318 802 1346 ideo
823 1320 990 1347 erraverunt
1011 1318 1157 1351 haeretici,
1180 1318 1227 1355 qui

385 1363 496 1392 omnino
517 1364 669 1392 assimilare
690 1364 854 1398 voluerunt;
870 1365 959 1393 sedin
974 1364 1103 1401 pluribus
1122 1368 1163 1393 est
1184 1373 1228 1393 ac-

385 1410 477 1446 cipere
488 1410 508 1437 4.
532 1410 653 1439 Verbum
675 1411 746 1440 enim
769 1414 945 1448 comparatur
960 1411 993 1440 ad
1007 1411 1142 1440 dicentem
1158 1411 1230 1440 sicut

383 1456 463 1493 fitius
484 1457 517 1485 ad
538 1460 644 1494 patrem
666 1461 779 1494 propter
800 1458 1005 1487 similitudinem
1027 1458 1054 1486 in
1079 1462 1178 1487 natura
1202 1462 1229 1488 et

385 1504 580 1541 perfectionem
601 1505 763 1541 aequalem,
786 1509 963 1542 comparatur
986 1508 1016 1534 ut
1037 1505 1172 1543 splemlor
1193 1506 1226 1534 ad

385 1550 474 1579 lucem
503 1554 616 1587 propter
641 1552 873 1580 coaeternitatem.
904 1553 935 1580 Et
960 1552 1020 1581 ideo
1045 1553 1071 1581 in
1101 1553 1229 1582 omnibus

386 1596 487 1625 talibus
508 1598 678 1634 argumentis
699 1601 740 1626 est
761 1599 965 1636 consequens?

1014 164 1182 192 COMMENT.
1206 164 1237 192 IN
1261 163 1405 193 lOANNEM
1427 163 1454 192 C.
1477 164 1494 191 i.

1351 242 1491 275 Secundo,
1514 241 1547 269 de
1568 240 1655 269 Verbo
1677 241 1707 269 ῖη
1729 241 1946 278 comparatione
1967 242 2007 271 ad
2027 251 2062 271 eet

1487 296 1561 326 quae
1579 296 1632 324 per
1655 288 1753 324 ipsum
1772 287 1921 316 (licuntur.

1363 383 1388 411 9.
1412 383 1500 419 (Vers.
1524 382 1571 413 3.).
1597 381 1704 410 Omnia
1715 389 1769 418 per
1784 381 1883 418 ipsum
1896 380 1979 419 facta
1993 385 2062 410 susm
2076 384 2126 411 etc.

1285 430 1330 458 Hic
1351 429 1517 458 describitur
1545 428 1668 457 Verbum
1696 436 1746 465 per
1777 428 2011 465 comparationem
2036 429 2076 457 ad
2097 429 2128 457 id

1284 476 1360 514 quod
1378 485 1432 514 per
1461 475 1582 504 Verbum
1603 475 1728 508 dicitnr,
1750 477 1777 503 et
1793 475 1844 503 hoc
1859 477 1995 512 quantum
2010 474 2043 503 ad
2058 483 2127 512 qua-

1285 525 1348 551 tuor
1370 522 1553 551 conditiones:
1568 521 1700 550 describit
1720 522 1793 550 enim
1809 521 1899 558 ipsum
1915 524 1946 549 ut
1961 521 2126 558 principium

1284 570 1429 598 creationis
1450 568 1613 607 sufficiens,
1635 572 1666 597 ut
1697 567 1876 604 indeficiente,
1899 571 1931 596 ut
1952 575 2129 605 praecoquo-

1282 624 1380 649 seens,
1402 619 1433 644 ut
1454 616 1514 644 aliis
1536 615 1726 653 cognitionem
1755 615 1906 652 praebent:
1939 615 1968 643 Et
2001 622 2050 651 per
2079 614 2129 642 has

1284 665 1404 699 quatuor
1425 662 1593 691 conditiones
1615 662 1709 698 plures
1731 662 1859 690 haereses
1880 660 2030 689 eliduntur.

1363 709 1453 738 Primo
1474 716 1540 745 ergo
1553 708 1655 737 dicitur
1670 709 1760 745 ipsum
1773 707 1957 745 principium
1972 707 2128 746 sufficiens,

1284 755 1349 792 quia
1369 755 1402 783 ad
1423 756 1515 783 omnia
1529 754 1706 791 producenda.
1720 754 1830 783 sufficit.
1847 754 1908 782 Ideo
1923 753 2002 782 dicit:
2021 754 2127 782 Omnia

1280 811 1334 839 per
1355 802 1453 839 ipsum
1473 800 1555 839 facta
1576 806 1661 835 sunt,
1677 801 1780 830 scilicet
1801 809 1817 829 a
1831 801 1887 829 Deo
1903 801 1981 830 Patre
1996 809 2045 838 per
2061 801 2127 830 Ver-

1284 849 1367 883 bum,
1389 849 1455 886 quia
1477 848 1655 877 Ecclesiastiei
1676 848 1783 877 decimo
1804 848 1938 876 octavoss:
1965 848 2043 885 «Qui
2063 848 2129 877 vivit

1284 896 1311 924 in
1332 898 1476 924 aeternum
1499 895 1602 924 creavit
1622 895 1715 923 onmia
1736 894 1819 923 simul
1834 905 1861 929 »3
1876 897 1903 923 et
1925 895 1977 923 hoc
1998 902 2047 932 per
2063 895 2130 923 Ver-

1283 943 1360 977 bum,
1382 942 1455 971 unde
1477 942 1504 971 in
1527 943 1648 971 Psalmo:
1676 953 1690 967 «
1705 942 1797 976 Dixit,
1819 944 1847 970 et
1866 941 1938 970 facta
1958 944 2060 971 sunt».
2077 942 2130 970 Au-

1284 989 1412 1026 gustinus
1433 989 1460 1018 in
1482 989 1552 1017 libro
1573 988 1779 1017 Cont'essionum
1792 988 1818 1016 ⁷:
1839 1000 1853 1014 «
1868 988 1959 1017 Verbo
1983 988 2030 1017 tibi
2052 996 2129 1017 coae-

1285 1040 1363 1065 terno
1383 1036 1451 1065 dieis
1472 1043 1665 1073 quaecumque
1686 1035 1769 1069 dicis,
1791 1039 1818 1064 et
1840 1035 1871 1063 fit
1891 1035 1965 1072 quod
1985 1035 2062 1069 dicis,
2077 1043 2126 1064 nec

1284 1084 1363 1112 aliter
1385 1092 1467 1121 quam
1489 1083 1604 1112 dicendo
1625 1082 1690 1111 facis
1706 1094 1731 1110 n.

1367 1132 1408 1159 10.
1435 1131 1469 1158 Et
1487 1130 1549 1158 sine
1570 1130 1632 1166 ipso
1653 1128 1768 1165 ficetum
1789 1132 1829 1157 est
1850 1128 1932 1157 nihil.
1956 1129 2002 1158 Hic
2017 1131 2129 1158 notatur

1259 1189 1261 1194 ⁴
1285 1177 1405 1206 secunda
1426 1177 1560 1210 conditio,
1582 1176 1685 1205 scilicet
1706 1176 1780 1213 quod
1802 1179 1843 1205 est
1854 1176 2037 1213 princz'pt'mn
2052 1175 2130 1205 inde-

1284 1224 1397 1261 ficiens,
1420 1224 1485 1261 quia
1507 1223 1575 1252 nulli
1597 1223 1749 1259 operationi
1771 1223 1856 1252 deest.
1885 1223 1950 1251 Nam
1974 1223 2051 1251 Pater
2072 1222 2130 1251 sine

1286 1271 1375 1300 Verbo
1390 1271 1458 1299 nihil
1473 1270 1550 1304 sacit;
1574 1270 1645 1298 infra
1659 1270 1756 1307 quinto
1768 1269 1794 1297 ⁸:
1814 1281 1827 1294 «
1840 1269 1951 1304 Omnia,
1967 1277 2038 1306 quae
2053 1270 2131 1298 Pater

1285 1317 1361 1351 facit,
1384 1318 1451 1346 haec
1472 1320 1499 1345 et
1519 1317 1602 1345 Filius
1623 1316 1749 1345 similiter
1779 1316 1879 1344 facit».
1903 1315 2034 1345 Similiter
2055 1324 2131 1345 crea-

1286 1368 1350 1393 tura
1371 1364 1434 1393 facit
1455 1363 1514 1392 sine
1535 1363 1626 1392 Verbo
1647 1365 1811 1399 cooperante
1833 1363 1917 1397 nihil;
1933 1363 2004 1392 infra
2024 1363 2130 1392 decimo

1285 1401 1397 1449 quinto:
1424 1422 1437 1436 «
1453 1410 1515 1439 Sine
1536 1418 1580 1438 me
1602 1410 1670 1438 nihil
1693 1410 1806 1446 potestis
1826 1410 1954 1439 facere».
1977 1411 2009 1440 Et
2029 1411 2056 1440 in
2078 1412 2131 1441 hoc

1286 1458 1405 1496 perfecte
1426 1457 1545 1488 eliditurv
1560 1457 1682 1485 haeresis
1703 1456 1940 1492 Manichaeorum,
1961 1457 2008 1495 qui
2031 1465 2131 1495 posue-

1286 1508 1353 1534 runt
1373 1505 1428 1533 duo
1450 1504 1600 1541 principia,
1622 1507 1649 1532 et
1669 1504 1805 1541 quaedam
1820 1504 1934 1541 produci
1951 1513 1967 1533 a
1982 1505 2037 1534 Deo
2051 1505 2130 1540 lucis,

1286 1551 1420 1589 quaedam
1441 1560 1457 1580 a
1477 1551 1533 1579 Deo
1556 1551 1742 1579 tenebrarum.
1759 1551 1816 1579 Non
1831 1551 1903 1580 enim
1919 1551 2130 1586 intellexerunt,

1286 1598 1423 1635 quomodo
1444 1598 1544 1626 omnia
1563 1606 1616 1634 per
1643 1597 1766 1626 Verbum
1787 1596 1870 1634 [ὶιοιιι
1891 1598 1991 1626 sunffl.

446 1892 454 1905 ¹
474 1894 539 1916 Vers.
557 1894 592 1916 58.

446 1931 455 1944 ⁹
473 1934 597 1959 Averroes,
616 1933 637 1954 in
656 1934 688 1955 111.
710 1934 806 1961 Metaph.
833 1937 884 1956 text.
904 1936 929 1956 8:
948 1936 1022 1957 Omne
1045 1935 1146 1958 medium
1170 1936 1230 1963 sapit

382 1974 487 1993 naturam
507 1974 669 1994 extremorum.
686 1985 716 1988 —
734 1974 845 2001 Ans-elin„
872 1974 900 1995 de
926 1973 1038 1996 Concord.
1065 1975 1229 2002 praescientiae

385 2009 423 2031 Dei
441 2016 494 2031 cum
514 2009 551 2031 111).
568 2010 617 2032 arb.
634 2017 657 2038 ιι.
679 2011 696 2032 l.
714 2017 734 2033 c.
752 2011 778 2032 5:
797 2011 859 2039 Quae
872 2014 975 2039 tempore
988 2013 1109 2040 praeterita
1129 2015 1181 2035 sunt
1199 2013 1228 2036 ad

384 2049 555 2071 similitudinem
574 2050 659 2071 aeterni
682 2051 809 2077 praesentis
833 2051 927 2073 omuino
954 2052 1105 2074 immutabilia
1129 2056 1188 2075 sunt.
1206 2054 1227 2075 ln

386 2089 429 2110 hoc
446 2088 560 2117 siquidem
579 2089 653 2116 magis
670 2089 750 2111 similia
768 2093 819 2111 sunt
837 2092 929 2112 aeterno
948 2091 1060 2118 praesenti
1072 2092 1228 2119 temporaliter

385 2128 505 2154 praeterita
529 2133 598 2156 quam
624 2128 765 2155 praesentim
783 2129 892 2156 (proniani
910 2135 969 2157 quae
988 2130 1018 2152 ibi
1035 2134 1087 2153 suut
1108 2137 1227 2160 nunquam

386 2169 482 2193 possunt
499 2172 544 2188 non
561 2172 611 2188 esse
628 2168 768 2194 praeseutia,
781 2168 840 2190 sicut
857 2171 961 2196 tempore
975 2170 1095 2196 praeterita
1108 2176 1152 2192 non
1165 2176 1227 2197 esse,

385 2205 516 2232 praeseutia
539 2211 594 2227 vero
619 2208 723 2233 tempore
748 2207 836 2231 omnia.
862 2213 921 2236 quae
948 2211 1075 2237 transeunt,
1101 2209 1157 2231 liunt
1182 2215 1227 2231 non

386 2244 521 2270 praesentia.
539 2256 569 2260 —
585 2243 652 2266 Card.
677 2245 756 2272 lingo,
775 2252 890 2273 exponens
916 2247 977 2269 idem
1003 2248 1091 2270 loannis
1116 2248 1228 2275 verbum,

386 2282 427 2304 ait:
446 2283 592 2304 Praeteritum
615 2283 777 2313 imperfectum
804 2286 906 2307 medium
932 2289 965 2308 est
990 2287 1047 2308 intcr
1073 2293 1182 2314 praescus
1206 2291 1228 2310 et

386 2321 533 2348 praeteritum
551 2324 689 2349 perfectuum
708 2323 769 2345 uude
786 2324 872 2352 aliquid
891 2324 959 2347 habet
977 2326 1090 2353 praeteriti
1107 2329 1128 2347 et
1141 2326 1227 2355 aliquid

385 2360 526 2387 praesentis:
545 2361 669 2388 praesentis
686 2361 754 2383 habet
771 2363 906 2389 essentiam,
924 2364 1039 2391 praeteriti
1057 2364 1125 2386 habet
1148 2365 1228 2387 immu-

378 2398 530 2424 >tabilitatenu
549 2400 609 2421 unde
627 2400 702 2427 ipsum
720 2401 879 2428 complectitur
896 2402 932 2424 illa
949 2402 1008 2429 duo,
1025 2409 1085 2432 quae
1102 2410 1171 2431 supra
1194 2404 1229 2426 ‹li-

385 2437 459 2459 ximus
481 2444 530 2460 esse
547 2438 570 2460 in
587 2439 730 2467 aeternitate,
748 2440 832 2463 scilicet
854 2447 902 2463 esse
925 2444 947 2467 et
968 2442 1112 2464 immutabile
1130 2443 1179 2465 sive
1196 2443 1228 2465 in-

386 2476 536 2499 terminabile.

448 2513 457 2526 a
474 2516 582 2543 August,
600 2518 674 2539 serm.
690 2518 743 2539 1117.
763 2518 826 2543 (alias
844 2519 882 2541 38.
902 2519 930 2541 de
949 2519 1031 2542 Verbis
1046 2520 1161 2548 Domini),
1173 2527 1194 2543 e.
1206 2520 1227 2543 4.

385 2561 408 2576 ιι.
426 2555 446 2576 6.
467 2563 477 2574 ιι
492 2555 516 2577 Et
533 2555 565 2577 sic
582 2556 698 2583 disputant
716 2556 836 2586 [At-iani}
854 2558 871 2579 si
890 2561 956 2580 natus
970 2561 1016 2585 est,
1034 2559 1113 2587 utique
1125 2563 1173 2582 erat
1190 2560 1228 2582 Pa-

385 2596 430 2622 ter,
448 2597 570 2623 antequam
588 2595 655 2617 Filius
673 2596 700 2617 1111
719 2600 778 2618 esset
792 2600 890 2619 natus».
906 2599 929 2620 ln
942 2598 1091 2625 responsione
1102 2599 1228 2627 allegantur

385 2633 490 2655 diversae
507 2634 677 2662 similitudines,
696 2635 752 2657 iuter
769 2642 827 2664 (μιᾶς
844 2636 911 2658 etiam
930 2637 965 2659 illa
985 2638 1014 2659 do
1031 2638 1081 2660 luce
1104 2639 1153 2661 sive
1174 2639 1227 2667 igne

384 2675 406 2695 et
423 2673 556 2700 splendore:
574 2680 594 2696 c.
611 2675 632 2695 8.
651 2681 672 2696 n.
690 2675 727 2696 111.
745 2675 789 2697 ait:
810 2684 820 2694 «
835 2676 882 2697 Mox
903 2680 979 2698 antem
998 2680 1022 2698 ut
1038 2678 1164 2700 accendero
1183 2678 1228 2708 [ln-

385 2711 504 2741 cernam],
523 2712 589 2734 simul
607 2718 659 2734 cum
678 2713 730 2739 igne
745 2716 766 2735 et
778 2714 885 2741 splendor
897 2715 977 2737 existit.
990 2716 1020 2737 Da
1034 2716 1070 2738 hic
1082 2717 1137 2738 mihi
1150 2717 1227 2745 ignem

384 2750 433 2772 sine
450 2751 583 2778 splendore,
601 2754 622 2774 et
639 2752 708 2774 credo
726 2752 779 2779 tibi,
797 2753 884 2775 Patrem
904 2754 973 2776 fuisse
995 2755 1044 2776 sine
1066 2755 1120 2777 Filio
1132 2765 1153 2778 n.
1171 2756 1228 2779 ibid.

385 2796 404 2811 c.
426 2790 460 2811 lO.
478 2796 499 2811 n.
520 2790 558 2812 13:
577 2790 636 2818 Quid
662 2797 717 2818 ergo
742 2792 858 2820 dicemus,
876 2792 893 2814 si
920 2793 980 2815 dicat
1006 2794 1099 2822 aliquis:
1116 2795 1177 2817 Talis
1194 2798 1228 2818 est

384 2835 441 2856 crgo
459 2829 526 2850 Filius
543 2829 571 2851 ad
590 2830 691 2856 Patrem,
708 2831 782 2858 qualis
799 2831 827 2852 ad
845 2831 922 2858 ignom
940 2832 1048 2859 splendor
1065 2836 1086 2855 et
1104 2834 1180 2861 imago
1198 2835 1226 2856 ad

384 2867 510 2895 virgultum
520 2869 529 2889 :³
541 2868 604 2894 Ecce,
617 2868 712 2891 intellexi
725 2871 843 2891 aeternum
857 2870 958 2897 Patrem,
970 2871 1065 2893 intellexi
1078 2875 1226 2895 coaeternum

384 2906 478 2932 Filium,
496 2909 571 2928 tamen
588 2907 646 2929 sicut
663 2908 760 2930 est'usum
773 2909 919 2936 splendorem
931 2909 1011 2932 minus
1023 2910 1076 2939 [qne
1088 2911 1226 2934 lucentem...

385 2945 503 2967 dicimus?
521 2945 576 2967 lbid.
594 2952 617 2967 n.
639 2946 671 2968 l't.
689 2946 816 2969 insinuatur
833 2954 880 2976 seq.
898 2949 1024 2981 responsio.

1348 1895 1358 1908 ⁴¹
1375 1896 1414 1921 Ed.
1433 1896 1511 1919 addit:
1529 1895 1633 1926 aliquid,
1651 1896 1708 1919 (lum
1723 1896 1863 1926 comparari
1873 1896 1957 1920 stillent
1969 1896 2049 1926 (ilique
2061 1896 2130 1920 modo

1283 1935 1359 1964 possit
1375 1941 1429 1958 cum
1447 1936 1506 1963 Deo,
1524 1941 1571 1958 non
1588 1935 1718 1959 secundum
1741 1938 1823 1959 lotum.
1846 1936 1878 1958 De
1901 1942 1949 1964 seq.
1975 1936 2133 1964 propositione

1286 1975 1326 1996 cfr.
1344 1975 1358 1996 1.
1377 1975 1438 1996 Sent.
1454 1975 1477 1997 d.
1495 1975 1532 1996 27.
1550 1981 1572 2002 p.
1591 1976 1614 1997 11,
1634 1981 1656 2003 q.
1676 1975 1701 2003 ft,
1715 1975 1753 1997 ubi
1771 1976 1792 1997 iu
1811 1982 1873 2003 corp.
1887 1975 1982 1998 dicitur:
2001 1975 2130 1998 Similitudo

1285 2016 1319 2036 est
1337 2014 1357 2036 iu
1376 2013 1474 2042 oriyt'aze.
1493 2014 1548 2036 Nam
1566 2014 1624 2037 sicut
1642 2015 1710 2036 Filius
1728 2021 1769 2042 per
1791 2015 1886 2037 modum
1911 2018 2005 2038 naturae
2028 2015 2131 2043 procedit.

1285 2059 1326 2081 per
1343 2053 1420 2075 onmia
1439 2053 1497 2075 Patri
1515 2053 1606 2080 similis,
1624 2054 1656 2076 sic
1674 2053 1772 2076 verbum
1791 2054 1915 2076 intellectus
1932 2060 1944 2076 a
1963 2056 2039 2076 mente
2051 2060 2131 2082 proce-

1285 2093 1318 2115 dit
1335 2099 1377 2120 per
1394 2093 1490 2115 niodum
1508 2096 1602 2115 naturae
1619 2099 1661 2121 per
1678 2094 1753 2115 omnia
1772 2094 1792 2115 ei
1810 2094 1883 2116 simile
1900 2097 1922 2115 et
1941 2094 2052 2122 acqualc;
2071 2094 2131 2116 unde

1285 2132 1367 2154 dicitur
1392 2132 1474 2154 mentis
1500 2135 1632 2160 conceptus.
1657 2132 1702 2155 Csr.
1727 2132 1780 2155 ibid.
1809 2133 1865 2155 dub.
1890 2133 2071 2155 2.—-lnse1·ius
2089 2139 2130 2161 pro

1284 2171 1407 2201 aequalem
1425 2171 1462 2193 ed.
1479 2171 1624 2194 essentialem
1643 2175 1664 2194 et
1682 2175 1734 2200 post
1751 2172 1941 2195 coaeternitatem
1957 2172 2021 2195 addit
2039 2174 2061 2195 et
2077 2178 2131 2195 rou-

1284 2209 1474 2233 animalitatem.

1347 2248 1356 2260 ⁵
1375 2249 1415 2272 Ed.
1432 2251 1465 2272 est
1485 2249 1583 2279 fallacia
1605 2250 1776 2279 consequentis,
1798 2251 1827 2273 de
1850 2258 1895 2280 que
1919 2251 1972 2274 vide
1995 2251 2098 2279 Ariston,
2116 2253 2130 2274 l.

1285 2288 1376 2311 Elcnch.
1392 2295 1413 2311 c.
1432 2288 1451 2310 4.
1471 2288 1500 2315 (c.
1518 2289 1557 2317 5.).
1574 2301 1605 2305 -
1622 2288 1667 2311 Cir.
1685 2290 1698 2311 l.
1717 2290 1778 2312 Seut.
1795 2290 1817 2312 d.
1844 2291 1865 2312 9.
1888 2290 1944 2312 dub.
1968 2291 1989 2313 3.
2011 2297 2038 2313 ac
2062 2291 2083 2313 7.
2109 2295 2129 2313 et

1284 2327 1307 2349 d.
1330 2328 1363 2349 13.
1380 2326 1436 2349 dub.
1456 2328 1476 2357 8„

1347 2365 1357 2378 ³
1374 2367 1438 2389 Vers.
1458 2367 1466 2387 =l
1479 2384 1484 2393 ,
1502 2366 1530 2388 de
1548 2367 1613 2389 cuius
1630 2368 1771 2395 expositione
1789 2369 1828 2390 cfr.
1847 2369 1861 2390 l.
1879 2369 1941 2391 Sent.
1953 2369 1975 2391 d.
1987 2369 2026 2391 4¹2.
2039 2369 2095 2391 dub.
2108 2370 2130 2391 2.

1284 2408 1306 2428 et
1323 2406 1348 2428 ll.
1365 2406 1427 2428 Sent.
1445 2405 1469 2427 d.
1490 2406 1522 2428 12.
1540 2412 1561 2428 a.
1582 2407 1600 2428 1.
1618 2413 1640 2435 q.
1658 2408 1679 2429 ⁴2.
1698 2407 1726 2429 ad
1745 2408 1766 2429 2.
1783 2420 1814 2424 —
1832 2408 1940 2436 Sequitur
1953 2409 1988 2430 Ps.
2004 2409 2046 2435 32,
2059 2409 2081 2430 9.
2093 2409 2129 2430 vel

1286 2445 1342 2473 448,
1360 2445 1381 2467 5.

1348 2483 1355 2495 ⁷
1374 2484 1435 2506 Lihr.
1453 2485 1491 2506 Xl.
1509 2490 1527 2506 c.
1545 2485 1567 2506 7.
1584 2491 1605 2506 ιι.
1625 2486 1650 2507 9:
1669 2486 1694 2507 Et
1712 2485 1763 2507 ideo
1782 2486 1858 2508 Verbo
1877 2486 1917 2508 tibi
1929 2490 2050 2509 coaeterno
2062 2487 2129 2509 simul

1285 2526 1306 2545 et
1323 2523 1462 2551 sempiterne
1479 2523 1537 2545 dicis
1553 2524 1643 2551 omnia,
1661 2530 1721 2553 quae
1738 2524 1806 2549 dicis,
1824 2528 1845 2546 et
1863 2525 1887 2547 tit
1903 2525 2017 2554 quidquid
2029 2525 2094 2553 dicis,
2106 2528 2129 2548 ul

1285 2562 1335 2589 fiat,
1353 2568 1396 2584 nec
1413 2562 1476 2584 aliter
1493 2568 1563 2591 quam
1589 2563 1687 2585 dicendo
1713 2563 1782 2591 sacis;
1800 2569 1843 2586 nce
1869 2566 1943 2586 tamon
1969 2567 1991 2586 et
2015 2565 2083 2587 simul
2108 2569 2128 2587 el

1285 2600 1423 2628 sempiterne
1441 2600 1497 2622 siunt
1514 2601 1604 2628 omnia,
1620 2607 1680 2630 quac
1698 2601 1795 2624 dicendo
1811 2602 1871 2625 sacis.
1890 2603 1934 2625 Csr.
1952 2604 1966 2625 1.
1984 2604 2044 2626 Scut.
2058 2603 2080 2625 d.
2092 2603 2129 2626 27.

1284 2645 1308 2666 p.
1320 2640 1344 2661 ll.
1356 2646 1377 2668 q.
1391 2640 1412 2661 2.
1429 2652 1459 2656 —
1474 2640 1517 2662 Pro
1529 2639 1570 2662 libi
1580 2642 1703 2663 coaeterno
1722 2647 1766 2663 non
1785 2642 1850 2669 pauci
1863 2642 1931 2664 codd.
1944 2643 1983 2665 tuo
1996 2643 2130 2665 coaeterno.

1347 2676 1356 2689 Β
1374 2678 1439 2701 Vers.
1457 2679 1501 2705 119ς
1519 2679 1684 2708 Quaecumque
1702 2680 1763 2702 enim
1782 2681 1817 2703 ille
1836 2681 1924 2709 lecerit,
1937 2683 1993 2704 haec
2005 2684 2060 2709 etc.;
2073 2681 2129 2704 ibid.

1286 2719 1327 2746 ts,
1345 2718 1366 2740 ὅ.
1384 2721 1418 2740 est
1434 2724 1482 2747 seq.
1500 2717 1570 2741 locus.

1346 2755 1356 2768 ⁹
1372 2757 1418 2780 Csr.
1435 2758 1542 2786 August„
1561 2759 1582 2780 in
1600 2759 1660 2781 ioan.
1678 2760 1765 2787 Exaug.
1783 2762 1810 2781 tr.
1832 2760 1847 2781 l.
1867 2766 1888 2782 n.
1908 2760 1949 2787 14,
1962 2760 2000 2782 ιι1)1
2013 2761 2129 2789 explicans

1284 2797 1345 2818 hunc
1362 2802 1456 2818 versum
1474 2800 1551 2819 narrat
1567 2797 1597 2819 de
1613 2798 1716 2826 quodam
1731 2798 1855 2824 catholico,
1869 2799 1969 2821 taedium
1988 2799 2087 2827 patiente
2099 2799 2127 2822 ed

1283 2840 1388 2861 muscas,
1404 2834 1468 2863 quod
1486 2835 1631 2858 Manichacus
1648 2836 1819 2863 progrediendo
1837 2843 1851 2859 a
1867 2837 1952 2859 muscis
1969 2837 1998 2860 ad
2015 2843 2083 2865 apes,
2099 2838 2127 2860 ad

1282 2873 1392 2895 locustam
1410 2876 1452 2895 etc.
1470 2874 1583 2901 persuasit
1600 2875 1643 2901 illi,
1661 2875 1724 2903 quod
1742 2875 1809 2897 edam
1831 2884 1841 2895 «
1855 2882 1898 2898 non
1916 2882 1930 2898 a
1946 2876 1993 2898 Deo
2012 2877 2082 2899 sactus
2095 2880 2129 2899 est

1284 2913 1353 2934 homo
1367 2921 1387 2934 ».
1407 2912 1464 2934 Vide
1481 2914 1505 2935 ll.
1524 2913 1583 2935 Seut.
1602 2914 1625 2936 d.
1646 2914 1663 2935 1.
1682 2920 1705 2941 p.
1725 2915 1738 2936 l.
1757 2921 1777 2937 a.
1795 2916 1817 2937 2.
1833 2922 1856 2943 q.
1872 2916 1896 2938 sl.

2146 389 2223 408 Divisio.

2147 717 2249 741 Explicatio
2273 714 2274 718 ¹
2290 710 2291 718 ¹

2152 742 2242 760 litteralis.

2150 1138 2236 1159 Conditiu
2247 1138 2267 1157 ⁷2..
2278 1127 2281 1142 ἱ
