2296 3316
593 176 819 206 COLLATIONES
841 178 873 206 IN
895 177 1041 206 lOANNEM
1061 177 1130 206 CAP.
1153 178 1217 206 XXI.
1240 178 1333 206 COLL.
1356 178 1454 207 Lxxv.

141 255 194 284 bus
214 254 376 283 hominum:
397 253 609 289 obedientibus,
628 255 824 293 patientibus,
849 255 989 284 studenti-

141 302 212 336 bus,
226 301 489 339 contemplantibus
502 306 529 331 et
541 302 794 339 praesidentibus;
810 306 841 332 ut
855 304 988 337 dicamus,

140 348 214 386 quod
240 348 435 377 obedientibus
462 352 577 386 apparet
597 349 625 378 in
654 349 698 378 via
725 350 908 384 obedientiae,
934 358 989 386 pa-

140 395 274 424 tientibus
295 395 323 424 in
345 396 413 424 mari
435 396 635 433 poenitentiae,
655 396 838 425 studentibus
858 397 885 425 in
907 396 988 425 domo

139 443 289 480 sapientiae
300 466 307 477 ,
323 443 582 481 contemplantibus
596 443 624 472 in
639 443 736 477 horto,
753 443 988 481 praesidentibus

139 490 167 519 in
188 492 289 519 monte.

434 589 577 613 COLLATlO
594 591 687 613 LXXV.

216 676 304 713 (Vers.
330 676 396 712 ltu).
418 676 480 705 Hoc
507 676 569 705 iam
598 676 681 705 tertio
708 675 918 714 manifestatus
946 680 986 705 est

137 725 218 754 Iesus
239 723 394 761 discipulis
414 724 495 758 suis,
517 732 585 754 cum
605 724 785 752 surrexisset
805 732 824 753 a
849 724 985 753 mortuis.

218 772 242 800 1.
264 771 332 799 Nota
355 771 390 800 de
421 770 641 808 apparitionibus
667 770 776 799 Domini
803 774 863 808 post
892 779 987 800 resur-

17 827 78 868 εὲεωε
89 825 122 844 ‹10-
136 818 306 852 rectionem3
339 821 366 846 et
387 820 467 852 nota,
496 817 570 855 quod
601 817 691 847 decies
719 818 821 855 legitur
852 818 987 847 Dominus

33 854 120 912 iiim*
135 864 313 902 apparuisse:
335 864 439 901 primo,
454 864 554 893 Mariae
569 864 757 901 Magdalenae,
780 864 888 893 loannis
912 865 987 901 vige-

136 913 205 941 simo
217 913 236 940 ¹.
245 928 282 933 —
294 911 429 945 Secundo,
444 911 610 940 mulieribus
625 912 830 941 revertentibus
841 911 875 941 de
887 920 987 941 monu-

135 962 242 993 mento,
256 965 329 995 quae
348 969 361 983 «1
376 961 554 987 accesserunt
574 961 601 987 et
616 960 768 987 tenuerunt
789 958 872 995 pedes
886 958 947 987 eius
958 970 985 993 »,

136 1005 264 1035 Matthaei
296 1005 403 1033 ultimo.
430 1021 468 1025 —
492 1005 601 1039 Tertio,
625 1005 724 1039 Petro,
757 1005 845 1034 Lucae
866 1005 985 1034 ultimo:

141 1065 154 1078 a
168 1052 297 1082 Surrexit
319 1052 452 1081 Dominus
482 1060 547 1081 vere
574 1055 602 1081 et
629 1052 760 1089 apparuit
780 1052 884 1081 Simoni
905 1065 932 1081 n.
949 1069 986 1074 —-

135 1100 252 1137 Quarto,
267 1099 410 1136 discipulis
427 1099 559 1128 euntibus
573 1099 600 1128 in
617 1100 759 1133 Emmaus,
776 1100 863 1129 Lucae
878 1100 985 1129 ultimo.

136 1163 173 1169 —
183 1146 297 1184 Quinto,
310 1145 452 1182 discipulis
464 1145 637 1182 congregatis
647 1145 676 1174 in
686 1145 783 1180 domo;
795 1145 902 1174 Ioannis
913 1146 987 1183 vige-

134 1194 204 1223 simo
215 1194 251 1228 ²;·
263 1196 291 1222 et
312 1193 379 1221 haec
393 1192 465 1221 facta
479 1195 545 1221 sunt
558 1192 618 1229 ipso
633 1192 676 1222 die
691 1193 819 1222 Paschae.
836 1209 873 1214 —
887 1194 985 1227 Sexto,

134 1240 276 1278 discipulis
297 1243 325 1268 et
346 1240 484 1273 Thomae,
506 1239 613 1269 loannis
635 1240 775 1277 vigesimo.
792 1256 829 1261 -α
849 1240 985 1277 Septimo,

134 1287 277 1325 discipulis
298 1286 468 1324 piscantibus
483 1286 517 1315 ad
532 1294 610 1315 mare
631 1287 796 1321 Tiberiadis,
818 1287 926 1316 Ioannis
946 1287 986 1316 vi-

134 1335 239 1373 gesimo
252 1334 352 1371 primo.
366 1349 403 1354 —-
415 1333 531 1367 Octavo,
550 1333 693 1370 discipulis
708 1333 836 1363 undecim
852 1334 879 1363 in
894 1338 987 1363 monte

134 1383 258 1417 Thabor,
280 1381 409 1410 Matthaei
430 1380 538 1409 ultimo.
554 1396 590 1402 —-
609 1381 699 1415 Nono,
714 1381 857 1419 discipulis
871 1390 986 1419 congre-

134 1429 204 1467 gatis
224 1429 252 1458 in
273 1427 422 1457 coenaculo
443 1427 471 1456 in
485 1427 529 1456 die
543 1427 724 1462 ascensionis,
746 1428 829 1457 Marci
851 1429 949 1457 ultimo
964 1429 984 1457 ³.

135 1492 171 1497 —
184 1476 311 1509 Decimo,
326 1474 420 1505 eadem
436 1475 481 1504 die
495 1475 523 1504 in
539 1478 632 1504 monte
647 1475 760 1509 Oliveti,
775 1475 899 1513 quando,
920 1487 934 1501 «
946 1476 986 1504 vi—

133 1522 263 1551 dentibus
277 1521 344 1558 illis,
359 1521 483 1551 elevatus
497 1525 539 1550 est
553 1529 567 1547 ³>
578 1544 585 1556 ,
600 1522 688 1551 Lucae
710 1522 808 1551 ultimo
823 1525 850 1551 et
868 1523 985 1551 Actuum

134 1570 233 1607 primo.

213 1618 239 1646 2.
256 1617 295 1645 Ita
308 1616 506 1654 spiritualiter
520 1619 601 1650 nota,
616 1616 691 1653 quod
711 1616 820 1646 Domini
834 1616 985 1654 apparitio

21 1669 123 1696 4-ῑπίῑιιειῐῑιερ
133 1666 175 1692 est
188 1662 390 1692 beneficiorum
404 1670 521 1691 suorum
537 1662 687 1695 exhibitio;
702 1666 730 1691 et
743 1663 852 1692 Domini
864 1662 985 1691 abscon—

18 1694 123 1743 “ime‘nssffss
132 1711 191 1745 sio,
210 1709 409 1739 beneficiorum
424 1717 540 1738 suorum
555 1709 718 1738 subtractio.
732 1710 800 1738 Nota
815 1718 895 1747 ergo,
910 1710 985 1747 quod

16 1744 111 1781 ¹''iuuss'ff’b
133 1757 223 1786 tribus
241 1756 391 1794 generibus
409 1756 552 1785 hominum
568 1758 696 1793 apparet,
711 1756 777 1793 quia
797 1756 888 1785 tribus
902 1764 984 1794 gene-

132 1803 211 1832 ribus
225 1803 371 1832 hominum
386 1802 519 1832 beneficia
537 1811 588 1832 sua
602 1802 730 1836 exhibet,
746 1802 850 1831 scilicet
864 1802 984 1836 activis,

132 1849 362 1888 contemplativis
373 1852 401 1879 et
411 1849 564 1887 praelatis.
585 1849 637 1878 lsta
652 1849 705 1877 tria
719 1857 821 1886 genera
839 1849 984 1878 hominum

132 1897 324 1934 significantur
345 1904 395 1934 per
416 1897 468 1926 ista
489 1897 543 1926 tria
570 1896 697 1930 nomina;
727 1896 848 1930 Daniel,
872 1896 930 1925 Noe
957 1900 985 1926 et

132 1944 198 1979 lob,
221 1944 370 1973 Ezechielis
384 1944 490 1973 decimo
512 1944 648 1982 quarto⁴;
670 1947 697 1973 et
718 1951 768 1981 per
784 1944 920 1979 Petrum,
937 1945 984 1973 Ια-

132 1991 236 2020 cobum
263 1994 291 2020 et
318 1991 473 2025 Ioannem,
502 1991 631 2020 Matthaei
659 1991 767 2020 decimo
796 1991 931 2028 septim03
957 1994 985 2020 et

132 2046 182 2076 per
203 2039 351 2072 Mariam,
374 2037 524 2067 Martltam
545 2041 572 2067 et
593 2039 767 2072 Lazarum,
797 2038 903 2067 loannis
932 2047 984 2067 un-

132 2085 246 2115 decimo.

211 2132 237 2161 3.
260 2133 380 2169 Apparet
400 2132 486 2169 igitur
506 2132 618 2166 activis,
640 2135 667 2161 et
689 2133 741 2161 hoc
760 2133 787 2161 in
810 2132 911 2169 triplici
933 2132 984 2161 dif-

8 2183 117 2232 'lil'fiisslt
132 2179 263 2213 ferentia,
296 2178 423 2208 videlicet
453 2179 661 2208 revertentibus
687 2188 737 2216 per
769 2180 982 2216 poenitentiam,

9 2233 42 2250 ior.
128 2225 351 2263 proficientibus
378 2234 428 2263 per
455 2227 656 2261 obedientiam,
685 2226 906 2255 ascendentibus
933 2235 983 2264 per

6 2277 7 2286 ¹
45 2277 114 2297 Primo·
131 2273 204 2302 vitae
230 2273 434 2303 excellentiam.
460 2289 496 2295 —
522 2274 641 2310 Apparet
670 2273 754 2311 igitur
775 2273 984 2302 revertentibus

131 2327 182 2357 per
202 2328 287 2357 opera
308 2320 511 2357 poenitentiae;
533 2323 560 2349 et
581 2321 634 2349 hoc
655 2320 807 2357 figuratum
827 2323 884 2355 est,
907 2320 983 2349 loan-

132 2367 175 2395 nis
196 2367 367 2404 vigesim05,
382 2367 410 2396 in
424 2367 610 2404 apparitione,
631 2375 688 2404 qua
708 2368 837 2404 apparuit
852 2368 982 2396 Thomae.

132 2414 251 2443 Thomas
272 2415 362 2449 enim,
384 2422 513 2452 egressus
527 2423 544 2443 a
557 2414 716 2452 discipulis,
738 2423 793 2443 non
808 2415 876 2443 vidit
891 2414 983 2443 Domi-

132 2469 216 2496 num;
242 2473 256 2487 «
271 2462 404 2496 Thomas,
426 2462 532 2499 inquit,
555 2462 603 2499 qui
624 2462 727 2490 dicitur
748 2462 899 2498 Dydimus,
928 2470 982 2490 non

131 2511 191 2536 erat
212 2516 276 2537 cum
297 2509 353 2543 eis,
375 2509 486 2546 quando
508 2509 582 2538 venit
604 2509 679 2538 Iesus
693 2521 720 2537 ».
751 2509 887 2538 Reversus
916 2517 981 2538 vero

1839 179 1894 208 623

1047 255 1081 284 ad
1102 255 1265 292 discipulos,
1286 256 1353 285 vidit
1374 259 1401 285 et
1423 256 1511 293 tetigit
1525 264 1605 290 eum;
1628 257 1734 286 loannis
1748 256 1894 294 vigesimo:

1051 313 1064 327 «ι
1080 302 1151 331 inser
1172 302 1289 339 digitum
1317 306 1395 331 tuum
1419 303 1473 331 huc
1496 315 1509 328 n
1535 307 1586 332 etc.
1608 319 1647 324 —-
1667 305 1785 340 Apparet
1803 303 1894 340 proli-
1909 311 2003 330 Secundo.

1045 349 1186 378 cientibus
1208 357 1257 386 per
1284 358 1370 387 opera
1394 350 1579 385 obedientiae;
1609 354 1636 379 et
1663 351 1715 379 hoc
1744 350 1894 387 figuratum

1044 399 1101 429 est,
1123 396 1234 434 quando
1248 397 1378 434 apparuit
1392 396 1534 434 discipulis
1555 397 1687 426 euntibus
1702 397 1730 426 in
1748 397 1893 431 Emmaus,

1045 444 1133 472 Lucae
1154 444 1252 472 ultimo
1263 444 1284 477 ⁶,
1299 444 1347 472 ubi
1369 443 1484 480 legitur,
1500 444 1574 481 quod
1597 456 1610 469 «
1626 444 1684 481 ipse
1701 444 1774 473 lesus
1795 452 1895 481 appro-

1044 490 1182 527 pinquans
1203 490 1260 519 ibat
1275 498 1338 520 cum
1353 491 1431 520 illis»
1451 491 1478 519 in
1498 491 1636 520 Emmaus.
1653 492 1795 520 Emmaus
1809 491 1894 520 inter-

1044 540 1172 573 pretatur
1206 537 1375 566 desiderium
1410 538 1532 572 consilii;
1565 538 1704 575 discipuli
1734 542 1832 567 euntes
1863 538 1895 566 in

1045 584 1189 612 Emmaus
1210 587 1276 612 sunt
1297 584 1392 613 fideles
1409 584 1443 613 de
1468 584 1603 613 mandatis
1623 585 1657 614 ad
1679 585 1792 614 consilia
1810 585 1895 622 profi-

1044 630 1155 658 cientes.
1182 646 1219 651 —
1244 631 1363 667 Apparet
1383 631 1465 659 etiam
1492 631 1712 660 ascendentibus
1740 639 1790 669 per
1810 639 1894 668 opera
1911 638 1981 657 Tertio-

1044 677 1240 711 excellentiae,
1262 681 1290 706 et
1312 678 1364 706 hoc
1382 678 1532 715 figuratum
1554 681 1611 713 est,
1633 678 1744 716 quando
1765 679 1895 716 apparuit

1044 723 1172 752 undecim
1201 724 1344 761 discipulis
1364 724 1392 753 in
1421 728 1514 754 monte
1543 725 1666 759 Thabor,
1695 725 1823 754 Matthaei
1851 725 1894 754 ul-

1044 770 1151 799 timo⁷:
1178 782 1191 796 «
1207 771 1351 805 Undecim,
1373 771 1477 808 inquit,
1498 771 1626 809 discipuli
1644 772 1774 801 abierunt
1795 772 1821 801 in
1843 772 1894 800 Ga-

1045 818 1151 846 lilaeam
1175 818 1203 846 in
1225 821 1333 852 monte,
1355 818 1402 847 ubi
1425 819 1608 848 constituerat
1622 819 1675 848 illis
1696 820 1785 854 Iesus,
1806 823 1833 849 et
1854 820 1895 848 vi-

1043 865 1139 894 dentes
1170 872 1234 894 eum
1267 865 1504 895 adoraverunt».
1536 866 1586 895 Per
1616 870 1742 895 montem
1773 867 1894 904 intellige

1043 912 1236 941 excellentiam
1258 912 1339 941 vitae.
1355 929 1394 933 —
1408 914 1527 950 Apparet
1548 921 1614 950 ergo
1635 914 1769 942 Dominus
1789 914 1894 942 activis

1043 959 1250 988 reuertentibus
1272 967 1321 996 per
1342 967 1427 997 opera
1448 961 1647 997 poenitentiae,
1673 960 1894 998 proficientibus

1043 1014 1093 1044 per
1114 1014 1200 1043 opera
1220 1006 1404 1040 obedientiae,
1426 1007 1647 1036 ascendentibus
1668 1015 1717 1045 per
1738 1015 1823 1045 opera
1844 1015 1894 1037 ex-

1044 1053 1195 1083 cellentiae.

1122 1100 1149 1128 li.
1172 1100 1291 1137 Apparet
1318 1100 1400 1129 etiam
1429 1101 1563 1130 Dominus
1591 1102 1837 1139 contemplativis,
1866 1104 1893 1131 et
1916 1108 1968 1128 item.
1983 1113 2026 1134 0912-

1043 1148 1095 1177 hoc
1117 1147 1144 1176 in
1166 1147 1267 1184 triplici
1288 1147 1458 1182 differentia,
1480 1148 1583 1177 scilicet
1602 1149 1765 1177 sedentibus
1786 1149 1812 1177 in
1835 1156 1892 1177 me·
1909 1131 2030 1155 mmmmm*

1043 1194 1190 1228 ditatione,
1219 1193 1407 1231 plorantibus
1438 1194 1466 1222 in
1497 1194 1637 1229 oratione,
1668 1194 1836 1232 fruentibus
1864 1195 1892 1223 in

1043 1240 1282 1278 contemplatione.
1299 1256 1335 1261 —
1348 1242 1467 1277 Apparet
1487 1248 1554 1278 ergo
1574 1241 1708 1270 Dominus
1729 1241 1893 1270 sedentibus
1910 1248 1980 1267 Primo.

1044 1287 1076 1316 in
1098 1287 1298 1321 meditatione,
1321 1287 1364 1316 vel
1385 1287 1467 1316 etiam
1490 1288 1516 1316 in
1537 1292 1643 1316 sancta
1670 1288 1838 1322 collatione,·
1866 1292 1892 1317 et

1043 1334 1095 1363 hoc
1110 1335 1262 1372 figuratum
1277 1338 1328 1368 est,
1344 1334 1456 1371 quando
1471 1335 1601 1372 apparuit
1614 1335 1758 1372 discipulis
1775 1344 1892 1374 conyre-

1042 1382 1122 1419 yatis
1142 1382 1174 1410 in
1188 1390 1298 1415 unum,·
1313 1382 1401 1410 Lucae
1416 1382 1515 1411 ultimo
1526 1382 1551 1410 ³:
1571 1393 1585 1407 «
1599 1382 1669 1411 Cum
1692 1383 1772 1417 haee,
1788 1383 1891 1420 inquit,

1044 1429 1240 1465 loquerentur,
1263 1429 1338 1457 lesus
1364 1429 1440 1458 stetit
1467 1429 1494 1457 in
1524 1429 1623 1458 medio-
1642 1437 1740 1458 eorum
1768 1432 1796 1459 et
1821 1429 1893 1459 dixit

1043 1475 1098 1504 eis:
1120 1475 1176 1503 Pax
1198 1475 1276 1504 vobis
1290 1486 1321 1509 »;
1343 1478 1371 1504 et
1391 1475 1424 1504 de
1446 1476 1498 1504 hoc
1520 1476 1602 1504 etiam
1624 1476 1731 1505 loannis
1751 1476 1891 1513 vigesimo.

1043 1538 1082 1543 —
1103 1523 1221 1559 Apparet
1247 1522 1329 1551 etiam
1355 1521 1544 1559 plorantibus
1575 1523 1607 1551 in
1638 1523 1787 1556 oratione;
1819 1523 1893 1560 quod
1910 1529 2004 1549 secundo.

1043 1569 1194 1606 figuratum
1210 1573 1266 1603 est,
1281 1569 1392 1606 quando
1407 1569 1536 1606 apparuit
1553 1569 1653 1598 Mariae
1669 1570 1801 1606 ploranti,
1817 1570 1892 1599 Ioan-

1043 1616 1086 1645 nis
1111 1616 1261 1653 vigesimo:
1294 1628 1307 1641 «
1329 1616 1481 1650 Conversa,
1503 1616 1606 1653 inquit,
1631 1619 1802 1651 retrorsum,
1825 1617 1892 1646 vidit

1043 1664 1133 1692 Iesum
1162 1666 1279 1692 stantem
1309 1666 1336 1692 et
1363 1663 1518 1697 nesciebat,
1548 1663 1622 1700 quod
1651 1663 1726 1692 lesus
1753 1667 1839 1698 esset;
1865 1667 1892 1693 et

1042 1709 1115 1738 dixit
1135 1710 1159 1739 ei
1182 1710 1272 1738 lesus:
1287 1709 1403 1744 Mulier,
1426 1709 1492 1747 quid
1508 1709 1600 1746 ploras
1615 1721 1628 1734 »
1654 1713 1705 1739 etc.
1720 1726 1759 1731 --
1773 1711 1892 1748 Apparet
1909 1718 1980 1737 Tertio.

1043 1757 1126 1786 etiam
1140 1756 1308 1794 fruentibus
1329 1757 1359 1785 in
1374 1756 1629 1793 contemplatione,·
1650 1756 1724 1794 quod
1740 1756 1891 1794 figuratum

1042 1808 1099 1838 est,
1121 1804 1232 1841 quando
1252 1804 1382 1841 apparuit
1406 1803 1536 1833 undecim
1557 1804 1700 1841 discipulis
1721 1804 1892 1841 congregatis

1042 1851 1070 1880 in
1092 1852 1257 1885 coenaculo;
1279 1851 1362 1880 Marci
1388 1851 1524 1880 ultimo⁹t
1551 1862 1565 1876 ι(
1587 1851 1756 1886 Novissime,
1784 1852 1891 1889 inquit,

1042 1897 1271 1927 recumbentibus
1282 1897 1411 1926 undecim
1422 1898 1573 1935 discipulis,
1585 1898 1715 1935 apparuit
1726 1898 1765 1927 eis
1778 1898 1853 1927 lesus
1864 1910 1890 1927 n.

1043 1946 1094 1974 Per
1119 1944 1309 1973 coenaculum
1329 1944 1562 1981 discipulorum,
1584 1944 1659 1982 quod
1680 1948 1740 1974 erat
1760 1945 1891 1981 lerosoly—

1042 1992 1107 2026 mis,
1122 1992 1243 2029 intellige
1265 1991 1442 2020 refectorium
1457 1992 1703 2028 contemplationis.
1720 1992 1749 2020 111
1763 1992 1816 2021 1510
1830 2000 1891 2021 coe-

1042 2039 1141 2068 naculo
1156 2038 1257 2075 legitur
1279 2038 1413 2067 Dominus
1431 2038 1583 2067 comedisse
1604 2046 1667 2067 cum
1683 2038 1751 2072 illis;
1774 2040 1890 2067 Actuum

1042 2086 1147 2123 primo:
1175 2097 1188 2110 «
1202 2085 1373 2114 Convescens
1387 2085 1527 2121 praecepit
1545 2085 1597 2119 eis,
1613 2085 1648 2113 ab
1663 2085 1835 2122 lerosolymis
1856 2094 1891 2114 ne

1041 2131 1234 2161 discenderent
1246 2143 1259 2157 »
1277 2135 1329 2160 etc.
1342 2148 1379 2152 —
1391 2132 1433 2160 Sic
1452 2139 1518 2169 crgo
1536 2135 1651 2169 apparet
1668 2132 1802 2161 Dominus
1824 2134 1890 2161 eon'-

1042 2179 1259 2216 templantibus,
1274 2178 1433 2208 sedentibus
1448 2179 1474 2207 in
1490 2179 1666 2208 meditatione
1684 2179 1727 2208 vel
1748 2180 1774 2208 in
1797 2183 1891 2209 sancta

1041 2225 1201 2259 collatione,
1224 2225 1398 2262 plorantibus
1419 2226 1447 2254 in
1467 2226 1591 2254 oratione
1619 2230 1646 2254 et
1673 2226 1831 2256 fruentibus
1862 2226 1890 2255 in

1041 2272 1281 2309 contemplatione.

1121 2320 1147 2348 ὃ.
1170 2321 1289 2356 Apparet
1310 2320 1392 2348 etiam
1410 2319 1571 2356 praelatis,
1593 2323 1620 2348 et
1641 2320 1692 2348 hoc
1718 2320 1745 2348 in
1767 2320 1890 2357 quadru-
1918 2329 2021 2356 esaeias-s,—

1042 2367 1104 2404 plici
1126 2367 1288 2396 differentia.
1318 2367 1506 2396 Praelatorum
1533 2367 1609 2396 enim
1636 2370 1678 2396 est
1698 2367 1832 2396 accedere
1855 2367 1890 2396 ad
1903 2352 2031 2395 qumissffhm'

1041 2415 1128 2444 Deum
1160 2418 1187 2443 ct
1218 2414 1325 2442 reuerti
1359 2414 1393 2442 ad
1424 2414 1567 2450 populum.
1599 2414 1713 2443 Praelati
1749 2414 1890 2443 accedunt

1040 2461 1074 2490 ad
1095 2461 1183 2490 Deum
1205 2461 1315 2489 duabus
1335 2460 1369 2489 (le
1390 2461 1496 2489 causis:
1518 2461 1552 2489 ad
1573 2460 1780 2490 consulendum
1807 2465 1834 2490 et
1855 2461 1890 2490 ad

1041 2507 1228 2546 offerendum.
1244 2524 1280 2527 —
1304 2507 1435 2536 Praelatis
1456 2515 1522 2544 ergo
1543 2507 1757 2536 consulentibus
1775 2511 1889 2545 apparet
1907 2516 1976 2536 Primo.

197 2696 204 2709 ²
223 2698 288 2720 Vers.
307 2697 345 2720 114.
362 2703 427 2727 seqq.
453 2709 484 2714 —
509 2697 613 2721 Subinde
638 2699 766 2727 allegantur
792 2700 868 2722 Matth.
892 2700 934 2727 28,
952 2701 981 2727 95

132 2737 187 2759 Luc.
205 2737 247 2765 24,
266 2737 302 2759 34.
320 2740 342 2759 et
361 2737 398 2759 15.
415 2743 481 2766 seqq.
494 2737 560 2759 —ln
578 2736 595 2760 C
613 2737 696 2760 desunt
713 2739 769 2761 hacc
787 2742 809 2761 et
820 2744 886 2768 seqq.
899 2739 983 2761 collatt.

195 2774 204 2788 ²
222 2776 288 2799 vers.
307 2777 345 2798 19.
361 2788 393 2793 -
411 2776 544 2805 Sequuntur
556 2777 617 2799 loan.
629 2777 671 2804 ⁴20,
684 2777 722 2800 26.
734 2783 812 2806 seqq.;
825 2778 867 2806 21,
883 2778 902 2800 l.
917 2784 983 2806 seqq.

132 2818 155 2838 et
172 2816 249 2838 maun.
268 2816 311 2843 28,
330 2816 368 2838 1ὓ.

195 2852 204 2866 ³
223 2855 290 2877 Vers.
311 2854 345 2877 111.
363 2867 392 2870 -
410 2855 460 2877 Duo
478 2861 543 2884 seqq.
566 2855 609 2877 loci
631 2857 685 2878 sunt
707 2856 761 2877 Luc.
779 2855 822 2882 24,
840 2856 876 2878 50.
894 2861 944 2884 seq.
961 2858 983 2878 et

132 2893 182 2915 Act.
204 2894 227 2920 l,
244 2893 274 2915 9:
293 2893 346 2916 Et...
363 2892 494 2917 videntibus
512 2893 559 2916 illis
576 2897 619 2916 etc.

195 2931 205 2944 ⁴
223 2932 288 2955 Vcrs.
307 2933 345 2955 20.
362 2945 393 2949 —
410 2932 513 2955 Subinde
537 2933 664 2961 allegantur
687 2933 763 2955 lllatlh.
785 2934 826 2961 17,
847 2934 865 2956 1.
883 2936 904 2956 et
921 2934 983 2956 ioan.

134 2971 175 2999 11,
194 2971 216 2994 ·1.
235 2977 284 3000 seq.

1102 2697 1111 2710 ⁵
1130 2699 1195 2721 Vcrs.
1213 2698 1257 2725 26,
1276 2697 1332 2720 ibid.
1350 2703 1373 2719 v.
1391 2697 1430 2719 27.
1446 2700 1480 2719 est
1500 2703 1549 2726 seq.
1567 2698 1638 2720 locus.

1101 2736 1111 2749 ⁰
1129 2738 1194 2761 Vers.
1218 2737 1253 2760 15.
1272 2749 1303 2754 —
1320 2737 1345 2759 ln
1365 2736 1495 2760 Comment.
1522 2737 1543 2759 in
1568 2737 1624 2759 Luc.
1648 2736 1691 2765 24,
1718 2738 1755 2759 13.
1779 2738 1889 2760 Emmaus

1039 2777 1160 2805 exponitur
1177 2778 1254 2800 muter
1270 2775 1387 2806 festinans
1397 2784 1405 2803 ,·
1423 2779 1521 2805 utraque
1538 2776 1695 2804 interpretatio
1712 2776 1780 2799 datur
1795 2782 1807 2799 a
1820 2776 1888 2799 Card.

1039 2817 1137 2844 Hugone
1155 2815 1210 2838 ibid.
1222 2834 1225 2838 .

1102 2853 1110 2866 ⁷
1128 2855 1194 2878 Vers.
1213 2855 1249 2877 16.
1267 2858 1289 2877 et
1307 2855 1344 2877 ἸΙ’7.

1102 2892 1112 2906 ⁹
1130 2894 1194 2916 Vcrs.
1214 2894 1250 2916 36.
1267 2906 1298 2910 —
1315 2894 1365 2916 Duo
1383 2900 1448 2923 seqq.
1472 2894 1514 2916 loci
1537 2896 1591 2916 sunt
1614 2894 1675 2916 loun.
1697 2894 1738 2921 ⁴20,
1756 2894 1793 2916 26.
1811 2897 1832 2916 et
1851 2894 1887 2917 tt,

1040 2940 1090 2963 seq.
1101 2945 1132 2950 -
1144 2934 1186 2955 Pro
1198 2932 1345 2963 fruentibus,
1358 2933 1422 2961 quod
1435 2932 1522 2961 pluries
1535 2933 1572 2954 hic
1584 2933 1696 2961 occurrit,
1709 2934 1725 2955 Α
1737 2932 1888 2962 serventibus.

1103 2971 1112 2984 ⁹
1129 2973 1196 2995 Vcrs.
1217 2972 1251 2994 14.
1270 2984 1301 2988 —
1319 2972 1427 3001 Sequitur
1444 2972 1492 2994 Act.
1514 2972 1538 2999 l,
1557 2971 1578 2994 4.
