2296 3316
280 223 350 242 Tertia.

275 512 352 536 Quarta.

291 1026 355 1045 sexta.

264 1306 355 1332 Septima.

281 1636 358 1655 Octava.

298 1916 357 1936 Nona.

272 2151 357 2170 Decima.

364 143 420 172 302

364 228 422 248 non
449 222 513 248 erat
540 219 581 247 eis
608 218 687 246 locus
714 218 745 246 in
773 216 942 245 diversorio.
967 233 1002 237 -
1019 216 1127 250 Tertia,
1152 215 1210 244 cir-

364 265 515 298 cumcisio,
539 267 566 293 et
597 265 664 293 haec
690 264 788 292 liberat
819 263 854 291 ab
884 262 1077 291 inobedientia
1108 261 1211 290 illumi-

363 312 453 342 nando
474 312 508 340 ad
528 311 719 340 obedientiam.
742 310 811 339 Cum
833 310 906 338 enim
927 309 1056 338 Christus
1069 317 1124 338 non
1139 310 1211 337 esset

364 359 426 397 Legi
448 358 604 392 subiectus,
627 361 717 386 tamen
740 365 768 386 se
790 357 852 394 Legi
874 356 1006 389 subiecit;
1028 355 1102 384 unde
1123 355 1156 383 de
1178 362 1211 383 eo

364 409 439 436 recte
473 406 575 434 dicitur
606 404 675 433 illud
703 404 821 441 Apostoli
853 403 958 440 primae
989 402 1023 431 ad
1055 401 1212 430 Corinthios

364 462 437 482 nono
449 454 475 481 ¹:
492 452 565 482 Cam
587 460 676 480 essem
691 451 762 480 tiber
780 460 814 479 ex
839 450 990 484 omnibus,
1014 449 1146 478 omnium
1167 457 1212 477 me

364 509 481 529 servam
503 498 567 537 feei.
590 515 626 520 —-
648 498 753 535 Quarta
773 500 815 527 est
835 497 1004 534 apparitio,
1033 499 1060 525 et
1085 496 1152 524 haec
1181 495 1212 524 li-

365 548 444 576 berat
464 547 499 575 ab
521 546 636 575 invidia
656 545 837 574 illuminando
858 544 891 573 ad
919 544 1061 573 doctrinae
1089 550 1213 572 commu-

364 594 527 627 nicantiam‚
543 593 608 630 quia
618 593 676 629 ipse
691 595 758 621 tunc
770 591 893 620 notitiam
906 591 949 619 sui
964 590 1093 628 gentibus
1107 590 1212 619 revela-

365 642 420 675 vit;
442 640 595 677 Sapientiae
610 640 727 677 septimo
738 639 764 667 ²:
780 639 918 667 Laetatns
932 646 1000 666 sam
1014 637 1046 666 in
1067 636 1212 671 omnibus,

365 687 504 727 quoniam
526 686 706 715 antecedebat
726 695 771 715 me
791 686 850 714 ista
870 685 1033 722 sapientia,
1048 692 1138 722 qaam
1152 684 1214 712 sine

366 734 480 763 invidia
501 733 682 762 communico
709 737 735 762 et
749 732 935 761 bonestatem
964 731 1044 760 illias
1074 740 1133 760 non
1164 730 1214 760 ab-

348 781 480 810 .scond0.
504 797 540 802 -
562 781 664 817 Quinta
685 784 726 809 est
757 780 785 809 in
817 780 919 816 templo
947 778 1070 813 oblatio,
1098 781 1125 807 et
1147 779 1214 807 haec

367 829 464 857 liberat
485 828 520 857 ab
548 827 763 865 inm-atitmline
790 826 971 855 illuminando
992 826 1024 854 ad
1047 826 1214 860 orationem,

366 875 496 913 quoniam
519 877 585 903 tunc
607 875 665 911 ipse
686 874 820 902 Dominus
840 873 868 901 in
890 873 993 910 templo
1007 873 1117 901 oblatus
1131 872 1213 901 estin

366 922 490 958 signum,
512 920 586 958 quod
609 928 657 957 per
678 920 874 957 gratitudinem
889 927 918 948 se
933 922 1021 948 totum
1036 919 1117 948 debet
1131 919 1215 948 homo

367 968 481 1002 oss'erre;
504 969 593 996 Lucae
614 967 773 996 secundoss:
803 966 943 995 Tzderant
961 975 1091 1003 pueram
1119 966 1216 994 Iesum

368 1015 400 1044 in
421 1014 597 1048 Jerusalem,
619 1017 652 1042 at
672 1015 805 1042 sisterent
829 1022 896 1041 eam
918 1013 1050 1041 Domino.
1073 1029 1109 1033 —
1132 1013 1216 1041 Sexta

367 1064 409 1091 est
428 1061 514 1098 ipsius
536 1060 714 1098 baptizatio,
731 1063 758 1089 et
772 1061 841 1089 haec
864 1060 962 1088 liberat
976 1059 1011 1088 ab
1026 1059 1216 1088 immunditia

366 1108 546 1137 illuminando
567 1108 600 1137 ad
616 1108 687 1137 vitae
702 1108 864 1141 novitatem,
886 1107 952 1144 quia
966 1106 1094 1135 Christus
1110 1107 1217 1135 lavatus

367 1158 408 1185 est
428 1156 455 1184 in
479 1155 600 1183 Iordanis
621 1154 751 1189 flumine;
774 1154 902 1190 Matthaei
926 1154 1046 1183 tertio4:
1075 1154 1154 1182 Venit
1177 1153 1217 1181 le-

367 1211 419 1231 sus
440 1210 459 1230 a
485 1201 619 1231 Galilaea
640 1201 671 1230 in
693 1201 867 1235 Iordanem,
890 1205 923 1229 ut
951 1201 1157 1238 baptizaretwr
1179 1199 1215 1228 ab

368 1257 416 1282 eo,·
438 1248 545 1286 primae
566 1248 638 1277 Petri
660 1249 756 1277 tertio:
781 1248 882 1277 Salvos
897 1247 970 1285 facit
985 1248 1142 1285 baptisma,
1158 1255 1217 1275 non

369 1296 471 1324 carnis
492 1296 630 1332 depositio
651 1296 786 1324 sordium
807 1298 857 1324 etc.
875 1312 910 1316 —
933 1295 1054 1331 Septima
1075 1297 1116 1323 est
1136 1294 1164 1322 in
1179 1294 1217 1322 ie-

370 1343 446 1372 iunio
468 1343 598 1377 tentatio,
621 1345 648 1371 et
668 1343 736 1371 haec
758 1342 856 1371 liberat
877 1351 893 1371 a
913 1341 992 1379 febre
1018 1342 1106 1370 filium
1127 1341 1217 1378 reguli

370 1389 551 1418 illuminando
581 1389 615 1418 ad
646 1390 737 1418 carnis
768 1389 1024 1423 mortificationem,
1057 1388 1123 1425 quia
1149 1390 1217 1416 tunc

370 1437 497 1465 Christus
528 1444 638 1465 carnem
671 1444 721 1465 suo
752 1436 855 1464 ieiunio
889 1435 1054 1469 maceravit;
1089 1433 1217 1463 Matthaei

371 1483 509 1521 quart05:
534 1484 644 1512 Ductus
664 1487 705 1512 est
726 1483 807 1511 Iesus
828 1483 860 1511 in
884 1483 1029 1511 desertam
1051 1490 1070 1510 a
1092 1481 1216 1518 Spiritu,

370 1534 402 1559 ut
424 1533 584 1559 tentaretur
605 1539 624 1558 a
645 1530 778 1563 diabolo;
793 1532 818 1558 et
832 1538 898 1558 cam
913 1529 1071 1557 ieiunasset
1085 1528 1217 1566 qnadra-

369 1577 453 1615 ginta
473 1576 574 1606 diebus
594 1581 619 1605 et
640 1577 844 1615 qaadraqinta
864 1575 1012 1609 noctibus,
1031 1579 1132 1612 postea
1153 1583 1217 1603 esa-

371 1624 430 1652 riit.
453 1640 492 1645 —-
512 1623 615 1652 Octava
635 1626 677 1652 est
694 1623 813 1660 passio,
836 1626 863 1651 et
883 1623 951 1651 haec
980 1622 1078 1651 liberat
1099 1622 1134 1650 ab
1155 1621 1218 1650 ira-

370 1670 480 1699 cundia
501 1670 681 1699 illuminando
702 1670 736 1698 ad
758 1670 932 1706 patientiam,
954 1669 1020 1706 quia
1041 1668 1168 1697 Christus
1189 1668 1217 1696 in

370 1717 498 1754 patiendo
518 1717 570 1745 fuit
591 1717 822 1753 patientissimus3
845 1716 951 1753 primae
972 1715 1044 1744 Petri
1059 1714 1216 1744 secundo⁶:

372 1763 506 1793 Christus
533 1772 644 1801 passas
671 1767 711 1792 est
741 1772 795 1800 pro
823 1762 922 1797 nobis,
944 1762 1024 1791 vobis
1053 1762 1217 1800 relinquens

370 1810 547 1848 eaeemptam,
569 1813 603 1838 at
622 1810 789 1848 sequamini
810 1810 930 1847 vestiqia
955 1810 1018 1838 eius
1040 1809 1092 1847 qai
1114 1817 1218 1846 peeca-

371 1862 433 1887 tum
453 1866 511 1886 non
531 1856 616 1894 fecit,
637 1864 688 1885 nee
709 1857 843 1885 inventas
864 1860 903 1885 est
924 1856 1008 1885 dotas
1030 1856 1061 1884 in
1082 1864 1131 1884 ore
1145 1855 1216 1884 eius.

372 1921 408 1926 —
430 1905 505 1933 Nona
526 1908 567 1933 est
588 1904 628 1933 ad
648 1903 760 1941 inferos
781 1904 943 1937 descensio,
958 1907 986 1932 et
1006 1903 1074 1932 haec
1089 1903 1218 1932 liberata

370 1951 484 1980 duritia
505 1950 684 1979 illuminando
715 1950 749 1978 ad
778 1949 1010 1984 misericordiam,
1039 1949 1105 1986 quia
1125 1949 1217 1978 Domi-

370 2006 424 2027 nus
446 1998 577 2027 misertus
597 2000 639 2026 est
659 1997 703 2025 his
724 1997 772 2034 qui
787 1999 866 2025 erant
880 1996 912 2024 in
927 1996 1056 2025 tenebris*
1070 1999 1095 2024 et
1109 1995 1217 2024 umbra

372 2045 514 2078 mortis⁷;
536 2044 683 2073 Zachariae
704 2051 792 2072 nono:
820 2044 864 2071 Ta
884 2051 995 2081 qaoque
1016 2043 1048 2071 in
1071 2043 1218 2080 sanquine

372 2092 533 2120 testamenti
553 2091 597 2119 tui
617 2090 744 2119 eduxisti
762 2090 874 2118 vinctos
891 2090 925 2118 de
940 2089 1015 2118 tacu.
1032 2089 1151 2118 Maxima
1166 2090 1217 2118 mi-

373 2139 522 2168 sericordia
542 2141 583 2167 est
604 2138 765 2175 sanguinem
795 2145 844 2174 pro
865 2136 980 2174 captivis
1007 2136 1081 2165 dare.
1107 2153 1146 2156 —
1164 2137 1217 2166 De-

373 2185 443 2214 cima
466 2188 507 2213 est
532 2185 559 2213 in
590 2185 718 2222 sepulcro
739 2183 892 2222 requietio,
921 2186 949 2212 et
976 2183 1044 2212 haec
1072 2183 1171 2211 liberat
1201 2191 1217 2211 a

372 2231 478 2260 mandi
494 2240 640 2269 pressura
660 2230 840 2260 illuminando
860 2230 894 2259 ad
915 2238 1026 2267 pacem,
1052 2230 1118 2267 quia
1138 2229 1217 2258 Chri-

437 2454 445 2468 ¹
463 2456 528 2479 Vers.
547 2456 584 2479 19.

435 2494 444 2506 ‘³
462 2496 528 2518 Vers.
546 2497 582 2518 12.
598 2502 647 2525 seq.
664 2497 717 2518 Post
732 2495 851 2525 sapientia
868 2496 968 2524 Vulgata
985 2496 1050 2524 plura
1067 2495 1139 2518 addit.

435 2532 445 2546 ⁸
462 2534 529 2557 Vers.
547 2535 584 2557 22.

436 2572 446 2585 ⁴²
463 2573 529 2596 Vere.
546 2574 586 2603 43,
604 2573 644 2596 ubi
658 2574 755 2602 Vulgata
769 2577 819 2602 post
834 2573 961 2597 Iordanem
974 2573 1038 2596 addit
1054 2572 1085 2596 ad
1102 2574 1221 2596 Ioannem.

374 2624 405 2629 --
428 2613 479 2641 Seq.
500 2613 563 2635 locus
582 2615 617 2635 est
636 2614 651 2635 1.
671 2613 730 2636 Petr.
751 2614 773 2641 3,
793 2614 831 2635 2t.
851 2625 882 2630 ——
902 2613 1013 2642 Superius
1033 2619 1075 2641 pro
1094 2611 1221 2635 novitatem

375 2652 413 2675 ed.
425 2651 564 2681 puritatem.

437 2689 447 2702 ⁵
463 2691 530 2713 Vers.
548 2691 570 2713 ·Ι.
586 2693 609 2713 et
625 2691 648 2713 2.

437 2727 447 2741 θ
465 2730 530 2752 Vers.
547 2729 584 2752 2⁴.
601 2732 623 2752 et
639 2730 676 2752 22.

437 2767 446 2780 '¹
465 2769 518 2791 Luc.
536 2769 563 2797 ’1,
579 2768 618 2791 79.
635 2781 665 2785 —
682 2769 790 2798 Sequitur
807 2770 875 2792 Zach.
892 2769 918 2798 9,
937 2770 975 2792 Μ.

437 2805 447 2818 ⁰
464 2807 546 2830 Psalm.
564 2807 590 2836 4,
607 2807 630 2829 9.
647 2810 669 2830 et
685 2807 783 2830 subinde
799 2808 834 2830 Ps.
851 2807 895 2835 75,
913 2808 933 2830 3.

438 2844 448 2858 ⁹
464 2846 531 2869 Vers.
549 2846 570 2869 4.

438 2883 458 2897 ¹⁰
476 2885 541 2908 vers.
559 2886 580 2908 vl.
596 2891 645 2914 seq.
665 2897 696 2902 —
715 2885 760 2908 Ct‘r.
776 2885 835 2908 infra
853 2891 871 2908 e.
890 2886 932 2915 lt,
951 2886 992 2914 19,
1009 2885 1050 2908 ubi
1072 2886 1140 2908 etiam
1163 2885 1221 2908 aliae

375 2924 538 2953 explicationes
554 2923 672 2947 horarum
688 2923 810 2948 duodecim
826 2927 950 2953 ponuntur.

993 138 1163 167 COMMENT.
1187 139 1218 167 ΙΝ
1240 138 1385 167 ΙΟΑΝΝΕΜ
1406 139 1434 166 C.
1457 139 1498 167 1V.

1268 218 1328 244 stus
1358 215 1385 244 in
1414 215 1543 252 sepulcro
1571 214 1692 252 quievit;
1729 214 1889 243 Psalmusss:
1923 215 1958 242 In
1982 222 2056 251 pace
2086 216 2117 243 in

1268 262 1398 299 idipsum
1419 262 1567 290 dormiam
1588 265 1614 289 et
1640 260 1842 299 requiescam
1873 264 1900 289 et
1931 261 2049 289 iterum:
2085 261 2118 289 In

1264 316 1338 345 pace
1358 307 1458 345 factas
1478 311 1519 336 est
1540 308 1619 336 locus
1640 307 1710 336 eins.
1732 323 1772 327 —-
1796 306 1959 341 Undecima,
1984 316 2117 336 resurre-
2129 323 2235 346 nuceam..

1268 355 1340 389 ctio,
1362 358 1389 384 et
1410 355 1479 384 haec
1507 355 1606 383 liberat
1632 362 1648 382 a
1668 354 1746 382 vitae
1771 356 1910 382 vetustate
1938 353 2118 384 illuminando

1268 402 1303 430 ad
1324 401 1395 430 vitae
1416 401 1582 435 novitatem,
1603 401 1669 438 quia
1690 403 1756 429 tunc
1776 400 1904 429 Christus
1925 408 2014 430 novus
2034 401 2118 430 homo

1268 448 1357 477 factus
1378 451 1435 482 est;
1456 447 1491 476 ad
1512 448 1648 476 Romanos
1669 446 1787 476 sext00:
1811 447 1960 483 Quomodo
1983 446 2117 476 Christus

1269 496 1400 524 surrexit
1422 504 1442 524 a
1462 494 1589 523 mortuis
1606 503 1661 532 per
1680 494 1810 532 ytoriam
1825 494 1944 529 Patris,
1959 494 2001 523 ita
2022 498 2048 524 et
2065 503 2118 524 nos

1270 542 1302 571 in
1322 542 1448 571 novitate
1462 542 1538 570 vitae
1552 541 1744 570 ambutemus.
1762 557 1798 562 --
1814 541 1997 576 Duodecima,
2019 550 2118 571 ascen—
2132 549 2250 572 Duodecimn.

1270 589 1330 623 sio,
1352 591 1379 618 et
1400 589 1468 617 haec
1489 588 1588 617 liberat
1615 588 1650 617 ab
1682 596 1782 616 amore
1812 591 1995 617 terrenorum
2017 589 2119 618 illumi-

1270 636 1361 664 nando
1382 635 1416 664 ad
1436 635 1605 664 desiderium
1626 637 1820 669 aeternorum,
1841 634 1876 663 ad
1896 643 1968 672 quae
1992 635 2120 665 Christus

1271 691 1321 712 nos
1335 683 1499 720 praecessit;
1514 682 1548 711 ad
1563 682 1736 711 Colossenses
1752 682 1832 711 tertio
1845 682 1882 711 ¹⁰:
1904 682 1984 718 Quae
1998 690 2120 712 sarsum

1271 733 1339 758 sunt
1360 730 1507 768 quaerite,
1530 729 1581 758 abi
1603 729 1737 758 Clo-istas
1758 734 1797 758 est
1818 729 1850 758 in
1864 730 1984 759 dextera
2007 730 2059 759 Dei
2078 739 2120 759 se-

1271 776 1340 805 dens
1348 787 1358 810 ;
1380 785 1455 815 qaae
1482 784 1607 804 sursum
1633 780 1703 805 sant
1727 777 1834 813 sapite,
1856 785 1914 805 non
1935 785 2010 815 quae
2029 785 2120 814 super

1273 827 1392 852 terram.

1594 917 1795 953 Quans'mouns.

1352 1010 1398 1040 84.
1431 1011 1540 1047 Quaest.
1570 1010 1587 1038 Ι.
1621 1010 1771 1047 Quaeritur
1802 1010 1836 1039 de
1864 1010 1916 1039 hoc
1944 1011 2019 1048 quod
2039 1011 2120 1045 dicit,

1273 1058 1347 1096 quod
1366 1056 1508 1095 propbeta
1530 1057 1561 1086 in
1581 1057 1683 1094 patria
1703 1066 1761 1085 saa
1790 1056 1925 1086 bonorem
1947 1066 2007 1086 non
2028 1056 2119 1086 habet.

1352 1104 1464 1133 Com-im
1486 1104 1554 1133 hoc:
1579 1105 1602 1132 1.
1625 1104 1695 1140 Quia
1716 1104 1800 1132 homo
1821 1112 1876 1132 non
1891 1104 2054 1138 honoratur,
2069 1104 2120 1133 nisi

1273 1152 1321 1181 ubi
1343 1151 1532 1189 cognoscitur:
1555 1159 1621 1188 ergo
1642 1151 1664 1179 si
1679 1151 1855 1188 cognoscitur
1869 1151 1941 1180 inter
1956 1151 2121 1188 compatrio-

1274 1202 1330 1233 tas,
1351 1207 1406 1227 non
1428 1198 1499 1227 inter
1519 1198 1701 1234 alienigenas;
1725 1197 1850 1232 videtur,
1867 1197 1948 1235 quod
1969 1197 2056 1235 magis
2070 1198 2120 1227 ho-

1274 1249 1389 1275 noretur
1411 1246 1439 1274 in
1461 1245 1549 1282 patria
1570 1253 1621 1274 sua
1642 1245 1775 1282 quam-in
1797 1245 1893 1274 aliena.

1353 1294 1378 1321 2.
1402 1292 1467 1321 ltem
1490 1292 1630 1326 videmus,
1652 1292 1725 1329 quod
1757 1291 1844 1320 David
1869 1291 2005 1328 propheta
2025 1291 2053 1319 in
2074 1299 2122 1328 pa-

1274 1340 1328 1368 tria
1342 1347 1392 1368 sua
1407 1339 1483 1376 regni
1500 1339 1634 1367 honorem
1650 1338 1755 1367 habuit.
1772 1355 1810 1359 —
1824 1339 1890 1367 Item
1905 1338 2031 1373 videtur,
2046 1337 2121 1375 quod

1274 1386 1401 1415 Christus
1422 1385 1551 1414 habuerit
1572 1386 1715 1414 honorem.
1731 1385 1839 1414 Dicitur
1853 1385 1926 1414 enim
1942 1385 1969 1414 in
1984 1385 2076 1414 littera
2089 1385 2121 1419 ¹¹,

1274 1433 1348 1470 quod
1369 1436 1541 1470 exceperunt
1562 1441 1628 1461 eum
1653 1432 1793 1461 Galilaei:
1815 1440 1882 1470 ergo
1902 1433 2120 1461 honoraverunt.

1353 1480 1530 1508 Reseonnno:
1552 1479 1721 1514 Dicendum,
1742 1479 1815 1517 quod
1848 1482 1962 1517 propter
1983 1479 2122 1516 duplicem
2134 1488 2194 1512 neap.

1274 1526 1409 1555 rationem
1430 1534 1485 1555 non
1506 1526 1661 1555 honoratur
1676 1527 1812 1564 propheta
1826 1527 1855 1555 in
1869 1526 1958 1564 patria
1979 1534 2045 1556 sua:
2060 1529 2119 1556 tum
2129 1533 2255 1559 nupiexratio.
2294 1566 2296 1571 ,

1275 1574 1382 1602 ratione
1401 1574 1599 1611 yenerationis
1627 1574 1777 1608 carnatis,
1799 1577 1859 1603 tum
1881 1573 1988 1602 ratione
2008 1581 2123 1602 conver-

1274 1620 1398 1649 sationis
1429 1619 1604 1658 familiaris.
1634 1621 1746 1650 Ratione
1773 1621 1984 1659 qenerationis5
2011 1620 2122 1658 quando

1274 1667 1347 1696 enim
1369 1667 1453 1696 habet
1475 1670 1582 1704 patrem
1603 1670 1631 1696 et
1658 1671 1775 1697 matrem
1803 1667 1938 1705 ignobiles
1959 1669 1987 1696 et
2007 1667 2075 1696 viles
2096 1671 2123 1696 et

1274 1722 1427 1751 pauperes,
1449 1714 1521 1743 sicut
1542 1714 1669 1743 Christus
1691 1715 1857 1744 credebatur
1878 1714 1995 1749 habere,
2016 1714 2123 1743 ratione

1274 1761 1377 1790 horum
1397 1761 1549 1798 despicitur
1562 1762 1593 1790 ¹2.
1610 1762 1722 1791 Ratione
1740 1762 1970 1791 conversationis
1990 1760 2123 1800 familia-

1275 1807 1336 1841 ris,
1358 1808 1423 1845 quia
1443 1808 1615 1837 familiaritas
1636 1809 1708 1845 parit
1735 1812 1938 1846 contemptum;
1960 1808 2036 1844 ideo,
2058 1816 2121 1838 cum

1275 1857 1403 1891 parentes
1423 1853 1525 1883 Christi
1556 1863 1693 1892 pauperes
1724 1859 1837 1885 nossent
1857 1859 1884 1885 et
1905 1856 1965 1885 eius
1985 1855 2124 1885 educatio-

1274 1909 1354 1936 nem,
1376 1901 1444 1930 nihil
1465 1902 1590 1931 divinum
1610 1902 1638 1931 in
1660 1910 1692 1931 eo
1713 1911 1773 1932 esse
1795 1903 1952 1932 credebant.

1356 1950 1379 1976 1.
1402 1949 1480 1985 Quod
1501 1957 1567 1986 ergo
1588 1949 1696 1984 obiicit,
1719 1950 1793 1987 quod
1821 1950 1918 1979 notitia
1948 1949 2013 1979 facit
2033 1949 2123 1979 homi-

1273 2003 1336 2024 nem
1359 1996 1505 2031 honorari;
1527 1996 1690 2031 dicendum,
1712 1997 1786 2034 quod
1818 1998 1915 2026 notitia
1934 1997 2055 2026 virtutis
2075 1996 2123 2025 ad-

1273 2042 1358 2076 iuvat,
1380 2043 1427 2071 sed
1448 2043 1544 2071 notitia
1564 2043 1690 2080 oriqinis
1710 2047 1737 2072 et
1758 2043 1942 2080 infirmitatis
1962 2043 2085 2081 impedit.

1352 2091 1378 2118 2.
1401 2089 1479 2126 Quod
1500 2090 1593 2119 obiicit
1612 2090 1646 2119 de
1668 2090 1753 2119 David
1774 2093 1801 2119 et
1822 2091 1882 2120 aliis
1903 2091 2061 2128 prophetis,
2077 2098 2121 2120 re-

1274 2135 1480 2173 spondendum,
1502 2136 1576 2173 quod
1602 2145 1642 2165 «a
1663 2145 1728 2165 raro
1749 2137 1972 2175 contingentibus
1992 2145 2047 2166 non
2074 2137 2122 2166 de-

1274 2182 1319 2211 bet
1340 2183 1410 2211 ratio
1431 2184 1605 2220 pronuntiari
1619 2184 1678 2212 13».
1699 2185 1730 2212 Et
1744 2185 1810 2222 quia
1824 2185 1876 2214 hoc
1890 2193 1955 2213 raro
1973 2184 2124 2222 contingit,

1273 2229 1333 2258 ideo
1354 2233 1405 2259 etc.
1429 2247 1464 2250 —
1486 2230 1565 2267 Quod
1585 2231 1731 2265 obiicitur,
1760 2231 1835 2268 quod
1865 2233 2056 2269 exceperunt;
2079 2239 2123 2261 re-

1341 2454 1359 2467 ¹¹
1378 2456 1442 2478 Vers.
1462 2455 1498 2479 45.
1515 2468 1546 2473 —
1564 2456 1675 2484 Superius
1697 2459 1749 2485 post
1771 2456 1885 2480 honorem
1906 2457 1943 2480 ed.
1961 2457 2025 2480 addit
2040 2456 2066 2480 in
2077 2463 2124 2487 pa-

1277 2494 1325 2517 tria
1342 2500 1394 2518 sua.

1341 2532 1359 2546 ¹²
1377 2534 1499 2563 Origenes,
1517 2535 1539 2557 in
1558 2536 1616 2558 loan.
1629 2538 1685 2558 tom.
1698 2536 1735 2558 13.
1747 2542 1770 2558 n.
1783 2535 1824 2559 54:
1837 2536 1936 2559 Proinde
1945 2535 2122 2559 conviciantium

1277 2576 1329 2596 sunt
1349 2573 1418 2596 etiam
1440 2575 1483 2596 hae
1504 2580 1574 2597 voces
1593 2574 1682 2604 [Matth.
1700 2575 1742 2602 13,
1760 2575 1798 2597 55.
1815 2577 1837 2598 et
1854 2574 1918 2605 56.]:
1936 2574 2020 2598 Nonne
2036 2574 2075 2598 hic
2090 2576 2124 2598 est

1277 2611 1342 2642 fabri
1356 2611 1438 2643 filius?
1455 2612 1539 2636 Nonne
1555 2613 1632 2637 Mater
1649 2613 1698 2637 eius
1722 2613 1809 2637 dicitur
1825 2613 1912 2643 Maria,
1930 2615 1953 2637 et
1967 2613 2056 2644 fratres
2074 2613 2124 2637 eius

1276 2653 1335 2675 sant
1349 2651 1415 2681 apud
1430 2653 1492 2675 nos?
1510 2652 1575 2676 Unde
1591 2658 1648 2682 erqo
1665 2652 1720 2676 huic
1738 2653 1795 2676 haec
1811 2652 1910 2676 omnia?

1341 2688 1360 2702 ¹³
1377 2690 1508 2719 Chrysost.‚
1521 2691 1543 2713 in
1555 2692 1616 2714 ioan.
1627 2692 1707 2715 homil.
1719 2692 1756 2715 35.
1769 2692 1833 2719 (alias
1845 2691 1892 2721 34.)
1904 2698 1928 2714 n.
1939 2692 1966 2714 2:
1978 2691 2039 2721 Quid
2050 2693 2123 2720 ergo?

1276 2729 1380 2758 inquies,
1392 2736 1421 2752 an
1433 2736 1480 2752 non
1492 2731 1576 2753 multos
1593 2731 1713 2758 videmus,
1731 2731 1770 2760 qui
1787 2731 1851 2760 apud
1868 2731 1992 2760 populares
2013 2737 2069 2754 suos
2084 2730 2124 2753 ad-

2141 1961 2172 1980 Ad
2183 1960 2258 1980 obtecta.

1277 2768 1393 2791 mirationi
1410 2768 1540 2792 habentur?
1557 2769 1669 2793 Videmus
1691 2770 1783 2799 utique;
1806 2770 1847 2793 sed
1869 2776 1910 2798 per
1935 2776 1962 2793 ea
1989 2775 2051 2799 quae
2070 2775 2125 2792 raro
2144 2767 2148 2771 ”

1277 2808 1424 2837 contingunt,
1435 2814 1482 2831 non
1494 2811 1528 2831 est
1544 2809 1656 2832 sententia
1673 2810 1776 2832 serenda.
1793 2809 1861 2838 Quod
1877 2809 1897 2832 si
1907 2809 2004 2838 quidam
2016 2809 2038 2831 in
2050 2809 2123 2837 patria

1276 2853 1318 2870 sua
1335 2848 1448 2870 honorem
1464 2850 1518 2870 sunt
1534 2849 1664 2876 consecuti,
1685 2849 1757 2871 multo
1778 2848 1854 2876 magis
1874 2848 1897 2870 in
1920 2848 2004 2877 aliena;
2027 2853 2125 2871 consue-

1276 2886 1332 2909 tudo
1349 2892 1450 2916 namque
1467 2889 1626 2915 contemptum
1644 2893 1726 2916 parere
1742 2888 1808 2911 solet.

2269 0 2278 98 l

2258 87 2279 165 i,

2270 181 2280 227 l

2276 249 2279 295 l

2284 1490 2285 1511 „⁴
2283 1443 2288 1477 “
2272 1181 2287 1414 -θ-μᾈ
2283 1167 2286 1180 -
