2296 3316
256 551 311 574 Hesp.
325 555 365 568 curn

247 574 373 592 distinctione.

295 1373 372 1392 Divisio.

392 145 446 173 318

473 222 494 248 l.
517 219 585 255 Quia
606 218 676 246 infra
697 217 795 246 ultimo
808 217 817 233 ¹
838 216 940 244 dicitur
967 215 1001 243 de
1022 215 1114 243 Petro:
1135 214 1232 250 Siqui-

389 266 499 303 ficans,
521 273 580 303 qua
604 267 694 292 morte
722 262 944 299 clarificaturus
965 264 1035 289 esset
1059 260 1157 288 Deam.
1180 259 1232 287 Ho-

390 312 477 340 mines
497 311 581 347 igitur
602 309 753 338 clarificant
772 308 869 337 Deum.

468 359 493 386 2.
506 358 581 391 Item,
596 356 630 385 ad
645 356 831 393 Philippenses
846 354 937 391 primo
949 354 975 381 ¹⁴:
991 352 1232 390 Maynificabitur

393 404 525 433 Christus
554 404 583 431 in
611 410 730 440 corpore
757 409 818 430 meo
842 401 902 429 Sive
926 408 981 437 per
1007 402 1147 432 mortem,
1172 399 1232 427 sive

387 460 441 488 per
460 451 560 478 vitam.

469 498 642 525 Respoxnsso:
663 494 829 528 Dicendum,
850 493 924 530 quod
944 493 1037 521 differt
1060 492 1152 521 dicere
1173 491 1232 520 cla-

390 543 508 581 rificari
527 543 558 571 in
578 541 691 570 bomine
712 544 739 570 et
756 549 810 578 per
835 539 978 568 hominem
999 541 1026 567 et
1047 538 1083 566 ab
1109 537 1230 566 bomine.

389 588 538 618 Clarificari
560 588 591 616 in
612 586 724 616 bomine
745 589 786 615 est
807 594 887 614 suam
901 585 1053 615 claritatem
1069 584 1173 613 homini
1188 591 1232 612 re-

389 636 496 669 velare;
518 634 663 663 clarificari
681 642 735 671 per
757 632 899 661 bominem
930 634 972 661 est
1002 639 1051 668 per
1072 631 1151 659 illum
1172 630 1233 659 aliis

389 681 527 719 propalari
539 681 565 715 ⁸;
581 680 726 709 clarificari
740 679 777 708 ab
792 678 906 708 homine
926 681 968 708 est
981 678 1095 715 gloriam
1111 677 1232 714 aliquam

390 729 424 757 ab
445 728 554 756 homine
576 727 627 756 sibi
647 727 707 756 dari
728 729 755 755 et
775 726 879 763 augeri.
902 725 1001 754 Primis
1021 724 1131 753 duobus
1144 723 1233 752 modis

390 778 432 804 est
452 783 566 809 verum,
587 774 635 803 sed
656 773 737 802 tertio
756 773 857 801 falsum
867 773 887 800 ⁴.

469 822 515 850 81.
537 821 646 857 Quaest.
669 820 697 848 ΙΙ.
719 820 785 848 [tem
806 818 951 856 quaeritur
972 817 1006 846 de
1026 817 1079 845 hoc
1100 816 1175 854 quod
1192 815 1233 844 di-

391 868 441 897 cit:
464 868 524 905 Eyo
544 876 602 896 non
623 866 766 895 accusabo
786 874 837 894 vos
858 864 940 901 apud
961 864 1089 892 Patrem.

468 914 595 943 CONTflaz
621 915 644 942 l.
667 913 757 941 lustus
784 914 825 941 est
852 911 980 940 Christus
1003 913 1034 944 >et
1061 918 1116 938 non
1143 912 1233 946 potest

390 969 444 989 non
465 968 524 989 esse
544 960 649 988 iustus:
671 967 737 995 ergo
758 959 829 987 sicut
849 957 910 986 eius
936 960 978 986 est
999 956 1112 985 laudare
1133 956 1232 990 bonos,

390 1008 428 1036 ita
447 1007 529 1035 etiam
549 1013 680 1034 accusare
702 1005 797 1034 malos.

1008 137 1179 165 COMMENT.
1203 138 1234 165 ΙΝ
1256 137 1401 165 ΙΟΑΝΝΕΜ
1422 138 1450 165 C.
1473 137 1514 165 Vl.

1368 214 1394 241 2.
1417 213 1492 246 ltem,
1509 212 1638 241 Ieremiae
1656 211 1788 247 vigesimo
1806 210 1913 238 nono⁵z
1929 210 1986 247 Ego
2003 218 2070 238 sum
2087 210 2133 238 ia-

1288 259 1343 287 dex
1354 262 1379 287 et
1391 258 1484 287 testis.-
1499 266 1565 295 ergo
1580 258 1602 286 si
1617 257 1674 286 veri
1691 256 1767 285 testis
1781 258 1823 285 est
1835 263 1966 284 accusare
1980 256 2066 284 malos
2080 258 2132 284 etc.

1366 304 1543 333 Responnsso:
1564 303 1732 337 Dicendum,
1747 302 1822 339 quod
1841 301 1981 335 ChristuS,
1996 304 2132 338 quantum

1288 350 1316 378 in
1337 358 1366 379 se
1387 352 1444 384 est,
1465 352 1555 378 morte
1576 358 1627 378 sua
1647 356 1676 377 se
1696 348 1812 382 obtulit3
1834 350 1861 376 et
1882 346 1948 384 quia
1972 355 2023 384 pro
2044 347 2132 376 omni-

1288 396 1356 430 bus,
1378 396 1438 425 ideo
1459 397 1487 425 in
1507 399 1643 434 quantum
1664 399 1706 424 est
1726 395 1760 424 de
1780 403 1825 429 se,
1847 394 1985 423 neminem
2007 395 2133 428 accusat3

1288 444 1362 473 unde
1382 443 1498 472 Glossa⁶
1519 443 1599 472 dicit:
1625 454 1638 468 «
1654 442 1770 479 Sanguis
1800 441 1902 470 Christi
1931 440 2068 469 neminem
2089 447 2136 469 ac-

1289 493 1383 524 cusat,
1404 489 1452 518 sed
1473 490 1572 518 clamat
1592 489 1713 523 veniam,
1735 487 1847 525 sanguis
1861 487 1926 516 Abel
1946 487 2135 522 vindictam»,

1288 536 1413 565 doctrina
1433 536 1517 572 Moysi
1538 535 1695 564 vindictam.
1717 535 1793 563 Unde
1814 534 2038 571 intelligendum,
2060 533 2135 571 quod

1288 583 1347 619 ipse
1367 591 1422 611 non
1443 584 1555 611 accusat
1575 590 1609 610 ex
1630 590 1676 616 se,
1698 581 1745 610 sed
1766 590 1801 610 eae
1823 589 1917 609 caasa
1938 583 2043 609 ‘nostra
2054 580 2075 608 ⁷.
2097 596 2136 601 —-

1289 629 1338 658 Vel
1357 628 1521 662 dicendum,
1542 628 1616 665 quod
1637 636 1692 656 non
1707 627 1797 664 primo
1812 630 1839 655 et
1853 626 2042 664 principaliter
2056 634 2135 656 accu-

1289 678 1345 709 sat;
1367 674 1414 704 sed
1437 674 1524 711 magis
1544 674 1732 711 principaliter
1754 674 1874 710 Moyses,
1890 673 1933 702 cui
1949 681 2004 702 non
2018 673 2135 703 credunt

1288 721 1457 759 praedicenti
1478 720 1619 749 Christum
1631 720 1651 748 ⁸.

1368 768 1414 796 82.
1435 767 1546 803 Quaest.
1569 767 1609 794 Ill.
1642 767 1707 795 Item
1735 767 1882 804 quaeritur
1909 767 1943 796 de
1970 770 2134 804 argumento

1289 814 1413 843 Domini:
1436 813 1469 842 Si
1488 822 1546 842 ηοη
1574 813 1692 842 creditis
1723 813 1827 842 litteris
1856 813 1964 851 Moysi,
1992 813 2134 851 quomodo

1289 861 1383 890 verbis
1405 860 1476 889 meis
1497 860 1638 889 credetis?
1660 876 1697 881 —
1719 860 1835 889 Videtur
1856 868 1916 889 esse
1937 861 2015 889 locus
2039 869 2058 889 a
2078 860 2135 889 mi-

1289 907 1379 936 nori⁹
1401 907 1534 944 negando.

1368 954 1544 983 ResPONDEo:
1567 953 1622 982 Etsi
1643 954 1679 982 sit
1700 954 1793 982 minus
1810 953 1996 991 simpliciter,
2018 953 2072 983 non
2094 957 2134 983 ta-

1290 1009 1353 1030 men
1374 1001 1493 1029 Iudaeis
1514 1000 1616 1035 minus,
1638 1000 1685 1029 sed
1707 1000 1805 1029 maius.

1151 1113 1312 1141 Clima-ntum
1333 1112 1375 1140 Vl.

485 1226 596 1256 Secundo,
613 1225 689 1249 Filius
704 1225 744 1249 Dei
760 1232 784 1248 se
800 1224 936 1248 manifestat
951 1224 1139 1247 conservatorem.

472 1321 495 1348 1.
518 1320 588 1348 Post
615 1318 684 1348 haec
711 1318 784 1347 abiit
811 1319 891 1346 Iesus
913 1321 998 1346 trans
1022 1326 1106 1346 mare
1131 1320 1181 1345 etc.
1204 1317 1232 1344 ln

391 1366 564 1404 praecedenti
585 1366 704 1403 capitulo
724 1365 843 1394 ostendit
863 1373 891 1394 se
906 1364 1039 1393 Dominus
1060 1367 1232 1397 curatorem,

391 1414 419 1442 in
440 1414 492 1442 hac
506 1416 584 1450 parte
608 1412 726 1441 ostendit
746 1420 775 1441 se
796 1415 1034 1441 conservatorem.
1051 1411 1082 1439 Et
1096 1410 1162 1447 quia
1176 1410 1234 1446 ipse

393 1463 434 1488 est
455 1462 631 1488 conservator
652 1466 800 1495 corporum
821 1462 848 1487 et
862 1458 1028 1495 spirituum,
1050 1460 1077 1485 et
1098 1464 1148 1493 per
1171 1456 1233 1484 visi-

392 1506 457 1535 bilia
481 1506 642 1543 pervenitur
662 1505 697 1534 ad
717 1505 863 1533 invisibilia
874 1505 912 1538 ¹⁰;
934 1504 1024 1541 primo
1055 1503 1173 1532 ostendit
1205 1510 1234 1531 se

393 1555 614 1581 conservatorem
635 1560 809 1588 coiporum;
824 1550 944 1579 secundo
958 1558 1040 1584 vero,
1055 1549 1233 1586 spirituum,

393 1599 430 1627 ibi
443 1600 480 1626 ¹¹:
504 1598 604 1626 Altera
624 1598 670 1626 die
691 1597 787 1626 turba.

514 1698 588 1721 Primo
605 1704 628 1721 se
644 1697 779 1721 manifestat
795 1697 974 1720 conservatorem
990 1704 1112 1727 corporum.

472 1784 707 1813 Conservatorem
722 1784 807 1821 igitur
828 1792 984 1821 corporum
999 1791 1028 1812 se
1048 1783 1166 1812 ostendit
1184 1783 1234 1812 mi-

249 1837 381 1857 subdivisioin
392 1831 515 1860 rabiliter
535 1830 682 1859 reficiendo
704 1830 899 1867 corporaliter;
921 1837 991 1867 quae
1010 1829 1143 1857 mirabilis
1164 1829 1234 1857 rese-

261 1862 271 1879 3
280 1861 368 1880 membra.

262 2094 330 2115 Primo,
344 2098 375 2111 an-

262 2116 367 2136 tecedeotia

267 2143 309 2159 sunt
321 2145 365 2163 qua-

294 2166 341 2181 tuor.

392 1878 445 1907 ctio
465 1877 631 1906 describitur
652 1880 787 1914 quantum
816 1876 849 1904 ad
871 1877 942 1905 tria:
964 1876 1069 1913 primo,
1097 1878 1233 1912 quantum

392 1924 425 1953 ad
446 1924 655 1956 (antecedentim
676 1923 812 1956 secundo,
833 1925 969 1959 quantum
984 1922 1016 1951 ad
1039 1922 1234 1951 concomitan-

393 1971 447 2005 tia,
462 1971 499 1999 ibi
509 1971 546 1998 ¹²¹:
565 1970 638 1998 Dicit
652 1978 719 2007 eryo
734 1970 829 1998 Iesus:
846 1970 943 1997 Facite
957 1972 1021 2003 ete.;
1037 1969 1130 2003 tertio,
1146 1977 1234 2006 quan-

391 2020 451 2046 tum
471 2017 505 2045 ad
526 2016 740 2055 consequentia,
762 2016 814 2045 ibi:
833 2016 878 2044 Illi
891 2019 989 2044 aulem
1003 2015 1143 2050 homines,
1166 2024 1234 2044 cam

394 2064 528 2092 vidissent
549 2066 599 2092 etc.

470 2109 670 2138 Aateeezlentia
697 2112 802 2143 autem,
831 2117 903 2146 quae
924 2109 1038 2137 suerunt
1066 2117 1149 2137 causa
1176 2109 1234 2138 sive

392 2156 497 2184 occasio
506 2156 527 2172 ¹³
543 2156 656 2184 faciendi
672 2156 850 2189 miraculum,
869 2158 935 2184 suut
949 2158 1081 2193 quatuor:
1097 2156 1233 2193 primum,

458 2284 465 2297 ¹
484 2285 549 2307 Vers.
572 2285 605 2307 ¹9.

457 2322 466 2335 ²
484 2324 550 2346 Yers.
568 2324 604 2346 20.

457 2361 466 2374 ³
483 2363 524 2385 Ed.
541 2364 596 2385 haec
614 2363 660 2385 duo
678 2363 781 2385 membra
801 2364 828 2385 ita
846 2364 979 2391 coniungit:
997 2363 1134 2394 Clarz'ficari
1155 2363 1179 2387 in
1196 2364 1234 2387 1ιο-

395 2401 456 2423 mine
473 2403 495 2424 et
507 2408 552 2431 per
569 2401 687 2424 hominem
703 2403 736 2425 est
753 2402 777 2424 in
795 2402 835 2425 illo
853 2403 875 2425 et
890 2409 933 2431 per
950 2402 1019 2425 illum
1036 2402 1090 2426 αἰίιζς
1099 2403 1236 2432 propalari.

456 2439 466 2452 ⁴
482 2441 597 2463 Gorranus
620 2441 677 2463 hanc
700 2441 880 2468 propositionem
904 2441 933 2463 ita
956 2441 1062 2464 exhibet:
1082 2442 1142 2464 Deus
1158 2442 1235 2471 itaque

396 2479 530 2501 clarificatur
547 2478 572 2501 in
588 2479 681 2502 homine
697 2482 719 2501 et
736 2486 781 2508 pet·
804 2479 935 2507 hommem,
953 2480 995 2502 sed
1016 2486 1061 2502 non
1084 2479 1113 2503 ab
1135 2480 1236 2503 homine.

396 2517 441 2540 Csr.
457 2524 526 2544 supra
544 2524 566 2539 n.
582 2517 620 2540 73.

458 2554 467 2566 ⁵
486 2556 550 2577 Vers.
568 2556 605 2577 23.

458 2592 467 2605 '³
485 2594 573 2616 Scilicet
590 2594 749 2617 intalinearis
767 2595 839 2623 (apud
856 2596 914 2618 Petr.
931 2595 1056 2619 Lombard.
1068 2594 1098 2619 ‘et
1120 2597 1235 2625 Lyranum

397 2639 422 2655 ex
439 2633 547 2660 Gregor.,
564 2633 619 2655 Xlll,
636 2634 712 2655 llloral.
730 2640 749 2655 c.
767 2634 804 2656 23.
821 2640 844 2656 n.
869 2635 907 2656 26.
926 2634 972 2657 Cfr.
994 2636 1062 2657 etiam
1085 2636 1182 2663 Haymo)
1213 2636 1236 2658 in

397 2671 465 2693 llebr.
486 2673 524 2698 12,
547 2672 591 2694 24:
614 2672 643 2695 Ει
665 2672 791 2702 sunyztinis
813 2673 973 2702 aspersionem
995 2674 1080 2697 mellus
1103 2674 1236 2704 loquentem

397 2716 469 2739 quam
494 2710 561 2738 Abel,
579 2711 632 2739 quia
657 2712 698 2733 istc
723 2712 827 2739 veniam,
846 2712 881 2734 ille
901 2713 1041 2740 vindictam,
1064 2713 1105 2735 iste
1126 2714 1236 2742 salutem,

396 2749 468 2771 immo
489 2752 511 2771 et
532 2750 721 2778 persequentibus
742 2751 846 2777 veniam,
864 2757 917 2773 cum
941 2752 1013 2780 inquit
1034 2752 1097 2780 [Luc.
1115 2753 1155 2780 23,
1174 2752 1235 2782 3431:

397 2788 480 2815 Pater,
498 2788 590 2817 ignosce
606 2792 661 2815 etc.;
679 2789 715 2811 ille
732 2790 904 2812 damnationem
922 2791 1012 2813 clamat.

457 2825 465 2838 ⁷
484 2827 516 2849 De
534 2828 575 2849 hac
592 2828 737 2850 distinctione
753 2830 794 2851 cfr.
811 2832 867 2851 tom.
884 2830 898 2851 1.
915 2836 970 2857 pag.
986 2830 1046 2857 728,
1064 2833 1116 2852 nota
1128 2831 1151 2852 2.
1165 2829 1235 2852 verba

398 2866 541 2888 Damasceni.
562 2867 677 2894 Allcgatur
699 2867 767 2889 etiam
790 2874 832 2895 pro
856 2868 904 2895 ipsa
927 2868 1002 2890 Mattli.
1023 2869 1065 2897 25,
1084 2868 1128 2891 42:
1147 2869 1236 2891 Esurivi

399 2904 471 2930 enim,
488 2907 510 2925 et
527 2910 572 2926 non
590 2904 685 2927 dedistis
702 2906 756 2927 mihi
774 2906 916 2928 manducare
933 2909 976 2929 ete.

1289 1222 1494 1259 superveniens
1508 1221 1682 1255 multitud&
1697 1222 1849 1251 secundum
1864 1229 1945 1256 vero,
1960 1221 2016 1250 loci
2028 1225 2054 1250 et
2068 1225 2136 1250 tem-

1286 1269 1371 1306 poris
1392 1269 1542 1306 aplicud0,·
1558 1269 1686 1303 tertium,
1707 1267 1835 1306 desectas
1850 1269 1940 1306 pretii
1953 1268 1988 1297 ad
2008 1268 2135 1297 ciborum

1290 1316 1471 1352 emptionem;
1494 1318 1639 1352 quartum,
1661 1315 1868 1353 insufficientia
1885 1315 1943 1344 cibi
1955 1315 1989 1344 ad
2010 1315 2137 1344 multitu-

1290 1362 1361 1391 dinis
1382 1362 1567 1391 resectionem.

1369 1410 1395 1437 2.
1419 1409 1506 1445 (Vers.
1533 1410 1578 1440 1.).
1600 1409 1691 1437 Prima
1711 1408 1796 1445 igitur
1817 1409 1923 1438 occasio
1950 1409 2065 1438 faciendi
2086 1409 2137 1438 mi-
2150 1409 2263 1453 Exyggffijfl

1291 1456 1418 1484 raculum
1439 1455 1491 1484 fuit
1518 1456 1723 1492 superveniens
1743 1456 1916 1490 multitudo,
1942 1464 2014 1493 quae
2042 1459 2138 1485 secuta
2154 1457 2256 1481 ”Urim-

1291 1505 1332 1530 est
1352 1501 1493 1530 Christum
1518 1505 1600 1530 extra
1626 1502 1743 1538 patriam
1765 1510 1844 1531 suam
1872 1502 1906 1531 ad
1934 1502 2051 1531 videnda
2077 1503 2138 1532 eius

1290 1547 1433 1576 miracula.
1453 1547 1568 1585 Propter
1583 1548 1657 1584 quod
1674 1548 1755 1576 dicit:
1772 1548 1842 1576 Post
1855 1547 1957 1577 baec¹⁴
1971 1548 2044 1577 abiit-
2057 1549 2138 1578 lesus

1292 1598 1377 1622 trans
1398 1602 1479 1622 mare
1504 1593 1666 1628 Galilaeae,
1688 1594 1766 1632 qaod
1786 1597 1827 1623 est
1854 1594 2034 1629 Tiberiadis‚·
2054 1604 2138 1625 mare

1295 1640 1443 1669 Galilaeae
1463 1640 1565 1669 dicitur
1585 1649 1602 1669 a
1622 1641 1747 1678 regione,
1776 1641 1941 1670 Tiberiadis
1961 1649 1977 1670 a
1997 1641 2115 1671 civitate.

1370 1688 1396 1716 3.
1419 1687 1507 1724 (Vers.
1534 1688 1582 1723 2).
1617 1688 1651 1716 Ec
1681 1687 1854 1726 sequebatur
1885 1697 1951 1717 eum
1981 1688 2137 1718 multitudo

1290 1743 1418 1772 mayna;
1449 1737 1476 1763 et
1507 1734 1578 1762 ratio
1608 1734 1693 1763 huius
1715 1734 1859 1763 subditur:
1893 1735 1971 1771 Quia
2002 1735 2138 1764 videbant

1290 1781 1393 1819 signa,
1415 1790 1489 1819 qaae
1509 1780 1636 1818 faciebat
1650 1790 1740 1818 saper
1761 1780 1806 1810 his
1820 1781 1872 1819 qui
1892 1781 2134 1819 infirmabantur.

1291 1828 1405 1864 Propter
1427 1828 1494 1857 haec
1515 1828 1592 1865 signa
1619 1828 1736 1857 videnda
1763 1829 1952 1866 sequebantur
1979 1829 2137 1864 Christum,

1291 1874 1371 1912 quia,
1394 1875 1465 1903 sicut
1485 1875 1586 1904 dicitur
1619 1875 1725 1912 primae
1755 1875 1789 1904 ad
1816 1875 1972 1905 Corinthios
1999 1876 2090 1913 primo
2105 1876 2137 1911 ¹⁵,

1295 1934 1308 1947 «
1324 1922 1414 1950 Iudaei
1429 1922 1506 1959 signa
1526 1925 1708 1959 quaerunt»;
1730 1926 1757 1951 et
1778 1930 1840 1951 cum
1861 1923 1952 1952 vident
1969 1923 2058 1960 signa,
2080 1931 2139 1952 ma-

1290 1968 1421 2005 gnificant
1441 1969 1544 2003 Deum;
1567 1969 1655 1997 Lucae
1672 1969 1784 2006 quinto:
1804 1981 1818 1994 «
1830 1969 1933 2006 Repleti
1954 1972 2020 1998 sunt
2040 1969 2139 1998 timore

1291 2019 1318 2045 et
1331 2015 1427 2045 ecstasi
1442 2015 1578 2044 dicentes:
1600 2015 1670 2052 Quia
1701 2015 1820 2044 vidimus
1850 2015 1987 2044 mirabilia
2011 2016 2092 2045 hodie
2110 2028 2137 2045 ».

1291 2063 1405 2099 Propter
1420 2062 1487 2091 haec
1509 2062 1586 2099 signa
1606 2062 1786 2091 attrahuntur
1802 2062 1891 2091 ludaei
1913 2066 1941 2091 et
1968 2063 2051 2091 etiam
2074 2071 2138 2092 con-

1291 2110 1458 2143 firmantur;
1485 2109 1569 2138 Exodi
1591 2109 1697 2138 decimo
1717 2112 1833 2146 quarto:
1859 2121 1873 2134 <1
1888 2110 1962 2138 State
1993 2112 2021 2138 et
2048 2110 2138 2139 videte

1290 2156 1426 2193 magnalia
1447 2155 1571 2190 Domini,
1593 2163 1664 2192 quae
1685 2155 1811 2184 facturus
1831 2158 1872 2184 est
1888 2167 1913 2184 υ.

1356 2284 1365 2297 ⁵
1382 2285 1427 2308 Csr.
1444 2284 1575 2313 Clirysost.,
1593 2285 1615 2306 in
1633 2285 1693 2307 loan.
1710 2284 1789 2307 homil.
1808 2284 1844 2307 41.
1864 2285 1928 2314 (alias
1945 2284 1991 2314 40.)
2004 2292 2027 2308 n.
2039 2286 2066 2308 2:
2078 2286 2139 2308 Tan-

1293 2327 1340 2347 tum
1359 2325 1420 2347 enirn
1436 2324 1514 2351 abest,
1532 2327 1557 2346 ut
1573 2324 1629 2352 Legi
1645 2330 1788 2352 repugnem,
1806 2326 1830 2346 ut
1847 2324 1866 2346 is
1882 2324 1923 2353 qui
1935 2330 1978 2347 vos
1989 2327 2139 2347 accusaturus

1293 2367 1339 2392 est,
1357 2364 1432 2386 nullus
1449 2364 1505 2386 alius
1522 2364 1551 2386 sit
1567 2370 1638 2392 quam
1656 2363 1675 2385 is
1691 2363 1731 2392 qui
1749 2363 1834 2391 Legem
1852 2363 1920 2386 vobis
1936 2364 2001 2386 dedit
2017 2366 2061 2386 etc.

1355 2401 1365 2414 ⁹
1382 2403 1441 2425 Vide
1458 2405 1512 2424 tom.
1531 2402 1546 2424 l.
1568 2407 1615 2430 pag
1646 2401 1703 2429 835,
1722 2404 1773 2424 nota
1791 2401 1813 2424 5.
1830 2414 1861 2418 -
1878 2402 1919 2424 Ed.
1936 2402 2084 2431 prosequitur
2105 2401 2138 2425 ad

1293 2441 1379 2464 maius.
1398 2440 1511 2470 Neon-ndo
1530 2439 1657 2470 respondeo
1667 2449 1676 2468 ,·
1692 2446 1750 2463 nam
1767 2440 1810 2463 elsi
1826 2443 1869 2463 etc.

1356 2479 1375 2492 ¹⁰
1392 2480 1436 2503 Cl‘r.
1454 2481 1521 2502 Rom.
1539 2480 1547 2501 'l
1560 2497 1565 2507 ,
1583 2480 1621 2502 20.

1356 2518 1373 2531 ¹¹
1392 2519 1458 2541 Yers.
1476 2520 1512 2541 22.
1525 2531 1556 2535 —
1567 2519 1624 2541 Ante
1642 2517 1673 2541 ibi
1689 2518 1735 2541 fide
1752 2518 1820 2541 codd.
1838 2518 1854 2541 C
1865 2519 1908 2541 DN
1926 2519 2047 2541 omisimus
2064 2520 2085 2542 et
2102 2518 2139 2541 ἰη-

1293 2557 1349 2588 cipit
1364 2557 1468 2581 secunda
1485 2564 1552 2586 pars.

1356 2595 1374 2608 ¹²
1393 2597 1459 2619 Vers.
1472 2597 1516 2618 1l0:
1533 2596 1600 2619 Diaez't
1611 2602 1668 2625 erqo
1685 2599 1740 2624 etc.;
1758 2595 1814 2618 ibid.
1832 2603 1855 2618 v.
1876 2596 1909 2618 14.
1927 2599 1961 2618 est
1975 2597 2082 2619 tertium:
2100 2596 2140 2619 Illi

1293 2643 1349 2666 erqo
1367 2636 1473 2659 homines
1491 2638 1534 2658 etc.

1357 2674 1376 2687 ²³
1394 2675 1435 2697 Ed.
1452 2675 1528 2704 oriqo.

1356 2712 1375 2725 ¹⁴
1392 2714 1420 2736 Ut
1436 2713 1539 2735 nonnulli
1556 2716 1649 2741 putant,
1666 2719 1713 2735 nou
1729 2713 1805 2736 statim
1828 2716 1880 2741 post
1904 2719 1931 2735 ea
1954 2719 2015 2742 quae
2039 2713 2061 2735 in
2087 2719 2138 2741 cap.

1293 2753 1440 2780 praecedenti
1458 2756 1547 2775 narrata
1565 2756 1630 2779 sunt,
1647 2753 1688 2775 sed
1706 2755 1758 2780 post
1774 2759 1845 2775 unum
1864 2754 1910 2774 scre
1931 2758 2026 2774 annum.
2043 2752 2088 2775 Csr.
2105 2752 2139 2774 in-

1294 2793 1327 2814 fra
1344 2798 1367 2814 n.
1384 2792 1405 2813 5.

1357 2829 1375 2842 ¹⁵
1393 2830 1459 2853 Vers.
1476 2831 1514 2852 22.
1531 2843 1562 2847 —
1578 2831 1628 2853 Duo
1645 2837 1711 2859 seqq.
1728 2831 1770 2853 loci
1788 2833 1841 2853 sunt
1857 2831 1912 2853 Luc.
1929 2831 1955 2857 5,
1974 2831 2011 2852 26.
2028 2832 2051 2852 et
2068 2830 2137 2853 Exod.

1294 2869 1334 2897 44,
1353 2870 1389 2891 s13.
1406 2881 1437 2885 --
1454 2870 1496 2891 Pro
1513 2869 1592 2893 vident
1608 2869 1691 2899 siqua,
1709 2869 1865 2900 maqnificanl
1886 2869 1905 2891 D
1927 2868 2033 2892 viderent
2053 2868 2138 2898 siyna,

1293 2906 1487 2937 maqm'ficabant.

2150 307 2206 333 hosp.

2152 633 2218 653 Aliter.
