2296 3316
326 269 395 287 Primo.

300 777 393 797 Secundo.

324 964 393 983 Tertio.

265 1383 357 1404 Secundo,
368 1383 394 1401 sa-

277 1407 303 1425 eit
312 1407 331 1425 in
340 1406 394 1425 nobis

278 1430 320 1448 tria.

265 1454 298 1472 Est
307 1453 393 1471 amanda,

268 1849 403 1868 Praedicauda.

296 2037 395 2056 imitanda.

282 2319 327 2337 Tres
341 2318 398 2336 ratio-

271 2347 303 2360 nes
316 2341 340 2359 ad
357 2341 398 2359 imi·

272 2365 354 2383 tandum.

329 2387 397 2406 Prima.

305 2550 399 2569 Secunda.

413 184 468 211 592

410 259 527 297 qratiae
547 261 572 286 et
594 257 628 285 ad
648 256 751 285 bonum
781 253 901 292 gloriae.
922 269 962 273 —-—
982 253 1055 281 Mors
1075 251 1176 280 Christi
1198 250 1252 278 im-

408 309 506 343 petrat
525 303 657 336 veniam,-
685 301 758 330 unde
789 300 822 329 ad
854 300 990 328 Hebraeos
1020 306 1092 326 nono
1105 299 1129 325 ¹:
1164 308 1177 322 (ε
1192 296 1253 325 Ideo

411 352 473 380 novi
492 350 645 380 testamenti
667 348 800 377 mediator
815 350 871 380 est,
886 349 933 380 ut,
950 347 1038 374 morte
1053 343 1252 376 intercedente,

411 398 437 426 in
453 397 669 433 redemptionem
684 402 781 423 earum
793 391 1074 430 praevaricationum,
1089 398 1160 427 quae
1174 392 1253 418 eraut

411 444 463 472 sub
485 443 570 480 priori
592 443 770 474 testamento,
792 438 1034 476 repromissionem
1055 436 1190 473 accipiant
1205 435 1253 472 qui

410 489 497 518 vocati
519 492 584 517 sunt
610 490 738 516 aeternae
767 485 927 515 hereditatis
945 495 972 518 »;
1001 487 1028 512 et
1049 483 1110 511 ideo
1140 482 1174 511 ad
1204 482 1253 510 He-

411 537 508 564 braeos
528 534 690 563 duodecimo
711 533 846 562 confortat
865 531 1009 568 Apostolus
1031 530 1124 558 fideles
1144 529 1252 557 dicens:

416 594 428 607 <1
443 581 598 610 Accessistis
625 580 658 609 ad
685 580 748 608 novi
779 578 935 607 testamenti
960 577 1138 606 mediatorem
1165 576 1253 604 lesum

410 633 437 658 et
458 628 599 665 sanguinis
629 626 817 664 aspersionem
848 625 947 654 melius
979 625 1137 661 loquentem
1169 630 1254 660 quam

410 676 474 704 Abel
490 686 516 708 »;
539 674 599 703 ideo
631 673 734 702 melitis
763 673 937 710 loquentem,
959 671 1025 708 quia
1055 670 1168 707 sanguis
1189 669 1254 698 Abel

410 722 576 759 loquebatur
597 720 761 754 vindictam,
794 719 840 748 sed
869 718 980 755 sanguis
1005 716 1106 745 Christi
1129 716 1253 753 loquitur

410 769 527 798 veniam.
554 783 590 788 —
618 767 700 801 Item,
729 774 804 795 mors
824 765 926 794 Christi
948 767 1076 793 meretur
1104 763 1254 801 qratiam,-

411 815 484 845 unde
505 815 610 851 primae
632 813 702 842 Petri
717 813 799 841 tertio
811 811 837 840 ²³:
857 823 871 836 «τ
886 811 1013 840 Christus
1028 810 1112 839 semel
1126 807 1255 846 pro'pec-

411 862 478 891 catis
499 861 601 889 nostris
622 862 751 888 mortuus
776 862 817 887 est
845 861 907 891 etc,
930 860 960 885 ut
984 864 1035 885 nos
1055 856 1168 885 offerret
1188 856 1254 889 Deo,

411 908 594 936 mortificatus
614 905 725 943 quidem
750 912 849 938 carne,
876 903 1030 932 vivificatus
1059 906 1152 931 autem
1174 902 1255 938 spiri-

412 957 442 983 tu
456 966 482 981 ».
505 970 543 973 —
564 954 647 986 Item,
669 959 749 980 mors.
765 950 865 979 Christi
888 950 984 987 aperit
1004 950 1140 978 ianuam.
1167 960 1180 974 «
1197 949 1255 985 lpse

411 1001 483 1029 enim
506 1007 554 1036 per
576 998 737 1035 sanguinem
759 1004 843 1026 suum
865 996 949 1025 semel
971 996 1095 1024 introivit
1108 996 1136 1024 in
1151 999 1255 1028 sancta,

410 1049 522 1075 aeterna
550 1044 737 1081 redemptione
765 1044 917 1077 inventa»,
946 1043 980 1071 ad
1009 1043 1146 1071 Hebraeos
1167 1050 1254 1075 nono;

410 1097 437 1122 et
458 1094 524 1121 haec
545 1092 651 1129 apertio
672 1091 787 1128 probata
808 1094 849 1119 est
871 1090 1075 1118 introductione
1095 1089 1207 1117 illorum
1229 1089 1255 1116 in

410 1148 510 1177 regno,
532 1139 664 1176 quiante
692 1140 809 1166 mortem
842 1137 902 1166 eius
930 1136 1029 1173 captivi
1061 1136 1256 1165 detinebantur

410 1188 437 1215 in
459 1187 557 1220 limbo;
579 1186 612 1214 de
634 1193 690 1222 quo
720 1185 825 1213 dictum
853 1187 895 1213 est
922 1183 992 1213 Osee
1020 1183 1126 1212 decimo
1158 1182 1255 1211 tertio:

415 1245 428 1258 «
445 1234 495 1262 Ero
524 1240 598 1261 mors
626 1236 689 1265 tua,
718 1240 734 1259 0
764 1239 855 1265 mors,
885 1238 995 1259 morsus
1024 1233 1089 1258 tuus
1120 1238 1184 1263 ero,
1216 1229 1257 1257 in-

409 1280 486 1309 ferne
501 1292 527 1307 n.
551 1296 586 1300 ——
609 1279 677 1307 Haec
699 1286 766 1315 ergo
787 1278 850 1307 facit
871 1285 947 1306 mors
967 1277 1067 1305 Christi
1091 1285 1142 1313 pro
1168 1276 1255 1304 nobis.

488 1326 514 1354 li.
536 1325 684 1354 Considera
705 1327 812 1362 postea,
833 1324 900 1361 quid
920 1323 1018 1352 debeat
1038 1323 1129 1352 facere
1150 1323 1182 1351 in
1206 1331 1257 1350 ‘no-

411 1373 474 1406 lm,-
504 1376 530 1401 et
561 1371 686 1405 attende,
719 1371 785 1408 quia
816 1379 891 1399 mors
922 1370 1023 1399 Christi
1056 1372 1098 1399 est
1128 1378 1145 1398 a
1177 1369 1256 1398 nobis

411 1420 559 1453 amanda,
585 1418 791 1455 praedicanda
822 1421 849 1446 et
878 1416 1034 1446 imitanda.
1056 1433 1094 1436 —
1120 1416 1258 1444 Debemus

410 1466 483 1495 enim
504 1469 648 1494 mortuum
670 1473 720 1502 pro
738 1465 817 1493 nobis
837 1464 980 1493 Christum
994 1472 1115 1496 amare;
1136 1463 1209 1491 unde
1223 1462 1257 1491 ad

411 1514 546 1542 Romanos
566 1515 662 1541 octavo
673 1512 684 1529 ³
698 1512 736 1540 ait
750 1512 908 1548 Apostolus:
934 1522 948 1536 (τ
963 1511 1091 1539 Christus
1105 1511 1193 1544 Iesus,
1209 1510 1257 1547 qui

411 1562 540 1588 mortuus
561 1562 614 1592 est,
629 1559 677 1595 qui
698 1561 726 1587 et
741 1558 910 1591 resurrexit,
933 1557 980 1594 qui
1002 1560 1043 1586 est
1057 1557 1089 1585 ad
1111 1557 1257 1585 dexteram

413 1606 511 1640 Patris,
537 1605 584 1642 qui
606 1605 688 1634 etiam
716 1604 873 1641 interpellat
900 1612 951 1641 pro
979 1604 1103 1638 nobis»;
1132 1607 1159 1632 et
1184 1606 1257 1640 post-

412 1653 523 1682 modum
545 1653 572 1681 in
594 1652 689 1681 eodem
711 1652 859 1680 exclamat:
887 1662 900 1676 «
920 1651 987 1688 Quis
1008 1659 1074 1688 ergo
1102 1659 1152 1680 nos
1180 1659 1258 1687 sepa-

412 1700 484 1728 rabit
505 1708 520 1728 a
548 1700 661 1728 caritate
685 1699 786 1727 Christi
809 1701 846 1726 »2
869 1698 899 1726 Et
926 1698 960 1726 ad
989 1699 1123 1726 Romanos
1144 1698 1257 1735 quinto:

417 1758 430 1772 <t
444 1746 622 1775 Commendat
647 1746 721 1774 Deus
743 1753 821 1774 suam
851 1746 993 1773 caritatem
1016 1745 1043 1773 in
1072 1745 1166 1779 nobis,
1189 1753 1258 1781 quo-

412 1794 498 1827 niam,
514 1801 577 1822 cum
592 1792 683 1821 adhuc
698 1795 856 1829 peccatores
870 1800 1006 1825 essemus,
1022 1792 1174 1820 secundum
1191 1795 1258 1820 tem-

413 1848 481 1877 pus,
503 1839 630 1868 Christus
652 1847 702 1875 pro
723 1839 802 1867 nohis
823 1841 951 1867 mortuus
972 1842 1051 1867 est».
1068 1855 1106 1859 ——
1120 1839 1259 1867 Debemus

412 1887 494 1916 etiam
508 1889 650 1914 mortuum
667 1893 718 1922 pro
733 1885 811 1914 nobis
825 1885 965 1913 Christum
978 1885 1171 1922 praedioare;
1185 1885 1259 1913 unde

413 1933 557 1970 Apostolus
571 1932 676 1969 primae
689 1932 723 1960 ad
737 1931 894 1960 Corinthios
908 1932 1029 1960 secundo
1040 1932 1067 1959 4:
1088 1942 1101 1956 «
1114 1931 1172 1960 Non
1188 1931 1258 1960 iudi-

413 1980 485 2014 cavi,
507 1988 550 2008 me
565 1979 635 2008 scire
656 1979 760 2016 aliquid
782 1979 854 2007 inter
875 1987 924 2008 vos
945 1979 997 2007 nisi
1012 1979 1100 2007 lesuin
1117 1978 1258 2007 Christum

413 2030 441 2056 et
462 2027 536 2055 hunc
557 2026 724 2054 crucifixum
743 2037 770 2053 ».
795 2042 834 2046 —
857 2025 995 2054 Debemus
1015 2025 1096 2054 etiam
1117 2028 1259 2053 mortuum

414 2082 465 2110 pro
479 2073 558 2102 nobis
572 2073 713 2102 Christum
728 2073 863 2106 imitari,·
877 2072 951 2101 unde
965 2072 1102 2101 secundae
1116 2072 1150 2101 ad
1164 2072 1260 2101 Corin-

414 2120 486 2149 thios
507 2123 623 2156 quarto:
650 2131 663 2145 α
678 2120 791 2156 Semper
812 2119 1051 2148 mortificationem
1072 2119 1173 2148 Christi
1200 2119 1260 2148 lesu

413 2167 441 2195 in
462 2174 579 2203 corpore
600 2168 694 2195 nostro
719 2166 958 2200 circumferentes,
980 2169 1011 2194 ut
1032 2168 1060 2195 et
1080 2166 1136 2194 vita
1151 2166 1210 2195 lesu
1233 2166 1260 2194 in

414 2214 578 2250 corporibus
598 2213 700 2242 nostris
723 2212 914 2242 manifestetur
929 2225 956 2241 ».

494 2261 520 2288 5.
549 2260 616 2288 Nota
642 2262 751 2293 autem,
783 2259 858 2297 quod
885 2259 919 2288 ad
946 2259 1107 2288 imitandam
1141 2262 1259 2288 mortem

414 2307 514 2336 Christi
547 2306 714 2344 obligamur
741 2314 778 2335 ex
809 2306 914 2341 debito,
935 2306 1087 2335 allicimur
1108 2306 1260 2343 promisso,

415 2354 590 2383 animamur
603 2353 740 2390 exemplo.
757 2370 795 2374 —
812 2353 985 2391 Obliyamur
1005 2361 1042 2382 ex
1056 2353 1161 2387 debito;
1183 2353 1262 2381 Chri-

416 2404 476 2430 stus
496 2401 568 2430 enim
590 2401 761 2437 comparavit
781 2401 866 2429 vitam
880 2403 1002 2429 nostram
1025 2403 1113 2429 morte
1134 2408 1197 2434 sua;
1219 2407 1261 2429 se-

416 2447 521 2476 cundae
542 2447 575 2475 ad
596 2446 752 2475 Corinthios
766 2447 901 2484 quinto⁵:
929 2459 943 2472 «
956 2446 1085 2475 Christus
1105 2454 1156 2483 pro
1173 2446 1262 2475 omni-

416 2494 469 2522 bus
496 2497 625 2522 mortuus
652 2497 708 2528 est,
730 2497 761 2522 ut
790 2494 837 2530 qui
867 2494 964 2522 vivunt
991 2494 1045 2522 iam
1067 2502 1121 2522 non
1149 2493 1200 2522 sibi
1222 2493 1261 2521 vi-

417 2543 482 2569 vant
500 2552 513 2565 »
539 2543 590 2569 etc.
616 2557 654 2560 —
680 2540 837 2569 Adicimur
868 2548 904 2569 ex
936 2541 1091 2578 promisso;
1122 2540 1196 2569 unde
1227 2540 1262 2568 ad

482 2717 489 2729 ¹
508 2717 573 2740 Vers.
592 2718 633 2744 '¹53
650 2717 706 2740 ibid.
725 2719 766 2746 42,
784 2719 822 2741 24.
839 2722 873 2741 est
889 2725 938 2748 seq.
955 2719 1028 2741 locus.

481 2755 491 2768 ²
508 2756 574 2779 Vers.
593 2757 633 2784 18,
651 2757 691 2779 ubi
708 2758 790 2785 codd.,
808 2761 832 2780 ut
849 2758 955 2786 videtur,
972 2758 1084 2780 mendose
1100 2757 1186 2780 hahent
1202 2764 1265 2781 mor-

420 2794 519 2825 tificatos
536 2798 558 2818 et
575 2795 703 2826 vivificatos
721 2803 763 2825 pro
782 2800 842 2820 textu
862 2798 975 2825 vulgatae
995 2797 1152 2828 mortificatus
1170 2800 1192 2820 et
1208 2797 1265 2820 vivi-

419 2833 511 2864 ficatus.
529 2834 589 2857 Vide
605 2841 675 2863 supra
693 2842 745 2863 pag.
759 2836 819 2865 590,
832 2839 910 2859 notam
924 2836 944 2859 4.
957 2849 988 2853 —
999 2837 1050 2859 Duo
1067 2842 1133 2865 seqq.
1150 2837 1193 2859 loci
1212 2839 1265 2859 sunt

420 2873 490 2895 Hebr.
507 2873 534 2900 9,
553 2874 589 2896 42.
606 2877 628 2896 et
644 2874 703 2896 Osee
720 2875 762 2902 13,
780 2875 816 2897 44.

482 2910 492 2924 ³
509 2912 574 2934 Vers.
587 2913 629 2940 34;
641 2916 693 2941 post
704 2920 774 2942 quem
786 2914 885 2937 subinde
896 2915 1024 2943 allegantur
1035 2921 1060 2937 v.
1072 2915 1110 2937 35.
1122 2918 1144 2938 et
1154 2915 1175 2943 5,
1185 2915 1207 2937 8.
1216 2920 1266 2943 seq.

482 2949 492 2962 ‘³
509 2951 576 2973 Vers.
593 2952 614 2973 2.
632 2963 662 2968 ——
679 2952 787 2980 Sequitur
804 2953 828 2975 ll.
845 2952 898 2976 Cor.
915 2953 941 2982 4,
960 2954 996 2976 ⁴0.

875 174 1100 205 COLLATIONES
1120 174 1152 202 IN
1173 172 1319 201 IOANNEM
1341 171 1409 200 CAP.
1432 170 1473 199 XI.
1496 169 1589 198 COLL.
1612 169 1698 198 XLIV.

1310 249 1444 277 Romanos
1464 250 1560 276 sexto:
1587 258 1600 273 α
1616 247 1642 276 Si
1663 246 1839 283 complantati
1858 245 1921 274 facti
1943 253 2041 274 sumus
2061 245 2156 275 simili-

1310 294 1397 324 tudini
1420 294 1517 322 mortis
1531 294 1604 328 eius,
1619 293 1702 322 simul
1719 296 1747 322 et
1767 291 1981 321 resurrectionis
2004 292 2110 321 erimus
2123 303 2154 327 »;

1309 344 1337 369 et
1351 340 1460 369 eodem:
1480 351 1493 364 «
1508 339 1535 368 Si
1550 339 1653 367 mortui
1668 346 1766 367 sumus
1780 346 1845 367 cum
1859 338 1981 372 Christo,
2003 337 2155 373 credimus,

1310 387 1375 423 quia
1389 386 1472 415 simul
1487 386 1612 414 vivemus
1633 393 1696 414 cum
1712 385 1759 413 illo
1770 396 1797 413 υ.
1813 401 1851 405 —-
1865 384 2044 413 Animamur
2061 392 2155 414 exem·
2173 390 2240 410 Tema.

1310 433 1370 470 plo;
1392 433 1465 462 unde
1485 433 1591 470 primae
1612 432 1683 461 Petri
1699 431 1855 461 secundoss:
1882 442 1896 456 α
1911 431 2038 460 Christus
2059 440 2157 469 passus

1311 483 1352 508 est
1367 488 1417 516 pro
1432 480 1526 513 nobis,
1541 479 1619 508 vobis
1633 479 1794 516 relinquens
1814 478 1989 515 exemplum,
2009 481 2041 507 ut
2051 486 2157 516 ¹sequa—

1310 527 1376 555 mini
1406 527 1520 563 vestigia
1547 526 1634 555 eius»
1660 529 1725 560 etc.;
1754 529 1781 554 et
1809 525 1914 562 primae
1940 525 2011 554 Petri
2040 529 2156 563 quarto:

1315 584 1329 598 «
1343 573 1453 602 Christo
1474 573 1559 609 igitur
1580 573 1607 601 in
1628 580 1711 601 carne
1733 579 1826 609 passo,
1848 575 1875 601 et
1896 580 1945 601 vos
1965 572 2060 601 eadem
2085 573 2158 609 cogi-

1312 620 1412 649 tatione
1433 620 1577 648 armamini
1593 631 1619 647 n.

1642 721 1771 743 Auuorxrio
1790 720 1825 743 40.

1390 806 1479 842 (Vers.
1503 807 1550 840 5.).
1575 806 1716 844 Ditiyebac
1737 810 1835 835 autem
1856 806 1997 835 Dominus
2014 806 2159 841 Mariam,

1312 851 1460 881 Martham
1483 855 1510 881 et
1532 853 1696 882 Lazarum.

1393 900 1441 928 Per
1463 899 1529 928 istos
1551 903 1607 928 tres
1628 904 1693 928 nota
1715 900 1768 928 tria
1788 907 1889 936 genera
1908 899 2050 929 hominum
2070 908 2086 929 a
2104 900 2160 929 Deo
2173 902 2217 921 Tria
2228 907 2293 926 genem*

2183 926 2278 946 hominurn.

1311 946 1486 975 dilectorum.
1503 963 1542 966 —-
1560 946 1610 975 Per
1632 946 1744 975 Mariam
1766 946 1887 983 intellige
1908 946 2160 984 contemplativos,-

1312 1001 1362 1030 per
1377 993 1527 1027 Martham,
1542 993 1666 1026 activos;
1688 1001 1737 1030 per
1753 994 1900 1027 Lazarum,
1914 993 2094 1030 poenitentes.
2110 993 2161 1022 Eos

1314 1040 1398 1069 habes
1413 1040 1588 1077 significatos,
1604 1040 1753 1069 Ezechielis
1767 1040 1874 1069 decimo
1889 1042 1989 1077 quarto
2000 1040 2020 1074 ⁷,
2033 1047 2082 1077 per
2096 1040 2160 1074 Noe,

1312 1087 1407 1116 Daniel
1429 1089 1457 1116 et
1478 1087 1539 1121 Iob,
1552 1087 1608 1124 ,qui
1635 1098 1648 1112 α
1663 1087 1691 1115 in
1713 1086 1818 1115 iustitia
1839 1094 1890 1115 sua
1917 1086 2035 1115 liberant
2056 1086 2162 1123 animas

1313 1142 1378 1162 suas
1392 1145 1423 1168 »;
1446 1134 1556 1162 eosdem
1570 1134 1653 1162 etiam
1668 1141 1718 1170 per
1740 1133 1868 1167 Petrum,
1890 1133 2018 1162 Iacobum
2038 1136 2066 1162 et
2086 1133 2162 1162 Ioan-

1314 1188 1393 1214 nem,
1415 1180 1542 1209 Matthaei
1564 1180 1671 1209 decimo
1693 1180 1822 1217 septimo,
1844 1180 1892 1217 qui
1920 1179 2074 1208 ascendunt
2098 1187 2161 1208 cum

1314 1227 1430 1255 Domino
1451 1227 1478 1255 in
1500 1230 1630 1256 montem.
1654 1227 1706 1256 lsta
1726 1227 1800 1255 enim
1822 1227 1874 1255 tria
1892 1234 1995 1264 genera
2016 1226 2160 1255 hominum

1314 1282 1330 1302 a
1350 1277 1462 1310 peccato
1478 1274 1632 1303 liberantur
1652 1277 1680 1303 et
1693 1282 1710 1302 a
1728 1274 1784 1303 Deo
1807 1274 1962 1311 diliguntur
1983 1276 2011 1302 et
2025 1274 2052 1302 in
2070 1277 2163 1302 monte

1314 1321 1417 1358 gloriae
1438 1324 1630 1350 assumuntur.

1647 1423 1774 1445 ΑΝΝοτΑτιο
1792 1422 1828 1445 41.

1393 1509 1482 1539 (Vers.
1506 1509 1573 1545 3321).
1598 1509 1633 1537 Et
1653 1509 1838 1546 lacrymatus
1859 1512 1898 1537 esc
1921 1509 2011 1537 Iesus.

1393 1556 1476 1590 Nota,
1498 1556 1572 1593 quod
1595 1558 1636 1584 ter
1655 1556 1825 1592 lacrymatus
1846 1559 1895 1584 est.
1919 1556 2099 1592 Lacrymatus
2122 1557 2191 1585 estT

1315 1654 1376 1679 tur:
1400 1651 1596 1687 Lacrymatus
1611 1653 1651 1678 esc
1666 1650 1755 1678 lesus.
1777 1666 1817 1671 —
1838 1650 1917 1684 Item,
1933 1649 2102 1686 lacrymatus
2123 1654 2164 1679 est

1315 1698 1406 1732 lesus,
1428 1705 1491 1726 cum
1522 1697 1760 1733 appropinquaret
1791 1696 1910 1730 civitati3
1943 1697 2031 1725 Lucae
2059 1696 2165 1726 decimo

1315 1752 1402 1772 nono:
1429 1755 1442 1768 «
1458 1743 1558 1772 Videns
1580 1743 1654 1772 lesus
1669 1742 1822 1777 civitatem,
1837 1742 1913 1771 ssevit
1927 1751 2011 1780 super
2029 1743 2103 1771 illam
2124 1743 2165 1771 di-

1315 1798 1394 1819 cens:
1417 1790 1487 1827 Quia
1501 1790 1523 1819 si
1545 1790 1720 1827 cognovisses
1734 1793 1761 1818 et
1783 1793 1814 1818 tu
1828 1792 1854 1818 »i
1872 1807 1909 1811 —-
1924 1790 2104 1827 Lacrymatus
2124 1793 2165 1819 est

1315 1838 1398 1866 etiam
1420 1837 1447 1865 in
1469 1837 1607 1874 passione;
1629 1836 1663 1865 ad
1685 1836 1821 1865 Hebraeos
1846 1837 1956 1873 quinto:
1984 1848 1998 1862 «
2019 1837 2087 1866 Cum
2109 1837 2164 1866 cla-

1316 1892 1393 1913 more
1416 1884 1504 1912 valido
1524 1886 1551 1912 et
1573 1883 1704 1920 lacrymis
1724 1883 1856 1917 offerens,
1878 1883 2028 1913 exauditus
2053 1887 2094 1913 est
2114 1892 2166 1921 pro

1316 1939 1367 1959 sua
1388 1930 1544 1959 reverentia
1555 1942 1581 1957 n.
1595 1946 1631 1950 —
1647 1930 1675 1958 ln
1691 1930 1816 1966 passione
1831 1930 1916 1964 flevit,
1931 1931 2102 1967 compatiens
2115 1931 2166 1959 mi-

1317 1978 1404 2006 seriae
1435 1977 1555 2014 culpam
1579 1977 1613 2006 ad
1641 1980 1852 2006 monumentum
1884 1977 1976 2012 flevit,
1998 1977 2166 2014 compatiens

1317 2024 1443 2053 miseriae
1461 2032 1571 2062 poenae
1579 2034 1598 2057 ;-
1611 2032 1695 2060 super
1726 2024 1863 2053 civitatem
1885 2024 1977 2059 flevit,
1998 2025 2167 2061 compatiens

1317 2072 1511 2109 ignorantiae.

1648 2173 1777 2196 ΑΝΝοτΑ-Ηο
1796 2173 1834 2195 42.

1397 2259 1485 2295 (Vers.
1501 2259 1569 2295 43).
1588 2259 1622 2288 Ec
1635 2267 1702 2288 oum
1718 2258 1787 2288 haee
1798 2259 1932 2293 dixisset,
1948 2258 2088 2288 clamavit
2101 2267 2167 2287 voce

1318 2314 1445 2344 magna:
1467 2307 1602 2340 Lazare,
1624 2306 1690 2335 veni
1709 2305 1803 2343 foras.

2292 966 2296 1085 l

2192 1561 2213 1575 er
2225 1556 2292 1575 Clu-istu

2196 1580 2292 1604 lacrymatu

1315 1604 1341 1632 in
1364 1603 1586 1637 resuscitatione,
1606 1602 1713 1631 loannis
1735 1602 1915 1636 undecimo⁸;
1938 1602 2011 1631 unde
2031 1602 2076 1632 hic
2097 1602 2164 1632 dici·
2197 1605 2232 1623 ⁸⁵2·

1396 2354 1479 2387 Nota,
1501 2353 1576 2390 quod
1598 2356 1639 2382 ter
1661 2353 1762 2390 legitur
1783 2353 1911 2382 Christus
1938 2353 2079 2382 clamasse.
2107 2353 2167 2382 Cla-
2179 2351 2296 2372 Terssh‘ffll

1318 2400 1404 2428 mavit
1424 2400 1496 2428 enim
1526 2400 1552 2428 in
1582 2400 1703 2437 templ0;
1724 2400 1831 2429 loannis
1856 2400 2012 2437 septimo⁹z
2039 2412 2053 2426 «
2074 2400 2168 2429 Stabat

1319 2446 1394 2475 lesus
1415 2449 1442 2475 et
1463 2446 1599 2475 clamabat
1619 2446 1727 2476 dicens:
1750 2446 1775 2475 Si
1797 2447 1861 2483 quis
1879 2447 1949 2481 sitit,
1965 2447 2057 2476 veniat
2075 2447 2109 2475 ad
2123 2455 2168 2476 me

1319 2496 1346 2522 et
1367 2493 1442 2521 bibat
1458 2505 1483 2521 ».
1500 2509 1536 2514 —
1558 2493 1690 2522 Clamavit
1711 2493 1745 2522 ad
1765 2493 1934 2530 sepulcrum
1956 2494 2069 2528 Lazari;
2094 2494 2168 2522 unde

1320 2540 1380 2568 hic:
1404 2540 1481 2568 Haec
1502 2548 1569 2568 cum
1596 2540 1734 2574 dixisset,
1763 2540 1902 2569 clamavit
1926 2543 1978 2570 etc.
2006 2557 2041 2561 -
2063 2540 2168 2569 Clama-

1383 2717 1392 2730 ⁵
1410 2719 1476 2741 Vers.
1497 2719 1531 2741 15.
1547 2731 1579 2735 —
1595 2719 1645 2741 Duo
1668 2725 1733 2747 seqq.
1756 2719 1800 2741 loci
1817 2722 1870 2741 sunt
1892 2719 1960 2741 Rom.
1977 2719 2004 2746 6,
2021 2718 2044 2741 5.
2061 2720 2083 2740 et
2100 2718 2121 2740 8.
2138 2729 2169 2735 —

1321 2758 1364 2780 Pro
1381 2757 1436 2781 emit
1452 2757 1469 2780 C
1487 2757 1643 2787 comparavit.

1383 2795 1393 2809 ⁶
1412 2797 1477 2819 Vers.
1494 2797 1532 2819 21.
1550 2798 1587 2819 22.
1605 2809 1635 2814 —
1652 2797 1756 2820 Subinde
1773 2797 1884 2825 allegatur
1901 2797 1917 2819 l.
1935 2797 1993 2819 Petr.
2010 2795 2037 2823 4,
2055 2796 2076 2818 l.

1384 2834 1393 2847 ⁷
1412 2836 1476 2858 Vers.
1498 2835 1538 2863 14;
1555 2837 1594 2858 cfr.
1612 2843 1634 2858 v.
1653 2836 1690 2858 20.
1711 2849 1738 2852 —
1755 2836 1863 2864 Sequitur
1881 2835 1959 2858 Matth.
1977 2835 2017 2862 ⁴7,
2040 2836 2058 2857 l.

1384 2872 1393 2886 ⁸
1412 2875 1476 2897 Vers.
1494 2875 1531 2897 35.
1548 2887 1577 2891 —
1595 2875 1645 2897 Duo
1667 2881 1732 2904 seqq.
1756 2875 1798 2897 loci
1816 2876 1870 2897 sunt
1892 2875 1946 2897 Luc.
1966 2874 2009 2901 49,
2027 2873 2065 2896 44.
2082 2880 2131 2902 seq.
2148 2876 2170 2896 et

1323 2913 1393 2936 Hebr.
1410 2913 1436 2943 5,
1454 2914 1477 2936 7.

1386 2951 1395 2964 ⁹
1414 2953 1479 2975 Vers.
1496 2952 1534 2975 37.
1550 2965 1581 2969 —
1599 2952 1703 2975 Subinde
1720 2953 1831 2981 allegatur
1848 2953 1925 2975 Matth.
1944 2952 1986 2979 27,
2004 2952 2042 2975 50.

2201 2375 2292 2396 clamavit.
