2296 3316
408 149 464 179 390

407 226 480 256 sicut
500 226 538 255 ibi
551 227 577 254 ¹:
599 225 725 262 Propter
745 223 824 262 quod
850 227 875 251 et
893 223 975 252 Deus
995 222 1137 251 emaltavit
1163 221 1255 251 illum.

408 273 439 302 Et
459 272 590 301 meritum
617 271 779 304 attenditur,
804 279 859 299 non
880 270 946 307 quia
973 269 1007 298 de
1028 269 1150 298 indebito
1176 269 1258 298 saciat

409 319 553 352 debitum,
574 326 625 347 nec
650 318 716 355 quia
742 317 776 346 de
797 317 890 346 debito
917 316 1015 353 ntayis
1036 315 1181 349 debitum,·
1209 316 1257 344 sed

408 366 473 403 quia
493 365 568 403 quod
595 364 713 394 debetur
740 372 803 393 una
823 364 874 392 via
901 366 929 392 et
950 371 1007 392 uno
1034 363 1131 397 modo,
1153 362 1258 392 scilicet

407 412 511 449 optima
531 411 673 440 voluntate
693 410 835 444 interiori,
856 410 888 438 fit
901 409 1030 438 debitum
1051 409 1131 443 alia,
1153 409 1257 438 scilicet

408 466 491 496 opere
512 458 646 487 exteriori
658 458 678 486 ².

487 503 533 532 33.
569 504 664 532 Facta
697 506 766 531 sunt
781 503 791 520 ⁵
823 503 964 532 encaenia
999 503 1031 531 in
1062 502 1256 541 [erosolymis.

287 561 357 588 renio.
371 560 394 588 qe
408 550 533 580 Ostendit
563 558 593 579 se
623 550 758 579 Dominus
785 558 884 579 verum
910 552 1048 587 pastorem
1076 557 1135 578 esse
1166 549 1258 586 quoad

262 586 395 627 issiicfflsii'sa'f
408 597 526 635 pastoris
547 597 703 634 ingressum
724 600 752 626 et
776 598 922 632 affectum3
951 597 995 626 hic
1026 597 1108 626 tertio
1138 596 1259 625 ostendit

409 644 500 682 quoad
519 644 583 672 veri
592 643 724 681 pastoris
737 643 898 678 indicium,
914 643 989 681 quod
1002 643 1127 672 consistit
1148 643 1176 671 in
1191 643 1257 676 hoc,

409 690 483 728 quod
504 698 569 720 oves
589 698 654 719 eum
675 694 828 728 agnoscunt
849 693 876 720 et
896 693 1063 728 sequuntur.
1086 690 1117 718 Et
1136 689 1189 718 tria
1209 698 1258 718 no-

409 740 504 766 tantur
524 737 582 766 hic:
598 737 702 774 primo,
723 746 740 766 a
753 737 861 767 Iudaeis
878 737 950 766 certi
962 737 1067 766 indicii
1083 742 1255 774 pOSlulatw‚

409 784 543 818 secundo,
558 784 630 813 certi
649 784 754 813 indicii
766 784 927 822 expressio,
949 783 1025 812 ibi4:
1048 782 1203 820 Respondit
1217 782 1258 810 eis

409 831 507 860 Iesus:
530 831 645 869 Loquor
666 834 733 865 etc.;
749 831 830 860 tertio
851 838 931 864 vero,
952 838 989 858 ex
1004 830 1056 858 hoc
1079 829 1258 857 Iudaeorum

405 878 588 916 persecutio,
610 877 663 906 ibi:
687 877 875 906 Sustulerunt
895 876 1006 913 lapides
1027 875 1140 904 Iudaei.

494 925 560 953 Veri
579 924 684 953 indicii
700 923 875 961 postulatio,
897 922 971 960 quod
989 922 1048 959 ipse
1069 925 1141 950 esset
1165 924 1258 958 pastor

263 981 398 1007 neprimopo-
409 975 437 1001 et
450 972 549 1001 ductor
564 972 590 1000 in
606 971 702 1005 Israel,
718 971 748 999 fit
762 979 778 999 a
793 970 898 998 ludaeis
919 969 1131 1006 quaerentibus,
1147 969 1174 997 in
1189 976 1258 1005 quo-

272 1007 391 1023 nuumr‘ffl'
410 1027 474 1048 rum
498 1018 668 1056 quaestionis
694 1017 878 1053 descriptione
906 1016 1064 1045 innuuntur
1092 1020 1204 1053 tempus
1232 1018 1259 1044 et

410 1066 490 1095 locus
510 1068 538 1094 ct
558 1064 720 1103 quaerendi
738 1064 852 1092 modus.

489 1112 577 1149 (Vers.
600 1111 668 1144 ⁸22).
697 1111 839 1148 Quantum
859 1111 893 1139 ad
922 1114 1034 1148 tempus
1062 1110 1142 1139 dicit:
1166 1111 1260 1139 Facta

264 1168 397 1195 Expositum„
410 1162 480 1188 sunt
499 1158 639 1188 encaenia
666 1158 698 1187 in
719 1158 921 1196 lerosolymis‚·
942 1161 968 1187 et
989 1157 1080 1187 hiems
1106 1161 1179 1187 erat.
1207 1157 1260 1186 No-

296 1192 394 1233 &tillim
412 1206 525 1235 tandum
546 1208 600 1239 est,
622 1204 696 1242 quod
711 1205 842 1234 encaenia
862 1205 995 1234 dicuntur
1010 1213 1026 1233 a
1046 1213 1170 1238 caenon,
1185 1204 1261 1241 quod

312 1240 393 1262 ‘emm'
411 1256 452 1282 est
465 1261 588 1286 novum,
610 1252 684 1281 unde
698 1252 886 1286 encaeniare,
906 1252 932 1281 id
948 1255 990 1281 est
1009 1252 1141 1281 innovare
1153 1252 1177 1286 ⁶;
1196 1252 1262 1288 quia

411 1303 478 1329 tunc.
499 1299 693 1329 celebrabatur
713 1299 814 1328 festum
836 1299 1021 1329 innovationis
1043 1298 1153 1336 templi,
1182 1298 1262 1335 prius

412 1347 560 1385 profanati;
576 1350 603 1376 et
616 1346 719 1375 dicitur
740 1346 898 1383 pluraliter,
913 1346 980 1383 quia
1000 1354 1049 1383 per
1063 1349 1125 1374 octo
1138 1345 1197 1374 dies
1210 1345 1262 1374 du-

413 1394 492 1423 rabat
506 1394 558 1422 ista
579 1393 753 1427 solemnitas;
768 1392 850 1430 primi
872 1392 1102 1421 Machabaeorum
1124 1391 1260 1428 quartoss:

417 1440 545 1469 «Statuit
566 1440 646 1469 Iudas
673 1443 701 1469 et
721 1439 821 1468 fratres
846 1439 906 1468 eius
934 1442 961 1467 et
989 1439 1120 1467 universa
1147 1438 1262 1466 ecclesia

413 1488 511 1522 Israel,
533 1490 565 1516 ut
585 1490 684 1524 agatur
705 1486 763 1515 dies
783 1486 962 1515 dedicationis
976 1485 1070 1522 templi
1092 1485 1127 1513 ab
1148 1484 1261 1512 aimoin

413 1542 517 1563 anuum
538 1541 588 1571 per
608 1533 666 1562 dies
687 1536 748 1562 octo
763 1544 790 1561 ».
812 1549 851 1553 -
865 1532 1005 1569 Quantum
1020 1531 1053 1560 ad
1068 1531 1162 1560 locum
1183 1531 1261 1559 dicit:

492 1580 538 1609 34.
561 1580 650 1617 (Vers.
673 1579 740 1615 23.)
764 1580 800 1608 Et
827 1579 999 1608 ambulabat
1019 1579 1122 1607 Jesus⁷
1143 1579 1174 1606 in
1193 1586 1261 1615 por-

414 1628 473 1656 ticu
495 1627 673 1661 Salomonis,
694 1626 721 1655 id
742 1629 784 1655 est
812 1626 840 1655 in
862 1627 937 1660 loco,
959 1626 1006 1654 ubi
1036 1626 1162 1654 Salomon
1184 1625 1263 1661 prius

413 1674 515 1703 fecerat
528 1673 667 1710 porticum
681 1672 715 1701 ad
735 1673 872 1701 orandum
883 1673 904 1707 Β,
923 1680 995 1709 quae
1018 1675 1106 1700 tamen
1122 1671 1264 1700 destructa

271 1543 323 1564 item,
336 1542 396 1561 locus.

273 1730 326 1751 nem,
341 1734 396 1756 quae
413 1720 473 1749 fuit.
489 1736 527 1741 —
542 1720 683 1756 Quantum
703 1719 737 1747 ad
758 1719 878 1747 modum
899 1718 1060 1757 quaerendi
1079 1718 1163 1747 dicit:

292 1753 396 1795 Ξῗιῖἷίιω
492 1767 537 1796 35.
564 1767 652 1800 (Vers.
676 1766 744 1802 ⁹24).
769 1765 1032 1795 Circumdederunt
1046 1774 1114 1803 erqo
1135 1773 1201 1794 eum
1218 1765 1264 1793 lu-

413 1814 480 1842 daei
504 1817 530 1842 et
549 1813 681 1842 dicebant
712 1813 757 1841 ei:
785 1814 940 1851 Quousque
968 1812 1102 1841 animam
1129 1816 1263 1840 nostram

477 1955 485 1968 ¹
504 1956 559 1978 Phil.
577 1956 603 1982 Ξ,
621 1955 643 1977 9.

475 1995 485 2010 ²
502 1994 548 2018 Ct'r.
566 1995 597 2017 111.
617 1995 677 2017 Sent.
696 1994 718 2017 d.
738 1995 774 2016 l8.
791 2000 833 2022 per
850 1997 934 2021 totam,
947 1994 1072 2022 praecipue
1090 2001 1111 2016 a.
1133 1995 1150 2016 1.
1168 2001 1191 2023 q.
1204 1995 1225 2017 2.
1239 1995 1262 2017 in

414 2040 490 2062 corp„
508 2033 547 2056 ubi
565 2034 621 2056 haec
638 2033 733 2061 triplicis
750 2032 825 2055 meriti
843 2033 957 2055 distinctio
974 2028 1106 2061 explicatur.

476 2071 486 2084 ³
503 2073 527 2094 ln
545 2073 642 2100 Vulgata
668 2072 760 2094 additur
785 2073 872 2094 autem.
898 2084 929 2088 —
955 2071 1057 2094 Subinde
1082 2078 1125 2100 pro
1150 2071 1262 2101 affectum

414 2112 491 2139 plures
516 2111 584 2134 codd.
610 2117 734 2139 perperam
751 2110 859 2140 effectum
877 2113 899 2133 et
916 2110 948 2133 Cl
966 2110 1069 2140 officium
1087 2111 1263 2139 (confundentes

414 2151 514 2178 primam
532 2150 672 2172 divisionem
689 2156 712 2172 11.
729 2150 750 2172 1.
768 2156 822 2172 011111
839 2150 942 2172 secunda
958 2156 980 2171 n.
998 2150 1037 2177 9.).

476 2188 486 2201 ⁴¹
505 2190 569 2211 Vers.
586 2190 629 2216 253
646 2195 669 2211 v.
688 2189 725 2211 31.
742 2191 777 2211 est
793 2195 843 2217 seq.
860 2189 936 2211 locus:
954 2188 1112 2212 Sustulerunt
1127 2194 1184 2218 erqo
1205 2188 1263 2218 lapi-

416 2227 455 2251 des
472 2228 560 2251 Iudaei.

476 2266 486 2279 ⁵
502 2268 611 2295 August,
629 2268 651 2289 in
668 2268 730 2290 ioan.
747 2268 834 2296 Evang.
851 2270 878 2289 tr.
897 2267 933 2290 48.
950 2274 973 2290 11.
990 2268 1017 2289 2:
1037 2267 1157 2290 Encaenia
1181 2268 1263 2290 festivi-

415 2310 448 2328 tas
465 2309 513 2329 erat
529 2306 680 2328 dedicationis
697 2306 784 2334 templi.
800 2307 887 2328 Graece
905 2306 966 2328 enim
983 2303 1058 2327 καινὸν
1071 2306 1154 2328 dicitur
1166 2312 1263 2328 novum.

415 2346 615 2374 Quandocumque
627 2352 714 2368 novum
727 2345 813 2374 aliquid
825 2346 892 2368 suerit
905 2345 1046 2372 dedicatum,
1058 2346 1166 2367 encaenia
1179 2351 1263 2367 vocan-

414 2388 459 2407 tur.
475 2397 506 2401 —
522 2385 576 2412 Alii,
594 2387 618 2406 ut
635 2385 694 2406 Petr.
711 2384 830 2408 Comestor
848 2385 940 2413 (Histor.
966 2385 1114 2412 scholastica,
1133 2385 1154 2406 in
1173 2385 1260 2412 Evang.

414 2429 434 2445 c.
459 2423 517 2451 107.)
541 2426 562 2445 et
583 2423 645 2445 card.
668 2424 735 2451 Hugo
753 2422 785 2451 (in
802 2424 864 2446 ioan.
882 2423 923 2451 lo,
942 2424 1002 2452 22.)‚
1020 2423 1088 2445 aliam
1106 2424 1263 2450 afferuntets-

415 2462 539 2489 mologiam
562 2462 676 2489 ineptam,
698 2462 746 2484 scil.
767 2462 831 2491 quod
847 2461 959 2485 encaenia
976 2462 1037 2484 idem
1055 2462 1099 2484 sint
1116 2462 1179 2491 quod
1195 2461 1263 2484 inno-

415 2500 531 2529 vationes,
549 2504 663 2529 quatenus
679 2501 791 2524 encoenia
808 2501 941 2524 deriventur
959 2501 988 2523 ab
1014 2507 1042 2524 en
1067 2501 1117 2523 sive
1140 2500 1165 2523 in
1189 2501 1263 2529 (quod

414 2540 524 2567 accipitur
540 2539 573 2561 ibi
590 2540 710 2567 intensive)
728 2543 751 2562 et
767 2546 840 2568 neon,
858 2540 922 2569 quod
939 2543 973 2563 est
989 2546 1086 2563 novum.

476 2577 486 2590 θ
503 2579 569 2601 Vers.
587 2579 623 2601 59.
641 2591 672 2595 —
689 2579 764 2605 Beda,
781 2579 803 2601 in
822 2580 882 2601 ioan.
901 2580 942 2606 lo,
960 2580 1002 2601 22:
1019 2579 1064 2601 Sed
1076 2579 1203 2601 notandum
1216 2581 1262 2607 est,

415 2617 478 2647 quod
496 2618 553 2640 haec
570 2619 691 2645 encaenia,
708 2625 768 2647 quae
786 2618 822 2640 hic
839 2619 954 2646 leguntur,
971 2625 1017 2641 non
1035 2619 1065 2641 ad
1087 2619 1188 2646 primam
1208 2621 1263 2640 tem-

416 2656 446 2684 pli
463 2656 643 2684 dedicationem,
660 2658 702 2679 sed
719 2657 748 2679 ad
766 2658 869 2680 ultimam
887 2657 1015 2685 pertinent;
1032 2657 1096 2686 quod
1113 2663 1140 2679 ex
1156 2663 1184 2679 eo
1200 2657 1264 2679 facile

416 2695 536 2723 colligitur,
554 2696 607 2723 quia
625 2695 698 2718 hieme
716 2697 771 2718 sacta
789 2697 927 2718 reseruntur.
944 2696 1020 2718 Prima
1031 2696 1146 2724 siquidem
1158 2695 1263 2718 eiusdem

418 2735 497 2762 templi
508 2734 621 2757 dedicatio
633 2741 645 2757 a
658 2736 780 2757 Salomone
792 2739 897 2763 tempore
908 2735 1013 2757 autumni
1026 2734 1076 2764 [cir.
1088 2735 1121 2757 111.
1132 2735 1189 2762 Reg.
1202 2735 1228 2762 8,
1241 2735 1263 2757 2.

417 2781 481 2803 seqq.
500 2777 522 2796 et
539 2775 562 2796 ll.
582 2775 679 2803 Paralip.
701 2775 728 2802 7,
750 2774 809 2804 l0.],
831 2775 932 2797 secunda
956 2778 1033 2797 autem
1056 2781 1068 2797 a
1091 2774 1219 2797 Zorobabel
1242 2776 1263 2796 et

417 2814 465 2837 lesu
483 2814 602 2836 sacerdote
620 2817 723 2842 tempore
740 2815 801 2836 veris
820 2813 869 2843 [etr.
887 2815 902 2837 1.
919 2815 984 2837 Esdr.
1001 2815 1028 2842 6,
1047 2814 1083 2836 15.
1095 2813 1186 2843 seqq.],
1198 2814 1262 2836 tertia

417 2859 428 2875 a
447 2853 501 2875 luda
519 2852 670 2875 Macchabaeo
688 2856 791 2880 tempore
815 2853 896 2875 hiemis
918 2856 952 2875 est
974 2854 1030 2875 sacta
1053 2856 1096 2875 etc.
1119 2853 1164 2875 Csr.
1186 2852 1263 2880 Cyrill.

417 2892 550 2918 Alexandr„
568 2892 589 2913 in
607 2892 665 2913 ioan.
685 2892 726 2919 10,
744 2892 786 2914 22:
803 2893 969 2914 Encacniorurr.
987 2894 1064 2914 autem
1076 2892 1169 2914 nomine
1181 2892 1218 2913 liic
1230 2894 1264 2914 est

416 2931 589 2959 intelligendum
607 2931 643 2953 vel
661 2931 762 2959 primum
780 2931 833 2953 illud
856 2932 952 2960 festum,
972 2938 1018 2960 quo
1042 2932 1150 2953 Salomon
1174 2937 1262 2953 novum

1036 143 1206 173 COMMENT.
1228 143 1260 172 IN
1282 143 1427 172 lOANNEM
1448 143 1476 172 C.
1499 143 1530 172 X.

1313 221 1408 250 tollis?
1430 221 1457 250 id
1477 224 1534 256 est,
1556 222 1660 250 retines
1680 221 1708 250 in
1731 229 1868 258 suspenso
1879 221 1899 250 ⁹.
1922 221 1956 250 Si
1976 225 2007 250 tu
2025 230 2054 251 es
2077 221 2161 251 Chri—

1312 271 1392 302 stus,
1407 268 1454 296 die
1467 268 1551 297 nobis
1562 268 1680 306 palam,
1702 271 1810 297 certum
1824 268 1859 296 de
1879 271 1907 296 te
1920 268 1955 296 da
1971 268 2113 297 indicium.
2129 269 2161 298 Et

1312 318 1345 344 ut
1365 315 1572 352 responsionem
1600 317 1802 352 extorqueant,
1830 314 1959 343 nituntur
1980 317 2007 343 et
2031 315 2162 352 potentia

1313 364 1341 390 et
1360 361 1495 390 malitia.-
1523 361 1669 398 potentia,
1697 361 1758 389 ideo
1789 360 2044 390 circumdederunt
2051 371 2061 395 ,·
2088 361 2162 390 Psal-

1314 416 1377 437 mus
1393 408 1430 436 ¹⁰:
1457 419 1470 433 «
1485 407 1735 436 Circumdederunt
1756 415 1801 436 me
1822 407 1901 436 vituli
1922 407 2002 436 multi
2018 419 2045 441 n,
2060 410 2092 436 ut
2110 407 2162 437 sci-

1313 454 1376 483 licet
1390 462 1445 483 non
1466 457 1558 491 posset
1573 454 1708 491 effugere:
1723 454 1862 483 Psalmus:
1889 453 2164 483 «Circumdederunt

1313 508 1357 530 me
1378 501 1450 530 sicut
1471 508 1537 537 apes
1557 503 1584 529 et
1605 504 1774 529 exarserunt
1794 500 1866 529 sicut
1887 500 1958 537 ignis
1978 500 2006 529 in
2027 501 2114 537 spinis
2134 513 2162 530 ι».

1314 547 1447 582 Malitia,
1479 547 1540 576 ideo
1572 547 1757 584 praetendunt
1788 547 1958 576 desiderium
1987 547 2163 577 addiscendi:

1315 594 1471 631 Quousque
1501 593 1635 622 animam
1666 596 1734 628 etc.;
1764 594 1888 622 Psalmus
1903 594 1940 622 ¹¹:
1967 605 1981 619 «τ
2005 594 2163 623 Ascendunt

1314 649 1404 678 usque
1425 641 1459 669 ad
1480 641 1570 669 caelos
1585 651 1616 675 »;
1639 640 1823 678 Augustinus:
1850 652 1864 666 κ
1879 641 1937 669 Non
1952 641 2096 670 veritatem
2117 641 2164 670 de-

1313 687 1487 722 siderabant,
1509 687 1556 717 sed
1578 687 1744 716 calumniam
1766 688 2006 725 praeparabant».

1395 734 1441 763 36.
1464 734 1621 771 Respondit
1641 734 1681 762 eis
1713 735 1802 763 Iesus.
1835 735 1982 772 Postquam
2010 734 2099 772 posita
2123 737 2166 764 est

1315 780 1472 817 inquisitio,
1504 780 1617 817 ponitur
1649 780 1693 809 hic
1724 781 1796 809 certi
1821 781 1926 810 indicii
1955 779 2108 816 eaeltibiti0‚
2138 783 2167 810 et

1314 827 1367 856 hoo
1387 827 1498 864 quidem
1515 835 1564 864 per
1579 827 1654 856 hunc
1676 827 1798 856 modum.
1821 828 1913 856 Primo
1934 828 2020 865 igitur
2033 828 2098 857 11111
2112 828 2166 857 Do-

1314 874 1380 902 mini
1403 874 1582 910 responsione
1609 874 1722 911 ponitur
1749 875 1928 903 ludaeorum
1953 875 2100 911 arquitim
2124 883 2166 904 se-

1314 920 1417 954 cundo,
1443 920 1514 948 certi
1534 920 1639 949 indicii
1661 921 1827 958 expressio,-
1848 921 1942 956 tertio,
1967 921 2042 950 illius
2062 921 2168 950 indicii

1314 967 1400 996 ratio.

1393 1014 1482 1050 (Vers.
1505 1015 1573 1049 25).
1595 1014 1709 1043 Ponitur
1723 1014 1904 1050 infidelitatis
1922 1015 2100 1044 Iudaeorum
2115 1023 2167 1044 ar-

1313 1061 1422 1099 9uz'tz'o,·
1443 1063 1558 1098 propter
1573 1061 1647 1098 quod
1662 1061 1740 1090 dicit:
1756 1062 1872 1097 Loquor
1886 1061 1979 1095 vobis,
1995 1065 2021 1090 et
2033 1070 2092 1091 non
2106 1070 2166 1091 ore-

1315 1108 1401 1142 ditis,
1423 1110 1450 1137 et
1464 1107 1525 1137 ideo
1545 1108 1629 1136 stulte
1650 1111 1677 1137 et
1697 1108 1832 1137 malitiose
1853 1108 2002 1145 quaeritis;
2024 1111 2051 1137 et
2071 1111 2167 1145 aperte

1317 1156 1425 1193 loquor,
1446 1156 1511 1192 quia
1532 1164 1585 1184 non
1615 1158 1722 1184 tantum
1743 1155 1845 1189 verbo,
1867 1155 1914 1184 sed
1941 1155 2028 1184 facto:
2056 1155 2166 1193 Opera,

1316 1211 1391 1241 quae
1405 1210 1455 1240 eqo
1475 1201 1555 1239 facio
1571 1202 1602 1230 in
1615 1201 1731 1230 nomine
1752 1202 1855 1230 Patris
1876 1202 1946 1236 mei,
1969 1202 2070 1239 ipsa¹³
2092 1202 2167 1231 testi-

1316 1249 1449 1278 monium
1466 1248 1616 1286 perhibent
1647 1248 1681 1277 cle
1700 1257 1765 1282 me,·
1786 1256 1873 1285 supra
1904 1248 2036 1285 septimo:
2063 1260 2077 1275 α
2092 1249 2167 1278 Ν1111-

1317 1296 1385 1333 quid
1399 1296 1542 1331 Christus,
1557 1304 1621 1324 cum
1636 1296 1758 1330 venerit,
1780 1295 1862 1332 plura
1876 1295 1954 1332 signa
1967 1295 2048 1325 faciet
2061 1307 2089 1331 ιι,
2105 1296 2167 1334 qui-

1318 1343 1371 1372 bus
1391 1343 1529 1372 deberetis
1549 1343 1688 1372 credere?

1397 1390 1443 1419 37.
1463 1390 1555 1427 (Vers.
1582 1390 1650 1426 26).
1684 1390 1739 1419 Sed
1768 1398 1818 1418 vos
1846 1399 1904 1419 non
1932 1389 2066 1424 credilis,
2095 1390 2167 1428 quia

1317 1445 1376 1465 non
1396 1437 1464 1465 estis
1484 1445 1519 1464 ex
1541 1436 1642 1465 ovibus
1664 1437 1734 1465 meis
1741 1447 1752 1470 ;
1772 1436 1846 1466 unde
1867 1437 1888 1466 si
1911 1440 2002 1466 essent
2022 1444 2103 1471 oves,
2125 1436 2166 1465 in-

1317 1483 1421 1511 dicium
1442 1482 1485 1511 sui
1507 1483 1626 1520 pastoris
1648 1484 1782 1512 haberent
1803 1484 1830 1512 in
1853 1483 1938 1512 verbo
1959 1486 1986 1512 et
2006 1491 2098 1520 opere.
2113 1484 2168 1512 Au-

1318 1530 1447 1567 gustinus
1460 1531 1498 1558 ¹⁴¹:
1524 1541 1537 1554 «
1554 1530 1604 1558 Eos
1624 1530 1690 1559 dicit
1711 1539 1765 1559 non
1781 1539 1840 1560 esse
1855 1531 1888 1560 de
1903 1531 2002 1559 ovibus
2016 1530 2086 1565 suis,
2101 1531 2167 1568 quia

1318 1576 1428 1605 videbat
1459 1584 1506 1605 eos
1536 1576 1570 1605 ad
1601 1577 1802 1614 sempiternum
1834 1578 1978 1607 interitum
2010 1577 2167 1612 ordinatos,

1319 1631 1373 1651 non
1395 1623 1429 1651 ad
1450 1623 1533 1651 vitam
1555 1626 1697 1652 aeternam
1717 1624 1761 1653 sui
1783 1625 1926 1662 sanguinis
1946 1624 2036 1661 pretio
2056 1632 2168 1661 compa-

1320 1670 1422 1699 randos
1436 1682 1463 1699 ».

1399 1718 1444 1746 38.
1468 1717 1557 1755 (Vers.
1580 1719 1647 1753 27).
1679 1718 1750 1747 Oves
1776 1727 1857 1747 meae
1884 1722 1935 1748 etc.
1964 1718 2098 1756 Tangitur
2124 1718 2169 1748 hic

1320 1765 1490 1799 secundum,
1513 1764 1616 1794 scilicet
1637 1765 1709 1794 certi
1728 1765 1833 1794 indicii
1852 1764 2004 1800 exhibitio,
2020 1773 2092 1803 quae
2106 1765 2168 1803 qui—

1320 1811 1382 1840 dem
1404 1814 1445 1841 est
1465 1811 1493 1840 in
1515 1812 1583 1846 hoc,
1604 1812 1679 1849 quod
1707 1812 1821 1841 auditur
1849 1812 1884 1841 ab
1911 1813 2026 1848 ovibus,
2054 1815 2082 1842 et
2102 1820 2168 1842 oves

1319 1956 1431 1983 templum
1450 1955 1578 1982 dedicavit;
1596 1955 1631 1977 vel
1649 1954 1704 1977 illud
1716 1954 1877 1982 zorobabelis,
1889 1955 1930 1984 qui
1941 1955 2027 1978 deinde
2037 1961 2092 1978 cum
2105 1956 2168 1984 lesu,

1320 1997 1373 2022 post
1389 1995 1488 2017 reditum
1506 2001 1518 2017 e
1536 1994 1665 2022 Babylone,
1682 1994 1793 2021 templum
1813 1994 1874 2016 idem
1891 1994 2029 2017 restauravit
2045 1994 2101 2024 [hoc
2117 1994 2169 2017 ulti-

1320 2040 1385 2056 mum
1402 2034 1500 2056 insinuat
1517 2034 1646 2062 chrysost,
1664 2033 1685 2055 in
1702 2034 1763 2056 ioan.
1780 2034 1860 2056 liomil.
1877 2034 1913 2056 61.
1931 2034 1987 2056 alias
2005 2034 2043 2056 60.
2059 2041 2081 2056 n.
2099 2033 2142 2064 1.].

1382 2070 1391 2084 ⁷
1409 2073 1433 2095 ln
1451 2073 1547 2100 Vulgata
1565 2072 1658 2095 additur
1676 2071 1700 2094 in
1718 2071 1817 2101 templo,
1834 2071 1920 2101 quibus
1944 2066 2041 2095 vocibus
2062 2069 2099 2095 ed.
2116 2072 2169 2095 sub-

1320 2111 1395 2138 iungit
1412 2112 1434 2134 et
1450 2111 1520 2141 quasi
1536 2110 1673 2140 exponendo
1690 2110 1776 2134 subdit.

1383 2149 1392 2163 ⁸
1410 2151 1489 2173 Glossa
1505 2150 1680 2174 interlinearis:
1699 2151 1726 2173 ln
1739 2150 1836 2180 porticu
1853 2149 2003 2179 Salomonis,
2020 2150 2106 2173 scilicet
2129 2149 2167 2173 ubi

1321 2190 1430 2212 Salomon
1447 2192 1507 2212 stare
1524 2189 1612 2212 solebat
1628 2189 1658 2212 ad
1675 2189 1798 2211 orandum.
1815 2189 1837 2212 S.
1860 2189 1957 2217 Thom.,
1979 2189 2063 2212 Catena
2085 2195 2167 2218 aurea,

1321 2229 1343 2250 in
1360 2229 1422 2251 ioan.
1434 2234 1454 2251 c.
1468 2229 1504 2251 10.
1517 2235 1538 2251 11.
1551 2229 1572 2250 5.
1590 2230 1648 2251 hanc
1666 2228 1768 2251 attribuit
1785 2229 1888 2251 Alcuino.
1905 2228 1949 2251 Csr.
1967 2229 2025 2250 petr.
2037 2228 2168 2255 Comestor,

1320 2268 1403 2290 Histor.
1421 2268 1567 2296 scholastica,
1585 2267 1607 2290 in
1626 2269 1714 2296 Evang.
1731 2274 1751 2291 c.
1768 2268 1825 2290 407:
1844 2267 1940 2290 Nomine
1957 2266 2039 2297 templi
2049 2273 2119 2295 saepe
2129 2273 2168 2290 vo-

1321 2310 1385 2329 catur
1408 2308 1510 2335 porticus
1532 2308 1624 2335 templi,
1646 2310 1672 2330 ut
1694 2308 1730 2329 hic
1748 2306 1822 2337 [ioan.
1842 2307 1882 2335 10,
1900 2307 1943 2334 223
1961 2307 2000 2328 cfr.
2018 2312 2089 2334 supra
2106 2312 2125 2328 c.
2143 2306 2166 2328 2.

1320 2352 1342 2368 n.
1360 2345 1422 2375 27.];
1441 2346 1463 2368 in
1481 2347 1592 2374 templum
1611 2346 1672 2369 enim
1690 2352 1735 2368 non
1751 2345 1906 2368 ascendebant
1917 2345 1959 2368 nisi
1972 2345 2069 2368 ministri
2081 2345 2167 2373 templi.

1320 2384 1424 2407 Porticus
1435 2388 1488 2407 unte
1501 2384 1586 2414 [autem
1594 2385 1613 2414 5²]
1626 2385 1662 2407 illa
1675 2384 1795 2407 dicebatur
1808 2385 1919 2412 templum
1932 2384 2074 2412 Salomonis,
2087 2384 2109 2406 in
2120 2390 2168 2413 quo

1320 2422 1408 2445 solebat
1430 2425 1490 2445 stare
1515 2423 1544 2445 ad
1570 2423 1697 2451 orandum,
1722 2423 1745 2445 in
1770 2429 1816 2451 qua
1834 2423 1857 2444 in
1873 2423 1911 2445 die
1928 2422 2079 2445 dedicationis
2096 2422 2168 2445 erexit

1320 2463 1452 2484 columnam
1470 2468 1575 2489 aeream,
1592 2469 1662 2490 supra
1680 2468 1750 2491 quam
1769 2462 1843 2484 oravit
1861 2462 1924 2485 flexis
1942 2461 2041 2490 genibus
2059 2461 2168 2491 [11133111-

1320 2501 1358 2528 lip.
1377 2502 1402 2529 6,
1421 2501 1462 2528 13;
1479 2502 1520 2523 cfr.
1542 2502 1575 2523 111.
1597 2502 1655 2529 Reg.
1677 2502 1704 2528 8,
1722 2501 1782 2530 5l.],
1806 2507 1859 2524 cum
1882 2504 1959 2523 tamen
1983 2501 2059 2523 ludaei
2081 2501 2169 2523 soleant

1320 2542 1391 2566 stare,
1408 2546 1462 2562 cum
1479 2542 1553 2562 orant.

1382 2577 1392 2590 ⁹
1409 2579 1487 2601 Glossa
1505 2578 1679 2602 interlinearis:
1697 2579 1757 2601 Dum
1775 2579 1875 2602 incertos
1891 2585 1934 2601 nos
1950 2579 2068 2607 relinquis.

1383 2616 1402 2629 ¹⁰
1420 2618 1501 2640 Psalm.
1520 2618 1563 2645 21,
1583 2618 1622 2645 13;
1640 2619 1744 2647 seqnitur
1761 2619 1796 2641 Ps.
1816 2618 1872 2645 117,
1891 2619 1927 2640 12.

1384 2655 1401 2669 ¹¹
1420 2657 1502 2679 Psalm.
1526 2657 1584 2685 106,
1602 2657 1638 2679 26.
1657 2670 1687 2673 —
1705 2657 1780 2680 Verba
1803 2658 1900 2684 August.
1924 2656 2037 2679 habentur
2060 2656 2082 2678 in
2104 2657 2166 2678 ioan.

1320 2698 1407 2724 Evang.
1427 2697 1464 2719 48.
1480 2703 1502 2718 n.
1521 2697 1542 2718 3.
1559 2697 1602 2719 Pro
1619 2696 1766 2719 calumniam
1781 2695 1962 2725 praeparabant
1979 2696 2080 2718 nonnulli
2099 2695 2167 2718 codd.

1320 2736 1356 2758 vel
1374 2735 1553 2759 calumniabant
1569 2736 1605 2758 vel
1623 2735 1843 2759 calumniabantur.

1383 2773 1402 2786 ¹²
1420 2775 1461 2797 Ed.
1478 2781 1531 2797 cum
1549 2774 1655 2803 pluribus
1672 2775 1741 2797 codd.
1758 2774 1827 2797 enim.

1383 2812 1402 2828 ¹³
1420 2815 1462 2836 Pro
1479 2814 1531 2843 ipsu.
1550 2815 1647 2842 Vulgata
1660 2814 1725 2837 haec.
1736 2827 1766 2830 —
1779 2813 1881 2836 Subinde
1893 2814 2004 2842 allegatur
2016 2814 2077 2836 ioan.
2088 2813 2115 2840 7,
2128 2813 2152 2835 31
2161 2831 2166 2835 .

1383 2851 1402 2864 ¹⁴
1420 2853 1442 2874 111
1459 2853 1519 2875 loan.
1537 2854 1624 2881 Evang.
1642 2856 1668 2875 tr.
1687 2853 1724 2875 48.
1740 2860 1761 2875 n.
1776 2852 1796 2875 ι1.
1810 2853 1895 2875 Textus
1912 2852 2030 2880 originalis
2039 2850 2167 2881 praedesti·-

1319 2893 1388 2914 uatos
1406 2898 1448 2919 pro
1465 2891 1600 2919 ordinatos,
1618 2895 1640 2914 et
1656 2892 1679 2914 in
1697 2892 1741 2914 fine
1758 2898 1811 2914 cum
1830 2894 1889 2914 textu
1901 2891 2004 2919 originali
2017 2891 2054 2913 ed.
2074 2896 2168 2919 compa-

1319 2932 1386 2953 ratos
1404 2936 1446 2958 pro
1463 2930 1646 2960 comparandos.

2178 321 2249 346 Duplex
2266 327 2267 330 ¹
2294 339 2296 341 .

2196 346 2269 369 grenta}
2294 355 2296 363 ι

2268 374 2269 391 i

2267 423 2271 519 l

2267 522 2270 565 l

2267 610 2271 643 l

2182 645 2273 789 ”tesi

2205 789 2247 809 tria.
2270 792 2271 832 l

2270 839 2271 849 l

2183 1022 2264 1042 Primum
2270 1011 2272 1022 ³

2187 1725 2259 1745 Secund
