2296 3316
769 111 938 140 COMMENT.
961 111 993 140 lN
1013 110 1159 140 IOANNEM
1179 111 1207 139 C.
1231 111 1270 139 111.

228 191 401 229 Respondent
415 191 542 228 quidam,
563 190 638 227 quod
658 190 785 226 exceptio
799 189 844 219 hic
865 197 919 217 non
935 192 994 217 tan-

4 225 64 271 Ὶ1111111».
74 247 92 266 1.
101 251 137 265 non
150 242 210 268 tum
231 237 439 275 comprehendit
465 237 623 270 Christum,
644 236 692 273 qui
720 239 762 264 est
783 238 881 272 caput,
910 235 994 263 immo

2 299 4 309 ι

3 313 5 325 4

3 375 5 385 1

0 479 135 506 &Reum-aucto-

3 516 5 529 l

2 648 6 685 ¹.

32 270 116 295 probata.

53 508 86 521 ns.

74 618 102 637 Ad
115 618 134 637 2.

75 851 105 871 Ad
117 851 134 870 3.

150 288 238 314 totum
260 292 362 321 corpus
382 284 500 318 Christi;
521 286 549 312 et
573 283 610 311 illi
632 290 728 311 omnes
748 285 776 311 et
796 282 863 316 soli,
890 282 938 319 qui
959 281 994 310 ad

150 340 252 369 eorpus
272 332 333 360 eius
354 331 507 368 pertinent,
528 330 680 359 ascendunt
694 329 711 358 ¹.
728 346 764 350 —
786 329 838 358 Sed
859 329 911 358 1106
939 337 994 357 000

149 381 239 415 potest
260 381 348 412 stare,
369 376 435 414 quia
455 384 557 413 corpus
581 384 636 404 non
656 375 796 405 descendit
823 375 857 404 de
884 375 959 404 caelo
973 375 993 403 2.

229 425 376 461 Propterea
406 423 630 461 intelligendum,
661 423 735 460 quod
766 422 920 451 ascendere
950 422 995 451 hic

150 471 251 501 dieitur
272 471 385 508 propria
405 471 524 505 virtute,
545 479 600 499 non
620 470 731 499 aliunde
751 469 829 505 data,
850 473 878 498 et
892 469 931 498 sic
952 477 995 498 so-

151 519 195 548 lus
215 519 343 548 Christus
364 518 453 555 potuit
464 518 484 546 ³.

229 566 255 594 2.
278 565 356 602 Quod
376 564 469 593 obiicit
489 564 523 593 de
550 572 679 601 corpore,
700 563 848 601 respondet
868 563 996 600 Augusti-

151 619 205 640 nus
218 611 239 646 4,
260 611 334 648 quod
365 619 419 640 non
449 611 552 645 obstat,
574 611 640 648 quia
669 618 771 647 corpus
802 613 843 639 est
864 613 996 647 tanquam

151 657 360 691 indumentum:
391 657 465 686 unde
496 657 518 685 si
539 657 638 694 aliquis
669 656 809 686 descendit
840 656 932 685 nudus
962 656 996 685 de

151 706 243 733 monte
264 707 291 733 et
311 703 432 733 ascendit
453 703 584 738 vestitus,
605 703 738 732 dicimus:
760 711 841 732 nemo
861 703 995 737 ascendit,

151 750 203 779 nisi
225 750 272 787 qui
293 750 448 785 descendit;
471 750 509 779 sic
530 754 557 779 et
578 750 606 779 in
626 750 774 787 proposito.

230 797 256 826 3.
278 797 356 834 Quod
377 797 501 834 quaerit:
524 797 675 826 secundum
697 805 780 834 quam
801 799 929 825 naturam
944 796 996 825 hoc

151 844 273 873 dicitur?
295 844 461 881 respondeo:
483 844 648 878 Dicendum,
670 844 744 881 quod
765 844 791 872 in
813 844 860 872 illa
873 843 997 872 oratione

152 891 206 920 tria
228 890 360 920 dicuntur
380 891 414 920 de
438 899 494 920 una
515 891 667 928 hypostasi:
689 891 851 919 ascendere.
870 890 997 919 convenit

152 938 175 967 ei
197 938 303 967 ratione
324 938 461 967 110103036
481 941 612 972 0310136;
635 937 815 971 descendere,
831 937 936 966 ratione
956 937 997 965 di-

151 985 231 1014 vinae
254 984 340 1013 relate
359 984 393 1013 ad
419 984 586 1019 humanam,
607 984 672 1022 quia
694 992 722 1013 se
744 984 899 1012 humiliavit
919 991 998 1012 assu-

151 1031 250 1060 mendo
277 1039 404 1065 carnem;
425 1040 484 1059 esse
511 1039 577 1060 vero
605 1031 637 1059 in
664 1030 757 1064 caelo,
785 1033 817 1059 ut
844 1033 926 1065 tunc,
955 1038 997 1059 se-

151 1077 274 1107 cundum
293 1077 414 1106 divinam
435 1085 514 1114 pure.
537 1077 568 1106 Et
588 1077 627 1106 616
648 1085 703 1105 000
727 1079 816 1113 potest
838 1078 926 1105 totum
954 1084 997 1105 re-

100 1136 103 1139 >
151 1124 276 1161 torqueri
306 1123 340 1152 ad
370 1132 454 1152 unam
486 1127 631 1158 naturam,
660 1123 707 1152 sed
734 1123 768 1152 ad
795 1131 880 1152 unam
910 1123 998 1160 hypo-

77 1458 135 1483 neap.

151 1170 246 1200 stasim
260 1170 280 1199 ⁵.

231 1217 276 1245 28.
298 1217 408 1253 Quaest.
434 1217 462 1245 11.
489 1217 555 1246 Item
579 1217 689 1254 quaerit
708 1217 943 1254 Chrysostomus‘3
964 1217 998 1246 de

151 1264 204 1293 hoc
224 1264 299 1301 quod
329 1264 409 1293 dicit:
439 1264 521 1293 Sicut
540 1264 680 1293 exaltavit
700 1267 767 1293 etc.:
799 1272 904 1301 quare,
933 1272 996 1293 cum

151 1311 290 1348 exprimat
310 1311 479 1348 passionem,
501 1319 556 1339 non
577 1310 648 1339 dixit
667 1311 791 1348 pendere
805 1312 836 1340 in
851 1319 947 1345 eruce,
966 1314 998 1340 ut

151 1357 275 1394 apertius
296 1357 458 1394 loqueretur
471 1360 482 1386 ?

229 1404 406 1433 Rssspmmmo:
428 1404 592 1438 Dicendum,
614 1404 687 1442 quod
702 1405 837 1433 Dominus
857 1404 997 1434 revelabat

150 1449 285 1487 passionis
299 1450 463 1486 mysterium
478 1450 622 1480 Nicodemo
636 1454 668 1479 ut
682 1450 842 1485 honestum,
858 1454 889 1479 ut
910 1451 997 1480 credi-

152 1496 217 1530 bile,
232 1499 264 1525 ut
277 1502 433 1525 secretum:
449 1499 480 1525 ut
493 1496 657 1531 honestum,
679 1505 713 1526 ne
729 1497 811 1526 homo
825 1497 916 1526 adhuc
937 1505 998 1526 car-

151 1543 220 1572 nalis
233 1543 386 1581 despiceret
405 1546 433 1573 et
446 1544 589 1578 horreret;
612 1544 672 1573 ideo
693 1544 765 1573 dixit
779 1544 920 1578 eaealtari,
943 1552 997 1572 non

150 1591 296 1627 suspendi.
318 1591 352 1620 Ut
372 1591 521 1625 credibile,
543 1595 574 1620 ut
596 1591 678 1620 fidem
692 1591 851 1625 adhiheret;
873 1591 934 1620 ideo
948 1599 998 1628 per

150 1637 269 1674 figuram
290 1637 499 1674 praecedentem
526 1638 680 1666 mirabilem
709 1638 843 1675 passionis
870 1638 999 1666 effectum

151 1684 304 1713 mirabilem
320 1684 448 1713 insinuat.
463 1684 497 1713 Ut
511 1684 593 1713 etiam
607 1688 763 1718 secretum,
785 1687 817 1712 ut
837 1684 929 1713 carius
950 1685 999 1713 ha-

151 1730 231 1765 beat;
253 1734 280 1760 et
300 1731 361 1760 ideo
381 1739 436 1759 non
457 1731 603 1768 explanat,
632 1731 679 1760 sed
707 1731 839 1768 relinquit
859 1731 884 1760 ei
906 1731 997 1760 loeum

151 1777 308 1812 meditandi,
329 1780 357 1806 et
377 1785 426 1814 per
448 1778 500 1806 hoc
525 1778 686 1815 proficiendi
714 1781 741 1807 et
768 1778 801 1806 ad
826 1778 929 1807 donum
957 1778 999 1806 in-

152 1825 277 1854 tellectus
298 1824 475 1861 perveniendi
487 1824 506 1853 ⁷.

230 1871 276 1899 29.
299 1871 408 1907 Quaest.
431 1871 470 1899 lli.
493 1871 622 1908 Quaestio
643 1874 684 1900 est
701 1871 735 1900 de
756 1871 808 1900 hoc
829 1871 902 1908 quod
917 1871 998 1900 dicit:

157 1918 190 1946 Ut
219 1917 328 1951 omnis,
357 1917 409 1955 qui
434 1917 525 1946 credit
546 1918 577 1946 in
597 1926 677 1952 eum,
706 1926 763 1946 non
788 1921 897 1955 pereat.
929 1918 998 1954 Ergo

215 2069 223 2082 ²
240 2071 298 2092 Petr.
314 2069 445 2097 Comestor,
462 2070 545 2093 Histor.
562 2070 709 2098 scholastica,
726 2071 749 2093 in
765 2071 900 2100 Evangelia,
918 2077 938 2094 c.
954 2071 996 2094 39:

153 2109 219 2138 Quod
236 2112 312 2131 autem
330 2109 397 2132 dixit:
414 2109 489 2133 Nemo
506 2108 611 2132 ascendit
627 2109 652 2132 in
669 2109 775 2138 caelum,
792 2110 840 2133 nisi
855 2109 997 2140 6011166660-

153 2147 187 2171 dit
201 2147 228 2171 de
245 2148 321 2176 caelo,
339 2154 421 2171 sensus
438 2151 484 2171 est:
502 2147 574 2171 Nemo
590 2149 693 2171 ascendit
710 2149 752 2171 nisi
769 2149 872 2172 Christus
883 2156 937 2172 eum
949 2156 997 2172 cor-

152 2193 209 2215 pore
225 2194 275 2210 suo.
293 2187 334 2210 Vel
351 2188 478 2210 secundum
500 2190 605 2216 tropum,
623 2194 670 2217 quo
692 2188 805 2215 dicimus,
827 2188 951 2211 Dominum
968 2189 997 2211 sa-

152 2232 205 2249 cere
220 2232 281 2255 quae
297 2232 339 2254 per
354 2232 408 2249 eum
426 2227 533 2254 sacimus;
551 2229 573 2249 et
588 2229 623 2249 est
639 2233 732 2250 sensus:
744 2228 816 2250 Nemo
828 2228 941 2255 ascendit,
953 2228 997 2250 nisi

152 2271 222 2294 quem
248 2265 309 2287 Deus
332 2266 457 2288 ascendere
482 2266 542 2288 facit.
566 2265 611 2289 Cir.
634 2266 709 2295 Beda,
726 2266 748 2289 in
766 2268 827 2289 hunc
843 2267 933 2294 locum,
956 2267 997 2289 ubi

152 2304 222 2326 etiam
238 2310 300 2332 resp.
317 2305 346 2327 ad
363 2305 385 2327 3.
404 2305 539 2327 insinuatur.
551 2317 583 2322 —
594 2306 761 2334 Supplevimus
775 2312 802 2328 ex
819 2306 838 2328 D
855 2305 938 2335 qniad
949 2312 998 2329 cor-

149 2349 197 2373 pus
214 2342 264 2366 eius
278 2343 404 2372 pertinent.

215 2380 224 2393 ²
241 2382 326 2404 Bonelli
343 2384 417 2404 notat:
434 2382 480 2405 Nisi
497 2383 604 2405 videlicet
620 2389 648 2405 eo
671 2390 752 2411 sensu,
769 2389 816 2413 quo
839 2384 914 2413 inquit
933 2384 999 2406 inter-

153 2426 206 2448 pres
223 2423 299 2443 noster
315 2421 415 2448 Exposit.
433 2421 455 2443 in
472 2427 523 2449 cap.
540 2422 566 2450 3,
585 2423 623 2444 21.
640 2423 663 2444 S.
679 2423 767 2445 Lucae:
787 2422 882 2446 “Nemo
893 2422 1000 2446 ascendit

153 2458 179 2481 in
195 2458 299 2487 caelum,
317 2458 364 2482 nisi
380 2459 422 2488 qui
436 2458 553 2483 descendit
569 2459 596 2483 de
613 2460 691 2489 caelo,
709 2461 732 2483 id
749 2463 796 2490 est,
819 2461 862 2484 nisi
880 2462 909 2484 sit
925 2468 999 2484 mem-

153 2497 223 2520 brum
244 2497 339 2526 Christi,
360 2498 400 2527 qui
423 2498 543 2522 descendit
564 2499 594 2522 de
616 2500 700 2522 caelo»
727 2502 769 2522 etc.
792 2501 909 2529 Namque,
926 2503 951 2523 ut
968 2500 999 2523 ait

153 2537 221 2559 etiam
239 2538 262 2559 S.
279 2537 393 2565 ThomaS,
410 2537 538 2561 Comment.
554 2538 576 2560 in
594 2539 653 2561 loan.
671 2539 772 2567 Evang.,
787 2539 817 2561 ad
834 2540 895 2562 hunc
912 2541 998 2562 textum

154 2574 215 2605 [lect.
228 2577 282 2598 2.11.
297 2575 343 2605 4.];
355 2577 476 2604 Propterea
493 2577 561 2599 Filius
578 2577 618 2599 Dei
634 2577 664 2600 de
681 2578 749 2600 caelis
766 2578 898 2605 descendit,
915 2581 940 2601 ut
956 2585 998 2601 nos

155 2614 258 2637 faciendo
274 2615 380 2638 membra
396 2622 437 2638 sua
454 2616 483 2638 ad
500 2622 621 2639 ascensum
637 2617 752 2639 caelorum
765 2620 925 2645 praepararet;
938 2623 998 2640 nunc

154 2653 249 2682 quidem
267 2654 288 2676 in
306 2660 360 2682 spe,
376 2654 470 2677 tandem
487 2661 544 2677 vero
562 2655 583 2677 in
600 2661 633 2677 re.
650 2656 707 2683 Eph.
724 2656 750 2684 2,
768 2656 794 2678 6:
813 2655 860 2683 Qui
874 2655 999 2679 resuscita-

155 2691 188 2715 vil
203 2698 247 2715 nos
263 2694 285 2716 et
301 2692 425 2716 consedere
440 2699 484 2716 nos
500 2693 555 2723 fecit
570 2693 593 2716 in
612 2693 749 2719 coelestibus
766 2694 791 2717 in
808 2694 900 2717 Christo
919 2695 980 2717 lesu.

217 2730 226 2743 ³
243 2731 288 2754 Csr.
305 2732 337 2754 ΙΙΙ.
355 2733 416 2754 Sent.
434 2732 456 2754 d.
474 2733 510 2754 22.
528 2732 583 2754 dub.
602 2732 623 2754 4.

216 2769 226 2782 ⁴
243 2772 315 2793 Serm.
334 2771 387 2794 263.
404 2771 468 2799 (alias
486 2771 537 2793 474.
555 2771 584 2793 de
602 2771 718 2800 Tempore
741 2774 763 2794 et
779 2772 818 2794 90.
835 2773 864 2795 de
886 2772 997 2799 Diversis)

155 2815 179 2831 n.
196 2810 221 2831 3:
239 2809 341 2837 Corpus,
359 2810 476 2838 inquiunt,
488 2810 552 2839 quod
565 2805 609 2832 non
620 2810 740 2833 descendit
752 2811 781 2833 de
792 2812 867 2839 caelo,
880 2812 998 2840 quomodo

155 2848 230 2876 potuit
245 2848 369 2870 ascendere
385 2848 409 2870 in
426 2849 534 2870 caelum?
552 2849 621 2877 Quasi
638 2849 675 2871 ille
698 2849 793 2871 dixerit:
815 2849 872 2871 Nihil
895 2849 999 2872 ascendit

155 2887 179 2909 in
195 2888 296 2914 caelum,
314 2887 355 2909 nisi
372 2887 436 2915 quod
452 2887 482 2909 de
499 2888 561 2909 caelo
578 2888 709 2916 descendit,
726 2888 767 2910 sed
779 2888 821 2911 ait:
835 2888 909 2912 Nemo
921 2894 999 2911 ascen-

1836 110 1892 139 283

1050 189 1159 223 nullus,
1181 189 1228 226 qui
1250 189 1334 218 habet
1353 189 1451 223 fidem,
1473 189 1658 223 damnabitur,
1680 191 1893 226 quantumcum—

1050 243 1105 272 que
1125 236 1222 264 malus.
1237 252 1272 256 ——
1289 236 1322 264 Si
1341 240 1373 264 tu
1393 236 1492 269 dicas,
1514 235 1589 272 quod
1610 235 1771 272 intelligitur
1786 235 1820 263 de
1840 235 1894 263 fide

1049 281 1180 310 formata:
1202 290 1268 318 ergo
1282 282 1434 310 secundum
1450 282 1502 310 hoc
1522 282 1629 316 nullus,
1644 281 1692 318 qui
1714 281 1797 310 habet
1811 281 1892 309 fidem

1050 328 1211 362 formatam,
1232 331 1321 365 potest
1341 329 1474 357 damnari.

1129 376 1306 404 Responnuo:
1327 375 1492 409 Dicendum,
1507 375 1581 412 quod
1595 375 1640 403 hie
1654 375 1827 412 loquiturde
1839 374 1893 403 fide
1912 382 1969 407 neap,

1051 430 1131 456 vera:
1153 430 1219 451 vera
1239 425 1332 450 autem
1354 422 1421 451 fides
1441 422 1565 450 excludit
1587 422 1723 450 fictionem
1744 421 1892 458 duplicem.
1911 428 1970 448 Ficuo
1983 428 2017 447 du-

1050 469 1127 497 Fides
1141 469 1214 502 enim
1235 471 1276 497 est
1290 468 1368 503 ficta,
1389 472 1437 497 aut
1452 469 1517 506 quia
1538 468 1637 503 credit,
1656 468 1703 497 sed
1724 477 1781 497 non
1795 472 1895 502 amat,-

1051 518 1100 543 aut
1120 515 1186 552 quia
1206 514 1293 543 credit
1312 517 1340 543 et
1360 517 1448 549 amat,
1470 515 1516 543 sed
1539 523 1596 543 non
1620 519 1794 552 perseverat.
1824 515 1896 544 Vera

1051 565 1092 590 est
1113 562 1197 598 igitur
1219 561 1302 596 fides,
1323 570 1394 599 quae
1415 561 1489 598 quod
1514 561 1601 590 credit
1622 564 1696 590 amat
1720 564 1748 590 et
1768 569 1896 598 perseve-

1051 610 1158 642 rat;.et
1178 608 1268 636 omnis
1290 608 1352 637 talis
1372 607 1524 637 salvabitur
1535 607 1555 636 ⁸.

1935 452 1985 476 plex.

1130 654 1176 683 30.
1199 653 1264 682 No'n
1284 654 1360 683 enim
1376 654 1455 682 misit
1478 654 1561 682 Deus.
1577 655 1667 691 Supra
1687 654 1895 689 determinavit,
1924 661 2029 683 ’Νι-113116

1913 685 1978 703 salutis
1995 685 2030 703 im-

1051 709 1123 738 quae
1143 701 1178 730 sit
1199 701 1296 729 salutis
1319 701 1373 735 via,
1394 703 1422 730 et
1442 701 1517 738 quod
1531 701 1627 730 salutis
1648 701 1830 738 principium;
1851 701 1897 730 hic
1917 708 2026 735 redimenti>

1052 748 1134 777 tertio
1154 748 1209 776 iam
1229 748 1409 782 determinat,
1431 748 1505 785 quod
1526 751 1567 776 est
1584 748 1691 776 salutis
1712 748 1897 785 impedimen-

1052 798 1122 823 tum.
1144 794 1176 823 Et
1198 795 1287 831 primo
1300 794 1434 829 ostendit,
1456 794 1531 831 quod
1545 794 1771 831 impedimentum
1787 798 1896 823 nostrae

1052 841 1149 870 salutis
1169 850 1228 870 non
1248 845 1289 870 est
1309 850 1343 869 ex
1361 844 1448 878 parte
1467 841 1517 869 Dei
1524 851 1534 874 ,·
1556 841 1692 875 secundo,
1715 841 1789 878 quod
1808 845 1848 870 est
1863 850 1897 869 616

1050 892 1136 925 parte
1156 887 1282 926 defectus
1302 888 1387 925 fidei,-
1409 889 1491 917 tertio
1513 896 1595 922 ver0‚
1617 888 1691 925 quod
1705 892 1746 917 est
1766 892 1898 925 exparte

1052 935 1180 973 defectus
1201 936 1297 972 operis
1318 935 1392 964 boni.

1917 734 1960 751 ΠΒ.

1132 982 1220 1016 (Vers.
1246 984 1310 1015 17.).
1326 982 1451 1011 Ostendit
1466 983 1549 1019 igitur
1572 982 1676 1019 primo,
1692 982 1765 1019 quod
1786 990 1845 1010 non
1858 985 1898 1010 est
1910 988 2044 1012 Expositiulit-

1938 1012 2011 1030 tei-alis.

1053 1037 1087 1057 ex
1106 1032 1191 1066 parce
1215 1029 1265 1056 Dei
1278 1032 1372 1057 nostra
1392 1029 1545 1063 damnatio,
1567 1037 1631 1058 cum
1645 1029 1726 1057 dicit:
1743 1028 1806 1057 Non
1821 1029 1897 1057 enim
1915 1035 2004 1054 Primum.

1053 1075 1133 1103 misit
1146 1078 1210 1108 etc.;
1226 1078 1253 1103 et
1267 1075 1347 1106 debet
1362 1075 1399 1103 ita
1419 1076 1572 1104 continuari
1588 1075 1622 1104 311
1637 1074 1816 1112 praecedens:
1833 1082 1898 1104 vere

1053 1121 1124 1156 dixi,
1147 1122 1221 1158 quod
1242 1122 1316 1151 Deus
1330 1122 1404 1151 dedit
1424 1123 1539 1156 Filium,
1561 1127 1593 1150 01
1608 1122 1720 1155 omnis,
1736 1122 1787 1159 qui
1807 1122 1898 1150 eredit

1054 1169 1086 1197 in
1106 1178 1188 1202 eum,
1210 1167 1314 1197 habeat
1329 1170 1418 1197 vitam
1439 1173 1609 1203 aeternam,
1631 1177 1701 1202 non,
1716 1169 1846 1206 inquam,
1867 1172 1899 1198 ut

1053 1216 1209 1244 damnetur.
1233 1215 1298 1244 Non
1321 1216 1398 1244 enim
1419 1216 1499 1244 misit
1528 1216 1603 1244 Deus
1626 1216 1735 1244 Filium
1751 1224 1839 1244 suum
1868 1216 1899 1244 in

1053 1263 1214 1297 mundum,
1237 1266 1269 1291 ut
1289 1263 1395 1291 iudicet
1415 1263 1576 1296 mundum,
1598 1262 1702 1291 scilicet
1721 1262 1811 1298 ipsum
1834 1270 1899 1290 con-

1053 1309 1223 1343 demnando,
1247 1309 1297 1338 sed
1327 1313 1360 1337 01
1379 1309 1509 1337 salvetur
1539 1309 1669 1337 mundus
1696 1317 1750 1346 per
1784 1308 1899 1345 ipsum,-

1054 1357 1160 1394 primae
1181 1357 1287 1385 loannis
1308 1356 1389 1385 tertio
1404 1356 1430 1384 ⁹:
1457 1368 1470 1381 «
1486 1356 1514 1384 In
1536 1356 1588 1385 hoc
1602 1356 1781 1393 cognovimus
1802 1355 1900 1384 631113-

1054 1407 1108 1433 tem
1129 1404 1194 1438 Dei,
1215 1404 1345 1441 quoniam
1368 1403 1426 1440 ipse
1447 1403 1523 1439 prior
1541 1403 1639 1431 dilexit
1660 1410 1710 1431 nos
1724 1405 1752 1431 et
1771 1402 1845 1430 misit
1859 1402 1901 1430 Fi-

1054 1450 1121 1478 lium
1136 1458 1218 1478 suum
1235 1449 1454 1486 propitiationem
1477 1458 1527 1486 pro
1542 1449 1660 1486 peccatis
1678 1448 1780 1477 nostris
1791 1460 1818 1483 »,
1840 1448 1901 1477 11160

1053 1496 1087 1525 311
1108 1496 1330 1533 propitiandum,
1352 1504 1405 1524 000
1427 1495 1676 1525 311”1131003011010.

1133 1543 1178 1572 31.
1201 1543 1289 1578 (Vers.
1314 1543 1379 1577 18.).
1404 1543 1461 1579 Qui
1481 1543 1571 1571 credit
1591 1543 1622 1571 in
1643 1551 1709 1571 eum
1737 1551 1795 1571 non
1822 1543 1901 1571 iudi-

1054 1593 1150 1618 catur.
1183 1590 1316 1626 Tangitur
1344 1589 1389 1617 hic
1410 1589 1579 1623 secundum,
1607 1589 1682 1626 quod
1709 1589 1849 1618 damnatio
1873 1592 1900 1618 et

1054 1636 1187 1664 iudicium
1209 1636 1284 1664 venit
1298 1645 1332 1664 ex
1350 1639 1436 1673 parte
1450 1635 1576 1673 defectus
1596 1636 1670 1673 fidei.
1692 1636 1722 1664 Et
1736 1636 1788 1665 hoc
1809 1639 1900 1665 osten-

1055 1683 1094 1711 dit
1116 1690 1164 1719 per
1186 1683 1253 1716 hoc,
1282 1682 1356 1719 quod
1377 1683 1424 1719 qui
1453 1683 1538 1711 credit
1563 1691 1617 1711 non
1644 1682 1827 1716 iudicabitur,
1852 1682 1900 1711 sed

1055 1729 1102 1766 qui
1125 1737 1179 1757 000
1200 1729 1287 1758 6161111
1308 1729 1362 1757 1301
1386 1732 1428 1758 est
1448 1729 1593 1758 iudicatus.
1616 1729 1731 1766 Propter
1752 1730 1804 1757 1106
1818 1729 1898 1757 111611;

1057 1776 1115 1812 Qui
1144 1776 1236 1804 credit
1265 1776 1296 1804 in
1326 1784 1408 1810 eum,
1437 1776 1540 1805 scilicet
1568 1776 1606 1804 in‘
1624 1776 1670 1804 Dei
1700 1776 1814 1810 Filium,
1841 1784 1900 1804 non

1050 1823 1226 1856 1011160101,-
1254 1823 1325 1851 infra
1345 1823 1442 1860 quinto
1460 1823 1499 1851 ¹⁰:
1527 1823 1582 1851 «ln
1611 1823 1743 1852 iudicium
1773 1831 1825 1851 non
1854 1830 1901 1851 ve-

1056 1870 1124 1904 niet,
1145 1869 1192 1898 sed
1214 1870 1329 1898 transiet
1349 1869 1382 1898 de
1403 1873 1492 1898 morte
1513 1869 1546 1898 ad
1568 1869 1651 1898 vitam
1673 1881 1698 1897 ».
1723 1869 1780 1905 Qui
1803 1872 1902 1897 autem

1055 1925 1114 1945 non
1135 1916 1225 1945 credit
1245 1917 1307 1945 iam
1328 1916 1477 1945 iudicatus
1498 1920 1555 1950 est,
1577 1916 1604 1945 id
1625 1918 1679 1950 est,
1701 1924 1752 1953 pro
1772 1915 1901 1944 damnato

1054 2070 1100 2099 dit,
1117 2070 1166 2094 nisi
1181 2070 1222 2100 qui
1237 2069 1362 2093 descendit.
1378 2071 1426 2092 Hoc
1444 2070 1506 2092 enim
1523 2069 1553 2092 ad
1570 2075 1707 2097 personam,
1724 2075 1771 2091 non
1783 2069 1811 2091 ad
1824 2074 1902 2097 perso-

1053 2116 1095 2132 nae
1113 2109 1216 2132 habitum
1234 2110 1318 2132 retulit.
1334 2109 1456 2132 Descendit
1472 2109 1522 2131 sine
1538 2108 1642 2136 corporis
1658 2109 1807 2137 indumento,
1825 2114 1901 2131 ascen-

1054 2149 1087 2171 dit
1103 2155 1156 2171 6010
1173 2149 1277 2176 corporis
1295 2148 1452 2171 indumento...
1465 2148 1521 2176 Quis
1537 2148 1598 2170 enim
1615 2148 1652 2170 vel
1665 2148 1687 2169 in
1699 2150 1814 2175 montem,
1826 2148 1863 2170 vel
1878 2148 1902 2170 in

1054 2193 1160 2215 murum,
1178 2187 1214 2209 vel
1232 2187 1254 2209 in
1271 2187 1371 2215 aliquem
1387 2187 1531 2214 superiorem
1553 2186 1630 2208 locum
1652 2186 1707 2208 dicit
1724 2192 1771 2208 non
1793 2192 1848 2208 eum
1865 2192 1903 2209 so-

1053 2227 1109 2253 lum,
1126 2226 1167 2255 qui
1188 2226 1340 2253 descenderit,
1357 2226 1500 2252 ascendisse,
1518 2226 1545 2253 si,
1563 2231 1616 2247 eum
1634 2225 1791 2248 descendisset
1808 2228 1902 2253 exutus,

1054 2265 1163 2288 ascendat
1180 2265 1284 2292 indutus,
1301 2267 1341 2287 aut
1357 2271 1411 2287 cum
1429 2264 1586 2287 descendisset
1607 2264 1714 2292 inermis,
1737 2265 1846 2287 ascendat
1869 2270 1903 2287 ar-

1054 2307 1130 2327 matus
1146 2307 1190 2327 etc.
1206 2304 1250 2327 Cfr.
1269 2305 1298 2327 de
1314 2305 1395 2333 Agone
1412 2304 1547 2332 christiano,
1565 2310 1584 2326 c.
1602 2304 1639 2327 25.
1657 2310 1680 2326 0.
1697 2304 1735 2326 27.

1118 2342 1127 2355 ⁶
1144 2343 1188 2366 Cir.
1211 2343 1285 2372 Beda,
1304 2343 1327 2367 in
1349 2344 1410 2365 hunc
1432 2343 1517 2365 locum.
1533 2355 1567 2367 —‚
1586 2343 1628 2365 Pro
1648 2342 1690 2366 sed
1706 2342 1739 2366 ad
1755 2343 1902 2365 EHIKLM

1055 2382 1109 2406 licet
1123 2382 1161 2406 ad.

1117 2421 1127 2434 ⁶
1144 2423 1167 2444 In
1184 2423 1244 2444 ioan.
1261 2422 1340 2444 homil.
1357 2421 1394 2444 27.
1413 2421 1477 2449 (alias
1494 2421 1541 2450 26.)
1559 2428 1581 2443 n.
1597 2422 1623 2443 2:
1635 2420 1681 2444 Cur
1694 2424 1772 2444 autem
1783 2428 1829 2444 non
1841 2422 1903 2444 clare

1055 2461 1121 2490 dixit,
1138 2467 1163 2483 se
1179 2461 1362 2489 crucifigendum
1379 2467 1442 2489 esse,
1454 2460 1495 2483 sed
1507 2460 1537 2483 ad
1554 2463 1655 2483 veterem
1674 2460 1772 2488 figuram
1786 2460 1903 2483 auditores

1055 2501 1163 2523 remisit?

1118 2537 1127 2551 ⁷
1144 2539 1189 2562 Csr.
1205 2539 1323 2567 Chrysost.
1339 2540 1383 2561 loc.
1399 2539 1448 2566 cit.,
1466 2538 1505 2561 ubi
1523 2539 1591 2561 etiam
1612 2539 1693 2567 triplex
1715 2539 1773 2561 ratio
1794 2539 1900 2561 affertur:

1055 2579 1169 2606 Primum,
1182 2581 1206 2600 ut
1217 2578 1331 2600 discerent
1342 2580 1447 2600 veterum
1459 2584 1513 2600 cum
1526 2578 1592 2600 novis
1603 2578 1790 2606 cognationem...
1802 2578 1887 2600 deinde
1895 2595 1901 2605 ,

1055 2619 1081 2639 ut
1096 2617 1222 2645 intelligas,
1239 2617 1315 2644 ipsum
1333 2622 1378 2639 nou
1395 2616 1492 2639 invitum
1509 2616 1539 2639 ad
1557 2619 1654 2639 mortem
1672 2617 1775 2645 venisse3
1793 2617 1823 2639 ad
1846 2617 1903 2639 haec

1055 2657 1145 2682 autem,
1163 2658 1187 2677 ut
1203 2655 1316 2682 disceres,
1334 2656 1421 2677 nullum
1438 2655 1481 2683 ipsi
1498 2655 1528 2677 ab
1545 2655 1581 2677 illa
1598 2661 1623 2677 re
1639 2655 1752 2677 damnum
1770 2655 1902 2682 importari,

1055 2697 1077 2716 et
1094 2694 1147 2716 hinc
1164 2694 1241 2716 multis
1258 2694 1334 2722 ipsum
1352 2694 1449 2716 salutem
1467 2700 1557 2721 parere.

1118 2731 1127 2744 ⁸
1145 2734 1220 2755 Matth.
1238 2733 1280 2760 10,
1298 2734 1340 2755 221
1356 2733 1398 2761 Qui
1411 2736 1488 2755 autem
1500 2733 1684 2761 perseveraverit
1696 2739 1769 2761 usque
1784 2733 1806 2754 in
1819 2732 1900 2760 finem,

1056 2772 1094 2794 hic
1111 2772 1188 2794 salvus
1205 2772 1253 2794 erit.

1117 2809 1127 2822 ⁹
1145 2811 1210 2833 Vers.
1231 2810 1268 2838 16,
1287 2810 1340 2832 ubi:
1364 2811 1385 2832 ln
1411 2811 1455 2832 hoc
1479 2811 1635 2838 cognovimus
1659 2810 1777 2832 caritatem
1805 2809 1860 2836 Dei,
1881 2811 1904 2831 et

1057 2849 1082 2877 4,
1102 2850 1145 2871 40:
1163 2850 1276 2878 Quoniam
1295 2849 1345 2877 ipse
1362 2851 1405 2872 616.

1118 2886 1137 2900 ¹⁰
1155 2888 1220 2910 Vers.
1238 2888 1280 2914 24;
1298 2888 1396 2915 Vulgata
1413 2887 1486 2916 venit,
1507 2887 1548 2911 sed
1564 2886 1660 2910 transiit
1677 2893 1692 2910 a
1709 2888 1786 2909 morte
1802 2885 1826 2908 in
1843 2888 1886 2907 etc.

1920 1548 2033 1568 Secundum.
