2296 3316
6 715 9 743 Ῑ
54 723 129 748 Quinta.

8 957 131 1000 1’111ῗὲ111111

17 1005 59 1028 quid
73 1004 117 1022 sint.

8 1476 9 1479 ¹
17 1471 70 1499 Indus
77 1476 136 1499 ‘sana-

37 1497 99 1514 honis.

774 125 944 154 COMMENT.
966 126 999 154 IN
1019 126 1166 155 IOANNEM
1186 127 1215 154 C.
1236 127 1267 155 V.

147 204 246 233 braeos
265 204 387 232 decimo:
410 203 598 231 Horrendum
619 206 660 230 est
687 202 813 230 incidere
833 202 864 230 in
885 211 993 230 manus

60 257 129 276 Tertia.
147 250 201 279 Dei
219 250 349 278 viventis.
375 265 412 270 -
433 249 525 277 Tertia
545 248 743 282 consideratio,
765 249 993 285 opportunitatis

148 296 217 330 loci,
240 296 306 333 quia
326 299 387 332 post
408 303 463 323 non
483 295 537 323 erit
558 295 635 323 locus
649 295 844 331 poenitentiae;
861 295 992 323 Ecclesia-

147 345 205 372 stae
232 344 340 371 non0¹:
370 342 575 379 Quodcumque
602 345 695 378 potest
719 349 829 369 manus
857 344 925 375 tua,
948 342 992 369 in-

146 393 258 418 stanter
278 397 417 425 operare,
438 388 510 426 quia
530 396 581 416 nec
601 396 675 424 opus
696 396 747 416 nec
768 388 846 416 ratio
867 396 918 416 nec
943 396 992 416 sa-

143 436 256 473 pientia
277 443 328 463 nce
357 435 479 463 scientia
506 437 592 463 erunt
623 435 705 471 apud
733 433 862 471 inferos,
883 443 939 472 quo
961 438 992 463 tu

6 499 8 501 »
53 490 130 514 Quarta.
143 491 297 520 properas¹
320 497 357 502 —
379 481 483 518 Quarta
503 484 545 510 est
565 481 749 510 consideratio
776 481 992 510 incertitudinis

147 529 205 558 diei
225 529 362 562 extremi;
379 528 555 556 Ecclesiastae
569 536 642 556 nono
653 528 679 555 2:
697 527 792 556 Nescit
806 527 890 556 ltomo
904 528 991 564 finem

146 585 254 609 suum,·
275 575 325 603 scd
344 575 422 603 sicut
438 575 533 612 pisces
564 575 725 612 capiuntur
746 574 850 609 lzamo,
871 578 897 603 et
916 575 994 604 sicut

147 631 214 652 aves
240 623 340 661 laqueo
368 620 670 659 comprehcnduntur;
691 622 734 650 sic
761 622 923 659 capiuntur
944 621 994 650 lto-

147 670 238 698 mines
259 669 290 698 in
312 673 436 706 tempore
457 668 551 703 malo,
573 677 640 697 cum
668 669 708 697 eis
733 668 870 706 eaetemplo
891 677 993 706 super-

146 716 262 745 venerit.
280 732 316 737 —-
331 716 432 752 Quinta
452 719 494 744 est
508 716 690 745 consideratio
705 716 923 745 incertitudinis
933 719 993 744 sta-

147 767 194 792 tus
214 763 276 796 sui,
298 763 363 800 quia
383 763 485 797 nescit,
507 765 603 791 utrum
624 763 728 800 aliquid
749 763 844 792 fecerit
861 764 915 791 Deo
935 763 993 800 pla-

147 810 248 844 citum;
264 809 324 838 ideo
338 809 446 838 dicebat
460 810 488 838 in
503 810 627 838 Psalmo³
638 820 644 838 :
657 811 692 838 Et
705 809 783 838 dixi.-
800 809 885 838 Nunc
900 810 979 847 coepi
982 820 993 843 ;

148 856 327 885 Ecclesiastici
348 856 469 885 decimo:
494 857 595 885 Omnis
613 860 781 893 potentatus
806 856 900 885 brevis
921 858 990 886 vita.

228 903 271 932 14.
294 903 396 931 Infirmi
413 903 587 932 suntmaeci
603 911 653 940 per
673 903 856 940 ignorantiam
878 911 993 940 peccan-

147 952 203 984 tes;
226 950 353 978 Matthaei
375 950 481 978 decimo
502 950 637 987 quinto&
662 949 747 978 Caeci
766 954 836 978 sunt
857 953 881 978 et
906 951 993 979 duces

147 1006 310 1026 caecorum.
329 997 438 1025 Caecus
453 999 548 1025 autem
564 996 592 1025 si
605 1005 689 1025 caeco
703 997 844 1025 ducatum
854 1000 992 1034 praestet,

147 1044 232 1073 ambo
252 1045 284 1073 in
304 1043 419 1082 foveam
440 1044 558 1072 cadunt.
581 1060 619 1064 —-
640 1044 710 1072 Sunt
731 1043 844 1077 claudi,
860 1044 907 1080 qui
930 1052 993 1080 pec-

147 1094 210 1121 cant
240 1099 290 1128 per
321 1091 525 1128 impotentiam;
561 1090 595 1118 ad
626 1090 763 1119 Hebraeos
793 1090 992 1119 duodecim0⁵:

151 1138 276 1167 Gressus
296 1142 388 1167 rectos
408 1137 496 1175 facite
513 1137 637 1174 pedibus
651 1137 771 1171 vestris,
793 1140 898 1165 utnon
912 1137 993 1165 clau-

147 1185 255 1214 dicetis.
271 1201 309 1205 ——
324 1186 394 1213 Sunt
415 1184 509 1218 aridi,
532 1184 579 1221 qui
595 1187 709 1220 peccant
723 1192 773 1220 per
798 1184 931 1212 malitiam
951 1184 993 1212 vel

146 1231 293 1265 duritiam;
318 1230 500 1259 Ecclesiastici
532 1230 652 1259 tertioss:
687 1230 743 1259 Cor
772 1230 884 1258 durum
918 1230 994 1258 male

147 1277 260 1307 habebit
274 1278 304 1306 in
318 1278 492 1311 nouissimo;
507 1277 687 1306 Ecclesiastici
703 1277 845 1314 trigesimo
860 1277 992 1313 septimo:

150 1325 173 1354 O
189 1325 371 1363 praesumtio
386 1324 583 1362 nequissima!
594 1324 672 1352 unde
689 1326 789 1352 creata
803 1332 832 1352 es
846 1324 994 1361 cooperire

147 1372 266 1400 aridam
288 1371 404 1399 malitia
424 1375 451 1399 et
470 1371 619 1399 dolositate
640 1370 741 1399 illius?

226 1419 254 1446 Hi
276 1423 426 1447 sanantur
453 1418 480 1446 in
503 1418 629 1447 aduentu
646 1418 764 1455 Anyeli,
786 1418 812 1446 id
838 1422 879 1447 est
901 1419 993 1447 visita-

147 1465 230 1494 tionis
249 1465 373 1499 divinae;
396 1465 441 1493 Iob
462 1465 603 1502 trigesimo
635 1465 754 1494 tertio⁷:
784 1466 922 1502 Increpat
938 1474 993 1502 per

147 1512 274 1541 dolorem
288 1513 320 1541 in
334 1512 433 1540 lectulo
448 1515 498 1541 etc.
515 1528 553 1532 -
571 1512 640 1540 Post
653 1512 871 1541 commotionem
885 1521 990 1551 aquae,

146 1559 174 1588 id
194 1561 236 1588 est
250 1559 453 1596 lacrymationis
474 1559 613 1593 internae;
633 1559 809 1588 Threnorum
832 1559 991 1588 secundoss:

148 1605 271 1644 Effunde
290 1607 366 1635 sicut
396 1615 506 1644 aquam
535 1615 585 1634 cor
614 1609 698 1634 tuum
719 1610 786 1634 ante
807 1609 991 1643 conspectum

149 1653 273 1682 Domini.
296 1670 334 1674 —-
355 1654 413 1682 Per
434 1653 603 1681 descensum
628 1653 656 1681 in
688 1653 821 1689 piscinam
842 1660 944 1689 aquae,
966 1652 993 1681 id

147 1703 188 1729 est
208 1700 391 1729 humilitatem
414 1700 609 1736 poenitentiae;
626 1699 709 1728 Isaiae
723 1699 936 1736 quadragesimo
951 1707 993 1727 se—

147 1747 271 1784 ptimo⁹:
306 1746 462 1780 Descende,
493 1747 557 1774 sede
588 1746 620 1774 in
647 1746 782 1782 puluere,
811 1746 895 1783 viryo
926 1745 990 1782 filia

148 1794 323 1832 Babylonis,
344 1793 408 1822 sede
437 1793 469 1822 in
500 1797 598 1826 terra;
623 1801 682 1821 non
709 1796 751 1821 est
781 1792 887 1821 solium
914 1792 994 1829 filiae

149 1840 373 1870 Chaldaeorum.

469 1933 670 1970 Qunnsnonas.

228 2029 271 2056 15.
293 2028 403 2064 Quaest.
426 2027 444 2055 I.
466 2028 617 2064 Quaeritur
644 2027 689 2056 hic
717 2027 750 2056 de
779 2027 883 2056 virtute
908 2027 994 2055 ‘istius

146 2082 281 2112 piscinae:

1836 126 1892 155 305

1131 204 1154 231 1.
1177 203 1252 232 Unde
1273 204 1344 232 hanc
1364 204 1496 233 virtutem
1518 204 1649 239 habebat,
1671 207 1698 233 et
1719 213 1774 242 qua
1788 205 1894 234 ratione

1049 249 1087 277 illi
1109 250 1229 286 piscinae
1250 251 1288 279 sic
1309 251 1439 279 continue
1460 251 1556 279 collata
1578 254 1659 280 erat?

1128 297 1154 325 2.
1177 297 1258 331 Item,
1280 305 1344 326 cum
1365 300 1441 326 tanta
1461 300 1533 326 esset
1554 298 1659 332 virtus,
1674 298 1748 327 unde
1769 301 1810 327 est
1831 299 1893 333 boc,

1049 342 1124 378 quod
1145 343 1288 379 Scriptura
1308 344 1342 372 de
1362 352 1395 372 eo
1408 344 1430 360 ¹⁰
1445 344 1611 373 mentionem
1640 352 1694 373 non
1715 344 1799 373 facit?
1813 345 1894 373 Vide-

1050 391 1112 423 tur,
1134 389 1208 426 quod
1228 390 1394 427 negligentia
1408 391 1575 427 scriptorum
1590 390 1681 420 fuerit.
1697 408 1736 412 -—-
1750 391 1783 420 Si
1797 391 1894 426 dicas,

1050 435 1124 472 quod
1145 437 1274 473 apparuit
1294 437 1362 465 haec
1383 437 1473 466 virtus
1494 445 1579 474 prope
1600 437 1700 466 Christi
1722 438 1893 474 passionem;

1049 482 1195 519 quaeritur
1216 486 1297 511 tunc:
1320 491 1407 520 quare
1428 492 1513 520 prope
1534 484 1688 521 passionem
1708 485 1853 522 apparuit,
1867 488 1895 513 et

1050 537 1138 566 quare
1158 529 1320 558 adveniente
1341 530 1467 566 passione
1488 531 1626 559 cessavit?

1129 576 1303 612 Respondent
1323 576 1434 613 quidam
1444 600 1451 611 ‚
1472 577 1546 614 quod
1568 578 1594 605 in
1610 577 1714 614 piscina
1729 578 1774 606 illa
1787 581 1847 607 erat
1862 578 1894 606 li-
1911 581 1968 605 Resp·
1981 582 1999 600 ⁴·

1049 630 1135 658 gnum
1157 623 1264 656 crucis,
1286 623 1360 659 quod
1388 626 1455 651 tunc
1483 624 1616 660 temporis
1647 624 1735 661 coepit
1759 632 1894 661 apparere

1050 671 1077 697 et
1098 672 1295 705 supernatare;
1317 669 1378 698 ideo
1399 669 1433 698 ad
1453 670 1652 699 nobilitandum
1674 679 1741 699 suae
1761 671 1895 708 passionis

1050 715 1216 752 trophaeum
1247 716 1335 744 voluit
1364 716 1498 745 Dominus
1527 717 1694 745 miraculum
1716 717 1784 746 illud
1804 720 1896 746 osten-

1049 761 1131 796 dere,
1153 764 1179 790 et
1197 771 1289 800 prope
1310 763 1480 799 passionem,
1503 763 1569 800 quia
1590 766 1656 792 tunc
1677 764 1766 800 coepit
1786 767 1894 798 natare3

1050 813 1077 837 et
1097 817 1152 837 non
1170 813 1238 846 post
1257 810 1428 847 passionem,
1451 810 1516 847 quia
1531 810 1635 847 lignum
1656 810 1719 839 inde
1737 813 1895 839 extractum

1049 856 1109 884 fuit.
1127 872 1163 877 —-
1179 856 1230 885 Sed
1251 857 1317 894 quia
1337 857 1390 886 hoc
1410 857 1444 886 de
1466 857 1617 894 Scripturis
1631 857 1824 886 auctoritatem
1839 866 1895 886 non
1914 861 2036 903 ⁸⁰32ffi'm'

1050 903 1148 937 habet,
1171 903 1265 932 eadem
1287 904 1409 938 ratione,
1431 912 1486 941 qua
1508 904 1657 940 probatur,
1679 904 1834 933 destruitur
1847 905 1878 933 ¹¹.
1998 898 2003 902 ”

1129 950 1243 986 Propter
1264 950 1317 979 hoc
1337 951 1433 979 dicunt
1454 951 1515 985 alii,
1536 951 1610 988 qnod
1632 951 1659 979 in
1674 959 1746 988 aqua
1762 951 1806 979 illa
1821 951 1897 979 nulla
1913 954 1970 978 Resp-
1983 954 2002 972 2·

1050 999 1110 1024 erat
1130 996 1236 1031 virtus,
1258 997 1305 1025 sed
1327 998 1444 1034 Angelus
1465 998 1633 1027 descendens
1661 998 1814 1026 secundum
1837 1005 1896 1026 cer-

1051 1046 1109 1071 tum
1126 1046 1235 1080 tempus
1255 1044 1307 1072 hoc
1328 1044 1444 1072 faciebat
1465 1045 1492 1073 in
1514 1053 1585 1081 aqua
1601 1053 1650 1081 per
1665 1045 1796 1073 virtutem
1812 1045 1862 1074 sibi
1881 1053 1897 1073 a

1050 1090 1167 1117 Domino
1187 1090 1287 1118 datam.
1301 1106 1337 1110 —
1349 1090 1500 1119 Dicendum
1522 1091 1616 1128 igitur,
1631 1091 1704 1128 quod
1720 1091 1787 1119 have
1808 1092 1896 1120 virtus
1908 1094 1938 1112 Ad
1949 1094 2041 1117 quaesita·

1050 1136 1113 1164 data
1134 1139 1194 1164 erat
1215 1136 1315 1173 Angelo
1337 1137 1364 1165 in
1389 1145 1464 1173 aqua
1494 1137 1527 1165 ad
1560 1138 1677 1174 figuram
1701 1137 1845 1174 baptismi,
1867 1138 1895 1166 in

1050 1190 1106 1219 quo
1127 1182 1158 1210 sit
1178 1182 1283 1211 ablutio
1304 1191 1353 1219 per
1375 1191 1475 1220 aquam
1490 1187 1517 1212 et
1535 1184 1640 1212 sanatio
1655 1192 1703 1220 per
1719 1184 1851 1220 Spiritum
1863 1184 1894 1211 ¹⁵³.

1052 1229 1082 1257 Et
1103 1228 1163 1257 ideo
1184 1237 1270 1266 prope
1301 1230 1468 1266 baptismum
1498 1230 1648 1266 praemissa
1680 1231 1746 1264 tuit,
1768 1234 1795 1259 et
1816 1231 1897 1259 adve-

1050 1276 1142 1304 niente
1163 1275 1339 1312 baptismate‚
1355 1277 1479 1305 cessavit.
1496 1277 1572 1309 Ideo,
1588 1277 1653 1313 quia
1675 1285 1760 1313 parvo
1775 1280 1898 1314 tempore

1050 1322 1161 1351 duravit
1182 1326 1210 1351 et
1230 1323 1308 1352 tarde
1329 1323 1445 1360 incepit,
1474 1323 1618 1360 Scriptura
1645 1324 1679 1352 de
1710 1324 1762 1352 hoc
1783 1325 1898 1353 mentio-

1050 1377 1112 1398 nem
1135 1378 1189 1398 non
1211 1369 1282 1398 fecit.
1307 1386 1343 1390 ——
1370 1370 1402 1398 Et
1423 1370 1461 1399 sic
1489 1373 1564 1407 patet
1586 1370 1730 1407 responsio
1751 1370 1784 1399 ad
1806 1371 1899 1399 omnia
1916 1373 1944 1391 Ad
1962 1374 2042 1392 obieeta·

1050 1418 1164 1446 obiecta.

1132 1464 1175 1492 16.
1198 1464 1308 1500 Quaest.
1338 1464 1366 1492 ll.
1391 1464 1455 1492 Item
1481 1464 1643 1501 quaeritur:
1669 1465 1692 1492 1.
1722 1464 1790 1492 Cum
1811 1472 1899 1502 aeque

1050 1511 1128 1540 facile
1149 1514 1221 1540 esset
1242 1511 1358 1539 Domino
1389 1519 1490 1540 curare
1518 1519 1629 1545 omnes,
1652 1511 1723 1539 sicut
1745 1520 1850 1545 unum,
1872 1513 1900 1540 et

1050 1558 1108 1595 ipse
1129 1558 1164 1587 sit
1186 1558 1374 1595 largissimu53
1396 1566 1484 1595 quare
1505 1566 1560 1586 non
1587 1558 1669 1587 dabat
1690 1566 1779 1595 aquae
1801 1558 1838 1586 illi
1861 1558 1899 1587 ef—

1050 1604 1153 1632 fectum
1175 1604 1290 1632 curandi
1312 1607 1425 1633 omnes?

1130 1652 1156 1679 2.
1180 1650 1261 1684 item,
1290 1650 1324 1679 de
1354 1650 1414 1687 ipso
1442 1651 1557 1679 Domino
1581 1651 1727 1688 quaeritur
1756 1651 1897 1687 similiter:

1051 1705 1138 1734 quare
1154 1700 1262 1725 tantum
1276 1705 1363 1725 unum
1380 1697 1503 1731 curavit,
1519 1705 1583 1726 cum
1597 1706 1686 1734 aeque
1700 1697 1778 1726 facile
1793 1706 1897 1732 omnes,

1051 1743 1123 1772 sicut
1144 1752 1247 1777 unum,
1270 1751 1370 1772 curare
1391 1746 1500 1780 posset?

1130 1792 1308 1819 RESPONDEo:
1330 1791 1498 1825 Dicendum„
1520 1791 1595 1828 quod
1615 1791 1662 1819 illa
1683 1791 1787 1819 sanatio
1802 1799 1899 1828 corpo-
1915 1794 1972 1817 Resp-

1051 1839 1116 1867 ralis
1138 1839 1225 1875 magis
1246 1841 1306 1867 erat
1328 1838 1355 1866 in
1377 1838 1487 1875 signum
1501 1846 1586 1876 quam
1600 1838 1628 1866 in
1644 1838 1809 1867 beneficium
1824 1838 1899 1867 illius

1051 1886 1131 1914 cuius
1152 1889 1226 1920 erat;
1249 1885 1430 1914 ordinabatur
1444 1885 1518 1914 enirn
1539 1885 1572 1914 ad
1593 1885 1701 1914 animae
1716 1885 1896 1914 curationem.

1051 1933 1121 1969 Quia
1142 1941 1208 1970 ergo
1228 1932 1409 1961 ordinabatur
1431 1932 1464 1961 ad
1485 1940 1546 1961 eam
1568 1932 1763 1969 designandam
1778 1935 1804 1960 et
1819 1940 1898 1968 prae-

1050 1980 1242 2017 figurandam,
1256 1979 1352 2008 debuit
1373 1987 1405 2008 eo
1430 1979 1511 2008 modo
1533 1979 1609 2013 fieri,
1625 1987 1681 2016 quo
1696 1979 1798 2016 optime
1814 1979 1897 2016 signi-

1051 2027 1154 2055 ficaret.
1171 2026 1202 2054 Et
1217 2026 1282 2063 quia
1303 2027 1407 2055 sanatio
1423 2027 1449 2054 in
1466 2026 1583 2055 Ecclesia
1601 2034 1655 2054 non
1671 2028 1712 2054 est
1726 2026 1778 2054 nisi
1793 2026 1821 2054 in
1836 2024 1898 2054 uni-

1051 2076 1106 2102 tate
1128 2073 1189 2102 fidei
1211 2076 1239 2102 et
1260 2073 1396 2107 caritatis,
1413 2073 1473 2101 ideo
1488 2075 1595 2101 tantum
1611 2081 1685 2101 unus
1700 2072 1852 2101 curabatur
1865 2072 1896 2100 ¹³.

209 2283 217 2296 ¹
236 2284 301 2306 Vers.
319 2284 356 2306 10.

209 2321 218 2335 ²
236 2323 301 2345 Vers.
321 2323 356 2345 12.
373 2335 404 2339 -
421 2323 532 2350 Superius
549 2329 591 2350 pro
603 2322 759 2346 consideratio
772 2322 943 2347 incertitudinis
956 2324 992 2346 ed.

146 2361 294 2385 incertitudo.

209 2398 218 2412 ³
235 2401 318 2423 Psalm.
334 2400 377 2427 76,
396 2401 433 2422 11.
451 2413 479 2416 -
498 2400 606 2429 Sequitur
624 2401 691 2423 Eccli.
709 2401 749 2429 10,
768 2401 809 2428 11,
826 2408 868 2429 pro
881 2408 928 2430 quo
941 2407 994 2424 non-

146 2440 201 2462 nulli
218 2439 286 2462 codd.
303 2439 376 2462 Eccle.
392 2439 419 2467 9,
438 2439 465 2461 l:
483 2439 562 2462 Nescit
576 2439 659 2467 homo,
676 2440 760 2462 utrum
780 2446 873 2468 amore,
891 2446 924 2463 an
941 2440 993 2463 odio

146 2478 233 2508 diynus
249 2478 286 2502 sil.

208 2516 218 2529 ⁴
235 2518 300 2540 Vei-s.
319 2517 355 2540 14.

209 2555 218 2568 ⁵
235 2557 302 2579 Vers.
320 2557 357 2578 13.

209 2593 219 2607 ⁶
236 2596 301 2618 Vers.
319 2595 362 2622 27;
380 2595 435 2618 ibid.
453 2595 494 2623 37,
511 2596 532 2618 3.
550 2598 584 2618 est
600 2602 649 2625 seq.
666 2596 742 2625 locus,
761 2596 783 2618 in
800 2596 866 2619 cuius
883 2597 928 2619 fine
939 2597 995 2624 legit

146 2634 165 2656 D
182 2633 277 2657 aridam
294 2633 412 2657 malitium
429 2635 452 2657 et
467 2633 621 2658 dolositatem.

208 2671 217 2685 ⁷
235 2674 299 2696 Vers.
319 2673 354 2696 19.
373 2679 439 2702 seqq.

208 2710 218 2723 ¹¹
236 2713 302 2735 Vers.
321 2712 357 2734 19.

208 2749 218 2762 ⁹
236 2751 301 2774 Vers.
320 2752 341 2773 1.

209 2789 228 2802 ¹⁰
244 2790 317 2813 Codd.
334 2790 403 2813 BCE
420 2793 443 2813 et
459 2790 497 2813 ed.
513 2789 541 2813 de
556 2797 590 2813 ea.

208 2828 227 2841 ¹¹
245 2830 303 2852 Petr.
326 2829 457 2858 Comestor,
479 2830 562 2852 Hister.
584 2829 731 2857 scholastica,
754 2830 776 2852 in
799 2831 885 2858 Evang.
909 2837 928 2853 0.
951 2831 993 2852 81;

147 2867 255 2890 Traditur
272 2874 285 2890 a
302 2867 456 2897 quibusdam,
474 2868 538 2896 quod
559 2868 639 2896 regina
663 2867 722 2890 Saba
745 2868 803 2890 vidit
820 2868 843 2890 in
865 2869 947 2897 spiritu
971 2868 993 2890 in

147 2905 217 2929 domo
234 2907 304 2929 saltus
322 2906 376 2936 [csr.
392 2907 425 2929 III.
442 2907 498 2935 Reg.
516 2907 542 2934 7,
560 2907 608 2935 2.],
620 2913 681 2936 quae
692 2907 788 2930 Nethota
799 2907 920 2930 dicebatur
934 2907 961 2936 [i.
974 2914 993 2929 e.

240 2952 267 2975 S.
284 2953 374 2975 Bonan.
384 2965 415 2970 —
428 2953 496 2975 Tom.
514 2953 552 2976 V1.

1048 2283 1218 2313 pigmentaria,
1231 2289 1284 2311 pars
1296 2283 1388 2305 inferior
1405 2283 1494 2310 lapidea
1503 2300 1508 2310 ‚
1522 2283 1543 2305 in
1554 2288 1600 2311 qua
1612 2282 1783 2310 reponebantur
1796 2285 1898 2304 aromata

1050 2326 1073 2345 et
1090 2323 1208 2351 pigmenta
1225 2322 1254 2344 ad
1272 2328 1328 2344 usus
1348 2322 1429 2349 templi
1445 2324 1467 2344 et
1483 2322 1568 2344 domus
1589 2321 1694 2350 regiae],
1715 2321 1801 2348 lignum
1825 2321 1900 2343 domi-

1052 2362 1116 2384 nicae
1133 2361 1209 2383 crucis
1225 2364 1247 2383 et
1264 2361 1377 2383 nuntiavit
1394 2361 1521 2388 Salomoni,
1533 2366 1586 2382 cum
1604 2360 1648 2381 iam
1666 2360 1797 2382 recessisset
1812 2359 1842 2381 ab
1859 2366 1899 2387 eo,

1051 2400 1115 2429 quod
1133 2400 1155 2422 in
1172 2406 1200 2422 eo
1217 2402 1345 2422 moreretur
1361 2399 1470 2428 quidam,
1488 2405 1530 2427 pro
1548 2405 1595 2427 quo
1612 2399 1688 2421 occiso
1706 2398 1806 2426 perirent
1822 2398 1899 2421 ludaei

1051 2442 1073 2462 et
1090 2440 1213 2468 perderent
1230 2438 1308 2462 locum
1325 2440 1347 2461 et
1362 2440 1454 2468 gentem
1477 2438 1554 2468 [loen.
1579 2438 1619 2464 11,
1642 2437 1704 2466 48.].
1727 2437 1794 2466 Quod
1817 2437 1900 2459 timens

1052 2479 1159 2501 Salomon
1177 2478 1264 2500 defodit
1280 2477 1336 2500 illud
1353 2477 1375 2499 in
1394 2480 1465 2505 terra,
1483 2477 1522 2499 ubi
1540 2480 1592 2505 post
1614 2477 1671 2499 sacta
1688 2479 1722 2499 est
1745 2477 1839 2504 piscina.
1856 2477 1900 2504 Ap-

1051 2518 1222 2546 propinqnante
1244 2520 1321 2539 autem
1344 2519 1449 2544 tempore
1466 2516 1580 2544 passionis
1601 2516 1696 2544 Christi,
1714 2516 1898 2543 superenatavit,

1051 2556 1117 2584 quasi
1135 2556 1300 2584 praenuntians
1316 2555 1445 2583 Christum,
1462 2558 1485 2578 et
1501 2555 1582 2577 exinde
1599 2555 1675 2583 coepit
1691 2555 1762 2577 moti0
1775 2554 1900 2582 praedicta.

1053 2595 1097 2617 Sed
1115 2596 1159 2617 hoc
1176 2601 1221 2617 non
1239 2598 1274 2617 est
1290 2595 1454 2617 authenticum.
1471 2594 1516 2617 Cfr.
1529 2594 1584 2616 ibid.
1596 2594 1620 2616 in
1632 2594 1663 2616 llI.
1677 2594 1734 2621 aeg.
1746 2600 1766 2616 0.
1778 2594 1815 2615 22.
1828 2596 1850 2615 et
1861 2593 1899 2615 26.

1115 2632 1134 2646 ¹²
1151 2633 1197 2656 Csr.
1218 2634 1347 2661 chrysost,
1363 2634 1385 2656 in
1404 2635 1463 2656 ioan.
1487 2634 1565 2656 homil.
1583 2634 1621 2655 36.
1639 2633 1704 2660 (alias
1725 2633 1772 2661 35.)
1790 2639 1812 2655 n.
1831 2633 1852 2654 1.
1870 2645 1899 2648 -

1052 2673 1148 2695 Interius
1163 2679 1206 2701 pro
1224 2672 1363 2702 baptismate
1378 2673 1415 2695 ed.
1433 2672 1574 2702 baptizante.

1115 2710 1134 2724 ¹⁸
1151 2712 1260 2740 August,
1278 2712 1352 2734 Serui.
1370 2712 1423 2734 125.
1443 2712 1507 2740 (31135
1525 2712 1562 2734 15.
1583 2717 1609 2734 ex
1631 2711 1808 2740 Sirmondianis)
1829 2717 1851 2733 n.
1869 2710 1897 2732 6:

1052 2751 1128 2779 Quare
1145 2754 1221 2774 autern
1240 2757 1299 2773 nnus
1316 2750 1415 2781 [tantum
1433 2750 1587 2780 sanabaturp
1605 2750 1662 2779 Quia
1675 2751 1741 2773 unica
1754 2753 1788 2772 est
1800 2749 1899 2772 Ecclesia

1051 2796 1093 2818 per
1110 2793 1182 2812 totum
1200 2790 1281 2812 orbem
1301 2793 1426 2817 terrarum,
1444 2790 1518 2813 unitas
1535 2790 1660 2812 salvatur...
1677 2789 1712 2812 Ab
1735 2789 1821 2811 unitate
1842 2794 1898 2816 ergo

1050 2829 1096 2851 noli
1122 2829 1243 2856 recedere,
1261 2829 1279 2851 si
1305 2835 1350 2851 non
1374 2829 1411 2851 vis
1436 2829 1547 2852 immunis
1572 2835 1622 2851 esse
1644 2828 1673 2851 ab
1697 2829 1738 2851 ista
1756 2829 1835 2851 salute.
1852 2827 1897 2850 Csr.

1051 2868 1126 2895 Beda,
1144 2868 1166 2891 in
1184 2868 1244 2890 loan.
1261 2868 1287 2896 5,
1305 2868 1325 2890 4.
1343 2881 1374 2884 —
1391 2868 1503 2896 Superius
1519 2874 1562 2896 pro
1584 2867 1653 2891 cuius
1674 2869 1728 2890 erat
1745 2867 1751 2889 1
1770 2866 1812 2896 qui
1830 2872 1898 2889 cura-

1052 2907 1131 2930 batur.

1774 2952 1802 2974 39
