2296 3316
313 235 583 283 Agrippinam.
612 234 813 270 Absolutis
839 246 928 269 cum
954 232 1069 268 laude
1096 232 1297 279 Gymnasii
1325 236 1363 267 et
1379 231 1651 268 Universitatis
1677 232 1825 280 studiis,
1847 232 1889 267 in
1915 231 2084 268 Semina-

313 297 412 331 riilm
440 295 765 330 archidioeceseos
792 292 1029 329 Coloniensis
1054 292 1244 327 admissus
1275 296 1313 326 et
1340 291 1383 326 12
1409 290 1519 327 Mart.
1556 291 1649 327 1864
1682 291 1857 327 sacerdos
1889 291 2085 327 ordinatus

313 360 381 391 est.
408 354 617 403 Postquam
644 353 769 389 officia
794 353 1000 388 sacerdotis
1026 351 1230 388 saecularis
1256 364 1324 398 pcr
1350 350 1520 398 quinque
1546 363 1666 387 annos
1691 351 1754 398 pie
1787 355 1903 399 atque
1928 363 2084 398 operose

314 419 516 450 exsecutus
542 419 609 462 est,
636 427 659 449 a
683 413 764 449 Deo
790 413 1008 460 inspiratus,
1036 411 1231 458 Seraphici
1265 410 1419 446 Ordinis
1444 411 1564 459 nostri
1597 409 1775 446 habitum
1811 411 1852 445 in
1879 410 2084 446 Provincia

313 474 458 510 Recoll.
487 473 651 510 saxonia
676 473 710 510 S.
738 472 870 508 Crucis
897 472 940 507 19
968 471 1058 507 Dec.
1086 471 1178 506 1868
1204 470 1393 506 assumsit.
1420 469 1539 506 Facta
1563 469 1810 517 professione,
1844 469 2084 517 aliquamdiu

314 535 481 571 iuniores
499 534 633 569 fratres
652 533 800 569 litteras
825 532 1068 568 humaniores
1090 531 1231 567 docuit.
1250 529 1313 565 Ab
1331 542 1432 565 anno
1451 530 1555 577 1875,
1574 528 1663 565 eum
1681 528 1831 565 Fratres
1848 530 1889 564 in
1906 529 2085 565 Borussia

316 608 335 630 e
361 593 625 631 Conventibus
652 593 888 639 eiicerentur,
917 592 1030 627 sociis
1048 590 1089 626 P.
1108 590 1252 626 Fidelis
1269 603 1292 625 a
1307 589 1440 625 Fanna
1456 589 1494 625 b.
1513 602 1563 624 m.
1581 589 1786 624 adiunctus
1803 593 1871 624 est.
1895 587 2030 624 Comes
2047 593 2086 624 et

314 654 558 690 amanuensis
584 653 756 688 eiusdem
781 653 821 687 in
847 651 1056 687 lustrandis
1080 649 1329 685 bibliothecis
1363 653 1401 684 et
1426 647 1668 684 conferendis
1694 661 1782 684 cum
1816 647 1997 695 originali
2023 660 2085 683 co-

314 714 466 750 dicibus
490 714 531 749 in
559 713 774 759 Germania,
802 711 929 748 Gallia
955 715 993 746 ct
1017 710 1163 757 Anglia
1189 709 1396 756 diligenter
1421 713 1459 744 et
1484 713 1660 744 accurate
1684 707 1884 743 laboravit.
1901 707 1947 753 ,A
1971 706 2085 743 Mini-

312 773 596 810 stro-Generali
623 772 777 809 Ordinis
802 785 862 807 an.
890 771 982 807 1879
1009 775 1167 806 vocatus
1192 770 1232 804 in
1259 769 1478 816 Collegium
1503 768 1538 805 S.
1565 767 1856 804 Bonaventurae
1882 767 1928 803 ad
1954 766 2085 804 Claras

314 835 456 882 Aquas,
485 846 554 881 per
579 832 780 869 duodecim
806 843 927 867 annos
953 829 1224 866 communibus
1249 829 1388 865 nostris
1413 827 1610 863 laboribus
1627 831 1805 863 strenuus
1831 826 2085 862 collaborator

313 893 525 940 assistebat,
553 893 646 928 licet
670 892 822 927 infirma
848 890 1068 926 valetudine
1101 889 1328 936 plerumque
1354 888 1453 923 male
1485 887 1658 923 affectus.
1685 886 1782 923 Cum
1814 886 1875 931 die
1907 886 1954 921 24
1980 885 2085 933 Sept.

316 954 406 989 1891
434 955 473 989 in
502 952 680 1000 Capitulo
707 965 796 988 suae
822 950 1048 986 Provinciae
1074 949 1219 984 electus
1245 953 1343 984 esset
1361 947 1507 994 Custos,
1535 959 1624 982 cum
1649 950 1779 982 nostro
1805 950 1843 981 et
1868 958 1936 981 suo
1955 945 2085 981 dolore

315 1013 586 1050 communibus
612 1012 750 1047 nostris
776 1010 972 1046 laboribus
999 1009 1133 1044 debuit
1166 1008 1400 1055 renuntiare,
1427 1020 1498 1042 nec
1525 1006 1648 1042 multo
1682 1010 1771 1053 post
1794 1006 2084 1052 ingravescentc

313 1073 501 1110 stomachi
527 1072 660 1108 morbo
684 1072 788 1107 lente
814 1074 1048 1116 consumtus,
1075 1069 1138 1116 pie
1164 1081 1208 1104 ac
1234 1067 1386 1114 placide
1412 1067 1452 1101 in
1477 1065 1644 1102 Domino
1670 1065 1915 1101 obdormivit.

409 1133 628 1180 Religiosus
653 1131 730 1167 fuit
751 1130 997 1178 exemplaris:
1025 1130 1144 1164 vitam
1172 1127 1338 1163 ducebat
1363 1126 1549 1162 humilem
1576 1130 1614 1161 et
1639 1124 1784 1161 mundo
1809 1120 2084 1170 absconditam,

314 1194 396 1230 Deo
413 1193 603 1240 devotam,
629 1191 831 1228 solitudini
857 1195 895 1226 et
920 1189 1058 1225 studiis
1083 1188 1264 1234 deditam,
1291 1186 1478 1234 proximis
1503 1185 1722 1232 officiosam,
1750 1183 1928 1220 omnibus
1946 1195 2096 1220 caram..

314 1253 427 1290 Ultra
452 1253 620 1300 corporis
647 1252 746 1292 vires
771 1249 1022 1286 incumbebat
1047 1248 1244 1284 laboribus
1269 1246 1475 1282 litterariis.
1493 1244 1609 1281 Horis
1634 1244 1846 1281 subsecivis
1863 1243 1975 1290 plura
1991 1255 2085 1290 opu-

315 1313 423 1350 scula
448 1313 614 1349 ascetica
638 1312 701 1347 vel
727 1310 955 1358 composuit,
981 1309 1044 1344 vel
1069 1309 1109 1343 in
1136 1308 1309 1355 linguam
1338 1305 1596 1354 germanicam
1622 1305 1738 1340 vertit
1763 1308 1810 1351 et,
1846 1303 1965 1339 tacito
2002 1302 2084 1349 ple-

315 1386 478 1422 rumque
495 1385 564 1408 suo
589 1372 754 1419 nominc,
780 1370 887 1418 prelo
913 1369 1090 1416 tradidit3
1116 1368 1192 1404 alia
1218 1367 1406 1415 quaedam
1431 1365 1589 1413 reliquit
1615 1364 1886 1411 manuscripta.
1913 1362 1957 1399 R.
1984 1361 2015 1398 I.
2041 1361 2083 1397 P.

475 1543 504 1572 In
525 1542 645 1580 collegio
667 1542 692 1570 S.
717 1541 926 1570 Bonaventurae

402 1596 436 1625 ad
456 1596 551 1624 Claras
572 1595 663 1632 Aquas
685 1593 702 1623 3
724 1591 885 1622 Decembris
910 1591 993 1620 1892,

1539 1789 1581 1826 P.
1608 1789 1651 1825 P.
1677 1787 1941 1825 EDITORES.
