2296 3316
732 152 902 181 COMMENT.
925 153 956 181 IN
978 153 1169 187 SAPIENTIAM
1191 153 1219 182 C.
1241 155 1281 183 xl.

132 232 262 260 taverunt
282 230 488 260 similitudinem
518 230 736 267 incorruptibilis
757 230 805 258 Dei
834 230 860 258 in
883 229 977 258 simili-

133 277 255 306 tudinem
270 277 458 314 corruptibilis
473 276 593 305 hominis
607 279 634 305 et
652 276 798 305 volucrum
812 279 840 305 et
853 275 976 313 quadru-

132 323 233 360 pedum
249 327 276 352 et
297 326 458 361 serpentum
470 335 496 351 ».
513 322 667 351 Immisisti
683 322 741 351 iltis
761 322 978 351 multitudinem

131 373 281 399 mutorum
303 369 480 399 animalium
509 369 539 398 in
560 369 741 403 vindictam,
766 369 869 398 scilicet
895 376 978 397 ranas

132 420 159 446 et
172 425 294 452 muscas,
309 417 404 446 cinifes
424 419 452 446 et
466 417 597 450 locustas,
612 416 765 445 secundum
783 415 852 444 illud
866 415 976 444 Psalmi:

135 474 151 489 α
165 463 236 492 Misit
249 464 277 492 in
292 471 338 492 eos
353 463 535 497 coenomiam,
557 466 584 492 et
604 463 722 492 comedit
743 470 805 497 eos,
820 465 848 491 et
865 470 982 497 ranam,

132 512 159 539 et
179 510 341 547 disperdidit
361 517 423 544 eos;
451 513 478 539 et
498 510 573 538 dedit
599 510 724 546 aerugini
746 509 854 538 fructus
879 516 977 537 eorum

132 559 160 585 et
181 556 289 585 labores
309 564 406 585 eorum
425 556 584 585 locustae».

212 603 301 639 (Vers.
326 603 391 639 17.).
419 603 453 631 Ut
472 603 596 637 scirent,
617 603 689 641 qaia
706 611 761 640 per
775 610 866 641 quae,
888 602 913 631 id
936 605 978 631 est

132 657 182 687 per
203 649 310 687 qualia,
328 653 430 686 peceat
449 650 531 688 quis‘,
551 657 604 686 per
619 648 705 683 liaeo,
728 649 755 678 id
776 651 817 678 est
831 657 881 686 per
902 649 978 678 simi-

133 696 181 731 lia,
202 700 241 731 et,
262 696 290 725 id
315 699 356 725 est
377 696 472 730 etiam,
502 699 668 734 torquetar;
689 696 821 725 Glossa1:
852 707 865 721 «
887 696 920 725 Ut
940 704 977 725 ex

85 761 88 764 -
132 742 310 772 similitudine
325 750 428 779 poenae
449 746 645 780 cognoscerent
659 743 818 780 qualitatem
841 743 977 780 culpae»,

131 789 203 819 sicut
229 801 242 815 <t
256 790 340 818 Aman
362 797 514 827 suspensus
534 792 576 819 est
596 790 624 818 in
645 790 781 827 patibulo,
803 790 877 827 quod
897 798 978 827 para-

132 839 210 865 verat
230 836 447 870 Mardochaeo»,
469 837 567 865 Esther
588 837 720 874 septimo,
741 839 769 866 et
782 837 872 866 Golias
893 837 978 865 inter-

132 883 220 912 fectus
241 883 354 920 proprio
375 883 476 921 gladio,
498 884 580 921 primi
603 884 707 921 Regum
721 884 827 913 decimo
848 884 976 921 septimo,

132 935 159 960 et
180 931 338 961 Holofernes
359 931 472 969 proprio
494 931 613 968 pugione
627 932 734 960 occisus
755 934 796 960 est
810 931 976 966 amuliere,

131 986 214 1016 quam
236 979 307 1008 male
328 979 518 1016 concupierat,
541 979 629 1008 iudith
651 979 757 1008 decimo
778 979 867 1008 tertio.

209 1025 275 1055 Non
285 1026 359 1055 enim
375 1026 562 1064 impossibilis
577 1029 627 1056 etc.
644 1027 690 1055 Hic
704 1026 859 1056 ostenditur
874 1034 977 1064 poenae

12 1086 118 1124 ig'ffl'c‘ii'
132 1072 311 1110 congruentia
331 1080 367 1102 ex
392 1076 471 1110 parte
498 1073 606 1102 iudicis
624 1073 787 1111 punientis,
816 1073 863 1111 qui
885 1073 977 1110 potius

7 1128 120 1171 zizssissi'i‘issr‘*
131 1120 192 1149 vult
212 1120 252 1149 uti
273 1120 462 1149 misericordia
482 1129 565 1158 quam
581 1121 710 1158 potentia.
730 1121 761 1149 Et
782 1121 872 1158 primo
886 1124 977 1150 osten-

13 1175 114 1218 ¹⁰3i¹gss¹²¹¹⁴
132 1167 216 1201 ditur,
237 1166 312 1204 quod
333 1167 492 1196 huiusmodi
508 1167 575 1196 levis
590 1168 697 1205 punitio
718 1176 776 1196 non
796 1166 855 1204 fuit
869 1176 905 1196 ea:
923 1167 977 1196 im-

129 1214 277 1251 potentia;
297 1213 431 1248 secundo,
453 1214 527 1250 quod
547 1213 606 1251 fuit
626 1223 661 1243 ex
681 1213 907 1242 misericordia.-
924 1214 979 1243 Sed

132 1260 231 1290 omnia
238 1271 249 1295 ;
271 1261 352 1290 tertio
373 1260 502 1290 subditur
519 1261 656 1298 probatio
671 1261 831 1298 potentiae.-
854 1261 977 1290 Multam

132 1307 229 1341 enim;
257 1310 373 1344 quarto,
398 1306 534 1344 probatio
565 1307 802 1336 misericordiae:
832 1308 866 1335 Et
881 1307 891 1323 2
924 1307 977 1336 mi-

133 1354 248 1383 sereris.
547 1382 549 1384 ,

212 1401 239 1430 In
262 1401 353 1438 prima
373 1400 507 1435 ostendit,
528 1401 602 1438 quod
623 1403 731 1438 poterat
751 1409 798 1430 eos
818 1401 898 1430 aliter
926 1409 977 1438 pu-

17 1455 41 1474 ne
56 1455 116 1482 primo
133 1447 331 1483 nire,‘scilicet
358 1450 406 1476 aut
434 1455 483 1484 per
510 1448 727 1477 instrumentum
753 1448 887 1477 vindictae
915 1448 978 1476 iam

133 1498 278 1528 creatum,
293 1497 342 1523 aut
356 1502 405 1531 per
426 1494 501 1523 aliud
515 1494 549 1523 de
562 1503 635 1523 novo
657 1495 832 1529 creandum,
851 1495 901 1523 ibi:
918 1496 979 1523 Aut

132 1542 202 1570 novi
219 1541 351 1579 9eneris;
371 1543 421 1570 aut
441 1541 606 1570 immediate
623 1550 678 1579 per
691 1550 721 1570 se
742 1543 854 1579 ipsam:
877 1541 977 1570 Nam-‘⁵

133 1591 159 1617 ct
178 1588 240 1617 sine
260 1586 314 1616 Itis.

211 1635 300 1670 (Vers.
329 1634 392 1672 18.).
418 1635 489 1663 Dicit
515 1643 597 1672 ergo:
631 1634 695 1663 Non
722 1635 799 1663 euim
826 1638 877 1664 etc.
908 1635 978 1663 Bene

27 1688 116 1708 Primum.
132 1681 208 1716 dixi,
229 1681 304 1718 quod
325 1681 456 1718 punivisti
477 1689 524 1710 eos
544 1690 594 1718 per
615 1689 659 1716 ea,
682 1689 731 1718 per
752 1689 824 1718 quae
849 1689 978 1718 peccave-

133 1731 212 1763 runt,
234 1731 262 1757 et
282 1728 335 1757 hoc
356 1731 469 1765 propter
490 1736 594 1765 poenae
621 1728 655 1756 ad
676 1728 786 1765 culpam
815 1728 978 1756 convenien-

133 1775 212 1810 tiam,
227 1783 281 1804 non
297 1778 411 1812 propter
432 1777 508 1804 tuam
527 1775 724 1812 impotentiam.
751 1775 817 1804 Νοη
834 1775 911 1803 enim
925 1775 979 1803 im—

130 1814 279 1859 possibilis
299 1824 378 1855 erat,
399 1821 426 1849 id
447 1823 490 1850 est
510 1821 588 1850 valde
609 1821 757 1858 impotens,
779 1829 888 1850 manus
912 1824 978 1855 tua,

138 1879 152 1893 <c
163 1868 191 1897 id
201 1870 243 1897 est
253 1867 336 1896 Filius
347 1870 414 1896 tuus
425 1868 436 1884 ⁴
445 1879 472 1902 ι»,
484 1868 637 1897 secundum
648 1867 717 1896 illud
728 1868 839 1897 Psalmi:
856 1879 869 1892 «
881 1868 980 1896 Emitte

134 1923 247 1944 manum
268 1917 344 1944 tuam
365 1914 399 1943 de
419 1915 474 1943 alto
485 1925 511 1949 »;
533 1915 725 1952 omm'potenae
747 1915 820 1944 unde
842 1915 913 1943 infra
933 1915 979 1944 de-

134 1962 205 1991 cimo
219 1965 330 1991 octavo:
346 1973 360 1987 «
372 1962 551 1999 Omnipotens
565 1970 657 1991 sermo
672 1965 753 1997 tuus,
768 1962 884 1991 Domine
895 1974 909 1988 »
927 1964 978 1991 etc.

135 2009 216 2045 Quae
236 2009 362 2043 creavit,
391 2009 419 2037 id
444 2011 485 2038 est
513 2008 657 2043 formavit,
686 2009 783 2038 orbem
811 2012 980 2042 terrarum,-

134 2064 235 2085 ereare
255 2056 327 2085 enim
355 2058 397 2085 est
417 2056 450 2085 de
479 2055 564 2084 nihilo
589 2056 693 2093 aliquid
720 2056 825 2091 facere,
847 2055 980 2093 formare

134 2110 213 2138 vero,
234 2111 271 2132 ex
293 2103 408 2132 materia
428 2103 603 2140 praeiacenti.
625 2103 708 2132 Orbis
725 2106 817 2132 autem
840 2107 980 2132 terrarum

134 2149 186 2179 fuit
206 2157 243 2178 ex
263 2150 379 2179 materia
406 2149 587 2187 praejacenti,
608 2150 687 2187 prius
709 2153 799 2179 tamen
820 2153 912 2179 creata
939 2150 980 2178 in-

134 2196 228 2231 formi3
249 2196 323 2225 unde
345 2196 489 2234 sequitur:
513 2197 556 2225 Em
570 2196 697 2225 materia
714 2197 825 2231 invisa,
847 2197 874 2225 id
889 2199 930 2226 est
944 2204 981 2225 ex

134 2243 225 2280 prima
244 2243 374 2278 materia,
396 2250 467 2280 quae
486 2242 602 2277 invisa,
623 2243 651 2272 id
671 2246 713 2272 est
733 2243 892 2277 invisibilis,
914 2246 981 2272 tunc

134 2292 195 2319 erat
221 2292 249 2319 et
269 2298 305 2319 ex
327 2292 405 2327 parte
426 2290 489 2325 sui,
511 2290 576 2327 quia
597 2290 707 2319 carebat
731 2290 821 2319 forma
840 2290 980 2325 distincta,

135 2339 162 2366 et
182 2344 219 2366 ex
239 2340 318 2374 parte
345 2337 474 2375 agentis,
496 2337 562 2374 quia
589 2337 683 2366 deerat
704 2337 770 2372 lux,
792 2345 863 2375 quae
887 2346 980 2367 neces-

198 2488 206 2502 ¹
224 2490 311 2518 Nempe
322 2489 490 2514 interlinearis.
502 2503 533 2507 —
546 2491 603 2513 Tros
614 2497 679 2520 seqq.
692 2491 735 2513 loci
747 2495 800 2514 sunt
812 2492 891 2514 Esther
902 2492 924 2519 7,
938 2492 979 2520 40;

135 2529 150 2551 1.
161 2528 219 2557 Reg.
231 2528 268 2557 47,
280 2529 318 2552 50.
329 2534 378 2558 seq.
395 2529 442 2557 (hic
458 2529 522 2552 locus
538 2529 650 2552 omittitur
662 2529 691 2552 ab
708 2529 771 2559 edd.)
783 2533 806 2552 et
817 2531 891 2553 ludith
904 2531 945 2558 43,
958 2531 979 2553 8.

131 2574 200 2597 seqq.

197 2605 206 2618 ²
224 2607 254 2629 lta
271 2606 340 2629 etiam
358 2607 420 2630 card.
438 2607 505 2635 Hugo
522 2610 544 2629 et
560 2608 675 2635 Lyranus;
688 2608 785 2636 Vulgata
797 2608 858 2637 Sed,·
871 2608 980 2632 Rabanus

135 2644 182 2669 Sed
197 2647 226 2668 et.

197 2683 207 2696 ⁵
223 2684 368 2708 Conveniunt
378 2685 441 2707 card.
453 2685 520 2713 Hugo
531 2688 554 2708 et
565 2686 680 2714 Lyranus;
693 2687 791 2715 Vulgata
801 2687 918 2710 substituit
926 2687 980 2711 Sed.

197 2722 207 2735 ⁴
223 2724 254 2746 lta
279 2723 358 2746 Glossa
375 2723 544 2748 interlinearis.
565 2737 596 2742 -
620 2725 752 2754 Sequuntur
773 2726 809 2749 ΡΒ.
832 2726 891 2754 443,
910 2726 934 2748 ’7.
957 2729 980 2749 et

136 2762 190 2790 Sap.
207 2763 249 2789 48,
267 2762 304 2785 45.

197 2799 207 2813 ⁶
223 2801 289 2823 Vers.
307 2802 329 2823 2.
345 2801 391 2824 Cir.
410 2802 433 2824 ll.
451 2801 513 2824 Sent.
529 2802 552 2824 d.
571 2802 607 2824 ⁴2.
624 2809 645 2825 a.
664 2803 685 2825 4.
702 2809 725 2832 q.
742 2804 794 2832 4-3;
812 2810 832 2825 a.
849 2804 870 2825 2.
888 2810 910 2832 q.
924 2805 945 2826 2.
957 2807 980 2826 et

135 2839 158 2862 d.
174 2839 213 2862 113.
230 2846 250 2862 a.
268 2840 289 2862 4.
306 2846 331 2869 q.
348 2841 368 2862 l.
386 2846 434 2870 seq.

197 2876 207 2890 ⁶
224 2878 290 2901 Vers.
307 2879 346 2901 36.
361 2891 392 2896 ·-
408 2880 503 2902 Inferius
524 2880 645 2909 respicitur
662 2881 701 2903 iv.
720 2881 777 2909 Reg.
796 2881 832 2908 47,
850 2881 891 2904 25:
910 2881 979 2904 Cum-

135 2923 182 2946 que
199 2917 229 2940 ibi
247 2917 279 2947 [ln
298 2918 409 2949 Samaria]
428 2918 532 2942 habitare
548 2920 691 2948 coepissent,
708 2927 753 2943 non
776 2920 888 2943 timebant
904 2921 979 2943 Domi-

136 2962 204 2983 num,
221 2959 243 2979 et
260 2956 354 2980 immisit
371 2958 392 2980 in
409 2964 449 2981 eos
466 2958 577 2981 Dominus
593 2959 683 2986 leones,
700 2960 739 2990 qui
752 2959 917 2982 interficiebant
928 2966 977 2982 eos.

1823 158 1873 186 181

1033 230 1106 259 saria
1125 234 1167 260 est
1187 231 1220 260 ad
1249 232 1436 262 reducendum
1459 242 1569 263 sensum
1599 235 1675 264 visus
1702 235 1736 264 de
1756 235 1878 272 potentia

1034 276 1061 305 in
1082 280 1190 312 actum3
1212 278 1285 307 unde
1306 278 1417 308 Genesis
1431 280 1555 316 prim05:
1582 292 1595 306 «
1610 282 1696 310 Terra
1716 284 1776 310 erat
1789 281 1878 310 inanis

1034 325 1062 352 et
1081 331 1169 352 vacua
1190 335 1217 358 »‚
1246 324 1348 354 scilicet
1369 326 1459 363 quoad
1487 327 1609 363 primum
1636 327 1789 362 defectum;
1815 339 1829 353 «
1851 331 1878 357 et

1034 370 1164 399 tenebrae
1185 374 1264 400 erant
1284 379 1369 408 super
1389 372 1485 401 faciem
1507 373 1597 410 abyssi
1614 386 1640 408 n,
1662 374 1752 411 quoad
1780 382 1878 403 secun-

1033 415 1108 444 dum.
1131 417 1287 446 Immittere
1312 418 1386 453 illis,
1413 419 1516 448 scilicet
1542 428 1592 456 pro
1620 420 1755 455 vindicta,
1780 421 1878 449 multi-

1035 463 1163 492 tudinem
1184 473 1342 499 ursorum,
1364 469 1416 493 aut
1438 465 1528 494 leones
1552 466 1695 501 audaces,
1717 475 1788 504 quae
1813 470 1878 496 sunt

1034 510 1162 539 animalia
1182 511 1263 540 sortia
1290 514 1317 540 et
1338 512 1462 549 rapacia;
1484 517 1598 549 propter
1625 513 1752 550 quod-de
1780 521 1877 542 eorum

1035 557 1211 593 superatione
1242 558 1377 594 gloriatur
1408 559 1492 587 David
1524 560 1605 596 primi
1638 560 1741 596 Regum
1772 560 1878 589 decimo

1035 603 1151 640 septimo
1162 603 1186 631 ⁶:
1206 615 1219 629 «
1232 605 1347 633 Leonem
1367 608 1394 633 et
1409 613 1507 633 ursum
1528 606 1689 635 interfeci».
1707 607 1877 640 Immittere‚

1034 649 1163 686 inquam,
1186 650 1277 679 leones
1298 654 1362 685 etc.,
1391 652 1463 680 sicut
1483 652 1562 686 fecit,
1590 653 1700 690 quando
1726 653 1752 681 in
1775 656 1877 682 terram

1035 696 1172 725 Samariae
1193 697 1267 726 misit
1295 698 1401 733 leones,
1423 699 1470 735 qui
1498 700 1615 736 populos
1642 700 1707 729 illuc
1732 701 1878 729 translatos

1034 742 1215 778 devorabant,
1238 745 1304 781 quia
1324 744 1411 773 Deum
1433 754 1486 774 non
1509 746 1641 775 colebant.

1114 790 1202 826 (Vers.
1224 787 1274 862 ΡΗ).
1298 793 1365 828 20.).
1389 793 1449 821 Aut
1474 794 1544 821 novi
1568 794 1681 831 generis
1709 794 1757 822 ira
1776 794 1878 831 plenas

1034 837 1080 865 et⁷
1102 837 1216 875 iynotas
1244 838 1365 873 bestias,
1388 842 1415 868 et
1436 839 1495 869 ideo
1524 841 1721 876 terribiliores,
1744 842 1878 870 Deutero-

1034 884 1117 913 nomii
1140 885 1280 922 trigesimo
1301 886 1434 915 secundo:
1461 898 1474 912 «
1489 887 1589 917 Dentes
1604 888 1753 917 bestiarum
1776 889 1878 917 immit-

1035 935 1090 960 tam
1106 932 1133 961 in
1149 940 1195 962 eos
1209 941 1271 962 cum
1288 933 1382 963 surore
1398 935 1564 964 trahentium
1582 943 1665 972 super
1681 939 1783 965 terram
1796 947 1809 960 »
1825 939 1876 964 etc.

1034 979 1095 1007 Aut
1114 987 1251 1016 vaporem
1274 981 1407 1018 iyneum,
1430 982 1473 1010 vel
1495 983 1624 1020 ignium,
1645 982 1804 1019 spirantes,
1827 982 1878 1010 sci-

1034 1025 1097 1055 licet
1118 1026 1151 1055 ad
1172 1027 1405 1063 consumtionem;
1427 1033 1481 1057 aut
1501 1029 1617 1057 odorem
1637 1027 1716 1065 fumi
1727 1027 1878 1065 proferen-

1035 1076 1090 1107 tes,
1112 1074 1215 1103 scilicet
1235 1074 1269 1103 ad
1290 1075 1361 1104 aeris
1383 1075 1569 1109 infectionem,
1591 1079 1645 1103 aut
1665 1074 1828 1103 horrendas
1843 1074 1879 1102 ab

1034 1121 1125 1150 oculis
1145 1122 1288 1151 scintillas
1306 1123 1481 1157 emittentes,
1503 1122 1536 1151 ad
1566 1125 1711 1151 terrorem.
1738 1139 1775 1143 —
1801 1122 1880 1157 Qua-

1034 1176 1104 1196 rum
1125 1177 1185 1197 nort
1204 1168 1298 1197 solam
1320 1169 1454 1204 laesura,
1476 1169 1547 1198 sacta
1564 1169 1667 1198 scilicet
1687 1168 1879 1205 percutiendo,

1030 1218 1145 1252 poterat
1167 1215 1230 1244 illos
1251 1216 1460 1250 exterminare,
1483 1216 1509 1244 id
1531 1219 1572 1244 est
1593 1219 1674 1244 extra
1695 1215 1826 1244 terminos
1841 1215 1880 1243 vi-

1034 1264 1077 1290 tae
1105 1270 1208 1298 ponere
1217 1273 1223 1297 ;
1252 1263 1301 1291 sed
1327 1267 1353 1291 et
1380 1266 1528 1300 aspectus,
1558 1262 1689 1296 videndo,
1719 1270 1773 1298 per
1800 1261 1880 1290 timo-

1033 1317 1096 1336 rem
1123 1309 1267 1343 occidere,
1289 1309 1392 1338 scilicet
1420 1309 1536 1338 iniustos
1563 1313 1590 1338 et
1617 1309 1722 1343 malos;
1747 1309 1781 1337 de
1808 1309 1881 1337 iusto

1034 1355 1106 1384 enim
1127 1355 1229 1384 dicitur
1250 1356 1277 1384 in
1300 1356 1441 1385 Psalmoss:
1461 1368 1474 1381 «
1488 1356 1576 1393 Super
1601 1355 1723 1392 aspidem
1745 1359 1772 1383 et
1790 1355 1881 1383 basili-

1035 1410 1112 1431 scum
1128 1402 1291 1437 ambulabis,
1306 1406 1333 1431 et
1347 1403 1521 1432 conculcabis
1536 1404 1640 1431 leonem
1657 1406 1684 1431 et
1695 1402 1841 1431 draconem
1854 1414 1879 1429 ».

1114 1448 1268 1477 Notandum
1289 1453 1398 1483 autem,
1420 1449 1492 1486 quod
1515 1457 1564 1486 per
1585 1449 1708 1478 diversas
1730 1448 1882 1485 praedictas

1035 1495 1136 1524 bestias
1157 1498 1273 1532 possunt
1293 1504 1343 1524 sex
1365 1504 1465 1533 genera
1489 1501 1665 1533 peccatorum
1681 1496 1810 1533 intelligi:
1833 1504 1882 1533 per

1035 1550 1142 1570 ursum
1163 1542 1261 1571 vitium
1289 1543 1385 1580 gulae3
1414 1551 1463 1580 per
1491 1543 1613 1577 leonem,
1642 1543 1803 1580 superbiae,
1832 1551 1881 1579 per

1036 1588 1141 1617 bestias
1162 1589 1212 1617 ira
1230 1589 1349 1626 plenas,
1371 1590 1440 1624 irae3
1460 1598 1509 1627 per
1529 1598 1667 1627 vaporem
1686 1591 1804 1628 igyneitm
1822 1590 1881 1627 spi-

1035 1638 1151 1669 rantes,
1181 1636 1330 1670 luxuriae;
1359 1644 1408 1673 per
1436 1637 1552 1665 odorem
1575 1636 1658 1674 fumi
1684 1636 1880 1674 proferentes,

1035 1682 1179 1716 avaritiae;
1194 1691 1244 1719 per
1258 1683 1400 1711 scintillas
1414 1683 1451 1711 ab
1466 1684 1557 1712 oeulis
1571 1684 1736 1717 emittentes,
1756 1683 1880 1713 invidiae.

1115 1729 1203 1765 (Vers.
1234 1729 1301 1764 21).
1324 1728 1423 1758 Nam⁰
1445 1733 1471 1758 et
1491 1730 1552 1758 sine
1569 1729 1618 1771 fiis
1638 1732 1688 1758 etc.
1711 1730 1764 1758 Nec
1792 1730 1881 1759 solum

1036 1776 1089 1804 hoc
1111 1775 1192 1804 modo
1212 1778 1322 1812 poteras
1342 1784 1389 1805 eos
1414 1776 1529 1813 punire,
1550 1785 1621 1805 nam
1645 1780 1671 1805 et
1689 1777 1751 1805 sine
1771 1775 1832 1810 his,
1854 1776 1881 1805 id

1036 1825 1077 1852 est
1098 1822 1157 1851 sine
1178 1822 1279 1851 harum
1307 1822 1458 1852 bestiarum
1481 1823 1662 1858 adminiculo,
1687 1832 1745 1852 uno
1772 1823 1881 1860 spiritu

1033 1872 1169 1906 poterant
1191 1869 1283 1898 occidi
1289 1880 1300 1903 ;
1320 1869 1415 1898 Glossa
1426 1870 1461 1898 1⁰:
1489 1881 1502 1895 «
1517 1869 1545 1898 Id
1566 1873 1607 1898 est
1627 1878 1684 1898 una
1698 1869 1882 1907 indignatione

1036 1916 1080 1945 vel
1102 1916 1180 1945 iussu
1195 1928 1221 1944 n.
1245 1916 1287 1945 Sic
1301 1916 1436 1953 accipitur
1456 1916 1596 1954 spiritus,
1618 1916 1781 1945 ubidicitur
1796 1916 1881 1945 Gene-

1037 1963 1074 1992 sis
1102 1965 1197 1991 sexto:
1224 1974 1237 1987 «
1253 1963 1310 1991 Non
1338 1963 1510 2000 permanebit
1537 1963 1651 2000 spiritus
1677 1971 1757 1992 meus
1784 1964 1811 1992 in
1832 1964 1881 1992 ho-

1037 2010 1114 2039 mine
1134 2022 1161 2044 »,
1193 2009 1219 2038 id
1247 2013 1289 2039 est
1314 2009 1463 2047 indignatio
1487 2018 1548 2039 mea
1569 2014 1619 2039 etc.
1642 2010 1708 2039 Vel:
1738 2020 1796 2039 uno
1823 2011 1884 2048 spi-·

1037 2056 1100 2085 ritu
1113 2056 1249 2094 angelico,
1266 2056 1337 2085 sicut
1352 2057 1539 2086 Sennacherib
1560 2060 1587 2086 et
1601 2058 1742 2086 exercitus
1763 2058 1835 2092 eius,
1850 2060 1882 2087 ut

1037 2106 1112 2141 patet
1133 2103 1215 2132 Isaiae
1237 2103 1378 2140 trigesimo
1399 2104 1522 2140 septimo.
1540 2105 1772 2133 Persecutionem
1783 2105 1880 2142 passi,

1037 2150 1141 2179 scilicet
1162 2153 1293 2187 tanquam
1315 2158 1331 2178 a
1351 2158 1435 2179 causa
1459 2151 1615 2185 meritoria,
1637 2150 1673 2179 ab
1696 2151 1767 2188 ipsis
1793 2150 1882 2189 factis

1036 2197 1114 2231 suis,
1130 2197 1168 2226 ita
1188 2197 1262 2234 quod
1277 2197 1343 2234 ipsis
1363 2197 1494 2234 operibus
1509 2198 1566 2227 suis
1584 2198 1797 2235 perimerentur,
1812 2199 1883 2228 sicut

1038 2244 1134 2282 vipera
1155 2252 1205 2273 suo
1230 2247 1313 2281 partu
1334 2244 1421 2281 perit;
1444 2245 1532 2274 Lucae
1554 2246 1635 2274 tertio
1648 2246 1685 2273 ¹¹:
1711 2257 1725 2271 α
1740 2246 1883 2274 Genimina

1037 2291 1196 2328 viperarum
1209 2303 1222 2317 s>
1241 2294 1306 2326 etc.;
1329 2291 1356 2320 in
1372 2292 1492 2321 Psalmo:
1519 2303 1532 2317 α
1544 2292 1699 2321 Secundum
1721 2301 1805 2330 opera
1825 2301 1882 2321 ma-

1037 2347 1126 2367 nuum
1147 2346 1245 2368 eorum
1260 2339 1352 2368 tribue
1373 2339 1427 2368 illis
1442 2351 1468 2367 ».
1491 2340 1527 2368 Et
1546 2340 1688 2377 dispersi,
1710 2340 1813 2369 scilicet
1833 2348 1882 2377 per

1098 2491 1107 2504 ⁷
1126 2493 1223 2521 Vulgata
1242 2493 1278 2515 hic
1294 2494 1378 2516 omittit
1394 2495 1427 2521 et,
1444 2499 1471 2515 ac
1488 2494 1558 2521 paulo
1575 2493 1668 2515 inferius
1681 2500 1723 2521 pro
1735 2493 1830 2524 igneum
1845 2494 1882 2516 eli-

1036 2532 1069 2559 git
1085 2531 1193 2561 iynium;
1211 2532 1273 2554 card.
1290 2532 1358 2559 Hugo
1375 2534 1397 2554 et
1414 2533 1516 2560 Lyranus
1533 2531 1639 2554 exhibent
1656 2533 1677 2555 et
1693 2538 1720 2555 ac
1737 2532 1839 2562 iqneanz.

1036 2582 1067 2586 —
1084 2571 1137 2599 Seq.
1154 2570 1218 2593 locus
1234 2573 1268 2593 est
1285 2571 1350 2593 Dent.
1368 2571 1410 2597 32,
1427 2570 1465 2593 24.

1099 2606 1108 2620 ⁸
1125 2609 1206 2631 Psalm.
1225 2609 1266 2636 90,
1287 2609 1322 2630 13.

1098 2646 1108 2659 ⁹
1124 2647 1171 2671 Csr.
1187 2654 1256 2676 supra
1273 2650 1327 2670 nota
1345 2648 1366 2670 3.

1100 2685 1119 2698 ¹⁰
1137 2687 1225 2709 Scilicet
1241 2686 1414 2710 intwlinearis:
1433 2687 1591 2715 indignatione
1608 2687 1644 2709 vel
1662 2686 1725 2710 iussu
1742 2687 1790 2709 Dei.
1802 2700 1833 2704 —
1845 2688 1882 2710 Se-

1037 2729 1140 2754 quuntur
1157 2726 1211 2748 Gen.
1230 2726 1256 2754 6,
1275 2726 1296 2748 3.
1313 2729 1335 2748 et
1351 2726 1400 2748 lsai.
1417 2725 1454 2753 37,
1472 2726 1514 2755 36;
1531 2727 1572 2749 cfr.
1589 2732 1659 2754 supra
1671 2732 1725 2754 pag.
1738 2726 1780 2753 44,
1792 2729 1844 2748 nota
1857 2726 1879 2748 4,

1099 2763 1117 2776 ¹¹
1137 2765 1201 2787 Vers.
1218 2764 1240 2787 7.
1258 2765 1366 2793 Gregor.‚
1384 2765 1435 2787 XV.
1452 2765 1527 2787 Moral.
1546 2772 1566 2788 c.
1584 2765 1621 2787 45.
1637 2772 1660 2787 n.
1678 2765 1723 2787 49:
1743 2765 1842 2794 Vipera,
1853 2771 1880 2787 eo

1036 2803 1101 2832 quod
1119 2803 1143 2826 ei
1154 2803 1250 2833 pariat,
1267 2804 1406 2826 nominatur.
1425 2804 1510 2832 Vipera
1528 2804 1604 2833 itaque
1621 2804 1653 2826 sic
1665 2804 1777 2830 nascitur,
1794 2807 1819 2826 ut
1834 2804 1881 2826 vio-

1036 2842 1108 2864 lenter
1125 2845 1189 2866 exeat
1206 2842 1290 2871 {ruptis
1307 2842 1416 2865 lateribus
1433 2842 1542 2872 matrum]
1566 2846 1588 2865 et
1604 2849 1656 2865 cum
1674 2843 1753 2865 matris
1769 2849 1824 2865 suae
1846 2849 1880 2865 ex-

1036 2881 1155 2903 stinctione
1173 2882 1322 2909 producatur.
1345 2881 1390 2905 Csr.
1408 2882 1499 2909 isidor„
1517 2882 1564 2904 ΧΗ.
1581 2882 1710 2909 Etymolog.
1727 2888 1746 2904 c.
1765 2881 1785 2904 4.
1803 2888 1825 2904 n.
1843 2881 1851 2903 4
1859 2882 1881 2903 0.

1035 2933 1066 2938 ——-
1083 2922 1136 2950 Seq.
1152 2921 1215 2944 locus
1231 2924 1265 2944 est
1282 2922 1316 2944 Ps.
1335 2921 1371 2950 27,
1390 2921 1411 2943 4.

1895 802 2004 821 Secundum.

1904 1456 1938 1474 Sex
1952 1461 2017 1479 genera

1899 1482 2013 1502 peccatorum.

1898 1736 1988 1755 Tertium.
