2296 3316
8 748 9 780 l
36 746 105 766 Tertia.

0 1479 9 1517 (1
19 1496 52 1518 rto,
62 1495 104 1520 ipsa

8 1519 78 1538 petitio.

729 146 899 176 COMMENT.
921 147 954 176 IN
975 147 1122 177 lOANNEM
1143 148 1170 177 C.
1193 149 1269 178 XVII.

205 225 249 252 17.
272 224 360 261 (Vers.
386 224 451 260 10.).
475 225 509 253 Et
535 232 601 253 mea
632 224 732 253 omnia
760 227 814 253 tua
839 228 922 259 sunt,
943 228 968 254 et

125 274 177 299 tua
196 279 261 299 mea
273 272 301 304 1,·
315 278 401 308 supra
414 270 520 300 decimo
534 273 630 300 sexto:
650 282 663 296 α
675 270 783 305 Omnia,
798 279 870 308 quae
885 271 968 300 habet

124 318 215 353 Pater,
237 326 298 347 mea
318 321 408 347 sunt»
421 341 428 353 ,
450 321 477 347 et
491 326 506 347 e
521 326 663 347 converso
679 318 741 347 Ideo
754 318 863 347 dicebat
882 326 968 355 supra

124 365 255 402 septimo:
281 376 295 390 (ι
309 365 367 394 Mea
387 364 512 394 doctrina
533 373 588 393 non
619 367 661 393 est
681 372 742 395 mea
753 375 780 399 »;
802 365 863 394 ideo
894 365 967 394 servi

123 411 177 440 mei
197 414 225 441 et
245 411 323 440 electi
344 412 397 440 mei
420 414 486 441 sunt
499 411 578 440 electi
593 411 643 440 tui.
662 411 695 440 Et
709 411 777 440 haec
791 415 833 441 est
848 411 969 441 secunda

123 458 193 487 ratio
204 458 370 487 exaudiendi
380 466 432 495 pro
446 459 589 495 Apostolis,
601 458 704 487 scilicet
718 458 843 495 ipsorum
857 458 967 492 electio;

123 505 183 534 ideo
198 513 283 542 supra
296 505 402 534 decimo
416 505 529 542 quinto:
549 517 562 531 α
573 506 631 534 Non
647 513 696 534 vos
710 513 754 534 me
769 505 905 542 elegistis,
921 505 968 534 sed

123 559 173 589 ego
187 551 256 588 elegi
271 559 320 580 vos
340 554 368 581 et
388 552 467 589 posui
489 560 553 587 vos,
575 555 607 581 ut
621 552 690 581 eatis
709 555 737 581 et
758 552 882 581 fructum
903 552 968 581 asfe-

123 598 205 633 ratis,
231 602 258 627 et
282 598 391 627 fructus
422 602 513 628 vester
537 602 661 634 maneat;
693 603 741 634 ut,
771 599 968 636 quodcumque

123 644 257 682 petieritis
276 645 384 674 Patrem
405 645 433 674 in
454 646 564 675 nomine
585 654 660 680 meo,
681 645 727 674 det
748 645 864 675 vobis».

203 692 246 720 18.
269 692 305 719 Et
324 692 396 729 89οἳ
423 691 612 729 clarificatus
645 692 780 729 Tangitur
811 692 856 721 hic
886 692 968 721 tertia

121 738 201 772 ratio,
216 737 320 767 scilicet
334 738 548 776 discipulorum
562 738 700 767 desolatio
714 738 748 767 de
762 746 874 768 recessu
888 739 968 767 Chri-

122 785 173 819 sti,
194 784 241 822 qui
263 785 518 823 appropinquabat;
534 789 648 823 propter
663 793 747 822 quam
762 786 968 823 appropinqua-

122 832 224 861 tionem
252 831 319 861 dicit
343 840 372 861 se
396 832 594 869 clarificatum
614 835 642 860 et
663 832 825 867 recessisse,
846 832 913 869 quia
933 832 967 861 de

122 878 250 916 proximo
270 882 330 908 erat
351 879 462 914 sutura;
484 879 545 908 ideo
564 878 646 907 dicit:
670 879 706 907 Et
718 887 768 916 890
783 878 967 916 clarificatus

120 934 188 954 sum
209 925 240 954 in
261 925 320 959 eis,-
340 926 406 963 quia
426 926 476 963 ipsi
506 933 571 954 eum
599 929 785 962 cognoverant
805 928 833 954 et
853 925 882 954 in
902 933 967 962 pro-

120 972 196 1001 ximo
217 980 382 1009 cognoscere
402 973 547 1002 debebant.

202 1020 245 1048 19.
268 1020 357 1057 (Vers.
382 1020 447 1056 11.).
471 1021 506 1048 Et
526 1020 589 1048 iam
613 1028 671 1048 non
699 1028 766 1048 sum
787 1021 819 1048 in
839 1020 967 1054 mundo,-

120 1065 198 1103 quia,
213 1073 299 1103 supra
313 1066 419 1095 decimo
440 1069 540 1104 quarto
552 1066 573 1100 ³,
599 1078 613 1091 «
627 1066 682 1095 iam
697 1075 752 1095 non
767 1067 854 1095 multa
869 1067 967 1104 loquar

120 1112 263 1142 vobiscum
274 1124 301 1148 »;
323 1117 348 1142 et
369 1112 400 1142 lii
420 1113 452 1142 in
472 1113 582 1142 mundo
603 1117 685 1147 sunt,
707 1117 733 1142 et
752 1122 802 1151 890
823 1114 863 1143 ad
884 1117 908 1142 te
922 1122 967 1142 ve-

118 1159 183 1194 nio,
205 1163 232 1189 et
254 1160 314 1189 ideo
335 1160 471 1189 desolatos
491 1160 614 1195 dimitto;
637 1168 722 1197 supra
742 1161 849 1190 decimo
870 1164 966 1190 sexto:

125 1218 139 1232 α
154 1207 227 1236 Vado
248 1207 282 1236 ad
302 1215 367 1236 eum
395 1207 443 1244 qui
471 1207 545 1236 misit
566 1215 622 1241 me;
645 1207 692 1236 sed
713 1208 780 1245 quia
801 1208 869 1237 haec
891 1209 967 1237 locu-

119 1257 165 1283 tus
185 1262 248 1284 sum
269 1254 363 1288 vobis,
392 1254 503 1283 tristitia
534 1254 657 1291 implevit
678 1263 726 1284 cor
748 1257 871 1284 vestrum
887 1267 913 1283 n.
936 1255 967 1283 Et

119 1303 187 1332 haec
208 1305 268 1331 erat
289 1301 371 1330 tertia
398 1301 469 1330 ratio
500 1301 683 1336 exaudiendi;
705 1303 778 1332 unde
809 1311 895 1339 supra
920 1302 967 1331 de-

120 1349 192 1378 cimo
212 1352 325 1386 quarto:
351 1359 365 1373 «
381 1348 435 1385 Ego
456 1348 490 1377 ad
506 1349 612 1377 Patrem
628 1349 713 1383 vado;
728 1353 755 1378 et
770 1349 967 1386 quodcumque

119 1396 252 1433 petieritis
273 1395 382 1423 Patrem
402 1395 430 1423 in
453 1395 563 1424 nomine
584 1404 661 1430 meo,
677 1396 729 1425 hoc
750 1396 847 1425 faciam
860 1408 886 1424 ».

198 1443 244 1471 20.
267 1442 357 1470 Pater
378 1445 483 1471 sancte.
505 1442 652 1479 Postquam
674 1443 825 1480 praemissa
839 1447 881 1472 est
895 1443 967 1472 mul-

120 1489 207 1527 tiplex
227 1488 337 1526 petendi
358 1488 444 1523 ratio,
466 1489 596 1518 subditur
625 1489 669 1518 hic
697 1492 799 1527 quarto
820 1490 879 1518 loco
900 1490 967 1526 ipso,

118 1536 228 1574 petitio,
250 1543 306 1572 qua
326 1535 395 1572 petit
416 1535 455 1564 eis
486 1536 723 1565 conservationem
744 1537 771 1564 in
792 1536 880 1571 bon03
902 1544 967 1573 pro-

104 1586 182 1620 pter
203 1582 278 1619 quod
298 1582 376 1611 dicit:
399 1582 490 1611 Pater
510 1586 624 1617 sancte,
639 1591 726 1611 serua
747 1591 792 1611 eos
808 1583 968 1612 innomine

120 1634 185 1665 tuo,
207 1638 279 1669 quos
300 1629 404 1658 dedisti
423 1629 509 1664 milti,
531 1630 559 1659 id
585 1633 627 1659 est
658 1630 686 1659 in
707 1630 811 1659 virtute
832 1630 966 1664 nominis3

119 1684 205 1714 supra
224 1676 367 1705 decimo4:
394 1688 408 1701 «
423 1677 506 1705 Nemo
527 1679 617 1713 potest
638 1685 736 1714 rapere
757 1677 791 1705 de
812 1685 896 1706 manu
919 1677 967 1705 Pa-

120 1724 171 1753 tris
191 1723 283 1752 mei».
307 1723 414 1758 Serva,
436 1723 562 1761 inquam,
584 1724 612 1752 in
634 1724 721 1758 bono;
744 1724 817 1752 unde
831 1724 912 1752 dicit:
933 1724 968 1752 Ut

118 1771 176 1799 sint
197 1779 307 1804 imum,
329 1770 406 1799 sieut
425 1774 450 1798 et
469 1778 538 1804 nos,
554 1770 658 1799 scilicet
678 1770 784 1799 unitate
805 1770 967 1799 concordiae

119 1820 146 1846 et
166 1817 256 1855 pacis,
278 1825 362 1855 quam
384 1817 519 1846 unitatem
540 1821 633 1846 servat
653 1817 728 1846 Deus
742 1817 770 1846 in
788 1818 898 1852 electis,
920 1818 968 1847 sed

120 1867 210 1894 tamen
238 1872 302 1893 cum
331 1872 429 1893 eorum
460 1864 658 1898 sollicitudine;
681 1864 741 1893 ideo
772 1864 806 1893 ad
835 1865 966 1901 Ephesios

118 1915 219 1949 quarto
229 1912 256 1940 ⁵:
283 1923 297 1937 α
311 1912 439 1946 Solliciti,
454 1919 566 1940 servare
581 1911 716 1941 unitatem
731 1912 850 1948 Spiritus
865 1912 892 1940 in
907 1912 967 1940 vin-

119 1959 181 1988 culo
201 1958 276 1995 pacis
289 1970 316 1987 ».

182 2234 190 2247 ¹
208 2236 307 2263 Vulgata
325 2235 389 2258 addit
405 2237 468 2259 sunt.
485 2249 516 2252 —
533 2237 666 2265 Sequuntur
684 2238 743 2259 loan.
763 2237 805 2265 ⁴6,
823 2237 865 2266 '¹53
882 2237 908 2266 7,
928 2238 965 2260 16,

119 2276 141 2296 et
159 2273 200 2301 15,
219 2274 256 2296 lfi.

181 2311 190 2325 ²
208 2313 305 2341 Vulgata
328 2313 411 2335 omittit
433 2319 482 2343 890.
500 2326 531 2331 -
547 2313 678 2342 chrysost,
696 2315 717 2337 in
741 2315 802 2337 loan.
825 2315 902 2337 homil.
927 2316 965 2338 Sl.

120 2351 184 2380 (alias
201 2352 248 2381 80.)
265 2358 287 2374 n.
306 2352 332 2374 4:
351 2352 381 2375 Et
396 2352 542 2383 clarificatus
558 2359 614 2376 sum
630 2353 656 2376 in
673 2353 719 2381 eis,
737 2353 760 2376 id
776 2357 823 2380 est,
846 2354 882 2376 vel
905 2356 968 2382 pote-

119 2392 200 2412 statem
217 2390 240 2412 in
257 2396 297 2413 eos
314 2390 400 2419 habeo,
418 2392 455 2413 vel
472 2391 634 2419 glorificabunt
652 2398 701 2420 me,
719 2398 773 2415 cum
785 2396 807 2415 et
819 2393 860 2415 tibi
872 2393 968 2416 credent

119 2431 141 2451 et
157 2429 213 2451 mihi
230 2429 381 2458 similiterque
398 2429 559 2458 glorificabunt
575 2433 618 2453 etc.

181 2465 191 2479 ³
207 2468 274 2490 Vers.
292 2468 328 2490 30.
347 2481 378 2485 —
394 2469 445 2491 Duo
468 2475 533 2498 seqq.
556 2469 600 2492 loci
622 2472 675 2492 sunt
697 2471 757 2492 loan.
775 2471 817 2499 116,
835 2470 857 2493 5.
880 2477 928 2500 seq.
945 2473 967 2493 et

120 2506 162 2534 44,
180 2507 216 2529 42.
234 2513 282 2536 seq.

181 2545 191 2557 ⁴²
208 2546 274 2568 Vers.
291 2546 328 2568 29.
345 2558 377 2563 —
391 2547 448 2569 Voci
460 2546 563 2570 nominis
574 2547 610 2570 ed.
623 2554 676 2570 cum
689 2548 792 2571 Gorrano
805 2549 912 2577 praefigit
922 2548 966 2572 tui.

181 2582 191 2596 ⁵
208 2584 273 2607 Vers.
292 2585 314 2608 3.

181 2621 191 2635 ⁶
208 2623 274 2646 Vers.
292 2624 328 2646 26.
346 2627 368 2646 et
384 2624 422 2647 27.

181 2660 189 2674 ⁷
208 2661 253 2685 Csr.
271 2669 342 2691 supra
359 2669 381 2685 n.
400 2664 435 2686 16.
455 2676 484 2679 -
501 2664 542 2686 Ed.
560 2664 596 2687 hic
613 2664 678 2687 addit
693 2666 727 2694 et,
745 2665 761 2688 C
779 2665 803 2688 id
819 2667 860 2689 est.

181 2699 190 2713 Β
209 2701 268 2724 Vide
279 2702 313 2724 lll.
325 2702 386 2724 Sent.
399 2703 421 2725 d.
435 2703 471 2725 ⁴7.
484 2709 503 2725 a.
517 2704 537 2725 2.
550 2709 572 2732 q.
587 2704 606 2725 l.
619 2706 641 2726 et
652 2703 781 2727 Comment.
794 2705 816 2727 in
828 2706 882 2727 Luc.
896 2706 933 2732 Μ,
946 2706 966 2727 t.

119 2746 184 2769 seqq.

181 2778 191 2791 ⁹
209 2780 274 2803 Vers.
293 2780 334 2803 24:
352 2781 380 2803 Ut
396 2785 506 2809 appareat
517 2788 577 2804 nune
590 2782 661 2805 vultui
673 2782 713 2805 Dei
726 2789 768 2811 pro
782 2783 859 2811 nobis;
872 2783 929 2806 ibid.
941 2783 966 2811 7,

120 2819 162 2841 25:
181 2820 277 2848 Semper
294 2820 375 2843 vivens
392 2821 421 2843 ad
440 2821 631 2849 interpellandum
648 2824 691 2844 etc.
709 2834 740 2839 -
756 2822 801 2845 Crr.
814 2829 884 2850 supra
897 2829 916 2845 c.
930 2823 965 2845 46.

119 2864 142 2880 n.
159 2857 195 2880 40.

182 2895 202 2909 ¹⁰
219 2896 279 2919 Libr.
297 2898 320 2920 ll.
339 2898 398 2924 (sive
409 2898 438 2921 de
449 2899 515 2921 Dono
532 2900 727 2928 perseverantiae)
745 2905 764 2922 c.
778 2901 814 2922 22.
827 2907 849 2922 n.
863 2900 905 2922 60:
922 2899 967 2922 Cur

119 2935 181 2958 enim
198 2942 242 2958 non
260 2937 336 2964 potius
353 2937 382 2959 ita
400 2937 496 2960 dicitur:
514 2938 537 2960 El
556 2938 574 2960 si
591 2938 630 2966 qui
646 2941 698 2961 sunt
709 2939 813 2961 noudum
825 2939 912 2966 vocati,
925 2945 967 2966 pro

1815 152 1869 181 471

1345 228 1548 265 QUAEsrroNus.

1104 321 1150 349 21.
1172 321 1282 357 Quaest.
1306 322 1323 350 1.
1346 322 1398 351 Sed
1419 323 1565 360 quaeritur
1588 323 1633 352 hic
1652 323 1687 352 de
1707 323 1776 358 hoc,
1798 323 1872 361 quod

1025 366 1159 396 Dominus
1180 368 1224 397 hic
1245 371 1307 398 orat
1327 377 1379 406 pro
1400 370 1549 407 Apostolis;

1107 415 1131 442 1.
1153 415 1223 451 Quia
1243 423 1329 452 supra
1349 416 1456 446 decimo
1478 420 1558 446 sexto
1569 417 1580 434 ⁶
1594 417 1712 447 dicitur:
1728 417 1793 446 Non
1807 417 1872 446 dieo

1024 460 1121 495 vobis,
1149 461 1222 499 quia
1248 471 1298 499 890
1329 463 1439 500 νο9αὸο
1472 464 1594 492 Patrem
1623 464 1658 493 de
1687 463 1784 498 vobis;
1812 464 1873 502 ipse

1025 507 1102 536 enim
1123 508 1214 536 Pater
1244 513 1327 537 amat
1356 518 1420 538 vos:
1441 510 1507 539 facit
1536 518 1602 548 ergo
1633 511 1678 540 hic
1699 511 1872 540 contrarium

1025 553 1086 583 eius
1106 554 1181 591 quod
1201 555 1318 584 dixerat.

1105 602 1131 629 2.
1153 601 1232 636 Item,
1253 601 1312 639 ipse
1343 603 1479 632 Dominus
1509 612 1560 640 pro
1591 604 1675 634 nullis
1701 605 1799 633 orabat
1819 604 1872 633 nisi

1025 656 1077 685 pro
1098 648 1308 684 praedestinatis
1320 649 1340 683 ⁷,
1361 649 1395 678 de
1426 650 1529 687 quibus
1556 651 1674 686 sciebat,
1703 651 1777 688 quod
1798 651 1872 680 Deus

1025 694 1107 723 vellet
1128 694 1236 724 salvare
1255 695 1391 731 finaliter;
1413 696 1461 725 sed
1481 696 1540 725 sine
1568 704 1619 725 sua
1638 697 1763 727 oratione
1784 698 1871 727 salva-

1025 743 1137 770 rentur:
1159 749 1225 778 ergo
1246 741 1352 771 frustra
1372 742 1477 771 orabat.

1104 788 1130 817 3.
1153 788 1235 823 Item,
1258 797 1346 826 quare
1374 789 1461 818 vocali
1492 790 1617 819 oratione
1647 791 1765 819 orabat?
1796 791 2012 827 QuaeQuaest-iuei-

1025 835 1189 864 necessitas?
1915 821 1969 839 ‘¹⁰⁰⁵'

1105 883 1281 911 Responmzo:
1303 882 1472 917 Dicendum,
1493 883 1568 920 quod
1599 883 1700 920 triplici
1728 891 1765 912 ex
1788 891 1872 912 causa
1888 890 1946 914 nesp-

1024 929 1158 957 Dominus
1179 929 1269 958 oravit
1289 938 1340 966 pro
1361 930 1511 966 Apostolis,
1533 929 1636 959 scilicet
1649 930 1683 958 ad
1697 930 1804 959 salutis
1818 930 1859 959 im
1888 937 1964 960 ‘triplex

1023 976 1231 1012 petrationem,
1263 976 1487 1005 consolationem
1515 979 1542 1005 et
1572 976 1780 1005 eruditionem:
1807 977 1873 1014 quia
1900 965 1957 979 ΨΜ

1024 1022 1063 1051 eis
1094 1022 1275 1057 merebatur,
1305 1023 1371 1060 quia
1399 1031 1434 1052 ex
1463 1023 1558 1052 auditu
1591 1023 1693 1052 horum
1720 1023 1872 1052 verborum

1024 1068 1268 1103 consolabantur,
1290 1069 1356 1106 quia
1376 1078 1458 1098 orare
1478 1069 1689 1099 erudiebantur
1709 1077 1745 1098 ex
1767 1070 1820 1099 hoc
1844 1072 1872 1099 et
1888 1077 2005 1104 Λαμπετ-

1024 1123 1074 1144 nos
1095 1116 1162 1153 ipsi;
1185 1116 1245 1145 ideo
1266 1117 1353 1146 vocali
1375 1117 1499 1146 oratione
1520 1117 1610 1146 oravit
1624 1117 1644 1145 ⁸.
1919 1101 1977 1119 '⁰⁰¹⁶'

1106 1164 1129 1191 l.
1153 1163 1232 1199 Quod
1252 1163 1396 1198 obiicitur,
1418 1163 1493 1201 quod
1520 1171 1606 1200 supra
1630 1164 1764 1193 Dominus
1784 1164 1871 1193 dixit:
1888 1171 1919 1190 Ad
1932 1171 1949 1189 ¹-

1024 1209 1089 1238 Non
1121 1209 1185 1238 dieo
1212 1209 1308 1244 vobis,
1340 1210 1417 1248 quod
1448 1210 1559 1248 royabo
1589 1211 1708 1239 Patrem
1729 1215 1795 1245 etc.;
1817 1220 1871 1240 non

1024 1256 1112 1284 voluit
1126 1256 1260 1285 Dominus
1281 1264 1395 1293 negare,
1410 1257 1477 1293 quin
1492 1260 1585 1286 oraret
1606 1265 1657 1294 pro
1675 1258 1729 1292 eis;
1752 1266 1817 1286 cum
1831 1258 1872 1286 di-

1024 1305 1104 1331 catur
1125 1302 1159 1330 ad
1180 1303 1316 1331 Hebraeos
1337 1311 1410 1331 nono
1421 1303 1441 1337 ⁹,
1463 1303 1538 1340 quod
1559 1307 1685 1341 apparet
1704 1303 1801 1332 vultui
1822 1304 1874 1332 Dei

1025 1350 1066 1378 ad
1080 1350 1323 1387 interpellandum
1342 1358 1398 1387 pro
1419 1350 1517 1384 nobis,-
1538 1350 1586 1379 sed
1607 1351 1682 1388 quod
1703 1359 1759 1379 non
1779 1354 1873 1380 oraret

1025 1397 1133 1425 Patrem
1155 1400 1288 1434 tanquam
1303 1396 1434 1431 invitum,
1450 1396 1498 1426 sed
1513 1400 1644 1434 tanquam
1659 1398 1726 1434 ipsis
1739 1398 1874 1435 Apostolis

1024 1443 1198 1471 benevolum.

1104 1492 1130 1519 ᾖ.
1153 1490 1204 1519 Sed
1225 1490 1350 1527 quaerit:
1372 1490 1406 1519 ad
1427 1490 1495 1528 quid
1515 1493 1599 1519 orat?
1620 1492 1789 1528 Augustinus
1807 1491 1872 1520 dicit
1888 1497 1919 1516 Ad
1931 1497 1949 1516 2-

1024 1537 1057 1566 de
1079 1537 1329 1566 Praedestinatione
1361 1537 1539 1572 Sanctorum,
1571 1538 1645 1575 quod
1672 1546 1727 1567 non
1755 1538 1872 1567 exaudi-

1025 1591 1089 1612 mur
1103 1584 1155 1613 nisi
1177 1592 1228 1621 pro
1249 1584 1474 1621 praedestinatis,
1496 1587 1524 1613 et
1545 1592 1596 1621 pro
1617 1585 1671 1614 illis
1691 1593 1746 1614 non
1766 1585 1872 1614 frustra

1024 1639 1146 1665 oramus,
1162 1631 1227 1668 quia
1245 1642 1259 1656 <t
1273 1631 1398 1660 fortassis
1418 1631 1614 1668 praedestinati
1629 1635 1709 1667 sunt,
1724 1636 1756 1661 ut
1770 1633 1872 1662 nostris

1024 1677 1199 1706 orationibus
1221 1678 1408 1706 concedantur
1422 1678 1482 1706 1⁰».
1505 1678 1548 1707 Sic
1569 1678 1596 1707 in
1618 1678 1737 1707 Christo.

1105 1726 1150 1753 22.
1173 1725 1283 1760 Quaest.
1307 1724 1336 1752 ΙΙ.
1359 1724 1509 1760 Quaeritur
1540 1725 1574 1753 de
1602 1725 1654 1753 hoc
1685 1725 1759 1762 quod
1790 1725 1870 1754 dicit:

1026 1771 1086 1799 Pro
1108 1771 1148 1799 eis
1169 1779 1258 1808 royo,
1279 1779 1338 1799 uon
1354 1779 1412 1808 pro
1433 1771 1551 1799 mundo.

1103 1818 1232 1847 CONTRA:
1258 1819 1281 1846 1.
1304 1818 1376 1846 Infra
1397 1818 1493 1847 eodem
1506 1819 1541 1847 ¹¹:
1562 1818 1596 1847 Ut
1611 1819 1741 1847 mundus
1761 1819 1870 1853 eredat,

1024 1865 1096 1904 quia
1111 1869 1141 1893 tu
1156 1873 1201 1893 me
1214 1865 1336 1899 misistss
1350 1865 1447 1894 orabat
1461 1873 1540 1902 ergo,
1555 1868 1587 1894 ut
1602 1865 1723 1895 mundus
1737 1866 1870 1900 crederet.

1104 1914 1129 1940 Ξ.
1152 1912 1234 1946 Item,
1256 1920 1307 1949 pro
1328 1912 1368 1941 eis
1381 1920 1463 1941 orare
1476 1912 1608 1947 debebat,
1623 1921 1675 1950 pro
1689 1913 1791 1950 quibus
1805 1914 1873 1942 mis-

1025 1966 1073 1988 sus
1104 1962 1164 1987 erat
1192 1962 1219 1987 et
1250 1958 1321 1987 mori
1353 1959 1485 1993 debebat;
1518 1959 1565 1988 sed
1596 1963 1725 1989 mortuus
1752 1963 1793 1989 est
1821 1968 1872 1996 pro

1028 2238 1070 2265 eis,
1089 2240 1113 2260 ut
1130 2240 1249 2265 vocentur,
1267 2238 1377 2259 oremus?
1395 2236 1506 2259 Fortassis
1517 2236 1578 2258 enim
1591 2236 1624 2259 sic
1636 2236 1797 2264 praedestinati
1814 2239 1868 2259 sunt

1025 2280 1049 2299 ut
1064 2277 1147 2299 nostris
1165 2276 1308 2299 orationibus
1325 2276 1481 2299 concedantur
1492 2278 1514 2298 et
1527 2275 1641 2303 accipiant
1652 2276 1748 2298 eandem
1761 2276 1871 2305 gratiam,

1025 2322 1071 2345 qua
1090 2316 1160 2338 velint
1176 2318 1246 2344 atque
1262 2316 1390 2338 efficiantur
1407 2315 1472 2337 electi
1488 2317 1531 2336 etc.
1543 2326 1574 2331 —
1585 2314 1630 2337 Csr.
1643 2315 1705 2337 XXI.
1716 2315 1745 2337 de
1756 2314 1805 2337 Civ.
1817 2315 1871 2343 Dei,

1024 2360 1044 2377 c.
1057 2354 1095 2377 24.
1110 2361 1133 2377 n.
1151 2355 1175 2383 4,
1193 2354 1233 2377 ubi
1250 2354 1317 2381 dicit,
1334 2353 1397 2382 quod
1415 2353 1526 2380 Ecclesia,
1544 2353 1562 2375 si
1580 2356 1640 2375 certe
1657 2356 1734 2376 nosset
1750 2360 1777 2376 ex
1794 2354 1872 2376 viven-

1025 2393 1086 2416 tibus
1103 2394 1152 2416 illos
1168 2394 1208 2422 qui
1228 2402 1239 2413 α
1251 2392 1412 2421 praedestinati
1430 2395 1482 2415 sunt
1499 2392 1521 2414 in
1539 2395 1657 2415 aeternum
1675 2392 1751 2420 ignem
1769 2393 1803 2415 ire
1817 2399 1871 2415 cum

1024 2432 1128 2461 diabolo,
1147 2436 1193 2455 tam
1211 2438 1253 2460 pro
1270 2432 1302 2454 eis
1319 2438 1365 2454 non
1381 2434 1457 2454 oraret
1473 2437 1543 2460 quam
1561 2437 1603 2453 nec
1620 2437 1663 2459 pro
1681 2432 1738 2460 ipso.
1757 2432 1803 2455 Sed
1817 2433 1871 2462 quia

1024 2471 1053 2493 de
1071 2472 1133 2494 nullo
1151 2474 1212 2494 certa
1229 2473 1275 2498 est,
1293 2473 1342 2493 orat
1358 2476 1401 2498 pro
1419 2469 1527 2492 omnibus
1543 2470 1662 2492 dumtaxat
1683 2470 1816 2493 hominibus
1833 2472 1873 2494 ini-

1024 2510 1092 2533 micis
1109 2510 1157 2533 suis
1174 2511 1195 2532 in
1214 2511 1257 2532 hoc
1275 2515 1372 2537 corpore
1389 2509 1517 2531 constitutis
1522 2518 1528 2536 i
1545 2515 1589 2531 nec
1605 2512 1681 2531 tamen
1698 2515 1741 2537 pro
1763 2510 1872 2533 omnibus

1024 2549 1153 2572 exauditur.
1171 2549 1214 2571 Pro
1231 2549 1266 2571 his
1288 2548 1349 2570 enim
1372 2548 1425 2570 solis
1448 2547 1575 2575 exauditur,
1592 2548 1642 2576 qui,
1661 2548 1702 2570 etsi
1719 2548 1872 2570 adversantur

1024 2588 1152 2615 Ecclesiae,
1170 2588 1199 2610 ita
1217 2591 1293 2610 tamen
1310 2590 1364 2610 sunt
1380 2587 1554 2615 praedestinati,
1572 2589 1597 2609 ut
1619 2593 1661 2614 pro
1683 2587 1717 2609 eis
1738 2587 1873 2610 exaudiatur

1024 2627 1124 2649 Ecclesia
1141 2629 1163 2649 et
1180 2627 1220 2649 fllii
1237 2626 1363 2648 efficiantur
1380 2625 1493 2647 Ecclesiae
1502 2633 1514 2645 n
1533 2628 1575 2647 etc.
1586 2637 1618 2642 —
1629 2625 1669 2648 Ed.
1681 2631 1724 2653 pro
1736 2625 1764 2648 de
1774 2625 1872 2649 Praeda-

1023 2665 1151 2689 stinatz'one
1168 2665 1314 2688 Sanctorum
1331 2664 1449 2687 substituit
1465 2663 1529 2693 quod
1544 2663 1601 2687 luteo
1618 2663 1711 2687 locutas
1727 2665 1761 2687 est
1772 2664 1799 2687 de
1811 2664 1873 2688 San-

1025 2704 1067 2727 ctis
1084 2703 1265 2734 praedestinatis
1282 2704 1316 2731 et,
1333 2709 1376 2731 pro
1396 2709 1443 2731 quo
1462 2703 1483 2725 in
1506 2703 1612 2730 margine
1633 2703 1744 2730 allegatur
1760 2704 1871 2732 August.,

1024 2744 1046 2765 in
1070 2744 1130 2767 loan.
1153 2744 1240 2770 Evang.
1257 2746 1285 2765 tr.
1303 2743 1356 2765 ⁴07.
1373 2749 1394 2764 n.
1412 2743 1433 2764 2.
1451 2742 1545 2764 Inferius
1568 2748 1610 2770 pro
1627 2741 1667 2765 Sic
1689 2743 1710 2764 et
1732 2741 1756 2764 in
1779 2741 1871 2765 Christo

1024 2783 1106 2805 eadem
1127 2782 1165 2804 ed.
1181 2781 1221 2805 Sic
1237 2781 1308 2804 etiam
1331 2780 1452 2807 Christus,
1477 2781 1595 2803 Gorranus
1612 2780 1652 2804 Sic
1674 2782 1696 2804 et
1716 2780 1744 2803 de
1765 2780 1872 2804 oratione

1025 2821 1114 2845 Christi
1129 2820 1271 2844 censendum
1288 2822 1333 2848 est,
1352 2819 1476 2849 Apostolos
1493 2820 1526 2842 ita
1543 2826 1558 2843 α
1575 2820 1622 2843 Deo
1639 2820 1712 2849 fuisse
1728 2820 1760 2843 ad
1777 2820 1872 2843 beatitu-

1025 2860 1102 2883 dinem
1117 2859 1318 2889 praedestinatos,
1336 2860 1362 2881 ut
1379 2858 1440 2881 hanc
1459 2858 1547 2881 Christi
1561 2859 1668 2882 oratione
1679 2861 1871 2888 assequerentur.

1088 2898 1106 2911 ¹²
1126 2899 1190 2921 Vers.
1208 2899 1245 2921 21.
