2296 3316
329 495 408 514 Divisio.

293 826 363 847 Primo,
377 826 410 844 tri-

281 850 325 892 pilaex
352 849 409 868 tristi-

340 1014 410 1033 Prima.

316 1202 409 1221 Secunda.

334 1672 405 1691 Tertia.

316 1908 410 1930 Secundo,

284 1931 351 1955 triplex
368 1936 412 1950 con-

282 1954 357 1974 solatio.

339 2002 410 2020 Prima.

314 2143 408 2162 Secunda.

337 2331 409 2350 Tertia.

427 178 482 206 608

740 252 882 277 COLLATlO
900 252 945 275 ΗΧ

505 348 595 385 (νει-ε.
611 349 678 382 22).
701 347 754 375 Vos
769 346 863 383 icitur
877 354 956 374 nune
974 344 1127 374 tristitiam
1149 343 1274 377 habetis;

427 396 533 424 iterum
556 394 653 422 videbo
674 402 741 427 1208,
762 396 788 421 et
805 392 945 430 qaudebzt
966 400 1016 420 cor
1036 394 1166 420 vestrum
1181 403 1208 419 ιι.

508 443 532 470 1.
554 442 581 471 ln
598 441 690 469 verbis
711 440 770 469 istis
784 440 840 468 duo
861 439 925 468 facit
941 438 1082 467 Dominus.
1104 438 1195 466 Primo
1210 445 1274 466 con-

427 489 532 518 solatur
543 491 725 525 praesentem
741 486 947 524 Apostolorum
962 485 1194 519 tribulationem,
1209 492 1274 513 cum

426 535 507 564 dicit:
536 535 589 563 Vos
609 534 724 573 quidem
745 542 824 562 nunc
846 532 999 562 tristitiam
1020 531 1138 561 habetis.
1164 548 1203 553 —
1228 532 1273 560 Se-

426 582 517 611 cundo
531 582 664 619 exprimit
683 584 845 619 sequentem
860 580 1017 609 eorundem
1036 579 1273 613 consolationem,

426 637 489 658 cum
512 628 669 665 subiungit:
687 628 797 656 lterum
819 627 916 656 uidebo
939 636 998 661 vos,
1020 630 1044 655 et
1063 626 1202 664 qaudebit
1223 634 1273 654 eor

426 679 563 704 vestrnm.
586 675 740 703 Tribulatio
760 674 919 704 huiusmodi
941 674 993 703 suit
1014 674 1042 702 in
1064 676 1187 710 tempore
1212 680 1271 710 pas-

426 723 524 757 sionis;
547 722 711 756 consolatio,
733 722 761 750 in
782 722 826 751 die
848 721 1069 751 resurrectionis.

505 771 531 799 2.
562 770 630 804 Vos,
652 769 757 806 inquit,
779 769 931 798 tristitiam
952 767 1071 797 habetis.
1094 768 1176 801 Nota,
1198 767 1273 804 quod

426 817 529 854 triplex
551 820 591 846 est
613 816 732 845 tristitia.
756 816 800 845 Est
821 816 894 845 enim
909 815 1047 849 tristitia,
1070 815 1151 844 cuius
1171 814 1274 851 princi-

426 865 502 902 pium
526 866 568 893 est
588 863 769 901 maliynita&
792 866 819 892 et
833 863 901 892 haec
916 865 957 891 est
971 862 1148 891 detestanda.
1164 861 1210 890 Est
1225 861 1274 890 tri-

426 911 515 945 stitia,
537 911 617 940 cuius
637 910 804 947 principium
832 913 873 939 est
894 909 1069 947 infirmitati,
1090 912 1118 938 et
1139 909 1207 938 haec
1234 912 1275 938 est

426 959 617 987 moderanda.
634 959 665 987 Et
679 961 720 987 est
734 958 860 992 tristitia,
875 958 957 986 euius
974 956 1141 994 principium
1164 959 1206 985 est
1226 964 1274 985 ca-

427 1005 520 1039 ritas,
542 1008 570 1034 et
590 1006 657 1034 haec
672 1007 714 1034 est
728 1004 934 1041 amplectenda.
952 1021 986 1024 -
1003 1004 1049 1032 Est
1063 1003 1148 1040 igitur
1164 1003 1275 1032 tristitia

426 1052 640 1090 malignitati&
661 1051 694 1080 de
709 1060 765 1089 qua
786 1051 913 1079 Matthaei
936 1054 1016 1079 sexto
1028 1052 1046 1078 ¹.
1067 1062 1080 1075 «
1096 1050 1183 1079 Nolite
1198 1050 1274 1084 fieri,

427 1099 499 1128 sicut
513 1099 682 1136 hypocritae,
698 1098 791 1127 tristes
805 1109 832 1132 »;
848 1097 1028 1126 Ecclesiastici
1043 1097 1150 1126 decimo
1161 1100 1274 1134 quarto:

432 1146 558 1175 «Oculus
569 1146 658 1174 malus
666 1145 699 1174 ad
707 1145 788 1179 mala,
800 1147 827 1174 et
838 1145 865 1173 in
879 1145 989 1173 tristitia
996 1144 1049 1173 erit
1060 1152 1144 1181 super
1153 1152 1276 1173 mensam

427 1202 505 1222 suam
519 1206 532 1219 υ
557 1196 608 1222 etc.
626 1209 661 1213 —
678 1192 723 1221 Est
744 1193 825 1221 etiam
849 1192 961 1220 tristitia
983 1191 1178 1228 infirmitatis,
1204 1192 1275 1220 sicut

427 1240 537 1278 quando
559 1241 685 1269 tristatur
710 1239 810 1276 aliquis
832 1246 916 1276 super
942 1246 972 1267 re
1001 1238 1161 1275 temporali;
1185 1238 1274 1267 Eccle-

427 1287 526 1316 siastici
542 1287 683 1324 trigesimo
694 1287 720 1314 ²³:
740 1298 753 1311 «
769 1286 806 1314 Ne
820 1286 868 1314 des
882 1286 990 1314 animae
1005 1289 1069 1314 tuae
1084 1285 1233 1319 tristitiam,
1249 1288 1276 1314 et

427 1342 460 1363 ne
481 1334 586 1371 affligas
608 1334 784 1371 temetipsum
806 1334 833 1362 in
862 1333 976 1362 consilio
997 1336 1046 1361 tuo
1063 1344 1090 1361 υ.
1118 1332 1187 1362 Haec
1215 1341 1275 1361 mo-

427 1381 560 1410 deranda
589 1385 644 1415 est3
677 1381 782 1418 primae
803 1381 837 1409 ad
868 1380 1125 1409 Thessalonicenses
1155 1383 1275 1417 quarto:

432 1440 445 1454 «
459 1429 516 1457 Νοῐ]
538 1428 751 1463 contristamini,
781 1428 853 1457 sicut
880 1431 907 1457 et
928 1428 1029 1462 ceteri,
1052 1428 1099 1465 qui
1122 1435 1198 1464 spem
1221 1436 1275 1456 non

428 1476 530 1504 habent
544 1488 570 1503 ».
603 1476 675 1504 Hanc
700 1475 860 1504 moderabat
892 1475 1025 1504 Dominus
1056 1475 1084 1503 in
1116 1475 1275 1512 discipulis,

429 1522 535 1551 loannis
556 1522 661 1551 decimo
683 1525 776 1556 sexto,
799 1530 862 1551 cuni
885 1522 1007 1551 dicebat:
1034 1533 1048 1546 «
1063 1522 1133 1558 Quia
1148 1522 1215 1551 haec
1238 1522 1276 1550 lo-

428 1572 510 1598 cutus
531 1577 593 1598 suni
615 1569 708 1604 vobis,
723 1569 835 1598 tristitia
857 1569 980 1606 implevit
995 1577 1043 1597 cor
1065 1572 1198 1597 vestrum.
1225 1569 1276 1598 Sed

428 1625 478 1654 ego
499 1617 525 1645 in
549 1618 664 1646 veritate
695 1616 755 1645 dico
777 1616 871 1645 vobis:
904 1617 1021 1653 Expedit
1052 1616 1145 1651 vobis,
1167 1619 1198 1645 ut
1226 1624 1276 1653 ego

428 1664 524 1692 vadam
541 1676 568 1705 υ.Δ
580 1681 616 1684 -
633 1664 678 1692 Est
698 1664 781 1692 etiam
796 1663 908 1692 tristitia
929 1663 1067 1692 caritatis
1074 1674 1084 1697 ;
1105 1663 1139 1692 de
1160 1671 1216 1700 qua
1236 1663 1276 1691 di-

428 1711 501 1740 citur
523 1711 579 1739 hic:
601 1711 654 1739 Vos
668 1711 784 1749 quidem
805 1720 885 1739 nanc
899 1711 1052 1739 tristitiam
1071 1709 1195 1744 nahelis,
1211 1710 1277 1747 quia

428 1758 530 1787 scilicet
549 1766 592 1787 me
613 1758 646 1786 ad
662 1758 815 1795 passionem
839 1758 879 1787 ire
900 1758 1006 1787 videtis.
1023 1758 1055 1786 Et
1076 1758 1140 1786 hinc
1161 1757 1277 1794 promit-

427 1805 496 1834 titur
517 1805 682 1839 consolatio,
704 1813 767 1833 cum
789 1805 986 1842 subiungitur:

508 1852 534 1881 3.
558 1852 668 1880 Iterum
689 1852 787 1880 videbo
813 1861 878 1885 vos;
901 1852 1011 1886 videbo,
1034 1852 1139 1889 inquit,
1164 1860 1228 1886 nos,
1250 1851 1277 1880 id

429 1903 483 1934 est,
505 1899 621 1928 visitabo
643 1907 699 1927 vos.
724 1899 754 1927 Et
776 1902 855 1933 nota,
877 1899 951 1936 quod
972 1899 1106 1928 Dominus
1131 1899 1276 1935 tripliciter

428 1946 533 1981 visitat,
560 1947 662 1975 scilicet
690 1947 876 1984 corripiendo
897 1947 923 1974 in
952 1946 1049 1983 culpa,
1078 1945 1277 1983 locupletando

428 1993 456 2021 in
477 1993 578 2030 gratia,
601 1992 792 2030 beatificando
813 1994 840 2021 in
861 1993 957 2030 gloria.
973 2010 1010 2013 —
1026 1993 1138 2027 Visitat,
1160 1996 1192 2021 ut
1213 2001 1277 2021 cor-

428 2040 523 2077 ripiat
543 2040 678 2077 culpam,
700 2041 771 2069 sicut
792 2040 861 2069 solet
882 2040 1022 2077 praelatus
1043 2040 1155 2069 visitare
1183 2039 1277 2069 subdi-

429 2090 483 2122 tos;
505 2088 663 2117 Psalmus⁸:
684 2100 697 2113 a
713 2088 833 2116 Visitabo
854 2088 882 2116 in
900 2088 978 2125 virga
998 2088 1158 2125 iniquitates
1179 2095 1277 2116 eorum

428 2139 454 2164 et
476 2135 503 2163 in
525 2135 689 2164 verberibus
709 2139 821 2172 peccata
841 2143 937 2164 eorum
954 2147 980 2163 n.
996 2151 1035 2155 »-
1052 2135 1150 2163 Visitat
1174 2133 1277 2171 infan-

428 2182 520 2211 clenclo
533 2183 664 2220 qratiam
674 2205 682 2216 ,
697 2182 769 2211 sicut
790 2182 858 2211 solet
872 2182 948 2211 dives
963 2182 1068 2211 amicus
1083 2182 1194 2210 visitare
1209 2189 1277 2218 pau-

430 2237 522 2265 perem
544 2229 663 2258 amicum
685 2229 775 2266 ipsum
808 2229 1015 2266 locupletando;
1038 2229 1176 2258 Psalmus:
1204 2240 1217 2253 «
1232 2228 1278 2257 Vi-

429 2276 516 2305 sitasti
538 2279 641 2305 terram
663 2279 690 2305 et
714 2276 855 2305 inebriasti
877 2284 957 2310 eam,
988 2275 1174 2313 multiplicasti
1202 2275 1277 2304 locu-

428 2323 533 2360 pletare
554 2332 614 2352 eam
640 2336 666 2352 ».
693 2340 728 2344 -
751 2323 848 2352 Visitat
870 2323 1021 2361 largiendo
1041 2323 1184 2361 yloriam,
1207 2323 1279 2352 sicut

429 2370 497 2399 solet
518 2370 642 2399 medicus
664 2370 774 2399 visitare
799 2370 958 2404 infirmum,
980 2369 1104 2399 curando
1128 2369 1278 2407 aegritudi-

428 2420 508 2451 nem,
532 2417 677 2446 tribuendo
703 2417 856 2446 sanitatem.
879 2417 918 2446 lta
945 2417 1003 2454 ipse
1023 2417 1098 2446 Deus
1126 2420 1206 2445 curat
1229 2417 1279 2445 mi—

430 2464 530 2493 seriam
558 2468 586 2493 et
614 2464 711 2493 tribuit
741 2464 915 2499 felicitatem3
944 2464 978 2493 de
1005 2472 1061 2502 qua
1087 2464 1132 2493 hic
1159 2464 1277 2501 dicitur:

440 2511 541 2541 Videbo
562 2521 628 2546 vos,
650 2515 675 2540 et
693 2511 832 2549 yaudebz't
852 2520 903 2541 cor
925 2515 1067 2545 uestrum,
1088 2515 1113 2540 et
1132 2511 1277 2549 ,caudium

432 2563 561 2587 vestram
582 2567 665 2587 nemo
686 2558 760 2587 tollet
781 2568 800 2587 a
821 2558 909 2588 vobis.

857 172 1081 203 COLLATlONES
1102 173 1134 202 ΙΝ
1155 171 1301 201 ΙΟΑΝΝΕΜ
1322 171 1390 200 ΟΑΡ.
1412 171 1478 200 XVl.
1498 171 1591 201 COLL.
1614 172 1675 201 LIX.
1697 173 1749 202 Lx.

1652 250 1793 275 COLLATlO
1811 252 1858 274 LX.

1412 343 1501 380 (Vers.
1523 344 1592 379 aa).
1614 344 1718 378 Petite,
1739 348 1766 373 et
1786 344 1950 381 accipietis,
1975 348 2009 372 ut
2033 343 2179 381 gaudiam

1332 394 1462 419 vestrum
1480 390 1597 427 plenum
1620 391 1666 419 sit.
2280 419 2281 424 ,

1413 439 1438 466 1,
1461 437 1487 466 ln
1503 437 1597 466 verbis
1618 438 1676 467 istis
1691 438 1845 467 exhortans
1866 445 1916 466 nos
1930 437 2064 466 Dominus
2084 437 2119 466 ad
2134 445 2180 474 pe-
2197 443 2275 475 Divisio.
2286 434 2296 462 *i

1333 484 1462 518 tendum,
1484 483 1540 513 duo
1561 484 1639 513 facit:
1652 484 1801 522 promittit
1814 484 2045 518 exauditionem,
2060 491 2124 513 cum
2139 484 2180 513 di·
2272 479 2296 514 *J

1331 531 1384 560 cit:
1406 531 1513 565 Petite,
1540 535 1567 560 et
1593 531 1742 568 accipietis
1767 548 1804 551 —
1828 534 1855 560 et
1875 529 1989 568 format
2000 530 2179 568 petitionem,

1332 586 1396 607 cum
1410 578 1491 606 dicit:
1508 578 1610 612 Petite,
1625 582 1651 607 et
1665 578 1827 615 accipietis,
1843 582 1876 606 ut
1889 578 2037 616 gaudiam
2051 582 2180 606 vestram
2292 570 2296 610 ἶ

1331 625 1370 653 sit
1387 625 1516 662 plenum.
1545 625 1630 654 Petite
1650 625 1799 662 gaudium,
1827 625 1875 654 sed
1903 625 2052 660 attendite,
2080 625 2180 654 cuius-

1330 672 1412 701 modi
1431 672 1466 701 sit
1486 672 1645 709 petendum.
1665 672 1711 701 Est
1731 671 1952 709 enim'gaudium
1973 672 2092 706 mundi,
2112 680 2181 710 gau·
2193 662 2296 720 rugi-lexis}

1330 719 1407 748 dium
1423 719 1494 748 iusti
1505 722 1532 748 et
1542 719 1675 756 gaudium
1692 719 1766 748 caeli
1772 729 1782 753 ;
1797 719 1855 748 vel:
1870 718 2004 756 gaudium
2015 719 2180 757 temporale,
2235 707 2286 722 ’“““”’

1331 766 1462 803 gaudium
1473 766 1639 803 spirituale,
1651 766 1783 803 gaudium
1794 765 1938 795 aeternale
1945 776 1956 800 ;
1966 766 2036 795 sive:
2048 766 2180 804 gaudium

1331 814 1484 851 temporis,
1506 814 1637 851 gaudium
1656 813 1783 851 pectoris
1797 816 1824 842 et
1837 813 1968 850 gaudium
1988 813 2180 842 aeternitatis.

1410 862 1436 890 2.
1459 861 1595 890 Gaudium
1625 861 1762 898 primum,
1791 860 1895 889 scilicet
1916 860 2048 898 gaudium
2076 864 2180 898 tempo-
2197 864 2284 908 „9333”ss

1331 907 1410 941 rate,
1432 916 1486 936 non
1514 910 1555 936 est
1578 907 1726 945 petendum
1749 908 1793 936 vel
1814 907 2018 944 appetendum,
2040 907 2106 945 quia
2134 916 2181 936 va·
2209 894 2296 932 vanum⁸L¹l

1331 963 1421 987 inim,-
1444 955 1622 984 Ecclesiastae
1650 955 1809 983 secund04:
1836 966 1849 979 «
1865 954 1958 983 Risum
1988 955 2115 992 reputavi
2137 962 2181 984 er-

1333 1010 1441 1036 rorem,
1463 1005 1490 1030 et
1511 1002 1611 1039 gaudio
1632 1002 1706 1036 dixi,
1729 1002 1796 1039 quid
1818 1002 1923 1030 frustra
1948 1001 2084 1039 deciperis
2098 1004 2129 1030 »ἲ
2144 1018 2181 1022 -
2294 1015 2296 1043 Ι

1332 1049 1402 1085 Quia
1416 1050 1557 1083 iniaetztm;
1578 1049 1793 1078 Proverbioruni
1809 1048 1915 1077 decimo
1936 1051 2049 1085 quarto:
2077 1060 2090 1074 ει
2102 1049 2181 1078 Risus
2198 1052 2278 1072 Mixtum-

1332 1095 1426 1124 dolore
1441 1095 1616 1130 miscebitur,
1632 1099 1659 1124 et
1673 1099 1800 1124 extrema
1814 1095 1906 1132 gaudii
1919 1096 2012 1124 luctus
2026 1098 2180 1132 occupat».
2295 1124 2296 1140 ἢ

1335 1159 1371 1163 —-
1395 1143 1465 1179 Quia
1486 1147 1737 1175 momentaneum,·
1759 1143 1805 1171 Iob
1832 1142 1980 1180 vigesimo:
2006 1154 2020 1167 «
2044 1142 2180 1171 Gaudium
2199 1146 2286 1190 Mggfflta

1332 1190 1493 1227 hypocritae
1513 1190 1547 1219 ad
1562 1191 1649 1219 instar
1664 1190 1759 1227 puncti
1773 1201 1805 1224 »;
1820 1193 1848 1219 et
1862 1190 1908 1219 lob
1923 1189 2054 1227 vigesimo
2076 1190 2180 1227 primo:
2271 1184 2275 1190 '

1337 1249 1351 1263 «
1364 1238 1470 1266 Tenent
1492 1240 1653 1274 tympanum
1675 1241 1702 1266 et
1723 1238 1859 1266 citharam
1884 1240 1912 1266 et
1938 1237 2059 1274 gaudent
2084 1236 2117 1266 ad
2139 1244 2182 1266 so-

1332 1285 1422 1313 nitum
1443 1284 1555 1321 organi;
1577 1284 1684 1313 ducunt
1705 1285 1732 1313 in
1754 1285 1833 1313 bonis
1853 1284 1912 1313 dies
1933 1292 1999 1313 suos
2020 1287 2047 1313 et
2061 1284 2088 1313 in
2110 1292 2182 1321 pun-

1333 1334 1377 1360 cto
1397 1331 1431 1360 ad
1453 1331 1560 1360 inferna
1578 1331 1787 1360 descendunt».

1412 1379 1438 1407 3.
1461 1378 1596 1407 Gaudium
1619 1379 1789 1413 secundum,
1811 1378 1915 1408 scilicet
1942 1377 2113 1416 spirituale,
2135 1386 2182 1416 ap·
2199 1381 2289 1425 rffffigirf

1333 1426 1483 1463 petendum
1505 1429 1546 1455 est
1568 1429 1594 1455 et
1616 1429 1658 1454 est
1680 1426 1791 1463 triplex.
1814 1425 1920 1455 Gaudet
1941 1426 2015 1455 enim
2031 1426 2114 1455 homo
2128 1425 2183 1463 spi·
2199 1429 2266 1454 prima.
2284 1417 2288 1424 ¹

1333 1473 1442 1502 ritualis
1472 1482 1523 1510 pro
1551 1474 1684 1502 evasione
1709 1473 1928 1510 periculorum,
1962 1473 1988 1501 id
2017 1476 2059 1502 est
2088 1481 2184 1510 pecca-
2200 1476 2269 1495 Prima.

1333 1522 1442 1554 torum;
1465 1520 1573 1549 Baruch
1595 1520 1733 1557 quart0⁵:
1761 1532 1774 1545 «
1789 1520 1871 1549 Emisi
1896 1528 1943 1549 vos
1965 1528 2029 1549 cum
2057 1520 2135 1549 luctu
2156 1523 2184 1549 et

1333 1567 1459 1604 ploratu;
1482 1567 1596 1596 reducet
1617 1571 1709 1596 autem
1735 1575 1782 1596 vos
1796 1567 1931 1596 Dominus
1952 1575 2015 1596 cum
2037 1566 2138 1604 gaudio
2155 1577 2182 1601 »;

1334 1614 1458 1651 loquitur
1481 1614 1627 1643 ierusalem
1651 1614 1677 1642 iu
1697 1614 1788 1651 figura
1809 1614 1944 1643 Ecclesiae
1959 1614 1993 1643 ad
2014 1616 2181 1651 peccatores.

1333 1678 1372 1682 —
1386 1661 1491 1690 Gaudet
1513 1662 1594 1690 etiam
1617 1670 1667 1699 pro
1688 1662 1867 1699 experientia
1890 1661 2094 1698 beneficiorum
2101 1671 2111 1695 ;
2133 1661 2183 1690 Ha·
2200 1663 2292 1684 Secunda.»

1333 1708 1420 1737 bacuc
1442 1709 1538 1737 tertio:
1565 1709 1649 1746 «Ego
1670 1712 1763 1737 autem
1786 1709 1812 1737 in
1835 1709 1952 1737 Domino
1974 1708 2141 1745 gaudebo»,
2157 1708 2182 1737 id

1333 1756 1421 1785 estin
1451 1756 1625 1793 experientia
1645 1756 1776 1785 bonitatis
1803 1756 1927 1790 divinae3
1955 1758 2010 1784 «et
2037 1755 2184 1784 exsultabo

1334 1804 1361 1832 in
1383 1804 1439 1832 Deo
1469 1804 1528 1832 [esu
1551 1811 1611 1832 meo
1626 1814 1657 1837 »;
1679 1803 1759 1840 quasi
1786 1802 1875 1831 dicat:
1904 1810 1968 1831 cum
1994 1814 2007 1828 «
2031 1802 2101 1832 ficus
2129 1811 2183 1832 non

1334 1850 1456 1885 florebit,
1479 1854 1506 1879 et
1527 1859 1580 1879 non
1609 1850 1663 1879 erit
1683 1858 1797 1887 germen
1825 1850 1852 1878 in
1874 1850 1961 1879 vineis
1983 1861 1996 1875 2>
2022 1853 2091 1884 etc.,
2120 1857 2184 1878 cuni

1334 1898 1437 1926 scilicet
1458 1906 1512 1926 non
1534 1897 1587 1926 erit
1607 1897 1734 1926 exterius
1755 1897 1918 1931 consolatio,
1940 1897 1994 1926 erit
2021 1897 2090 1925 mihi
2116 1896 2184 1926 inte-

1334 1945 1394 1973 rius
1414 1945 1442 1973 in
1464 1944 1580 1973 Domino
1601 1944 1760 1973 exsultatio.
1776 1961 1815 1964 —
1832 1944 1938 1973 Gaudet
1960 1944 2043 1973 etiam
2065 1952 2116 1981 pro
2137 1952 2185 1972 eae-
2201 1946 2270 1965 Tertia.

1333 1992 1506 2030 spectatione
1527 1992 1752 2029 praemioram;
1780 1991 1909 2020 Matthaei
1937 1991 2035 2028 quinto
2046 1991 2067 2026 θ,
2096 1992 2185 2020 Lucae

1334 2042 1430 2069 sexto:
1450 2050 1463 2064 «
1478 2039 1600 2068 Gaudete
1614 2042 1641 2068 et
1656 2039 1807 2072 exsultate,
1823 2039 1955 2076 quoniam
1968 2046 2075 2068 merces
2095 2041 2186 2067 vestra

1334 2087 1444 2124 copiosa
1464 2089 1506 2115 est
1526 2087 1553 2115 in
1575 2087 1658 2116 caelis
1672 2099 1685 2112 1>
1711 2090 1762 2116 etc.

1413 2134 1440 2162 lt.
1462 2133 1598 2163 Gaudium
1628 2134 1757 2168 tertium,
1779 2134 1854 2171 quod
1881 2137 1924 2163 est
1951 2133 2112 2168 aeternale,
2144 2137 2185 2163 est
2198 2134 2296 2178 {³322ng

1334 2181 1532 2218 postulandum
1553 2184 1580 2210 et
1594 2180 1821 2215 desiderandum,
1843 2181 1909 2218 quia
1922 2189 2034 2209 verum.
2051 2180 2098 2209 Est
2111 2180 2184 2209 enim
2208 2182 2296 2226 '’u‘'fflffiw

1334 2228 1466 2265 gaudium
1490 2228 1596 2263 cordis3
1619 2236 1670 2257 nec
1691 2227 1792 2265 gaudet
1820 2235 1900 2262 vere,
1926 2227 1977 2256 nisi
2008 2227 2055 2264 qui
2084 2227 2185 2264 gaudet
2202 2212 2214 2230 q
2236 2234 2283 2250 ru¹¹¹·

1335 2275 1363 2304 in
1384 2275 1482 2309 corde;
1511 2275 1691 2304 Ecclesiastici
1721 2275 1901 2312 trigesimo⁷:
1928 2275 2014 2303 «Non
2042 2277 2084 2303 est
2110 2274 2184 2303 oble-

1335 2325 1505 2351 ctamentum
1533 2330 1618 2359 super
1646 2322 1737 2351 cordis
1758 2322 1929 2359 gaudium».
1958 2322 2022 2350 Tale
2050 2324 2092 2351 est
2119 2329 2186 2359 gau-

1335 2369 1412 2398 dium
1434 2369 1516 2404 caeli3
1540 2369 1646 2398 loannis
1667 2369 1774 2398 decimo
1796 2372 1891 2398 sexto:
1918 2381 1932 2394 «
1949 2368 2051 2398 Videbo
2072 2376 2137 2403 vos,
2158 2372 2185 2398 et

1335 2416 1466 2454 gaudebit
1487 2424 1535 2445 cor
1562 2420 1687 2445 vestrum
1709 2428 1735 2444 ».
1762 2433 1801 2437 —
1824 2416 1894 2453 Quia
1912 2415 2033 2453 plenam
2040 2426 2050 2450 ;
2080 2416 2186 2445 loannis
2202 2419 2296 2462 Qulissmrle·

1335 2463 1441 2492 decimo
1473 2466 1568 2492 sexto:
1596 2463 1724 2497 «Petite,
1747 2466 1774 2492 et
1804 2462 1959 2500 accipietis,
1993 2466 2025 2491 ut
2053 2462 2185 2500 gaudium
2276 2456 2281 2462 ’

1337 2513 1460 2539 vestrum
1482 2510 1517 2539 sit
1538 2510 1651 2547 plenum
1666 2521 1696 2544 »;
1719 2513 1746 2538 et
1774 2510 1885 2539 eodem:
1912 2521 1925 2534 «
1944 2509 2067 2538 Tristitia
2094 2512 2187 2539 vestra

1338 2560 1463 2586 vertetur
1484 2557 1512 2585 in
1533 2556 1665 2594 gaudium
1681 2569 1707 2585 ».

496 2777 502 2789 ¹
522 2777 588 2799 Vers.
610 2777 644 2799 16.
660 2789 691 2794 -
709 2778 817 2806 Sequitur
836 2778 902 2801 Eecli.
921 2778 963 2805 14,
982 2779 1018 2800 «10.

494 2815 504 2828 ²
523 2817 586 2839 Vers.
613 2817 651 2839 22.
667 2829 698 2833 —
721 2816 824 2840 Subinde
849 2818 977 2845 allegantur
1002 2818 1016 2840 l.
1040 2818 1121 2840 Thess.
1145 2817 1171 2844 4,
1198 2817 1232 2839 ¹2.
1257 2820 1280 2839 et

432 2856 494 2878 loan.
516 2855 554 2883 16,
572 2856 594 2878 6.
612 2862 661 2884 seq.

495 2893 504 2906 ³
523 2895 604 2917 Psatm.
623 2895 665 2922 88,
683 2895 721 2917 33.
739 2907 770 2911 —
788 2896 896 2924 Sequitur
913 2896 949 2918 Ps.
967 2895 1009 2924 64,
1030 2896 1063 2918 10.

495 2933 505 2946 ‘³
524 2934 588 2956 Vers.
600 2935 622 2956 2.
633 2945 665 2950 -
676 2934 733 2956 Tres
750 2940 814 2963 seqq.
828 2935 870 2957 loci
888 2937 941 2957 sunt
957 2935 1025 2957 Prov.
1038 2934 1080 2963 14,
1093 2935 1135 2961 ·Ι3;
1152 2934 1191 2957 lob
1209 2935 1246 2963 20,
1259 2934 1280 2957 5.

433 2976 455 2995 et
473 2974 510 3000 21,
532 2974 566 2996 l·2.

1399 2775 1408 2788 ⁶
1426 2777 1491 2799 Vers.
1515 2777 1552 2799 23.
1570 2789 1600 2793 —
1622 2777 1715 2800 lnserius
1740 2777 1852 2805 allegatur
1876 2775 1961 2798 Habac.
1986 2776 2013 2805 3,
2038 2777 2075 2798 18.
2097 2777 2120 2798 et
2144 2775 2184 2798 47:

1337 2815 1408 2839 Ficus
1425 2815 1489 2839 enim
1505 2822 1554 2839 non
1571 2819 1615 2839 etc.

1399 2854 1409 2867 ⁶
1427 2856 1493 2878 Vers.
1515 2857 1548 2878 ¹2.
1564 2859 1587 2878 et
1604 2857 1659 2878 Luc.
1677 2856 1703 2883 6,
1723 2856 1760 2878 23.

1399 2893 1408 2906 ⁷
1428 2895 1492 2917 Vers.
1511 2895 1547 2917 16.
1565 2907 1595 2911 -
1613 2895 1670 2918 Tres
1687 2901 1752 2924 seqq.
1770 2895 1813 2917 loci
1835 2897 1889 2917 sunt
1912 2895 1971 2917 loan.
1992 2894 2035 2922 216,
2053 2895 2090 2916 22.
2109 2893 2146 2916 24.
2164 2897 2186 2916 et

1337 2934 1374 2956 20.
1387 2946 1416 2950 -
1429 2934 1542 2962 Superius
1554 2936 1606 2962 post
1617 2934 1660 2957 Est
1676 2934 1739 2957 enim
1757 2933 1773 2957 C
1792 2933 1864 2957 unias
1881 2933 1998 2963 caudium
2016 2934 2033 2956 B
2050 2932 2188 2956 huiusmodi

1338 2972 1468 3003 caudium,
1487 2975 1505 2995 A
1523 2973 1606 2996 omittit
1622 2973 1693 3001 enim,
1713 2976 1736 2996 et
1753 2973 1838 2996 deinde
1854 2978 1896 2996 nec
1913 2972 2025 3002 yandet...
2042 2972 2067 2995 in
2084 2971 2162 2995 corde.
