2296 3316
388 184 442 213 520

388 267 450 288 mus
459 269 485 292 »;
498 257 660 294 Gregorius:
681 267 694 280 «
704 256 783 283 Facta
797 256 839 282 est
852 252 994 289 discipulis
1005 251 1163 289 piscationis
1177 258 1235 279 ma-

388 313 441 343 gna
461 304 624 337 difficultas,
646 305 693 335 ut,
715 301 843 338 Magistro
865 299 1007 333 veniente,
1023 298 1102 327 fieret
1117 297 1235 326 admira-

388 351 470 380 tionis
491 358 589 387 magna
611 348 766 378 sublimitas
781 359 807 375 n.

468 398 493 425 5.
516 396 601 424 Mane
621 398 718 423 autem
740 392 828 431 f'acto.
857 393 903 422 llic
934 392 1027 429 agitur
1058 391 1091 420 de
1120 391 1238 419 Domini

245 453 372 480 nominima-
388 442 658 480 manifestatione¹;
686 444 713 469 et
744 440 877 469 dividitur
908 440 976 468 haec
1008 446 1073 475 pars
1102 438 1128 466 in
1150 437 1235 471 duas3

258 477 358 495 mmmm
389 491 454 528 quia
475 490 565 526 primo
585 488 753 517 describitur
768 487 835 524 ipsa
856 485 1074 524 manifestam,-
1089 484 1187 513 deinde
1202 484 1236 512 ad

388 536 584 573 praecedentes
614 534 848 563 manifestationes
869 536 1077 570 comparatur,
1100 531 1153 560 ibi:
1176 531 1237 559 Hoc

388 584 450 611 iam
472 582 553 610 tertio
574 584 625 610 etc.

467 630 495 657 ln
521 629 579 666 ipsa
606 628 826 657 manifestatione
854 627 920 664 quia
948 626 1096 663 dupliciter
1124 633 1153 654 se
1179 634 1238 654 ma-

261 685 365 711 nescrtpuo
389 676 514 705 nifestat:
536 680 562 705 et
594 675 684 712 quoad
716 675 849 703 divinam
880 677 1009 702 naturam
1038 681 1088 710 per
1109 672 1237 701 miraculi

244 712 378 758 ''itt'ffit'u‘ss'
388 723 592 760 operationem,
615 726 641 751 et
663 721 754 759 quoad
775 720 939 749 Imma-nam
961 728 1011 757 per
1026 719 1236 753 comestionem;

252 755 370 798 ἷῖῗιῗιῖῗῖιῗ
389 769 450 798 ideo
472 772 537 798 suut
558 769 594 797 ibi
617 769 688 797 duae
710 768 871 805 particulae.
894 767 922 795 In
950 766 1040 803 prima
1067 765 1237 794 describitur

287 808 334 821 '³¹⁷¹'
390 816 574 845 manifestatio
588 816 658 844 facta
673 823 722 852 per
734 815 864 852 piscium
888 812 1188 851 compreltcnsionem;
1209 812 1237 840 in

390 863 524 897 secunda,
539 871 589 900 per
604 862 816 895 comestionem,
840 861 876 889 ibi
890 862 915 889 2;
944 861 978 889 Ut
998 869 1066 897 erpo
1088 860 1238 888 descende-

390 913 462 938 runt
483 910 514 938 in
536 914 647 938 terram
669 912 720 938 etc.

470 957 649 985 Manifestatio
664 964 729 993 ergo
744 956 835 992 quoad
850 955 1004 984 mirabilem
1017 955 1147 992 piscium
1163 963 1239 982 com—

257 1003 606 1041 00,manue-prelzenu‘onem.
638 1003 689 1031 hoc
721 1002 818 1031 ordine
845 1002 1022 1031 describitur.
1054 1002 1144 1029 Primo
1165 1001 1239 1029 enim

245 1038 381 1086 ῗῦἳὲἓὲῗνῑιῗῖἐ
391 1054 503 1079 notatur
525 1049 636 1079 Christi
656 1049 824 1086 appar-iiim
846 1049 983 1083 secundo,
1006 1048 1161 1081 allocutio,-
1183 1051 1238 1076 ter-

246 1087 334 1107 qmnqu*
391 1097 444 1131 tio,
466 1097 599 1125 mirabilis
627 1096 756 1133 piscium
787 1095 1021 1133 comprehensio,⁴
1043 1098 1160 1132 quarto,
1185 1095 1239 1122 Do-

391 1144 467 1172 mini
486 1143 625 1181 cogynitioe
647 1143 759 1180 quinto,
782 1143 893 1171 fervens
915 1143 997 1171 Petri
1008 1142 1139 1171 -clilectio

472 1191 496 1219 6.
519 1190 608 1226 (Vers.
630 1190 678 1222 4.).
702 1190 821 1218 Domini
840 1190 926 1227 igitur
941 1189 1092 1227 apparitio
1108 1188 1240 1225 tangitur,

283 1246 373 1264 Primum.
391 1246 455 1266 cum
476 1237 593 1266 dicitur:
616 1237 701 1265 Mane
722 1241 819 1265 autem
834 1236 925 1274 facto,
940 1237 1017 1265 stetit
1040 1237 1120 1265 Iesus
1142 1237 1174 1265 in
1195 1236 1240 1265 lit-

392 1287 459 1312 tore.
483 1284 520 1312 Ad
541 1284 662 1312 litteram
683 1292 769 1312 manc
789 1284 881 1318 stetit,
904 1284 970 1321 quia
992 1287 1071 1312 nocte
1087 1283 1178 1320 ipsum
1200 1283 1240 1311 vi-

391 1331 457 1360 dere
478 1339 532 1359 non
554 1334 677 1368 possent,
700 1331 852 1360 secundum
868 1331 1041 1368 spiritualem
1056 1330 1241 1364 intellectum,

392 1378 458 1415 quia
478 1387 563 1407 mane
585 1382 695 1415 tempus
715 1379 820 1416 gratiae
835 1379 985 1416 significat,
1001 1379 1027 1407 in
1044 1386 1100 1415 quo
1114 1378 1242 1406 Christus

393 1425 537 1462 apparuit;
560 1425 594 1454 ad
616 1426 751 1454 Romanos
772 1426 879 1455 decimo
908 1426 1026 1454 tertio³:
1054 1426 1139 1453 «Nox
1161 1433 1242 1462 prae-

394 1472 492 1506 cessit,
512 1472 571 1501 dies
591 1475 684 1501 autem
712 1472 954 1509 appropinquavit.
986 1472 1153 1500 Abiiciamus
1175 1479 1241 1508 ergo

392 1527 478 1556 opera
507 1519 687 1548 tenebrarum
723 1523 750 1548 et
777 1519 929 1548 induamur
959 1526 1037 1547 arma
1066 1519 1177 1547 lucis».
1211 1518 1241 1546 Et

392 1567 456 1595 licet
486 1570 647 1603 appareret,
670 1570 761 1595 tamen
790 1566 917 1603 discipuli
946 1574 1000 1595 non
1023 1566 1240 1603 cognoscebant;

392 1613 453 1642 ideo
474 1613 552 1642 dicit:
575 1613 640 1642 Non
661 1617 757 1642 tamen
778 1614 918 1651 discipuli
937 1616 1147 1651 cognoverunt,
1169 1613 1241 1650 quia

392 1661 475 1689 Iesus
496 1664 543 1689 est.
575 1660 825 1697 Chrysostomus4:
852 1672 865 1685 ι(
880 1660 937 1689 Non
966 1668 1033 1689 mox
1065 1660 1184 1688 ostendit
1213 1667 1241 1688 se

392 1708 497 1745 ipsum,
519 1710 551 1736 ut
571 1715 621 1744 per
643 1708 825 1742 miraculum,
847 1708 923 1745 quod
943 1707 1070 1736 facturus
1091 1710 1160 1741 erat,
1176 1714 1241 1735 eum

391 1757 589 1792 cognoscerent
602 1766 629 1783 ».

472 1803 497 1830 7.
520 1802 609 1838 (Vers.
633 1802 680 1835 5.).
704 1802 803 1831 Dicit⁵
825 1811 893 1839 erpo
914 1802 955 1830 eis
983 1803 1073 1830 lesus.
1097 1802 1143 1830 Hic
1165 1804 1242 1830 nota-

258 1854 372 1874 Secundum-
392 1852 439 1877 tur
461 1848 630 1883 secundum,
652 1849 756 1877 scilicet
779 1849 897 1877 Domini
914 1849 1068 1881 allocutio:
1090 1851 1117 1877 et
1132 1848 1242 1885 quaerit

391 1895 427 1924 ab
441 1895 480 1924 eis
494 1903 607 1924 causam
621 1895 689 1923 tanti
706 1895 822 1924 laboris:
841 1895 945 1929 Pueri,
960 1895 1097 1933 nunquid
1109 1895 1242 1932 pulmen-

393 1942 506 1970 tarium
517 1941 647 1970 habetis?
663 1942 902 1970 Pulmentarium
917 1944 996 1971 vocat
1011 1942 1055 1970 hic
1070 1950 1151 1970 omne
1164 1941 1241 1976 illud,

393 1997 449 2026 quo
470 1989 548 2026 panis
563 1989 705 2023 conditur,
727 1989 785 2017 sive
806 1989 889 2025 piscis
910 1989 960 2023 sit,
983 1988 1040 2018 sive
1055 1988 1146 2023 aliud,
1169 1988 1243 2025 quod

392 2043 444 2064 nos
464 2036 648 2064 communiter
669 2036 787 2064 dicimus
804 2035 1002 2073 pulmentum,
1025 2035 1103 2073 quasi
1126 2037 1243 2072 quaerat

394 2083 429 2111 ab
450 2083 489 2111 eis
510 2083 658 2117 Dominus,
681 2085 779 2111 utrum
799 2082 889 2119 pisces
903 2082 1024 2111 habeant
1038 2083 1082 2111 vel
1102 2083 1242 2119 ceperint,

998 173 1168 202 COMMENT.
1191 172 1223 201 IN
1245 171 1391 200 IOANNEM
1413 171 1440 199 C.
1463 170 1528 206 xxi.

1291 258 1328 278 ex
1349 249 1452 286 quibus
1473 248 1566 277 cibum
1581 257 1663 278 suum
1679 248 1791 277 condire
1806 248 1926 285 possint,
1941 251 1973 278 ut
1988 249 2066 287 panis
2080 250 2118 278 illi
2129 250 2140 267 ⁶

1292 296 1440 325 adiunctus
1461 295 1556 332 sapiat.
1574 295 1794 332 Responderunt
1814 302 1881 332 ergo
1902 295 1942 324 ei:
1958 295 2041 330 Non,·
2062 296 2141 334 quasi

1292 343 1399 371 dicant:
1421 342 1513 371 adhuc
1534 342 1709 376 laboramus,
1731 342 1797 379 quia
1811 342 1934 371 nondum
1956 343 2101 372 habemus.
2255 379 2256 383 Ἰ

1371 390 1397 417 8.
1421 389 1509 426 (Vers.
1534 389 1584 425 6.).
1604 389 1708 417 Dixtffl
1729 389 1786 417 eis.-
1809 389 1910 418 Mittite
1935 390 1967 418 in
1991 390 2142 420 dexteram
2158 393 2261 420 Tertium...

1292 436 1409 473 naviyz’z'
1426 439 1484 464 rete
1504 439 1531 464 et
1551 435 1711 464 invenietis.
1734 436 1781 465 Hic
1803 439 1916 465 notatur
1941 437 2067 472 tertium,
2089 437 2142 466 sci-

1293 483 1356 512 licet
1376 482 1524 512 mirabilis
1541 483 1672 520 piscium
1691 482 1915 520 comprehensio.
1933 484 1964 512 Et
1978 483 2031 513 fuit
2048 484 2142 513 mira-

1294 530 1374 563 bilis,·
1395 530 1476 567 quia,
1498 537 1562 558 cum
1592 529 1660 558 nihil
1693 532 1805 567 possent
1826 537 1940 567 capere,
1962 531 1996 559 ad
2017 530 2143 560 divinum

1293 576 1441 613 imperium
1474 579 1514 604 tot
1541 579 1677 613 ceperunt
1707 576 1758 613 ipsi
1790 576 2023 613 obtemperando;
2051 577 2142 607 unde:

1293 623 1435 652 Miserunt
1463 632 1531 660 erqo
1562 623 1652 657 retess,
1675 624 1756 652 iuxta
1782 624 1944 652 mandatum
1975 625 2097 660 Domini,
2119 628 2144 654 et

1294 670 1355 699 iam
1376 679 1435 698 non
1456 670 1590 698 valebant
1621 670 1695 698 illud
1723 670 1839 699 trahere
1861 679 1937 708 prae
1957 671 2144 701 multitudine

1291 716 1428 753 piscium.
1461 716 1554 745 Simile
1581 716 1679 745 accidit
1708 718 1797 746 Lucae
1828 717 1941 754 quinto:
1969 717 2066 747 «Cum
2092 718 2144 747 hoc

1294 763 1438 798 fecissent,
1453 763 1726 800 comprehenderunt
1740 764 1948 793 multitudinem
1962 764 2080 802 piscium
2099 773 2144 794 co-

1295 811 1398 847 piosam
1414 822 1441 844 »;
1464 811 1524 839 ideo
1546 811 1573 839 in
1596 818 1695 848 magna
1716 811 1807 848 copia,
1823 815 1854 840 ut
1868 812 2031 841 ostendatur
2052 812 2145 841 divina

1295 857 1423 894 largitas,
1465 865 1552 894 quae,
1575 857 1729 886 secundum
1752 858 1820 887 illud
1843 858 1931 887 iacobi
1946 859 2053 896 primo,
2074 858 2146 888 «dat

1294 904 1424 933 omuibus
1445 904 1592 933 affluenter
1614 908 1641 933 ct
1662 913 1715 933 non
1738 905 1947 942 improperat».
2271 931 2274 941 ,

1375 952 1400 979 9.
1424 952 1513 988 (Vers.
1537 953 1584 985 7.).
1613 952 1688 980 Dicit
1703 952 1714 968 ⁰
1735 960 1803 989 cryo
1831 952 1996 989 discipulus
2017 956 2067 982 etc.
2098 953 2144 983 Hic
2162 948 2274 980 Quartum

1296 1001 1409 1027 notatur
1430 1002 1576 1035 quartum,
1592 999 1696 1027 scilicet
1720 999 1838 1027 Domini
1851 999 1976 1036 coynitio
1997 1008 2013 1028 a
2033 1000 2144 1036 loanne;
2282 997 2283 1000 ¹

1296 1045 1385 1074 unde:
1411 1046 1487 1074 Dicit
1506 1054 1574 1082 erqo
1606 1045 1771 1082 discipulus
1799 1046 1861 1080 illc,
1894 1055 1977 1084 quem
2008 1047 2145 1085 diligebat

1298 1093 1396 1126 Iesus,
1425 1093 1451 1121 id
1483 1095 1524 1121 est
1553 1093 1680 1127 loannes,
1710 1093 1811 1121 Petro:
1843 1093 1985 1122 Dominus
2012 1098 2060 1123 cst.
2083 1094 2145 1124 Ideo

1298 1140 1457 1168 Dominum
1479 1143 1573 1173 vocat,
1595 1140 1661 1177 quia
1682 1148 1710 1168 se
1732 1142 1871 1177 potentem
1897 1141 2031 1175 ostendit,
2053 1144 2080 1171 et
2101 1142 2145 1171 cui

1297 1187 1390 1215 omnia
1411 1187 1559 1219 obediunt.
1581 1187 1663 1215 etiam
1687 1187 1790 1223 pisces;
1813 1190 1840 1216 et
1855 1187 1916 1216 ideo
1937 1188 2089 1223 timendus,
2105 1196 2147 1218 se-

1297 1234 1420 1263 cundum
1444 1234 1510 1263 illud
1532 1234 1680 1263 Malachiae
1699 1235 1788 1271 primo
1802 1235 1837 1263 ¹⁰:
1863 1247 1877 1260 «
1892 1235 1918 1263 Si
1934 1243 1984 1272 ego
1999 1235 2146 1269 Dominus,

1297 1281 1345 1309 ubi
1367 1284 1408 1309 est
1431 1281 1513 1309 timor
1536 1288 1615 1309 meus
1630 1284 1667 1309 »22
1689 1281 1829 1310 Vocabant
1846 1281 1920 1310 enim
1940 1281 2067 1319 discipuli
2083 1289 2147 1311 eum

1299 1328 1475 1361 Dominum,-
1496 1336 1581 1364 supra
1609 1328 1716 1357 decimo
1742 1329 1839 1357 tertio:
1866 1340 1879 1354 «
1894 1329 1948 1358 Vos
1976 1330 2078 1359 vocatis
2103 1337 2148 1359 me

1299 1375 1439 1413 Mayister
1460 1378 1487 1403 et
1511 1375 1631 1403 Domine
1647 1387 1672 1403 ».

1380 1424 1423 1451 10.
1441 1422 1541 1451 Simon
1563 1431 1631 1460 erpo
1644 1424 1665 1439 ¹¹
1682 1423 1797 1451 Petrus.
1813 1423 1859 1451 Hic
1874 1426 1988 1452 notatur
2002 1425 2148 1461 quintum,
2165 1424 2258 1449 Quintum.

1299 1470 1403 1499 scilicet
1422 1470 1504 1498 Petri
1524 1468 1641 1506 fervens
1662 1470 1788 1504 dilectio,
1811 1470 1837 1498 in
1861 1470 1925 1505 hoc,
1942 1471 2015 1508 quod
2031 1479 2086 1500 non
2101 1480 2149 1509 po-

1299 1518 1352 1546 tuit
1366 1525 1395 1546 se
1409 1516 1564 1550 continere,
1580 1517 1647 1553 quin
1662 1517 1755 1545 statim
1771 1520 1914 1552 curreret;
1930 1517 1991 1546 ideo
2005 1518 2089 1547 dicit:
2106 1519 2150 1548 Si-

1298 1573 1366 1593 mon
1377 1567 1475 1592 autem
1488 1564 1605 1597 Petrus,
1618 1572 1684 1591 cum
1700 1564 1844 1598 audisset,
1857 1564 1929 1602 quia
1944 1565 2088 1594 Dominus
2099 1570 2149 1600 est,

1298 1611 1400 1639 tunica
1414 1610 1563 1639 succinaeit
1579 1618 1622 1644 sc,
1644 1618 1679 1639 ne
1700 1611 1793 1639 nudus
1813 1614 1962 1648 appareret
1983 1619 2077 1640 coram
2097 1612 2151 1641 Do—

1299 1658 1391 1692 min0;
1407 1661 1471 1686 crat
1485 1658 1561 1686 enim
1577 1658 1695 1691 nudus,-
1709 1662 1734 1686 et
1748 1658 1828 1687 misit
1842 1667 1871 1686 se
1886 1659 1917 1687 in
1931 1667 2028 1693 mare,
2048 1659 2082 1688 ad
2102 1668 2151 1688 na-

1299 1705 1413 1734 tandum
1430 1705 1542 1733 scilicet.
1559 1705 1651 1733 Simile
1662 1705 1726 1734 fecit
1737 1705 1864 1734 Matthaei
1877 1705 1985 1735 decimo
1995 1710 2096 1743 quarto
2108 1707 2149 1736 12;

1304 1764 1317 1778 «
1328 1752 1453 1785 Domine,
1468 1752 1490 1780 si
1506 1754 1537 1780 tu
1551 1759 1589 1786 es,
1605 1752 1670 1780 iube
1682 1760 1725 1781 me
1738 1752 1833 1781 venire
1844 1752 1878 1781 ad
1890 1755 1916 1781 te
1928 1760 2013 1790 super
2024 1761 2111 1790 aquas
2122 1765 2149 1782 ».

1381 1800 1424 1827 11.
1447 1799 1537 1833 (Vers.
1560 1798 1608 1835 8.).
1630 1798 1691 1827 Alii
1706 1802 1804 1827 autem
1819 1799 1958 1836 discipuli
1971 1800 2090 1837 naviqio
2105 1809 2151 1829 ve-

1298 1850 1424 1879 nerunt·,·
1445 1846 1511 1883 quia
1532 1854 1586 1874 non
1609 1849 1688 1874 erant
1710 1846 1747 1874 ita
1768 1846 1919 1880 ferventes,
1940 1855 1995 1875 non
2017 1847 2151 1876 audentes

1298 1901 1376 1922 mare
1396 1893 1517 1927 intrare;
1540 1893 1695 1929 Sapientiae
1709 1893 1816 1921 decimo
1830 1896 1932 1930 quarto
1944 1893 1983 1922 ¹³:
2009 1905 2023 1919 <t
2043 1894 2151 1931 Exiguo

1300 1940 1373 1977 ligno
1394 1940 1513 1969 credunt
1544 1940 1671 1969 homines
1702 1940 1808 1969 animas
1829 1948 1894 1969 suas
1911 1952 1924 1966 n
1951 1943 2002 1970 etc.
2037 1941 2068 1970 Et
2098 1936 2151 1970 alia

1300 1988 1385 2016 ratio:
1408 1987 1473 2016 Non
1499 1987 1575 2016 enim
1596 1991 1682 2016 erant
1703 1987 1784 2025 lonye
1805 1996 1825 2016 a
1846 1991 1944 2023 terra,
1966 1991 1994 2017 et
2014 1988 2075 2018 ideo
2096 1989 2151 2018 cito

1300 2035 1394 2064 venire
1423 2037 1566 2071 poterant;
1594 2035 1644 2063 sea
1665 2035 1754 2073 quasi
1781 2035 1886 2064 cubitis
1914 2035 2060 2070 ducentis,
2087 2039 2150 2064 tra—

1301 2081 1396 2110 hentes
1417 2085 1475 2110 rete
1493 2082 1631 2119 piscium.

456 2264 464 2277 ¹
483 2264 527 2287 Cfr.
544 2271 615 2293 supra
632 2271 656 2287 n.
677 2266 696 2288 l.
713 2277 745 2282 —
762 2265 896 2288 Secundum
918 2265 1052 2288 membrum
1078 2266 1147 2288 huius
1174 2266 1244 2293 partis

394 2303 492 2326 liabetur
509 2310 532 2326 V.
552 2304 592 2326 «142
616 2304 665 2327 Hoc
690 2303 738 2327 iam
761 2304 837 2327 lertio.
855 2316 886 2321 ——
903 2304 1008 2327 Subinde
1025 2311 1067 2332 pro
1086 2306 1243 2334 comparatur

393 2343 430 2365 ed.
447 2349 501 2365 cum
519 2344 622 2366 Gorrano
639 2343 793 2374 comparatio.
935 2369 938 2371 .
1111 2342 1121 2356 ²
1139 2345 1204 2366 Vers.
1222 2344 1243 2366 9.

457 2380 466 2394 ³
485 2383 549 2405 Vers.
571 2383 606 2405 ¹2.
625 2382 669 2405 Csr.
688 2383 745 2405 intra
763 2390 787 2406 n.
807 2383 841 2405 15.
859 2396 890 2400 —
907 2383 1018 2411 Superius
1041 2389 1084 2411 pro
1100 2382 1179 2406 videre
1196 2389 1243 2405 non

391 2423 491 2450 possent
506 2421 637 2451 [Gorranus
653 2422 798 2452 potuissent]
815 2423 880 2445 multi
897 2423 966 2445 codd.
983 2422 1068 2446 vidisse
1079 2428 1128 2445 non
1137 2423 1242 2452 possent.

457 2459 467 2472 ⁴
484 2461 508 2483 ln
526 2461 584 2483 ioan.
602 2462 681 2483 homil.
700 2461 736 2483 87.
756 2461 821 2490 (alias
839 2462 893 2490 86.).
911 2468 934 2484 n.
952 2462 977 2484 2:
1002 2461 1118 2484 Laborant
1135 2467 1204 2489 ergo,
1222 2464 1244 2483 et

395 2500 536 2528 praepeditis
553 2501 622 2523 astitit
640 2502 716 2529 lesus,
733 2507 809 2530 neque
827 2501 902 2524 statim
920 2507 970 2524 sese
993 2501 1183 2529 cognoscendum
1206 2501 1244 2523 de-

395 2538 440 2565 dit,
458 2542 482 2561 ut
499 2539 521 2561 in
539 2540 681 2568 colloqqum
699 2540 811 2562 venirent.
829 2541 888 2563 Dicit
905 2547 962 2569 ergo
980 2541 1036 2563 illis:
1054 2540 1169 2570 Numquid
1189 2540 1243 2570 pul-

395 2578 540 2601 mentarium
557 2577 663 2602 habetis?
680 2579 762 2602 Adhuc
780 2581 882 2602 humano
900 2586 964 2603 more
987 2580 1100 2609 loquitur,
1118 2586 1144 2602 ac
1161 2580 1179 2602 si
1197 2586 1243 2602 em-

394 2619 477 2645 pturus
502 2617 588 2646 aliquid
614 2621 674 2640 esset
699 2618 729 2641 ab
752 2619 793 2641 eis.
818 2618 877 2642 Cum
903 2625 928 2641 se
952 2619 1007 2641 nihil
1025 2618 1111 2641 habere
1128 2619 1242 2646 dicerent,

396 2656 460 2678 iussit
477 2656 505 2678 ad
524 2656 640 2679 dexteram
659 2660 708 2680 rete
725 2658 794 2686 mitti;
812 2664 865 2681 cum
884 2659 1011 2685 misissent,
1029 2661 1149 2686 ceperunt.

458 2693 467 2706 ⁵
485 2695 584 2723 Vulgata
600 2695 674 2719 Discit.
692 2709 723 2713 —
744 2697 832 2724 Isidor.,
858 2697 911 2719 XX.
936 2697 1065 2725 Etymolog.
1090 2703 1110 2719 c.
1136 2698 1157 2719 2.
1175 2703 1197 2719 n.
1215 2696 1242 2719 7:

398 2742 410 2754 α
421 2733 573 2757 Pulmentum
591 2738 687 2758 vocatur
703 2742 716 2757 a
731 2735 810 2765 pulte,
828 2736 878 2759 sive
895 2737 955 2759 enim
974 2737 1021 2759 sola
1034 2737 1111 2764 pultis,
1124 2736 1173 2759 sive
1185 2737 1242 2765 quid

396 2773 458 2795 aliud
474 2773 524 2795 eius
541 2770 693 2801 permixtione
710 2777 828 2802 sumatur,
843 2775 996 2805 pulmentum
1015 2775 1110 2804 proprie
1127 2775 1242 2798 dicitur».

395 2811 431 2833 Du
443 2810 527 2840 Gange,
540 2806 681 2835 Glossarium
694 2816 736 2835 etc.
748 2821 752 2835 :
765 2813 971 2842 Pulmentarium,
985 2814 1046 2837 idem
1058 2814 1122 2843 quod
1133 2814 1241 2837 Fulmen-

396 2851 454 2873 tum.
472 2851 502 2872 10.
519 2850 549 2873 de
565 2851 646 2873 lanua:
659 2852 805 2875 Pulmentum
817 2853 902 2875 dicitur
913 2852 980 2876 cibus
992 2853 1102 2876 delicatus
1114 2855 1136 2875 et
1151 2853 1242 2880 suavis,

396 2894 409 2910 a
426 2889 496 2916 pulpa
514 2888 580 2918 [caro
598 2890 646 2912 sine
663 2891 823 2920 pinguedine].
841 2893 895 2914 lteni
921 2892 1067 2920 pulmentum
1085 2893 1122 2914 vel
1140 2893 1243 2920 pulmen-

396 2927 479 2949 tarium
497 2927 580 2950 dicitur
597 2928 693 2957 quilibet
715 2929 782 2952 cibus
806 2930 861 2952 citra
888 2937 981 2958 panem.
998 2932 1085 2953 Auctor
1101 2931 1242 2953 mamotrecti

396 2966 426 2988 ad
447 2966 480 2988 14.
498 2967 607 2989 Numen:
624 2968 818 2995 Pulmentarium,
836 2969 933 2998 quilibet
947 2969 1013 2992 cibus
1036 2972 1127 2998 praeter
1144 2976 1243 2997 panem,

1300 2265 1386 2287 scilicet
1402 2264 1596 2294 companaticum
1613 2267 1656 2287 etc.
1682 2264 1726 2288 Cfr.
1752 2265 1851 2292 Plinius,
1869 2265 1946 2288 XVlll.
1972 2265 2056 2288 Histor.
2073 2267 2150 2287 natur.

1300 2310 1320 2326 c.
1339 2304 1376 2326 49.
1397 2304 1462 2332 (alias
1480 2305 1521 2333 8.).

1363 2341 1373 2354 ‘³
1391 2343 1432 2365 Ed.
1449 2343 1515 2372 illis,·
1532 2344 1555 2366 in
1573 2346 1650 2366 nostra
1672 2343 1768 2366 lectione
1793 2343 1830 2367 illi
1853 2346 1896 2366 stat
1921 2349 1964 2372 pro
1989 2343 2150 2371 condimento,

1300 2383 1337 2405 vel
1352 2382 1487 2412 pulmento.

1364 2420 1372 2433 ⁷
1390 2423 1488 2450 Vulgata
1506 2422 1575 2446 Dicit.
1592 2434 1622 2439 --
1639 2422 1684 2445 Cir.
1703 2422 1760 2444 infra
1773 2428 1794 2444 n.
1814 2422 1851 2444 ⁴6.

1363 2459 1372 2472 Β
1390 2461 1488 2489 Vulgata
1506 2461 1589 2484 omittit
1613 2462 1668 2484 rete.
1686 2474 1715 2477 —
1734 2461 1839 2483 Subinde
1863 2461 1992 2489 allegantur
2009 2461 2063 2483 Luc.
2081 2461 2107 2488 5,
2125 2460 2148 2482 6.

1300 2502 1322 2522 et
1339 2501 1382 2522 lac.
1401 2501 1409 2522 ¹l
1422 2518 1427 2527 ,
1445 2501 1467 2523 5.

1363 2537 1373 2551 ⁹
1391 2540 1489 2567 Vulgata
1502 2539 1575 2562 Dixit.
1589 2552 1616 2555 —
1630 2539 1726 2562 inferius
1738 2542 1790 2568 post
1806 2546 1822 2562 a
1838 2540 1926 2562 Ioanne
1937 2539 1975 2562 ed.
1987 2539 2051 2562 addit
2062 2538 2151 2563 habita.

1364 2577 1383 2590 ¹⁰
1401 2579 1466 2601 Vers.
1485 2579 1507 2601 6.
1524 2591 1555 2595 -
1573 2579 1681 2607 Sequitur
1698 2579 1760 2601 ioan.
1781 2579 1822 2606 13,
1841 2579 1876 2601 43.
1889 2591 1920 2596 -
1932 2578 1977 2602 Cfr.
1994 2579 2052 2601 inira
2073 2585 2094 2601 n.
2114 2578 2150 2601 47.

1364 2617 1382 2630 ²²
1402 2618 1499 2646 Vulgata
1517 2618 1600 2641 omittit
1611 2624 1668 2648 erqo
1681 2618 1713 2647 (et
1729 2620 1822 2647 aulem,
1840 2619 1903 2648 quod
1921 2618 2014 2641 inferius
2031 2618 2099 2641 codd.
2116 2624 2152 2641 ex-

1301 2657 1396 2685 hibent).

1363 2694 1383 2708 ¹²
1400 2697 1466 2719 Vers.
1484 2697 1522 2719 28.
1541 2709 1572 2713 —
1589 2697 1715 2725 Chrysost„
1732 2697 1755 2719 in
1772 2698 1834 2720 loan.
1853 2697 1932 2719 homil.
1954 2696 1991 2719 87.
2015 2696 2081 2725 (alias
2104 2695 2151 2725 86.)
2283 2723 2285 2726 Ι

1300 2741 1322 2757 n.
1339 2736 1369 2757 2:
1386 2735 1429 2758 Ubi
1454 2738 1531 2758 autem
1558 2736 1621 2758 illum
1647 2736 1755 2764 agnovit,
1773 2736 1849 2759 omnia
1867 2736 1964 2764 proiecit
1989 2738 2011 2758 et
2036 2735 2112 2763 pisces
2129 2738 2152 2757 et
2282 2731 2287 2766 l

1299 2774 1356 2797 retia
1381 2781 1454 2803 seque
1478 2775 1588 2798 succinxit
1613 2776 1700 2798 Petrus.
1718 2775 1799 2798 Viden'
1811 2777 1833 2798 et
1849 2775 2003 2798 reverentiam
2022 2777 2044 2797 et
2061 2774 2151 2797 deside-
2277 2772 2284 2797 .'

1299 2814 1380 2836 rium?
1398 2814 1466 2843 Atqui
1484 2814 1591 2838 clvecentis
1609 2813 1692 2838 cubitis
1710 2813 1820 2842 aberam
1838 2814 1879 2837 sed
1903 2819 1981 2842 neque
2007 2813 2069 2836 illum
2095 2813 2149 2835 navi
2280 2783 2285 2833 ξ

1300 2852 1364 2875 adire
1381 2853 1501 2880 sustinuit,
1518 2860 1601 2876 verum
1624 2854 1724 2876 natando
1747 2854 1817 2876 venit.
1834 2866 1865 2870 —
1882 2853 1994 2881 Superius
2011 2855 2063 2875 ante
2080 2851 2151 2875 conli—
2282 2837 2296 2874 l.

1299 2897 1356 2914 nere.
1373 2892 1442 2914 codd.
1459 2892 1569 2914 omittunt
1585 2899 1614 2915 sc.

1363 2928 1382 2942 ¹⁸
1400 2931 1465 2953 Vers.
1484 2931 1505 2953 5.
1523 2944 1554 2948 —
1572 2931 1676 2954 Subinde
1696 2931 1795 2954 vocibus
1812 2930 1841 2954 El
1860 2930 1910 2954 atta
1927 2931 1963 2953 ed.
1981 2930 2094 2952 interserit
2112 2928 2151 2952 ad-

1300 2969 1373 2997 ditur,
1391 2970 1509 2992 Gorranus
1526 2969 1663 2993 adducitur.
