2296 3316
338 315 395 339 Besp.

279 550 306 567 De
317 548 395 567 manire-

267 572 347 591 statione
362 572 394 589 hu<

266 600 332 614 manae
342 597 394 613 uatu-

266 624 299 639 rae
308 621 393 643 Quatuon

303 970 394 989 Primum.

417 184 472 212 522

492 259 646 296 Respondet
674 258 889 294 Chrysostomus
901 258 920 291 ¹,
948 256 1023 293 quod
1049 267 1061 281 n
1077 256 1176 285 Petrus
1203 258 1263 285 erat

413 307 579 340 ferventior,
609 306 722 334 Ioannes
743 312 809 333 vero
830 306 922 332 mente
949 303 1131 332 excellentior
1152 305 1179 331 et
1200 310 1263 339 per-

412 354 561 391 spicacior;
585 353 644 381 ideo
659 352 741 380 citius
762 351 910 388 coynooit,
926 350 973 379 sed
994 358 1049 379 non
1064 350 1146 378 citius
1161 357 1263 378 cucur-

412 400 449 428 rit
463 411 489 427 ».
513 415 549 420 -
572 398 620 427 Vel
642 398 732 435 potuit
753 405 813 426 esse
834 397 920 430 ratio,
946 396 1013 433 quia
1040 396 1138 424 Petrus
1166 395 1193 424 in
1222 395 1264 432 pi-

412 446 513 476 scando
534 445 676 474 sollicitior
689 445 699 461 2
721 448 780 473 erat
801 447 852 472 etc.

493 494 536 522 18.
563 493 598 521 Ut
611 500 679 529 ergyo
694 491 903 520 descenderunt
924 491 956 519 in
974 494 1095 519 terram.
1113 490 1157 519 Sic
1175 489 1263 518 mani-

411 540 508 569 festata
536 539 678 568 maiestate
702 538 859 566 Divinitatis
883 545 933 574 per
960 536 1116 566 mirabilem
1145 536 1263 573 piscium

411 586 701 624 comprehensionem,
726 585 882 613 manifestat
897 584 942 613 hic
958 584 1106 613 veritatem
1125 582 1263 612 humani-

412 634 481 663 tatis
502 642 552 670 per
567 633 779 666 comestionem;
795 635 822 661 et
836 632 863 660 in
878 632 930 660 hac
944 631 1057 669 quidem
1073 630 1196 668 procedit
1211 631 1263 659 hoc

412 681 516 710 ordine.
539 680 630 709 Primo
651 682 764 708 notatur
788 678 906 707 Domini
924 678 1110 716 providentia
1131 677 1165 706 ad
1186 677 1263 706 cibos

413 727 582 765 parandum;
605 726 739 760 secundo,
762 725 924 764 beniynitas
939 725 972 754 ad
994 724 1181 758 invitandum;
1208 727 1262 753 ter-

413 775 466 809 tio,
488 774 702 812 discipulorum
730 773 909 803 illuminatio
924 773 935 789 5
960 772 994 801 ad
1023 772 1260 809 cognoscendum;

412 826 531 860 quarto,
569 822 687 850 Domini
722 820 926 857 munificentia
957 820 991 849 ad
1029 819 1133 849 cibaria
1169 819 1262 848 distri—

415 870 566 898 buendum.

494 918 538 945 19.
555 917 644 953 (Vers.
662 917 710 951 9.).
725 915 916 944 Providentia
927 915 1012 952 igitur
1023 914 1057 943 ad
1069 914 1173 943 cibaria
1187 921 1264 951 prae-

412 963 566 1000 parandum
595 963 722 991 innuitur
746 962 774 991 in
796 962 923 991 ciborum
943 961 1169 998 praeparatione,
1192 968 1264 998 quae

412 1013 454 1039 est
468 1010 539 1038 facta
560 1009 708 1042 miraculo;
724 1009 798 1038 unde
818 1009 896 1037 dicit:
917 1009 952 1038 Ut
970 1017 1038 1045 erqo
1056 1008 1264 1037 descenderam

413 1058 444 1086 in
465 1061 591 1091 terrain,
612 1057 751 1085 viderunt
769 1065 888 1093 prunas
906 1056 1020 1093 positas
1043 1060 1067 1084 et
1084 1056 1192 1093 piscem
1213 1064 1264 1083 su-

411 1104 592 1141 perpositnm
619 1107 645 1132 et
670 1112 797 1140 panem,
820 1106 847 1131 et
868 1103 906 1131 ita
934 1102 1099 1139 prandium,
1128 1102 1162 1131 ad
1189 1102 1264 1139 quod

414 1150 560 1184 invitabat,
575 1153 703 1187 paratum
719 1152 791 1183 erat;
808 1149 935 1178 Matthaei
951 1149 1084 1186 vigesimo
1106 1148 1228 1177 secundo
1240 1149 1263 1176 ⁴:

418 1209 431 1222 <t
447 1198 526 1231 Ecce,
549 1197 696 1234 prandium
718 1196 826 1234 paravi,
842 1199 869 1225 et
883 1196 976 1225 omnia
990 1199 1087 1233 parata
1100 1208 1127 1224 ».
1150 1196 1182 1224 Et
1197 1196 1265 1224 haec

414 1244 526 1282 quidem
549 1244 685 1273 miraculo
706 1247 801 1278 erant;
824 1243 897 1272 unde
918 1243 1148 1280 Chrysostomns:
1174 1254 1188 1268 «
1207 1243 1265 1271 Non

414 1291 520 1325 adhuc,
543 1294 574 1320 ut
594 1294 657 1320 ante
679 1299 805 1325 crucem,
821 1299 857 1319 ex
872 1290 989 1319 materia
1004 1290 1147 1327 supposita
1167 1298 1266 1327 opera—

416 1343 476 1373 tur,
498 1338 545 1368 sed
567 1338 722 1367 mirabilius
743 1338 819 1367 ducit
840 1338 927 1375 signa,
948 1337 1111 1372 ostendens,
1133 1337 1265 1374 quoniam

480 1529 487 1542 ¹
506 1530 528 1552 ln
547 1530 606 1552 loau.
624 1529 702 1551 homil.
720 1529 757 1551 87.
776 1529 840 1555 (alias
858 1529 905 1558 86.)
923 1535 945 1551 n.
964 1530 986 1551 2.

479 1567 487 1580 ²
505 1568 578 1591 Codd.
591 1568 633 1591 CN
651 1568 761 1591 intentus.
775 1580 805 1584 —
817 1568 916 1595 Hieron,
934 1571 1012 1590 contra
1030 1569 1138 1590 loannem
1156 1568 1268 1590 Hierosol.

417 1614 438 1629 n.
457 1607 494 1630 35.
516 1608 574 1629 hanc
600 1608 664 1629 affert
689 1607 817 1629 rationem:
835 1607 899 1629 Prior
922 1607 983 1629 enim
1010 1607 1130 1635 virginitas
1155 1607 1268 1634 virginale

416 1653 502 1674 corpus
518 1646 631 1673 agnoscit.

478 1684 487 1697 ¹³
504 1685 598 1708 Plurimi
616 1685 684 1707 codd.
702 1685 739 1707 hic
756 1684 886 1713 allocutio,·
904 1686 944 1707 cfr.
962 1688 1039 1707 tamen
1058 1686 1114 1707 intra
1132 1692 1154 1708 n.
1168 1686 1210 1714 23,
1227 1685 1268 1708 ubi

416 1724 523 1747 exhibent
540 1727 642 1747 nostram
660 1724 788 1747 lectionem.

478 1763 488 1776 ⁴
506 1764 571 1786 Vers.
590 1764 610 1786 4.
629 1776 658 1779 —
676 1763 802 1791 chrysost,
815 1764 839 1786 in
851 1764 910 1786 10311.
924 1764 1004 1786 homil.
1016 1764 1053 1785 87.
1067 1764 1132 1792 (alias
1145 1764 1192 1792 86.)
1205 1770 1227 1785 n.
1240 1764 1267 1786 2:

417 1804 495 1832 Neque
512 1803 574 1826 enim
587 1809 614 1825 ex
626 1802 730 1826 subiecta
743 1803 837 1825 materia
851 1803 874 1825 id
885 1802 995 1831 faciebat,
1008 1803 1071 1832 quod
1084 1806 1160 1825 tamen
1173 1802 1267 1832 [ὥσπερ]

417 1849 457 1871 per
474 1843 591 1872 quandam
604 1842 800 1870 dispensationem
812 1844 865 1864 ante
877 1848 971 1864 crucem
984 1842 1059 1864 tacere
1069 1841 1158 1865 solebat
1170 1839 1269 1871 [ἐποίει]

417 1882 460 1905 Csr.
478 1882 554 1910 Cyrill.
572 1881 702 1909 Alexandr.,
719 1882 741 1903 in
758 1882 819 1904 hunc
836 1882 929 1903 locum:
947 1881 1054 1904 Ceterum
1072 1887 1161 1909 prunas
1177 1884 1269 1909 praeter

417 1921 611 1950 exspectationem
633 1921 720 1949 positas
742 1921 857 1948 aspiciunt
874 1924 896 1943 et
912 1920 1029 1943 Christum
1047 1921 1163 1948 tignorum
1181 1923 1269 1943 struem

417 1961 582 1983 accendentem
608 1963 630 1982 et
654 1960 676 1982 ei
701 1960 789 1987 piscem
815 1960 894 1982 divina
919 1960 1004 1982 virtute
1026 1961 1123 1989 captum
1149 1960 1269 1988 imponen-

418 2004 462 2023 tem
485 2003 529 2022 etc.
552 2012 581 2015 —-
604 2000 682 2022 Glossa
708 1998 884 2022 interlinearis:
905 1999 1021 2022 Viderunt
1041 2005 1138 2029 prunas
1160 1998 1266 2029 positas,

416 2039 503 2068 quibus
519 2039 662 2067 significatur
684 2039 745 2061 calor
766 2038 878 2067 caritatis,
895 2040 916 2062 et
930 2038 1033 2068 piscem,
1053 2038 1136 2066 fldem,
1153 2044 1270 2068 superpo-

416 2078 503 2107 situm,
521 2084 592 2106 super
617 2084 717 2106 prunas,
734 2079 757 2101 et
773 2084 875 2107 panem,
904 2077 1007 2100 Verbum
1030 2078 1071 2100 Dei
1094 2078 1180 2100 scilicet
1204 2078 1270 2100 vide-

418 2120 471 2141 runt
488 2123 533 2140 non
554 2123 625 2145 super
648 2123 742 2145 prunas.
760 2116 803 2139 Csr.
822 2118 927 2145 August„
946 2117 967 2139 in
986 2118 1045 2139 ioan.
1062 2117 1150 2145 Evang.
1169 2119 1196 2139 tr.
1215 2117 1269 2140 423.

417 2165 438 2180 n.
456 2158 485 2180 2:
504 2156 619 2179 Viderunt
631 2162 735 2186 prunas.
746 2173 752 2179 .
768 2158 791 2179 et
803 2162 899 2186 panem.
917 2156 960 2179 Ubi
978 2163 1023 2179 non
1036 2159 1070 2179 est
1082 2156 1269 2184 intelligendum,

417 2198 485 2219 etiam
508 2196 682 2224 superpositum
709 2202 794 2224 panem
820 2196 889 2218 1111550
907 2196 1002 2224 111-01115,
1020 2196 1061 2218 5011
1078 2198 1167 2218 tantum
1186 2195 1269 2218 subau-

417 2237 528 2260 diendum
551 2235 682 2259 ciderunt...
701 2236 757 2259 Hinc
779 2242 836 2264 ergo
862 2236 914 2258 fecit
939 2236 1063 2263 prandium
1089 2236 1202 2258 Dominus
1226 2236 1269 2258 illis

417 2279 506 2304 septem
533 2276 652 2303 discipulis
676 2276 737 2302 suis,
754 2275 784 2298 de
797 2275 863 2305 pisce
879 2275 977 2302 scilicet,
995 2281 1065 2304 quem
1086 2276 1168 2303 prunis
1190 2281 1270 2303 super-

419 2316 519 2344 positum
545 2315 665 2342 viderant,
684 2315 737 2337 huic
759 2315 889 2342 adiungens
912 2321 938 2337 ex
961 2314 1009 2337 illis
1026 2320 1085 2344 qnos
1102 2315 1224 2344 ceperant,
1247 2317 1270 2337 et

419 2355 447 2378 de
461 2361 548 2384 pane...
566 2353 641 2377 Piscis
658 2360 736 2382 assus,
749 2353 852 2377 Christus
868 2357 903 2376 est
919 2359 1018 2381 passum
1035 2354 1086 2381 ipse
1102 2356 1137 2376 est
1153 2356 1176 2376 et
1188 2353 1268 2383 panis,

418 2394 458 2422 qui
483 2394 512 2416 de
538 2394 601 2415 caelo
626 2393 746 2415 descendit
769 2392 839 2422 [ioan.
856 2393 882 2421 6,
901 2392 959 2422 4¹.].
976 2393 1035 2415 Huic
1051 2393 1213 2421 incorporatur
1232 2393 1269 2415 Ec-

419 2434 486 2456 clesia
505 2433 533 2455 ad
552 2432 735 2461 participandam
754 2432 920 2455 beatitudinem
938 2432 1127 2460 sempiternam...
1139 2434 1162 2454 et
1178 2432 1212 2454 eis
1229 2432 1268 2460 qui

420 2474 476 2495 haec
493 2473 604 2499 credunt,
622 2475 727 2500 sperant,
744 2471 852 2500 diligunt,
864 2471 1010 2499 participatio
1028 2474 1104 2494 tantae
1121 2470 1269 2493 beatitudinis

420 2518 461 2539 per
479 2513 522 2534 hoc
540 2511 663 2539 prandium
681 2511 860 2534 demonstratur.

482 2550 491 2562 ⁵
510 2551 607 2579 Vulgata
625 2551 708 2573 omittit
724 2552 813 2573 autem.
831 2563 862 2567 —
879 2551 984 2579 Gregor.,
1001 2551 1026 2573 ll.
1045 2551 1127 2573 llomil.
1143 2550 1164 2572 in
1181 2551 1269 2578 Erang.

420 2591 499 2613 homil.
515 2590 554 2612 24.
571 2597 592 2612 n.
612 2591 637 2618 l,
655 2590 721 2618 dicit,
739 2590 803 2619 quod
820 2590 883 2613 solus
899 2590 985 2613 Petrus
1010 2590 1088 2613 tramit
1108 2592 1157 2613 rete
1179 2589 1203 2612 in
1226 2591 1270 2613 lei·-

421 2635 487 2657 ram,
505 2629 558 2658 quia
581 2638 590 2648 α
603 2629 645 2657 ipsi
666 2632 743 2651 sancta
768 2629 865 2651 Ecclesia
883 2632 917 2651 est
935 2629 1092 2651 commissa».
1111 2629 1214 2656 Rupert„
1232 2628 1270 2651 ab·

421 2668 462 2690 bas
480 2668 598 2695 Tuitieus.,
616 2668 637 2690 in
656 2669 717 2690 hunc
738 2669 829 2690 locum:
847 2667 904 2691 Cum
923 2674 993 2696 supra
1011 2667 1046 2697 [v.
1063 2667 1094 2697 6.]
1113 2668 1199 2691 dictum
1217 2668 1269 2690 sit...

421 2707 538 2730 Miserunt
554 2713 612 2736 erqo
629 2708 650 2730 et
667 2706 714 2730 iam
732 2713 780 2729 non
796 2706 927 2730 caluerunt
941 2706 1060 2730 trahere...
1071 2707 1191 2736 quomodo
1209 2712 1270 2729 nunc

422 2747 517 2769 dicitur:
535 2745 646 2776 Ascendit
662 2745 745 2769 Simon
757 2746 843 2769 Petrus
860 2748 882 2769 et
898 2745 977 2769 tramit
990 2750 1040 2769 rete
1056 2745 1081 2769 in
1098 2747 1202 2774 terram,
1215 2752 1269 2768 cum

422 2785 494 2807 multo
512 2784 587 2812 magis
605 2790 648 2806 uon
666 2785 753 2806 valeret
770 2785 845 2811 solus,
857 2784 900 2807 nisi
917 2785 971 2813 quia
988 2791 1030 2813 per
1046 2785 1152 2813 Petrum,
1163 2785 1201 2807 cui
1214 2790 1270 2812 prae

422 2823 504 2846 ceteris
528 2823 656 2851 specialiter
681 2823 768 2846 dictum
794 2827 828 2846 est
852 2823 942 2853 [Matth.
960 2824 1002 2851 16,
1020 2824 1083 2852 19];
1101 2823 1131 2847 Et
1150 2823 1192 2847 tibi
1210 2823 1270 2847 dabo

422 2862 499 2885 claves
516 2861 586 2891 requi
603 2862 737 2890 caelorum,
756 2863 894 2885 universitas
910 2869 992 2885 eorum
1010 2863 1152 2891 designatur,
1168 2869 1270 2891 quorum

422 2904 457 2923 est
473 2901 509 2923 ius
527 2901 563 2922 vel
580 2901 682 2923 officium
701 2904 798 2924 tractare
815 2903 859 2924 hoc
876 2904 925 2924 rete
941 2902 1039 2930 piScium
1057 2906 1099 2924 etc.

485 2939 495 2953 ὅ
513 2941 578 2963 Vers.
596 2941 632 2963 11.
645 2953 676 2958 -
687 2942 792 2969 August„
809 2941 832 2963 in
850 2942 910 2964 loau.
928 2942 1016 2969 Evang.
1034 2944 1060 2964 tr.
1078 2942 1129 2963 422.
1147 2947 1171 2964 n.
1187 2941 1213 2968 9,
1231 2940 1270 2963 ubi

422 2980 550 3007 praemisso
567 2980 644 3002 lllatth.
663 2980 689 3007 5,
711 2980 748 3002 19:
762 2980 810 3007 Qui
824 2986 881 3009 erqo
898 2980 997 3003 solverit
1012 2987 1089 3003 unum
1106 2980 1134 3003 de
1150 2980 1271 3003 mandatis

1025 177 1195 207 COMMENT.
1218 178 1250 206 ΙΝ
1272 176 1419 205 ῙΟΑΝΝΕΜ
1440 176 1468 204 C.
1491 176 1557 209 xxi.

1320 254 1394 292 quod
1416 257 1482 283 tunc
1497 261 1533 283 ex
1548 253 1672 282 subiecta
1687 254 1802 282 materia
1817 254 1933 283 faciebat
1954 257 2068 291 propter
2083 262 2171 291 quan-

1320 301 1382 329 dam
1404 300 1636 337 dispensationem
1657 300 1811 329 faciebat».
1834 301 1900 330 Vult
1920 301 2024 335 dicere,
2039 300 2114 338 quod
2134 308 2171 329 ex

1320 348 1407 376 nihilo
1428 347 1517 376 factus
1538 350 1580 376 est
1609 347 1653 376 ille
1674 347 1765 384 piscis.
1788 348 1841 377 Nec
1863 350 1970 377 tantum
1996 347 2172 385 praeparavit

1320 394 1469 429 1111130010,
1491 394 1538 423 5011
1559 394 1641 423 etiam
1661 395 1836 432 praeparatio
1856 395 1928 424 facta
1947 397 1989 423 est
2015 394 2098 423 Petri
2117 394 2172 423 ini-

1319 441 1440 470 nisterio
1461 441 1495 470 ad
1516 441 1642 470 divinum
1663 445 1858 479 praeceptum;
1881 441 1955 471 unde
1975 441 2119 479 sequitur:

1400 489 1446 517 20.
1470 488 1559 525 (Vers.
1586 489 1651 524 10.).
1676 488 1752 517 Dicit
1772 489 1813 517 eis
1835 489 1937 517 Iesus.-
1957 487 2065 526 Afferte
2079 487 2113 517 de
2124 488 2171 525 pi-

1319 535 1436 570 scibus,
1458 544 1531 574 quos
1548 535 1743 573 prendidistis
1764 544 1865 569 nune;
1890 538 1922 564 ut
1942 535 2078 564 miraculo
2099 535 2174 564 veri-

1320 586 1363 612 tas
1384 582 1592 619 comprobetur.

1400 631 1446 659 21.
1470 630 1559 667 (Vers.
1586 630 1652 665 11.).
1675 630 1814 658 Ascendit
1839 630 1961 659 autem⁶
1990 630 2092 660 Simon
2119 631 2173 659 Pe-

1320 681 1404 711 trus,
1426 680 1559 714 tanquam
1580 677 1739 714 diligentior
1760 677 1834 706 inter
1855 678 1938 713 alios,
1960 681 1985 707 et
2004 678 2100 707 traicit
2117 681 2174 707 rete

1320 725 1352 753 in
1374 728 1504 758 terrani,
1524 723 1644 761 plenum
1663 724 1782 761 niaynis
1793 724 1944 762 piscibus,
1959 728 2074 754 centum
2088 724 2173 764 qnin-

1320 772 1468 810 quayz'nta
1490 771 1604 804 tribum
1626 771 1654 800 in
1676 779 1732 808 quo
1753 772 1910 801 ostenditur
1926 772 2052 801 miraculi
2068 772 2175 809 magni-

1320 819 1388 848 tudo
1410 822 1437 848 et
1458 819 1486 847 in
1508 826 1628 847 numero
1649 821 1677 847 et
1698 818 1724 846 111
1746 818 1910 855 quantitate.
1926 819 1977 848 Per
1991 827 2116 857 maynos
2127 819 2175 857 pi-

1319 875 1381 895 sces
1402 866 1584 903 intelligimus
1609 866 1721 900 Beatos,
1749 865 1797 903 qui
1826 866 1919 903 magni
1947 869 2013 896 sunt
2040 867 2173 902 caritate;

1320 914 1449 943 Matthaei
1465 913 1656 942 undecimo⁶t
1683 925 1696 938 <r
1711 913 1763 950 Qui
1786 913 1877 942 minor
1899 916 1941 942 est
1962 914 1990 942 in
2012 922 2099 952 regno
2113 922 2175 944 cae-

1320 962 1413 991 lorum
1436 961 1524 990 maior
1545 963 1587 990 est
1608 961 1655 989 illo
1669 973 1696 989 ».
1720 961 1751 989 Ε1
1771 960 1806 989 ad
1827 961 1961 990 maiorem
1983 961 2110 991 miraculi
2125 969 2175 991 ex-

1321 1009 1494 1046 pressionem
1514 1009 1590 1038 addit
1611 1008 1686 1046 quod
1708 1008 1811 1037 factum
1834 1011 1876 1037 est
1897 1008 1971 1037 circa
1998 1011 2076 1043 rete;
2101 1009 2175 1038 unde

1322 1056 1407 1085 dicit:
1440 1056 1473 1084 Et
1493 1064 1561 1084 cuni
1583 1055 1659 1084 tanti
1678 1058 1786 1088 essent,
1807 1063 1866 1083 non
1887 1058 1929 1083 est
1948 1055 2076 1084 scissum
2097 1058 2175 1089 rete;

1322 1105 1478 1140 quocontra
1505 1102 1608 1131 dicitur
1638 1102 1727 1131 Lucae
1755 1101 1895 1139 quinto⁷:
1922 1101 2175 1139 «Comprehende-

1323 1152 1391 1178 runt
1418 1149 1536 1185 piscium
1565 1148 1772 1178 multitudinem
1802 1148 1958 1185 copiosam,
1990 1148 2175 1185 rumpebatur

1323 1198 1417 1224 autem
1440 1198 1499 1225 rete
1511 1208 1537 1224 ».
1554 1196 1665 1233 Itaque,
1680 1204 1747 1224 cuin
1763 1195 1839 1224 tanti
1851 1197 1959 1229 essent,
1975 1195 2080 1224 scilicet
2099 1207 2112 1220 (ι
2123 1203 2176 1224 1111-

1324 1250 1402 1271 111010
1423 1246 1450 1271 01
1471 1243 1627 1280 quantitate
1642 1255 1670 1277 »,
1692 1243 1719 1271 in
1749 1242 1795 1271 tali
1824 1250 1944 1271 numero
1967 1242 2084 1272 fuerunt
2112 1250 2176 1279 pro-

1323 1292 1386 1327 pter
1408 1290 1638 1327 significantiam:
1662 1290 1705 1319 vel
1726 1290 1793 1327 quia
1814 1297 1951 1319 numerus
1964 1289 2010 1319 ille
2022 1288 2176 1327 perfectio-

1323 1346 1389 1366 nem
1410 1338 1561 1375 significat,
1586 1338 1761 1367 considerata
1788 1337 1968 1375 proportione
1996 1337 2175 1372 numerali⁸;

1324 1529 1375 1552 istis
1400 1528 1531 1552 minimis...
1552 1528 1667 1552 minimus
1684 1528 1808 1552 vocabitur
1831 1531 1882 1555 etc„
1900 1529 1945 1551 ait:
1968 1528 2118 1558 Consequens
2142 1532 2177 1552 est

1324 1575 1395 1597 ergo,
1413 1571 1437 1590 ut
1454 1569 1494 1597 qui
1512 1568 1621 1591 minimus
1641 1571 1676 1590 est
1696 1568 1719 1590 in
1738 1574 1811 1596 regno
1828 1568 1959 1595 caelorum,
1976 1568 2051 1597 qualis
2066 1574 2126 1591 nunc
2142 1571 2177 1591 est

1324 1607 1437 1634 Ecclesia,
1454 1613 1502 1629 non
1519 1607 1587 1629 Intret
1604 1607 1625 1628 in
1644 1613 1742 1634 regnum
1761 1607 1891 1635 caelorum,
1908 1607 1983 1636 qualis
2005 1609 2059 1630 tunc
2077 1607 2120 1629 erit
2137 1607 2178 1629 Ec-

1324 1646 1405 1674 clesia,
1422 1647 1547 1675 quoniam,
1565 1646 1671 1668 docendo
1688 1646 1752 1675 quod
1770 1646 1849 1674 solvit,
1875 1646 1904 1669 ad
1930 1652 2011 1669 eorum
2029 1647 2177 1675 societatem,

1323 1686 1364 1715 qui
1382 1686 1467 1708 iaciunt
1483 1686 1547 1715 quod
1565 1686 1662 1713 docent,
1680 1692 1729 1714 non
1744 1685 1880 1714 pertinebit;
1897 1689 1920 1708 et
1937 1685 1990 1709 ideo
2015 1692 2061 1709 non
2086 1686 2129 1709 0111
2154 1686 2177 1709 111

1324 1731 1421 1748 numero
1436 1724 1541 1755 piscium
1558 1731 1718 1755 maqnorum,
1734 1726 1845 1754 quoniam
1864 1725 1906 1755 qni
1921 1725 2003 1755 fecerit
2019 1726 2041 1749 et
2057 1725 2179 1755 docuerit,

1323 1770 1429 1793 maanus
1454 1763 1578 1787 vocabitur
1603 1763 1627 1786 in
1652 1770 1727 1793 reyno
1752 1763 1882 1788 caelorum.
1900 1765 1926 1787 Et
1942 1764 1996 1793 quia
2020 1764 2058 1787 1110
2077 1770 2178 1793 magnus

1325 1804 1380 1831 erit,
1393 1804 1444 1826 ideo
1458 1804 1488 1825 1111
1500 1804 1554 1832 0111,
1567 1803 1605 1826 ubi
1619 1803 1729 1826 minimus
1741 1804 1777 1826 ille
1793 1810 1839 1826 non
1856 1804 1906 1826 erit.
1918 1804 1996 1833 Usque
2012 1804 2072 1827 adeo
2089 1804 2178 1833 quippe

1326 1841 1357 1864 ibi
1381 1843 1459 1870 magni
1482 1845 1562 1869 erunt,
1580 1845 1605 1865 ut
1621 1842 1663 1872 qui
1679 1841 1759 1866 minor
1777 1842 1807 1865 ibi
1825 1844 1871 1871 est,
1889 1842 1968 1866 maior
1984 1842 2015 1867 sil
2032 1849 2058 1867 eo
2076 1849 2123 1872 quo
2141 1843 2178 1866 hic

1325 1888 1395 1904 nemo
1413 1883 1486 1904 maior
1503 1885 1537 1904 est
1554 1882 1641 1910 [Matth.
1663 1883 1697 1909 ll,
1716 1881 1765 1912 11.]
1778 1885 1820 1905 etc.
1833 1895 1864 1899 —
1876 1883 1989 1911 Superius
2000 1889 2043 1911 pro
2060 1882 2086 1906 in
2103 1889 2177 1913 quan·

1326 1920 1398 1949 titate,
1415 1921 1480 1950 quod
1498 1921 1567 1943 habet
1584 1921 1620 1943 ed.
1633 1927 1686 1943 cum
1702 1921 1808 1949 pluribus
1825 1921 1893 1944 codd.
1910 1924 1933 1944 et
1950 1922 2061 1949 Gorrano,
2078 1922 2178 1945 ABFM

1326 1959 1351 1982 in
1368 1959 1489 1989 qualitate.
1512 1960 1608 1983 Inferius
1625 1967 1667 1988 pro
1687 1960 1803 1984 miraculi
1823 1960 2002 1990 (impressionem
2024 1961 2043 1983 D
2065 1960 2180 1984 miraculi

1326 1999 1491 2022 ostensionem.

1389 2036 1397 2049 ⁷
1416 2038 1482 2061 Vers.
1500 2038 1522 2060 6.
1541 2038 1600 2060 Vide
1616 2039 1673 2061 infra
1692 2046 1714 2061 n.
1732 2039 1769 2061 26.
1782 2051 1812 2056 —
1828 2039 1932 2062 Subinde
1948 2040 2042 2062 affertur
2058 2039 2178 2068 explicatio

1326 2083 1352 2099 ex
1370 2078 1449 2100 Glossa
1467 2077 1631 2101 interlineari:
1646 2077 1706 2101 Cum
1719 2077 1780 2101 tanti
1790 2079 1878 2107 essent,
1891 2084 1989 2101 numero
2005 2081 2028 2101 et
2044 2078 2178 2107 quantitate.

1389 2115 1399 2128 Β
1416 2117 1527 2145 August.,
1545 2117 1569 2139 in
1586 2118 1647 2140 ioan.
1664 2118 1752 2146 Evang.
1770 2120 1798 2140 tr.
1817 2118 1870 2140 422.
1887 2125 1909 2140 n.
1927 2118 1953 2140 8:
1970 2117 2028 2141 Cum
2046 2118 2123 2147 itaque
2140 2118 2179 2140 Le-

1326 2157 1362 2185 gis
1379 2156 1477 2180 denarie
1491 2156 1581 2186 [decem
1595 2156 1737 2187 praeceptis]
1750 2157 1848 2185 Spiritus
1859 2160 1952 2180 sanctus
1963 2163 2005 2185 per
2015 2156 2179 2187 septenarium

1326 2202 1450 2219 numerum
1469 2197 1570 2223 accedit,
1588 2196 1646 2219 flunt
1662 2196 1741 2219 decem
1752 2198 1775 2219 et
1784 2197 1888 2226 septem,·
1905 2196 1944 2225 qui
1956 2202 2079 2225 numerus,
2090 2195 2121 2219 ab
2132 2202 2179 2219 uno

1327 2242 1401 2265 usque
1418 2236 1448 2258 ad
1465 2242 1490 2258 se
1508 2236 1593 2264 ipsum,
1611 2236 1750 2264 computatis
1767 2235 1888 2263 omnibus,
1905 2242 2022 2263 crescens,
2039 2235 2068 2258 ad
2085 2238 2178 2258 centum

1326 2275 1493 2304 quinquaginta
1512 2278 1558 2297 tres
1575 2275 1688 2302 pervenit.
1706 2275 1741 2297 Ad
1754 2281 1826 2297 unum
1838 2274 1901 2296 enim
1912 2274 1930 2297 si
1943 2274 2038 2297 adiicias
2049 2274 2109 2303 duo,
2121 2274 2179 2297 flunt

1327 2315 1407 2344 utique
1425 2318 1483 2342 tres;
1501 2314 1536 2337 1115
1554 2315 1573 2337 si
1591 2314 1685 2337 adiicias
1704 2318 1749 2337 tres
1767 2317 1789 2336 et
1800 2316 1909 2343 quatuor,
1921 2314 1979 2337 fiunt
1990 2320 2072 2337 omnes
2083 2314 2179 2343 decem;

1325 2355 1411 2377 deinde
1428 2355 1446 2376 si
1463 2354 1559 2377 adiicias
1576 2360 1657 2376 omnes
1673 2359 1797 2381 numeros,
1815 2353 1855 2382 qui
1872 2356 2002 2382 sequuntur
2013 2354 2130 2383 usquead
2141 2354 2180 2377 de-

1326 2400 1377 2416 cem
1390 2397 1412 2416 et
1423 2396 1526 2421 septem,
1539 2394 1568 2416 ad
1580 2393 1741 2421 supradictum
1753 2399 1877 2415 numerum
1889 2399 1981 2415 summa
1991 2393 2126 2421 perducitur
2135 2396 2179 2416 etc.

1326 2433 1384 2455 ibid.
1401 2433 1470 2455 etiam
1488 2432 1555 2454 dicit:
1573 2432 1617 2461 Qui
1635 2438 1747 2454 numerus
1763 2431 1835 2461 [453]
1853 2435 1887 2454 ter
1904 2431 2053 2454 habetetiam
2066 2432 2179 2461 quinqua-

1326 2471 1447 2500 genarium
1466 2477 1588 2493 numerum
1607 2473 1629 2493 et
1645 2471 1741 2499 insuper
1758 2471 1807 2499 ipsa
1820 2471 1862 2493 tria
1874 2473 1969 2499 propter
1981 2471 2117 2499 mysterium
2130 2471 2179 2493 Tri-

1325 2511 1413 2538 nitatis;
1431 2510 1646 2539 quinquagenarius
1663 2512 1748 2537 autem,
1761 2510 1916 2538 multiplicatis
1928 2512 2016 2538 septem
2029 2516 2071 2538 per
2081 2512 2178 2538 septem,

1325 2553 1348 2572 et
1365 2550 1433 2573 unius
1450 2550 1578 2572 adiectione
1595 2550 1748 2577 completur...
1766 2550 1829 2572 Unus
1846 2552 1923 2572 autem
1941 2549 2042 2576 additur,
2060 2551 2084 2571 ut
2105 2555 2133 2571 eo
2151 2549 2179 2571 si-

1326 2588 1459 2616 gnislcetur7
1477 2594 1548 2611 unum
1566 2594 1629 2616 esse,
1640 2588 1679 2617 qui
1693 2594 1734 2616 per
1751 2591 1840 2616 septem
1858 2590 1953 2616 propter
1969 2587 2128 2616 operationem
2146 2593 2179 2609 se-

1326 2627 1455 2655 ptenariam
1481 2627 1665 2654 demonstratur,
1688 2630 1710 2649 et
1731 2628 1851 2655 novimus,
1869 2627 1980 2655 Spiritum
1997 2629 2103 2649 sanctum
2125 2629 2179 2655 post

1326 2666 1486 2689 ascensionem
1510 2666 1601 2688 Domini
1621 2667 1816 2695 quinquagesimo
1834 2666 1871 2689 die
1888 2666 1984 2689 missum
2003 2669 2045 2689 etc.
2064 2666 2109 2689 Cir.
2126 2666 2179 2689 Gre-

1327 2712 1390 2734 gor,
1408 2706 1436 2728 11.Δ
1451 2706 1535 2728 Homil.
1559 2706 1581 2727 in
1604 2706 1691 2733 Evang.
1716 2706 1795 2728 homil.
1813 2706 1850 2728 24.
1867 2712 1891 2728 n.
1909 2706 1930 2728 4.
1946 2705 2023 2733 Cyrill.
2045 2705 2178 2734 Alexandr„

1327 2745 1348 2767 in
1367 2746 1427 2767 1111110
1444 2745 1534 2770 locum.
1552 2745 1632 2773 docet,
1650 2744 1785 2768 centenario
1802 2745 1919 2772 designari
1937 2745 2040 2773 gentium
2057 2744 2179 2773 plenitudi-

1327 2790 1394 2811 nem,
1412 2783 1620 2814 qainquaqenario
1637 2784 1746 2813 reliquias
1763 2784 1845 2812 populi
1856 2784 1940 2807 ludaici
1953 2784 2086 2812 salvandas,
2099 2785 2179 2807 terna-

1326 2823 1364 2847 rio
1376 2824 1524 2852 Trinitatem,
1542 2830 1583 2852 per
1599 2830 1670 2852 quarn
1687 2826 1710 2846 et
1726 2824 1756 2846 ad
1773 2824 1839 2846 cuius
1855 2824 1953 2851 gloriam
1971 2824 2050 2846 fideles
2066 2826 2178 2846 vocantur

1327 2866 1350 2885 et
1366 2863 1490 2885 salvantur.
1508 2864 1617 2891 Rupert.‚
1633 2863 1707 2885 abbas
1723 2863 1846 2889 Tuitieus.,
1864 2863 1885 2884 in
1903 2863 1965 2885 hunc
1982 2863 2072 2889 locum,
2089 2864 2178 2888 censet,

1328 2908 1370 2930 per
1387 2901 1551 2925 centenariam
1573 2902 1690 2930 designari
1714 2902 1862 2930 coniugatus,
1885 2908 1927 2929 per
1944 2900 2178 2931 quinqiiayenariam

1328 2942 1414 2964 viduos
1431 2942 1467 2963 vel
1485 2942 1640 2969 continentes,
1657 2948 1699 2970 per
1717 2941 1852 2965 ternarium
1869 2942 1980 2969 virgines.
