2296 3316
9 1178 10 1184 ¹
39 1180 128 1200 Tertium.

0 3074 14 3157 :3⁴:2³3ss

5 3159 14 3201 ⁴4<

765 111 934 140 COMMENT.
957 112 989 140 IN
1010 111 1155 141 IOANNEM
1177 113 1204 141 C.
1227 113 1268 142 VI.

223 193 266 221 16.
283 192 371 227 (Vers.
390 192 454 228 11.).
472 191 589 228 Accepit
604 198 673 227 erpo
687 190 769 218 Iesus
783 192 834 218 etc.
854 189 987 227 Tangitur

10 245 125 279 isacundum-
143 240 188 269 hic
212 239 380 273 secundum,
402 239 505 268 scilicet
532 236 736 274 multiplicatio
764 244 893 273 panum,
916 244 988 273 quae

143 286 289 323 impetrata
301 289 344 315 est
358 286 384 314 in
399 285 572 323 pratiarum
586 283 698 312 actione
711 285 739 311 et
753 286 945 311 consummata
959 283 987 311 in

140 341 255 371 panum
275 332 485 361 distributione.
508 331 570 360 Ideo
590 330 671 359 dicit:
693 329 810 366 Accepit
823 338 891 366 erqo
906 330 989 358 Iesus

140 388 246 417 paiws,
268 379 302 408 ad
322 378 578 416 multiplicandum3
599 384 699 405 manus
729 376 802 405 enim
825 376 988 412 potestativa

143 428 199 460 est;
230 425 304 454 unde
334 426 519 454 Numerorum
548 421 715 452 undecimo¹
754 422 826 451 dixit
855 422 989 451 Dominus

143 473 243 509 Moysi:
269 484 283 497 α
297 471 428 509 Nunquid
448 470 567 499 invalida
594 472 636 498 est
660 477 760 498 manus
780 469 911 497 Domini?
934 469 988 497 lam

143 528 218 549 nunc
238 519 359 553 videbis,
380 521 478 547 utrum
499 525 591 546 sermo
612 524 692 545 meus
718 515 889 552 compleatur
905 527 930 543 ι).
954 516 990 544 Et

143 575 211 595 cum
229 566 347 603 qratias
368 565 485 602 egisset,
507 563 541 592 ad
563 562 806 596 sanctificandum
828 562 934 598 primae
955 561 989 590 ad

143 613 319 641 Timotheum
341 613 442 649 quarto
453 611 476 638 ²:
504 622 517 635 «
531 610 603 638 Nihil
617 609 818 643 abiiciendum,
833 608 907 646 quod
923 616 987 637 cum

143 659 296 697 gratiarum
321 658 428 687 actione
459 656 588 685 sumitur.
618 655 810 684 Sanctificetur
836 655 908 684 enim
940 663 990 692 per

143 705 260 735 verbum
283 705 331 734 Dei
353 707 380 733 et
400 703 552 732 orationem
568 715 594 731 ».
619 702 775 731 Distribuit
787 702 990 731 discumbenti-

144 753 214 787 bus,
235 752 338 781 scilicet
359 751 393 779 ad
413 750 628 784 comedendum,
645 757 693 786 per
708 750 864 786 Apostolos,
886 752 917 777 ut
939 749 991 778 sci-

143 799 207 828 licet
233 798 350 827 diversis
379 797 478 825 darent
509 796 661 825 secundum
693 804 772 825 suam
801 796 988 830 voluntatem;

145 846 242 875 Esther
264 845 388 882 primo³:
415 855 429 869 α
444 844 502 872 Rex
524 846 673 877 statuerat,
695 850 868 880 praeponens
888 843 991 871 mensis

144 892 266 930 singulos
287 891 320 920 de
341 891 514 928 principibus
535 890 607 924 suis,
635 893 666 918 ut
694 892 818 918 sumeret
839 889 991 926 unusquis-

144 947 199 977 que
221 938 295 976 quod
316 939 439 967 vellet».
463 937 602 966 Similiter
623 945 658 965 ex
676 936 825 973 piscibus,
847 939 992 974 quantum

144 982 289 1021 volebant,
315 986 341 1014 id
370 988 411 1014 est
438 993 527 1022 usque
558 985 592 1013 ad
623 983 812 1017 saturitatem;
836 983 922 1011 Exodi
944 983 991 1011 de-

144 1033 215 1062 cimo
236 1035 328 1062 sexto:
355 1043 369 1057 «
383 1032 503 1068 Vespere
524 1030 672 1059 comedetis
687 1037 797 1063 carnes,
813 1032 840 1058 et
854 1037 934 1058 mane
950 1037 991 1057 sa-

145 1079 306 1109 turabimini
327 1079 446 1116 panibus
461 1090 487 1106 ».

226 1128 269 1155 17.
292 1127 380 1163 (Vers.
406 1127 471 1161 12).
499 1125 532 1153 Ul
563 1128 661 1153 autem
691 1123 802 1160 impleti
820 1126 899 1151 sunt.
922 1124 993 1151 Tan-

144 1174 220 1212 gitur
240 1174 286 1202 hic
306 1173 436 1206 tertium,
458 1172 562 1200 scilicet
588 1170 711 1199 collectio
736 1169 991 1207 fragmentorum,

145 1229 180 1250 ne
200 1221 304 1250 scilicet
324 1219 462 1256 perirent;
485 1221 599 1255 propter
627 1217 701 1254 quod
729 1217 810 1246 dicit:
839 1217 874 1245 Ut
894 1221 994 1245 autem

145 1267 255 1305 impleti
273 1270 359 1300 sunt,
381 1266 408 1294 id
429 1268 470 1294 est
492 1265 623 1298 saturati,
638 1264 715 1293 dimit
732 1264 886 1301 discipulis
911 1264 992 1292 suis.-

148 1314 276 1352 Colliqite
296 1322 371 1352 quae
384 1315 601 1350 superaverunt
613 1310 784 1349 fraymenta
793 1334 801 1345 ,
816 1320 851 1339 ne
863 1313 992 1347 pereant.

145 1361 216 1398 Quia
235 1360 309 1389 enim
330 1360 409 1397 panis
429 1359 457 1387 in
478 1367 561 1387 usum
583 1358 728 1387 hominum
749 1358 840 1386 factus
854 1360 911 1391 est,
927 1360 994 1385 tunc

145 1408 300 1445 fragmenta
320 1409 454 1443 pereunt,
476 1405 586 1442 quando
607 1405 636 1433 in
657 1412 741 1433 usum
765 1404 909 1433 hominum
938 1412 992 1432 non

145 1456 344 1487 assumuntur;
367 1453 527 1482 Psalmus4:
554 1464 567 1477 «
583 1452 662 1481 Panis
683 1460 730 1481 cor
751 1452 872 1480 hominis
893 1452 993 1480 confir-

145 1504 243 1530 met».
266 1501 297 1529 Et
323 1499 450 1536 discipuli
479 1499 587 1528 Domini
609 1499 758 1536 imperium
780 1501 992 1535 exscquuntur;

145 1548 220 1578 unde
240 1548 321 1577 dicit:

228 1596 271 1624 18.
294 1595 383 1631 (Vers.
408 1594 473 1630 ta).
505 1593 683 1631 Colleperunt
711 1602 778 1630 erqo
807 1596 832 1621 ct
862 1592 993 1630 impleve-

146 1646 218 1672 runt
246 1642 398 1671 duodecim
425 1640 580 1679 coplzinos,·
600 1648 678 1675 ecce,
700 1648 832 1669 mensura
859 1643 887 1669 et
914 1640 995 1677 plena

146 1697 286 1718 mensura.
307 1688 521 1724 Chrysostomus
532 1687 558 1715 ⁵:
580 1698 593 1711 <r
608 1687 661 1724 Ego
676 1686 932 1722 multiplicationem
947 1694 995 1722 pa-

146 1744 214 1765 num
229 1744 285 1764 non
299 1735 388 1764 solum
404 1735 539 1768 admiror,
561 1734 609 1762 sed
629 1733 824 1763 certitudinem
845 1733 905 1761 eius
920 1732 994 1769 quod

147 1782 311 1819 superfluit,
333 1785 360 1810 et
375 1781 449 1818 quod
464 1788 545 1817 pares
566 1783 645 1809 erant
659 1780 770 1817 cophini
793 1787 911 1808 numero
926 1780 994 1816 Apo-

147 1828 298 1861 stolorum,
320 1828 347 1856 in
369 1835 425 1864 quo
450 1827 575 1855 doctrina
599 1826 793 1863 Apostolorum
824 1833 873 1863 per
905 1828 994 1853 totum

147 1875 243 1904 orbem
264 1877 325 1903 erat
343 1873 534 1903 distribuenda
555 1881 591 1902 ex
612 1873 738 1910 reliquiis
759 1873 900 1901 doctrinae
915 1872 994 1900 Chri-

148 1921 182 1950 sti
198 1933 224 1949 ».
248 1921 444 1958 Collcyerunt,
467 1920 596 1957 inquam,
618 1923 643 1948 et
663 1919 854 1956 impleverunt
885 1919 992 1947 duode-

148 1968 205 1996 cim
226 1966 363 2005 cophinos
392 1966 631 2004 fraymentorum
651 1975 686 1994 ex
707 1966 834 2004 quinque
862 1965 994 2003 panibus

148 2014 328 2049 hordeaceis,
344 2023 418 2052 quae
431 2012 645 2051 superfuerunt
658 2012 704 2041 his
724 2013 776 2051 qui
796 2013 993 2041 manducave-

148 2065 226 2090 rant.
248 2062 300 2090 Has
320 2061 452 2098 reliquias
472 2060 536 2089 fecit
556 2060 662 2097 colligi,
684 2063 716 2088 ut
737 2063 884 2097 appareret
905 2059 993 2088 abun—

1834 113 1886 143 321

1043 190 1151 225 dantia3
1173 191 1247 220 unde
1275 191 1303 220 in
1335 192 1479 220 Psalmossz
1505 203 1519 216 «
1534 192 1562 220 In
1584 192 1709 229 reliquiis
1728 192 1786 221 tuis
1814 200 1890 229 prae-

1044 237 1155 274 parabis
1175 238 1285 267 vultum
1307 246 1404 267 eorum
1420 250 1446 267 ».

1125 284 1169 312 19.
1192 284 1358 322 Alleyorice.
1382 285 1453 313 Puer
1474 293 1548 313 unus
1570 285 1688 313 habehat
1703 285 1828 322 quinque
1842 293 1889 322 pa-
1906 290 2038 337 Effggggigfss-

1044 337 1093 359 nes
1114 330 1281 360 hordeaceos
1301 334 1329 360 et
1349 331 1419 360 duos
1440 331 1544 368 pisces,
1566 332 1614 368 qui
1636 332 1663 360 in
1678 332 1823 360 duodecim
1846 340 1890 361 co-

1044 377 1144 414 phinos
1165 377 1347 414 reliquiarum
1375 381 1441 406 sunt
1467 378 1649 415 multiplicati.
1672 379 1753 407 Puer
1774 379 1825 407 iste
1850 382 1891 408 est

1044 424 1164 460 Moyses,
1186 424 1256 453 lator
1276 424 1370 461 Legis,
1385 425 1433 461 qui
1454 433 1528 462 puer
1542 425 1656 459 dicitur,
1672 425 1737 462 quia
1751 425 1889 461 famulus;

1044 471 1078 499 ad
1099 471 1236 500 Hebraeos
1256 471 1338 500 tertio
1351 471 1377 499 ⁷:
1399 472 1510 510 Moyses
1530 472 1562 500 in
1583 472 1664 500 omni
1685 472 1769 500 domo
1783 472 1890 509 fidelis-

1044 517 1155 551 simus,
1186 520 1318 554 tanquam
1349 518 1478 547 famulus.
1508 535 1546 539 —
1574 519 1669 547 Panis
1699 521 1742 547 est
1772 519 1891 548 eruditio

1046 563 1136 597 verbi;
1158 563 1365 592 Deuteronomii
1386 564 1518 592 octavo⁸:
1541 564 1606 593 Non
1626 565 1658 593 in
1678 565 1738 593 solo
1757 573 1834 602 pane
1848 566 1891 594 vi-

1045 610 1086 638 vit
1107 608 1206 643 homo,
1227 610 1277 637 scd
1304 618 1339 638 eac
1366 611 1447 638 omni
1472 610 1571 644 verbo,
1597 611 1675 649 quod
1701 612 1834 648 procedit
1854 611 1890 639 ab

1046 665 1094 685 ore
1111 656 1169 684 Dei.
1185 672 1223 676 —-
1239 656 1372 694 Quinque
1385 657 1470 694 igitur
1485 666 1578 694 panes
1593 661 1659 686 sunt
1673 658 1766 692 verba,
1782 658 1816 686 de
1830 658 1892 695 qui-

1046 703 1099 731 bus
1120 703 1265 739 Apostolus
1285 703 1391 739 primae
1405 703 1440 731 ad
1457 703 1613 732 Corinthios
1634 704 1739 733 decimo
1761 704 1891 742 quarto9:

1047 750 1123 778 Malo
1145 749 1225 787 loqui
1244 749 1370 788 quinque
1390 750 1479 778 verba
1500 750 1531 778 in
1551 759 1638 778 sensu
1659 760 1720 779 meo
1745 754 1810 785 etc.;
1832 751 1893 780 Hie-

1047 804 1196 833 ronymus:
1223 807 1237 821 «
1251 796 1380 833 Quinque
1401 797 1487 825 verba
1502 800 1567 825 sunt
1581 798 1705 834 quinque
1720 798 1781 826 libri
1798 799 1891 835 Moysi,

1047 843 1080 872 de
1102 843 1205 880 quibus
1225 843 1370 880 Apostolus
1391 844 1516 881 loquitur
1528 856 1553 872 ».
1571 860 1607 864 —
1623 844 1667 872 Isti
1690 852 1774 881 panes
1794 845 1892 873 multi-

1044 890 1210 927 plicantur,
1232 890 1299 918 dum
1321 890 1468 927 multiplex
1489 898 1587 919 eorum
1602 891 1782 928 intelligentia
1803 900 1818 920 a
1839 892 1893 920 Do-

1048 936 1122 965 mino
1142 936 1282 973 aperitur;
1305 937 1393 965 Lucae
1414 937 1514 965 ultimo
1526 938 1563 965 ¹⁰:
1586 938 1731 974 Incipiens
1746 946 1765 966 a
1780 938 1891 976 Moyse,

1048 983 1298 1020 interpretabatur
1319 983 1376 1011 illis
1398 983 1429 1012 in
1456 983 1590 1011 omnibus
1619 984 1796 1021 Scripturis,
1818 993 1894 1023 quae

1048 1030 1081 1058 de
1102 1030 1164 1067 ipso
1185 1033 1278 1058 erant.
1300 1047 1339 1051 ——
1361 1030 1400 1058 Ex
1423 1031 1524 1058 horum
1546 1031 1773 1067 multiplicatione
1804 1040 1893 1061 rema-

1049 1080 1114 1105 nent
1136 1077 1284 1105 duodecim
1308 1076 1424 1114 cophini
1450 1076 1705 1114 fraymentorum,
1727 1078 1753 1106 id
1775 1082 1817 1107 est
1844 1079 1892 1108 do-

1049 1124 1137 1152 ctrina
1157 1124 1302 1152 duodecim
1324 1125 1531 1160 Apostolorum,
1553 1124 1600 1161 qui
1628 1125 1744 1161 dispersi
1767 1134 1816 1162 per
1847 1134 1893 1154 or—

1049 1170 1129 1203 bem,
1151 1170 1231 1198 iuxta
1246 1170 1313 1198 illud
1328 1171 1425 1198 Psalmi
1440 1172 1476 1198 11;
1493 1171 1527 1198 In
1542 1180 1654 1199 omnem
1676 1175 1785 1200 terram
1805 1173 1893 1201 exi-vit

1049 1225 1139 1245 sonus
1160 1225 1278 1249 eorunm
1300 1220 1327 1245 et
1347 1217 1428 1245 Marci
1451 1217 1560 1245 ultimo:
1584 1218 1690 1245 Euntes
1704 1218 1735 1246 in
1749 1220 1893 1247 mundum

1050 1263 1232 1296 universum,
1246 1262 1415 1299 praedicate
1432 1262 1620 1299 Evanyelium
1636 1264 1715 1291 omni
1729 1268 1892 1293 creaturae.

1372 1356 1573 1392 QUAesrioNEs.

1130 1451 1175 1478 20.
1198 1450 1307 1486 Quaest.
1330 1450 1347 1477 Ι.
1371 1450 1521 1486 Quaeritur
1541 1449 1575 1478 de
1600 1450 1828 1486 multiplicatione
1849 1459 1896 1488 pa-

1050 1506 1127 1526 num.
1143 1497 1169 1525 Si
1184 1497 1257 1525 enim
1272 1497 1406 1525 Dominus
1428 1504 1505 1525 suam
1521 1497 1671 1533 potentiam
1684 1497 1706 1513 ¹2
1722 1497 1897 1527 manifestare

1050 1544 1172 1578 volebat,
1195 1547 1222 1572 et
1242 1544 1355 1572 maioris
1376 1543 1513 1580 potentiae
1535 1546 1575 1572 est
1597 1552 1681 1580 panes
1702 1552 1797 1573 creare
1812 1553 1897 1582 quam

1050 1591 1246 1627 multiplicare,
1268 1590 1334 1627 quia
1355 1590 1423 1619 illud
1453 1598 1488 1619 ex
1520 1590 1622 1623 nihilo,
1645 1590 1697 1619 hoc
1721 1598 1757 1619 ex
1786 1591 1895 1628 aliqu03

1050 1642 1077 1666 et
1098 1646 1185 1674 aeque
1206 1637 1284 1666 facile
1305 1640 1364 1666 erat
1384 1637 1500 1665 Domino
1522 1640 1689 1674 utrumque:
1712 1646 1778 1674 ergo
1800 1641 1850 1667 etc.

1130 1685 1305 1712 Rnsrounuo:
1325 1684 1490 1717 Dicendum,
1517 1683 1590 1720 quod
1612 1686 1765 1720 utrumque
1784 1688 1827 1713 est
1848 1693 1896 1721 po-

1051 1731 1151 1760 tentiae
1172 1730 1310 1763 infinitae,
1332 1734 1388 1759 tam
1410 1730 1601 1767 multiplicatio
1616 1738 1653 1759 ex
1668 1733 1722 1759 tam
1739 1739 1824 1767 parva
1838 1739 1895 1760 ma-

1051 1778 1120 1806 teria
1141 1778 1169 1805 in
1190 1780 1294 1805 tantam
1315 1777 1511 1813 quantitatem,
1527 1777 1592 1813 quia
1614 1777 1666 1805 hoc
1687 1780 1747 1805 erat
1760 1779 1897 1814 potentiae

1052 1825 1189 1858 infinitae,
1211 1831 1295 1860 quam
1323 1824 1434 1852 creatio.
1464 1824 1547 1860 Magis
1574 1826 1665 1852 tamen
1690 1824 1896 1860 multiplicavit,

1051 1879 1134 1908 quam
1156 1871 1275 1904 creavit,
1297 1874 1328 1898 ut
1349 1878 1398 1898 ora
1420 1870 1624 1899 haereticorum
1647 1870 1832 1904 concluderet,
1848 1871 1896 1907 qui

1051 1918 1162 1952 dicunt,
1184 1918 1252 1946 haec
1273 1917 1390 1946 visibilia
1411 1917 1445 1945 ad
1467 1917 1554 1945 Deum
1575 1917 1770 1951 tenebrarum,
1793 1925 1847 1945 non
1862 1917 1896 1945 ad

1051 1966 1138 1994 Deum
1172 1965 1241 1993 lucis
1268 1964 1408 2001 pertinere
1421 1964 1451 1991 ¹³.
1474 1964 1507 1992 Ut
1528 1972 1594 2000 ergo
1625 1963 1796 1997 ostenderet,
1824 1963 1898 2000 quod

1050 2013 1108 2049 ipse
1129 2015 1213 2046 esset,
1235 2012 1281 2049 qui
1303 2012 1395 2040 omnia
1417 2011 1533 2040 visibilia
1554 2015 1709 2043 creaverat,
1725 2011 1778 2038 iam
1802 2013 1895 2039 creata

1052 2059 1140 2088 voluit
1161 2059 1353 2095 multiplicare.

213 2269 220 2282 ¹
241 2271 305 2292 Vers.
328 2270 364 2292 23.
382 2283 412 2286 -
429 2270 541 2298 Superius
565 2272 618 2297 post.
642 2275 730 2292 manus
756 2269 818 2292 enim
843 2269 880 2291 ed.
905 2270 997 2297 supplet

148 2309 251 2333 Domini.

212 2347 221 2360 ²
239 2349 304 2371 Vers.
316 2348 336 2370 4.
346 2354 424 2377 seqq:
442 2347 509 2371 Nihil
517 2346 695 2370 reiiciendum...
709 2347 800 2370 actione
807 2347 940 2377 percipitur
951 2350 994 2370 etc.

212 2385 222 2399 ⁸
240 2388 304 2409 Vers.
322 2388 343 2409 8.
360 2399 392 2403 —
409 2387 518 2415 Sequitur
534 2386 605 2409 Exod.
624 2387 666 2413 16,
686 2387 722 2408 12.

212 2425 222 2438 ⁴
239 2427 320 2448 Psalm.
340 2426 397 2452 103,
417 2426 453 2448 15.

213 2464 223 2477 ⁵
239 2466 262 2488 ln
280 2466 341 2488 toan.
358 2466 436 2488 homil.
455 2465 492 2487 42.
511 2465 575 2494 (alias
593 2465 639 2494 41.)
657 2471 680 2487 n.
698 2465 727 2488 3:
744 2465 790 2488 Cur
807 2471 851 2487 non
869 2465 943 2487 turbis
961 2472 997 2493 ge-

150 2504 231 2527 standa
248 2505 312 2527 dedit
328 2505 362 2526 illa
381 2504 541 2533 [ῑπῑνςῐηθῐιῑε]1
559 2504 600 2526 sed
617 2504 756 2532 discipulis?
774 2505 831 2533 Quia
844 2505 886 2527 hos
898 2505 997 2527 maxime

151 2543 269 2565 instituere
287 2543 391 2570 volebat,
408 2543 447 2572 qui
466 2543 534 2565 futuri
552 2545 617 2565 erant
633 2543 739 2565 doctores
756 2543 841 2565 orbis...
863 2543 996 2572 Eademque

151 2581 181 2604 de
197 2588 266 2604 causa
285 2583 369 2604 factum
387 2584 433 2609 est,
453 2584 478 2604 ut
499 2581 593 2609 cophini
615 2582 734 2610 discipulis
751 2588 848 2604 numero
871 2588 939 2610 pares
962 2588 997 2604 es-

150 2623 224 2643 sent...
243 2621 291 2648 Ego
309 2627 365 2643 vero
382 2627 427 2643 non
445 2621 515 2643 modo
533 2621 604 2643 miror
622 2627 708 2648 panum
726 2621 830 2649 copiam,
842 2621 882 2643 sed
894 2627 947 2643 cum
960 2628 997 2643 co-

151 2660 189 2687 pia
207 2661 389 2687 fragmentorum
406 2660 497 2682 numeri
520 2666 614 2688 quoque
636 2660 819 2687 accurationem,
836 2660 900 2688 quod
922 2666 997 2688 neque

151 2700 204 2727 plus
220 2705 295 2728 neque
312 2699 389 2721 minus
405 2699 537 2721 redundare
553 2699 680 2727 curaverit,
692 2699 732 2721 sed
745 2702 856 2728 quantum
870 2700 943 2721 voluit
954 2702 998 2721 otc.

150 2749 183 2754 —
202 2738 346 2761 Retinuimus
362 2744 416 2760 cum
436 2738 473 2760 ed.
497 2737 638 2760 vocabulum
661 2737 838 2766 certitudinem,
861 2738 924 2767 quod
942 2744 996 2760 cum

152 2777 220 2799 codd.
239 2777 307 2799 etiam
325 2776 394 2799 habet
411 2777 433 2799 S.
451 2777 553 2799 Thomas
571 2776 657 2805 (Caten.
677 2777 765 2805 aurea).

215 2813 225 2827 Β
242 2816 323 2838 Psalm.
340 2816 382 2844 20,
401 2816 439 2838 13.

215 2853 223 2866 ⁷
242 2855 308 2877 Vers.
325 2856 347 2877 2.
364 2854 410 2877 Csr.
427 2855 494 2877 Num.
507 2855 582 2882 12,7.
599 2867 630 2871 —
649 2855 707 2877 Vide
724 2856 827 2878 Glossam
846 2854 997 2878 ordinariam

153 2893 176 2915 in
193 2894 254 2916 toan.
271 2894 298 2922 6,
315 2894 337 2916 9.

248 2939 274 2962 S.
291 2940 380 2963 Bonae.
391 2952 422 2957 —
435 2941 503 2963 Tom.
520 2941 558 2963 Vl.

1116 2267 1126 2280 Β
1144 2269 1209 2291 Vers.
1227 2269 1247 2290 3.
1265 2267 1310 2291 Cir.
1327 2268 1402 2289 Matth.
1422 2267 1448 2295 4,
1466 2267 1488 2289 4.
1505 2269 1527 2289 et
1544 2268 1596 2289 Luc.
1617 2266 1642 2293 4,
1662 2266 1682 2288 4.

1116 2306 1126 2319 ⁹
1145 2308 1208 2329 Vers.
1227 2307 1263 2328 19.
1281 2319 1310 2322 —
1327 2307 1433 2333 Hie-ron„
1451 2306 1520 2333 Epist.
1539 2306 1575 2328 53.
1594 2305 1659 2333 (alias
1672 2306 1732 2334 103.)
1751 2312 1773 2327 n.
1791 2306 1820 2327 8:
1839 2306 1898 2328 Huc-

1054 2353 1128 2375 usque
1145 2347 1327 2372 Pentateuchus,
1344 2345 1430 2374 quibus
1447 2346 1550 2373 quinque
1567 2344 1645 2367 verbis
1658 2345 1719 2373 loqui
1732 2351 1756 2367 se
1769 2345 1826 2367 velle
1839 2346 1898 2372 Apo-

1054 2387 1125 2409 stolus
1142 2385 1169 2415 [1.
1187 2385 1239 2408 Cor.
1257 2385 1298 2413 14,
1317 2385 1363 2413 19.)
1381 2385 1403 2406 in
1421 2384 1518 2406 Ecclesia
1537 2384 1654 2411 gloriatur.
1679 2383 1724 2406 Cfr.
1748 2384 1858 2411 August„
1876 2383 1898 2405 in

1054 2427 1116 2448 loan.
1133 2426 1220 2452 Evang.
1238 2427 1265 2446 tr.
1282 2424 1319 2446 24.
1337 2430 1358 2446 n.
1378 2423 1398 2445 ὅ.
1417 2429 1466 2452 seq.

1117 2462 1137 2476 ²⁰
1155 2464 1221 2486 Vers.
1238 2464 1275 2485 27.

1118 2501 1135 2514 ¹¹
1155 2503 1237 2524 Psalm.
1255 2502 1294 2529 18,
1313 2502 1333 2523 5.
1357 2513 1388 2517 -
1405 2501 1513 2530 SequItur
1538 2501 1604 2523 Marc.
1633 2500 1673 2527 16,
1697 2500 1734 2522 15.
1757 2499 1803 2522 Csr.
1829 2506 1899 2528 supra

1054 2549 1075 2564 n.
1096 2543 1132 2564 18.
1147 2554 1179 2558 -
1196 2542 1228 2563 De
1250 2541 1438 2568 transpositione,
1455 2546 1526 2568 quam
1550 2539 1634 2562 faciunt
1656 2539 1726 2567 aliqui
1750 2539 1825 2566 codd„
1845 2539 1900 2561 vide

1054 2587 1124 2609 supra
1141 2587 1163 2602 n.
1182 2580 1217 2602 10.
1236 2586 1289 2607 pag.
1307 2580 1364 2607 319,
1382 2582 1460 2601 notam
1477 2579 1500 2601 7.

1117 2618 1136 2631 ¹²³
1153 2620 1193 2641 Ed.
1211 2625 1264 2641 cum
1283 2618 1388 2646 pluribus
1405 2618 1472 2640 codd.
1491 2616 1694 2646 omnipotentiam.

1118 2657 1137 2671 ¹⁸
1154 2658 1197 2681 Csr.
1216 2659 1239 2680 ll.
1257 2658 1318 2679 Sent.
1337 2657 1360 2679 d.
1379 2658 1400 2679 1.
1417 2663 1440 2685 p.
1458 2658 1472 2679 l.
1491 2656 1547 2679 duh.
1566 2657 1586 2678 2.
1603 2659 1625 2678 et
1641 2663 1664 2684 p.
1687 2657 1710 2678 ll.
1728 2662 1750 2684 q.
1772 2657 1778 2678 1
1793 2665 1798 2683 ;
1816 2656 1840 2678 d.
1863 2656 1899 2678 31.

1054 2705 1075 2721 a.
1094 2699 1115 2720 1.
1132 2705 1154 2727 q.
1178 2698 1185 2719 1
1198 2715 1203 2724 ,
1220 2696 1260 2719 ubi
1283 2696 1360 2724 opinio
1382 2696 1566 2718 Manichaeorum
1590 2695 1705 2717 refellitur.
1723 2707 1753 2711 —
1770 2694 1899 2722 chrysost,

1056 2738 1077 2759 in
1095 2738 1154 2759 loan.
1172 2736 1250 2758 homil.
1269 2735 1306 2757 42.
1324 2735 1389 2761 (alias
1407 2735 1453 2763 41.)
1472 2741 1493 2756 n.
1512 2736 1538 2756 2:
1557 2735 1636 2762 Neque
1653 2734 1713 2756 enim
1731 2733 1833 2756 subiecta
1852 2739 1900 2755 nia-

1055 2776 1111 2798 teria
1128 2782 1188 2803 opus
1205 2774 1317 2801 habebnt,
1335 2774 1375 2796 sed
1393 2780 1423 2796 ne
1443 2776 1546 2795 creatura
1564 2773 1681 2795 videretur
1704 2773 1775 2795 aliena
1799 2778 1849 2794 csse
1870 2772 1900 2794 ab

1056 2815 1127 2842 ipsius
1145 2813 1268 2841 sapientia,
1286 2813 1309 2835 id
1326 2812 1390 2841 quod
1408 2818 1531 2840 perperam
1549 2812 1706 2834 marcionistae
1718 2811 1838 2839 dicebant,
1850 2812 1900 2839 ipsa

1056 2856 1158 2875 creatura
1176 2853 1205 2875 ad
1223 2852 1330 2874 miracula
1348 2852 1460 2880 patranda
1478 2858 1534 2874 usus
1551 2854 1591 2873 est.

1778 2935 1801 2956 11

1913 1686 1970 1710 Hesp.
