2296 3316
280 685 369 704 Tertium.

242 997 328 1016 Secundo
345 1002 372 1015 re-

249 1022 317 1039 sistunt
324 1021 373 1039 iudi-

249 1045 278 1063 cio
285 1044 372 1063 severita-

251 1068 283 1088 tis,
300 1068 323 1086 de
336 1073 372 1091 quo

250 1091 291 1109 tria.

278 1371 368 1390 Primum.

243 1418 326 1437 Afflictio
338 1418 370 1437 fla-

253 1442 366 1465 gellationia.

251 1792 314 1812 Iri-isio
327 1798 370 1816 qua-

268 1816 354 1840 druplex.

264 1886 283 1905 lu
296 1891 371 1905 torona.

392 182 448 209 [290

394 258 443 285 Est
462 260 558 285 autem.
591 256 765 283 consuetudo
798 254 889 287 cobis,
912 257 943 281 ut
964 262 1055 281 unum
1089 253 1233 281 dimittam

392 304 470 332 vobis
491 304 519 331 in
540 301 662 339 pascha.
685 302 813 330 Victor¹:
841 301 938 337 «Quia
964 301 989 328 in
1013 300 1114 336 pascha
1134 308 1149 327 a
1177 307 1235 328 ser-

391 350 477 378 vitute
499 348 606 377 liberati
628 351 709 382 sunt,
731 348 758 376 in
788 348 887 384 pascha
910 347 977 375 hacc
1003 346 1174 374 consuetudo
1194 346 1235 373 di-

391 395 513 423 mittendi
537 394 587 422 suit
610 394 700 423 illis».
732 393 860 427 Vultis2,
883 393 1029 421 dimittam
1047 392 1124 420 vobis
1139 400 1235 429 reqem

391 440 589 469 Iudaeorum?
611 441 794 477 Augustinus:
821 451 834 465 α
850 440 932 468 Avelli
952 439 986 467 ab
1001 439 1061 467 eius
1082 438 1165 467 corde
1180 447 1234 466 non

390 488 493 524 potuit,
515 487 656 515 Christum
689 495 748 516 esse
781 495 873 524 regem
896 486 1076 519 ludaeorum,
1102 488 1234 522 tanquam

390 536 440 563 hoc
462 534 512 568 ibi,
535 534 606 562 sicut
628 534 654 562 in
678 535 774 569 titulo,
789 534 848 571 ipsa
863 533 964 563 veritas
985 533 1096 567 fixerit,
1111 532 1145 561 de
1167 541 1234 570 qua,

388 581 454 618 quid
477 584 564 615 esset,
587 581 769 618 interrogavit
783 594 809 609 ».

466 627 511 656 73.
533 627 620 664 (Vers.
637 628 705 664 to).
721 628 824 657 Deinde
839 628 968 657 subditur
983 627 1135 656 induratio
1150 627 1234 656 mali-

388 675 445 703 tiae
465 675 496 703 in
513 675 646 709 ludaeis,
662 676 709 712 qui
726 684 780 704 non
795 676 909 704 fuerunt
923 675 989 703 ssexi
1005 678 1119 711 propter
1133 674 1235 703 Christi

386 722 568 751 innocentiam
590 730 640 751 nec
655 722 689 751 ad
704 723 803 752 iudicis
824 723 1009 755 clementiam,
1026 721 1072 750 sed
1088 721 1180 759 potius
1195 721 1234 750 rei

1001 176 1170 204 COMMENT.
1194 176 1225 203 IN
1248 175 1393 203 IOANNEM
1415 175 1443 203 C.
1466 176 1530 208 xix.

1292 252 1490 289 perstiterunt:
1512 252 1585 280 uude
1606 252 1684 280 dicit:
1708 252 1917 281 clamaverunt
1932 261 2043 281 rursus
2057 256 2081 281 et
2096 253 2140 281 di-

1291 299 1437 327 xeruntfl:
1460 298 1524 327 Non
1546 297 1639 333 hunc,
1661 299 1710 327 sed
1740 299 1928 334 Barabbam,
1951 300 2054 329 scilicet
2085 308 2138 328 non

1293 346 1367 374 hunc
1389 346 1578 379 innocentem,
1600 345 1646 374 sed
1669 354 1752 382 quem
1774 346 1878 375 scimus
1899 355 1959 376 esse
1981 349 2139 381 nocentem3

1292 392 1366 421 unde
1382 392 1554 429 Evangelista
1568 392 1656 422 addit:
1675 393 1746 422 Erat
1761 397 1857 422 autem
1874 393 2030 422 Barabbas
2046 393 2140 428 latro;

1292 439 1318 467 in
1341 447 1397 476 quo
1412 439 1483 467 mira
1498 439 1601 468 malitia
1621 439 1791 476 exprimitur
1813 440 1991 474 Iudaeorum,
2013 439 2087 477 quod
2102 440 2140 469 la-

1292 489 1400 515 tronem
1422 486 1523 515 eteius
1538 486 1654 515 salutem
1671 486 1781 515 Christo
1801 486 1917 516 Domino
1938 487 2140 524 praetulerunt.

1292 532 1368 561 Unde
1388 532 1602 569 Chrysostomus
1612 532 1639 560 4:
1667 544 1680 558 α
1694 532 1717 561 Ο
1731 533 1765 561 de
1779 533 1885 569 polluta
1899 535 2005 562 mente!
2021 533 2140 562 Noxium

1293 582 1391 616 petunt
1421 579 1538 613 dimitti,
1570 579 1716 607 innoxium
1752 587 1819 608 vero
1853 580 1972 608 cruciari
2005 580 2140 615 iubent»;

1293 628 1410 655 Actuum
1433 626 1530 655 tertio:
1557 638 1570 651 «
1587 626 1640 655 Vos
1662 626 1768 655 iustum
1789 630 1816 655 et
1838 629 1965 656 sanctum
1980 627 2101 664 negastis
2114 630 2142 656 et

1292 674 1412 711 petistis,
1435 673 1528 702 virum
1549 673 1714 702 homicidam
1746 673 1842 702 donari
1876 674 1966 709 vobis3
1998 678 2141 704 auctorem

1293 729 1359 750 vero
1381 721 1452 749 vitae
1474 720 1651 749 interfecistis
1666 732 1693 749 n.

1139 831 1300 859 Carnutum
1322 831 1387 859 XlX.

468 944 491 971 l.
520 942 622 970 Tune⁵
645 941 838 979 apprehendit
868 950 933 970 eum
955 945 1006 970 etc.
1040 941 1086 969 Hic
1116 940 1234 969 intendit

386 998 449 1019 eum
472 989 574 1018 Pilatus
606 988 725 1017 liberare
754 989 864 1017 iudicio
892 988 1068 1021 severitatis,
1089 987 1232 1023 flagellans

386 1037 574 1068 innocentem,
596 1039 627 1063 ut
658 1036 749 1064 zelum
778 1036 885 1072 mitiget
917 1035 1096 1068 ludaeorum3
1119 1037 1146 1062 et
1168 1037 1233 1062 sunt

387 1083 430 1111 hic
462 1086 518 1111 tres
549 1082 711 1118 particulae.
745 1082 773 1110 ln
804 1082 894 1119 prima
924 1081 1091 1110 describitur
1125 1079 1234 1108 Christi

387 1129 581 1167 iqnoniiniosa
601 1127 778 1166 slaqellatio;
793 1129 930 1161 secunde,
944 1127 1086 1165 flaqellati
1099 1127 1232 1160 ostensio,

387 1177 460 1205 ibi⁶:
485 1176 583 1205 Exivit
603 1176 711 1204 iterum
735 1176 851 1204 Pilatus
871 1175 972 1212 foras:
995 1175 1090 1208 tertio,
1113 1174 1232 1203 Iudaeo-

387 1232 454 1251 rum
475 1223 644 1256 induratio,
666 1222 719 1251 ibi:
744 1222 818 1251 Cum
839 1231 906 1260 erqo
921 1222 1059 1251 vidissent
1074 1230 1140 1250 eum
1159 1229 1233 1258 pon-

386 1269 482 1306 tifices.

463 1317 552 1354 (Vers.
578 1318 624 1351 1.).
647 1317 848 1354 anominiosa
871 1316 980 1346 Christi
996 1316 1153 1354 slaqellatio
1168 1315 1233 1344 insi-

386 1368 490 1394 nuatur
511 1365 602 1402 primo
623 1365 651 1393 in
673 1364 845 1402 afflictione,
867 1364 964 1393 deinde
986 1364 1012 1392 in
1028 1363 1179 1392 derisione.
1196 1379 1232 1383 —

389 1412 582 1449 ,afflictionem
604 1412 707 1449 tangit,
729 1420 793 1440 cum
815 1411 896 1440 dicit:
932 1411 1012 1439 Tune
1043 1408 1235 1447 apprehendit

390 1459 504 1488 Pilatus
526 1459 622 1487 Iesum
643 1462 668 1487 et
687 1458 854 1496 fluqellavit.
877 1459 1090 1494 Chrysostomus
1102 1458 1128 1485 ⁷:
1149 1469 1162 1482 «
1177 1457 1235 1485 Fla—

388 1506 498 1543 gellavit
528 1514 593 1535 eum
625 1506 741 1540 Pilatus,
762 1506 887 1534 fortassis
918 1505 1061 1533 absolvere
1092 1504 1187 1533 volens
1208 1506 1235 1531 et

389 1553 514 1590 mitigare
542 1553 684 1582 Iudaicum
716 1553 806 1582 zelum
824 1564 850 1587 »3
879 1552 953 1581 unde
985 1553 1072 1580 Lucae
1103 1551 1235 1588 vigesimo

388 1600 469 1629 tertio
490 1600 563 1628 dixit
583 1600 699 1628 Pilatus:
726 1611 740 1625 «
754 1600 935 1628 Emendatum
956 1599 1034 1627 illum
1060 1598 1234 1632 dimittam»,

388 1647 414 1675 id
435 1650 477 1676 est
498 1647 613 1683 flagellis
627 1647 761 1675 afflictum
776 1647 810 1675 ad
824 1646 911 1683 magis
926 1645 1107 1682 mitigandum
1122 1644 1235 1673 ludaeo-

388 1702 451 1722 rum
473 1693 572 1722 zelum.
595 1710 632 1714 —
653 1693 798 1722 Afflictioni
820 1693 912 1721 addita
932 1696 974 1721 est
995 1692 1115 1720 irrisio:

466 1741 491 1768 Ξ.
515 1740 604 1776 (Vers.
627 1740 675 1775 2).
700 1741 734 1768 Et
754 1740 859 1768 milites
878 1739 1027 1776 plectentes
1049 1741 1100 1767 etc.
1123 1738 1155 1766 Et
1169 1737 1235 1774 quia

388 1795 466 1824 reges
496 1787 585 1815 solent
613 1787 745 1815 honorari
771 1787 862 1823 signo,
891 1786 987 1814 habitu
1016 1788 1043 1814 et
1071 1785 1156 1814 verbo
1177 1784 1235 1813 sive

390 1834 554 1863 salutatione
572 1836 599 1862 et
620 1834 793 1862 reverentiae
821 1833 1007 1866 exhibitione;
1030 1832 1090 1861 ideo
1111 1832 1235 1869 quadru—

388 1881 496 1917 pliciter
507 1880 518 1896 s
540 1880 672 1908 irrident:
695 1880 786 1916 primo
804 1880 832 1908 in
846 1880 930 1916 siquo
944 1887 1084 1913 coronae,
1105 1878 1179 1915 quod
1194 1880 1235 1907 est

388 1927 498 1964 signum
520 1927 628 1964 regale,
660 1926 747 1955 unde:
769 1926 937 1960 Plectentes,
959 1926 986 1954 id
1016 1929 1058 1954 est
1086 1926 1233 1962 plicantes,

388 1982 527 2002 coronam
548 1973 582 2002 de
602 1973 714 2010 spiniS,
735 1972 763 2001 id
784 1976 825 2001 est
847 1972 936 2001 iuncis
963 1972 1077 2000 marinis
1098 1972 1187 2000 acutis
1208 1973 1235 1999 et

387 2020 538 2058 pungitivis
558 2020 592 2049 ad
612 2020 727 2048 modum
747 2019 906 2056 spinarum;
923 2019 1127 2055 imposuerunt
1144 2018 1236 2055 capiti

387 2068 457 2096 eius.
479 2068 519 2096 De
540 2068 592 2096 hac
613 2075 715 2095 corona
742 2066 919 2094 Canticorum
949 2065 1067 2094 terti092
1095 2077 1108 2090 (ι
1124 2065 1235 2102 Egredi-

1290 940 1373 973 mini,
1396 940 1467 968 tiliae
1489 940 1568 974 Sion,
1591 944 1618 969 et
1633 940 1723 969 videte
1739 948 1831 977 regem
1848 941 2020 971 Salomonem
2041 942 2069 971 in
2083 942 2140 971 dia-

1290 986 1414 1020 demate,
1437 995 1493 1023 quo
1514 986 1657 1015 coronavit
1678 994 1742 1015 eum
1764 989 1852 1015 mater
1867 995 1918 1016 sua
1932 999 1960 1022 »‚
1975 988 2002 1017 id
2017 991 2058 1017 est
2077 996 2140 1025 syn-

1290 1041 1384 1069 agoga.
1408 1049 1444 1053 —
1466 1033 1569 1061 Deinde
1597 1033 1719 1061 illudunt
1746 1041 1809 1061 eum
1838 1033 1865 1062 in
1891 1033 1994 1063 habitu
2022 1035 2065 1064 vel
2094 1043 2140 1064 ve—

1290 1079 1370 1113 stitu;
1393 1079 1466 1108 unde
1488 1079 1607 1108 dicitur:
1632 1080 1664 1108 Et
1685 1083 1759 1108 veste
1770 1088 1929 1117 purpurea
1943 1081 2140 1111 circumdede-

1290 1130 1362 1154 runt
1392 1134 1474 1160 eum,
1497 1126 1576 1163 quasi
1608 1129 1680 1155 esset
1710 1134 1778 1161 rex;
1804 1126 1832 1155 in
1864 1136 1920 1164 quo
1951 1128 2140 1165 significatur,

1290 1172 1364 1209 quod
1396 1181 1460 1202 caro
1491 1173 1551 1202 eius
1582 1176 1642 1202 erat
1673 1174 1808 1211 sanguine
1839 1174 2037 1211 purpuranda3
2066 1175 2141 1212 quod

1290 1219 1475 1256 significatum
1490 1223 1531 1249 est
1545 1219 1657 1249 Genesis
1679 1220 1821 1257 trigesimo
1842 1221 1958 1257 septimo
1971 1221 2005 1249 ¹⁰:
2033 1233 2046 1247 «
2059 1222 2141 1251 Tule-

1290 1270 1357 1295 runt
1379 1267 1499 1295 tunicam
1524 1267 1619 1303 loseph
1635 1270 1662 1295 et
1682 1267 1709 1295 in
1732 1267 1866 1304 sanguine
1888 1267 1982 1302 haedi,
1997 1276 2081 1305 quem
2095 1276 2141 1297 oc-

1291 1313 1432 1347 ciderant,
1464 1314 1610 1342 tinxerunt
1625 1324 1655 1348 »;
1678 1317 1705 1342 et
1733 1314 1817 1343 Isaiae
1838 1315 2011 1352 sexagesimo
2042 1315 2140 1344 tertio:

1295 1372 1308 1386 «
1324 1361 1416 1397 Quare
1428 1361 1547 1389 rubrum
1562 1364 1603 1389 est
1615 1361 1808 1389 indumentum
1825 1364 1920 1396 tuum,
1936 1365 1963 1390 et
1978 1362 2141 1391 vestimenta

1292 1411 1340 1436 tua
1360 1408 1432 1437 sicut
1453 1408 1618 1436 calcantium
1634 1408 1660 1436 in
1677 1408 1810 1436 torculari
1822 1411 1856 1436 n?
1871 1424 1908 1429 —-
1923 1408 2027 1438 Deinde
2048 1409 2141 1438 illusio

1291 1455 1319 1484 in
1340 1455 1530 1487 salutatione,-
1552 1455 1626 1483 unde
1646 1454 1727 1483 dicit:

1371 1502 1397 1531 3.
1420 1502 1509 1538 (Vers.
1533 1501 1580 1538 3.).
1606 1502 1640 1530 Et
1654 1501 1805 1530 veniebant
1818 1502 1860 1530 ad
1872 1510 1938 1530 eum
1952 1505 1977 1531 et
1992 1502 2139 1531 dicebant:

1293 1551 1362 1583 Ave,
1378 1558 1430 1577 rex
1445 1549 1641 1583 Iudaeorum,
1657 1552 1684 1577 et
1705 1549 1758 1577 hoc
1772 1549 1885 1586 quidem
1901 1550 1929 1578 in
1943 1549 2139 1587 opprobrium3

1292 1597 1468 1625 Threnorum
1491 1596 1622 1624 tertio¹¹:
1651 1607 1664 1621 α
1679 1595 1856 1624 Saturabitur
1881 1596 2039 1633 opprobriis
2054 1608 2080 1624 ».
2102 1613 2138 1617 —

1292 1644 1349 1672 Non
1371 1643 1460 1671 solum
1482 1643 1510 1671 in
1534 1642 1633 1677 verbo,
1662 1643 1709 1671 sed
1737 1643 1766 1671 in
1794 1643 1971 1677 reverentia,
1993 1643 2060 1680 quia
2080 1643 2140 1672 loco

1292 1689 1463 1718 reverentiae
1484 1689 1586 1717 dabant
1606 1689 1714 1725 alapas;
1736 1688 1811 1717 unde
1831 1688 1910 1717 dicit:
1934 1689 1969 1717 Et
1989 1688 2102 1717 dabant
2115 1689 2142 1717 ei

1291 1736 1416 1773 alapas;
1444 1737 1618 1765 Threnorum
1652 1736 1746 1765 tertio:
1783 1747 1796 1761 <t
1813 1736 1895 1765 Dabit
1919 1736 2085 1773 percutienti
2112 1744 2141 1765 se

1291 1784 1432 1816 maxillam
1448 1794 1475 1818 »;
1491 1786 1518 1812 et
1532 1783 1615 1812 Isaiae
1629 1783 1876 1820 quinquagesimo:
1897 1795 1910 1809 ι(
1925 1783 2032 1820 Corpus
2046 1791 2141 1812 meum

1291 1831 1352 1860 dedi
1374 1830 1595 1868 percutientibus
1616 1833 1643 1859 et
1663 1838 1747 1867 genas
1768 1838 1843 1859 meas
1865 1830 2031 1859 vellentibus
2042 1842 2068 1859 n.

1349 1878 1396 1906 ’4.
1419 1877 1508 1913 (Vers.
1531 1877 1579 1910 4.).
1612 1877 1745 1906 Eaeivit¹2
1766 1877 1874 1906 iterum
1902 1877 2021 1906 Pilatus
2045 1876 2139 1914 foras.

1292 1924 1338 1953 Hic
1360 1925 1473 1961 ponitur
1497 1923 1607 1953 Christi
1625 1923 1768 1962 slaqellati
1792 1928 1817 1953 et
1845 1924 1927 1953 illusi
1947 1924 2086 1959 ostensio,
2109 1927 2141 1953 ut

1290 1974 1455 2000 moveantur
1476 1971 1510 2000 ad
1532 1972 1670 2008 pietatem.
1694 1972 1725 1999 Et
1745 1971 1869 2008 primum
1890 1971 2002 2008 quidem
2025 1971 2141 2009 replica—

1290 2021 1338 2047 tur
1352 2018 1523 2052 innocentia;
1538 2018 1624 2047 unde:
1641 2018 1732 2046 Dicit:
1750 2019 1835 2052 Eece,
1851 2018 1966 2047 adduco
1982 2018 2061 2047 vobis
2075 2027 2140 2047 eum

1289 2064 1383 2102 foras.
1407 2065 1547 2093 Rationem
1569 2065 1677 2094 subdit:
1705 2065 1738 2093 Ut
1759 2065 1956 2103 coqnoseatiQ
1982 2065 2054 2103 quia
2075 2066 2141 2094 nul-

450 2261 457 2274 ¹
475 2262 519 2285 Csr.
537 2267 607 2289 supra
620 2267 675 2289 pag.
686 2260 744 2287 275,
756 2263 810 2283 nota
824 2260 859 2282 Μ,
872 2260 957 2282 Eadem
970 2258 1041 2281 verba
1054 2259 1146 2285 exhibet
1156 2259 1235 2281 Glossa

387 2301 512 2325 ordinaria
528 2301 552 2323 in
569 2301 630 2323 hunc
646 2300 731 2322 locum.
749 2300 837 2322 Similia
853 2300 918 2321 all'ert
935 2300 959 2321 S.
984 2299 1086 2320 Thomas
1107 2298 1130 2320 in
1152 2297 1236 2321 Catena

387 2347 456 2363 aurea
473 2341 496 2363 in
513 2341 574 2363 loan.
591 2346 610 2362 e.
630 2340 666 2361 le.
683 2346 705 2361 n.
724 2339 765 2366 ll,
781 2338 825 2362 sub
846 2338 940 2361 nomine
961 2338 1044 2360 Bedae.
1066 2337 1111 2360 Csr.
1131 2337 1235 2364 Alcuin.,

387 2381 409 2402 in
427 2381 487 2402 hunc
503 2380 589 2402 locum.

450 2418 459 2431 ²
475 2419 575 2447 Vulgata
599 2418 674 2441 Vultis
696 2424 761 2447 erqo.
782 2429 813 2434 —
836 2417 952 2440 Sententia
974 2417 1071 2445 August.
1094 2415 1191 2438 habetur
1214 2416 1236 2437 in

389 2458 450 2480 loan.
466 2459 553 2485 Evang.
571 2460 599 2479 tr.
617 2458 669 2479 ΜΒ.
687 2463 709 2479 n.
727 2457 749 2479 5.

452 2496 461 2508 ⁹
478 2498 576 2524 Vulgata
595 2496 766 2519 clamaverunt
790 2502 846 2525 erqo
864 2501 965 2518 rursum
983 2500 1063 2517 omnes
1080 2493 1189 2517 dicentes.
1206 2506 1236 2510 —

389 2536 501 2564 Superius
518 2538 570 2563 post
587 2535 613 2557 in
630 2534 723 2558 ludaeis
740 2535 808 2558 codd.
826 2535 920 2563 legunt:
938 2533 980 2563 qui
995 2539 1044 2556 non
1061 2533 1089 2562 [D
1106 2533 1171 2555 addit
1186 2532 1236 2562 fue-

388 2574 459 2603 runt]
476 2573 535 2603 sleari
548 2575 647 2603 propter
664 2573 836 2601 innocentiam,
848 2579 891 2596 nec
902 2572 935 2596 ad
946 2572 1075 2595 innocentis
1094 2571 1121 2601 [H
1140 2570 1236 2601 iudicis]

390 2613 550 2641 dementiam,
568 2612 608 2635 sed
622 2612 703 2642 potius
719 2612 755 2635 rei
762 2621 772 2641 ,⁵
789 2612 852 2635 unde
867 2612 930 2636 dicit.
948 2613 991 2634 Pro
1005 2611 1087 2641 potius
1103 2610 1140 2634 rei
1155 2611 1236 2633 Gorra-

391 2659 433 2674 nus
449 2651 475 2674 in
491 2651 584 2675 mulitia
600 2658 659 2680 sua,
677 2658 723 2681 quo
741 2651 849 2681 lonqins,
867 2658 893 2674 eo
911 2650 993 2674 acrius
1008 2650 1172 2680 perstiterunt.

452 2690 461 2703 ‘¹
479 2692 502 2714 ln
520 2692 580 2713 loan.
598 2692 675 2713 homil.
694 2691 731 2713 84.
749 2691 814 2719 (alias
832 2691 878 2719 83.)
894 2697 916 2712 n.
931 2690 986 2713 420
998 2690 1162 2712 exsecrandam
1176 2696 1237 2711 men-

390 2732 452 2753 tem!
469 2730 570 2753 Moribus
594 2730 638 2753 sibi
661 2731 746 2753 similes
763 2732 785 2752 et
801 2730 881 2753 noxios
898 2730 1027 2757 dimittunt,
1045 2729 1161 2751 innoxium
1179 2734 1235 2751 vero

390 2769 459 2797 plecti
475 2769 570 2796 iubent,
594 2770 630 2791 hic
647 2770 707 2792 enim
725 2770 771 2791 iam
789 2770 843 2792 olim
862 2775 912 2791 mos
930 2769 1019 2791 illorum
1038 2771 1093 2790 erat.
1109 2780 1140 2784 —
1158 2768 1236 2796 Sequi-

391 2811 427 2831 tur
444 2809 492 2831 Act.
510 2809 536 2836 3,
556 2808 592 2831 ⁴4.
609 2811 630 2831 et
651 2809 683 2830 15.

453 2846 463 2859 ⁶
481 2848 579 2876 Vulgata
600 2848 665 2870 Tunc
682 2854 746 2877 erqo.
764 2860 794 2864 —
811 2847 857 2870 Cir.
874 2854 944 2875 supra
962 2854 982 2870 e.
1000 2848 1037 2869 18.
1048 2853 1071 2869 n.
1088 2846 1131 2873 70,
1150 2846 1188 2868 ubi
1207 2846 1236 2869 de

390 2886 511 2909 divisionis
529 2886 648 2909 membris.

453 2923 463 2937 ⁶
480 2926 546 2948 Vers.
571 2925 598 2947 4:
624 2924 705 2948 Earirit
729 2931 786 2955 erqo
811 2925 897 2948 iterum
922 2928 980 2952 θεας
1004 2932 1026 2947 v.
1049 2925 1069 2947 6.
1091 2924 1169 2952 incipit
1192 2927 1233 2946 ter-

391 2964 420 2986 tia
438 2970 498 2992 pars.

1355 2258 1363 2271 ⁷
1381 2260 1404 2282 ln
1423 2261 1482 2282 loan.
1500 2260 1577 2282 homil.
1596 2260 1632 2282 84.
1652 2260 1716 2288 (alias
1734 2260 1781 2289 83.)
1799 2266 1822 2282 n.
1843 2260 1868 2281 l:
1886 2259 2031 2289 Flaqellauit
2040 2266 2095 2283 eum
2106 2259 2141 2282 Pi-

1294 2298 1369 2327 latus,
1388 2300 1444 2321 sorle
1461 2302 1498 2326 ut,
1511 2300 1590 2322 sedato
1602 2299 1740 2322 ludaeorum
1754 2300 1844 2326 surore,
1857 2298 1919 2321 illum
1933 2301 2031 2321 erueret.
2042 2311 2073 2315 —
2085 2298 2142 2321 Sub-

1294 2338 1346 2360 inde
1364 2338 1475 2366 allegatur
1493 2340 1547 2361 Luc.
1567 2339 1609 2367 23,
1629 2339 1670 2365 16,
1688 2338 1710 2360 in
1728 2344 1798 2367 quem
1816 2338 1893 2360 locum
1910 2338 1973 2360 Beda
1990 2338 2036 2360 ait:
2053 2338 2141 2366 Flagris

1292 2377 1356 2399 illum
1368 2380 1390 2399 et
1402 2377 1517 2405 ludibriis,
1529 2380 1642 2406 quantum
1655 2377 1699 2405 ipsi
1711 2376 1807 2406 iubetis,
1819 2377 1949 2399 dummodo
1960 2377 2079 2400 innoxium
2091 2382 2142 2399 san-

1293 2416 1387 2443 guinem
1406 2422 1452 2438 non
1469 2416 1561 2444 sitiatis,
1579 2416 1687 2438 afficiam.

1355 2453 1364 2465 Β
1383 2455 1422 2476 Ed.
1445 2461 1499 2477 cum
1517 2456 1620 2477 Gorrano
1638 2454 1770 2484 tripliciter.

1355 2491 1364 2504 ⁹
1382 2494 1447 2516 Vers.
1461 2494 1496 2515 ll.
1509 2506 1540 2510 —
1553 2495 1610 2516 Petr.
1623 2493 1755 2521 Comestor,
1768 2493 1851 2515 Histor.
1872 2493 2021 2522 scholastica,
2034 2493 2056 2515 in
2068 2493 2142 2515 Evan-

1292 2532 1366 2560 gelio,
1383 2538 1403 2554 c.
1422 2533 1481 2554 468:
1500 2533 1544 2561 Qui
1561 2533 1669 2555 attentius
1685 2532 1844 2555 considerasse
1861 2538 1885 2555 se
1903 2532 1982 2554 dicunt
1998 2532 2077 2560 spinas
2092 2532 2141 2554 illas

1292 2573 1397 2593 asserunt
1413 2571 1492 2593 iuncos
1514 2571 1583 2593 fuisse
1601 2571 1714 2599 marinos,
1732 2577 1833 2599 quorum
1852 2571 1913 2593 acies
1929 2576 1975 2593 non
1987 2570 2064 2592 minus
2075 2569 2141 2598 spina

1292 2609 1386 2637 pungit,
1404 2610 1458 2638 quia
1476 2610 1534 2632 dura
1552 2612 1586 2632 est
1602 2612 1624 2632 et
1641 2610 1792 2637 penetrativa.
1817 2610 1882 2632 Unde
1907 2612 1929 2631 et
1954 2611 2020 2638 poeta
2047 2608 2141 2638 [0vid.‚

1292 2648 1329 2670 IV.
1347 2648 1498 2676 Metamorph.
1515 2655 1539 2670 v.
1556 2648 1637 2677 299.]:

1513 2720 1519 2725 .
1537 2721 1542 2725 .
1560 2720 1565 2725 .
1582 2704 1608 2725 Et
1624 2706 1690 2725 acuta
1709 2703 1806 2731 cuspide
1824 2703 1894 2725 iunci.

1356 2765 1375 2778 ¹⁰
1393 2767 1457 2789 Vers.
1476 2767 1512 2789 3¹.
1531 2779 1562 2783 —
1579 2766 1688 2795 Sequitur
1705 2767 1755 2789 lsai.
1772 2767 1815 2795 63,
1833 2767 1854 2788 2.

1356 2805 1374 2817 ¹¹
1394 2806 1457 2828 Vers.
1476 2806 1517 2832 30,
1536 2805 1591 2827 ibid.
1608 2808 1642 2827 est
1654 2812 1702 2834 seq.
1714 2806 1793 2828 locus:
1811 2804 1880 2828 Dabit
1897 2807 1952 2833 etc,
1965 2806 2017 2832 post
2028 2810 2099 2833 quem
2111 2804 2140 2826 al-

1292 2845 1381 2873 legatur
1400 2845 1449 2867 lsai.
1466 2845 1508 2872 50,
1526 2845 1547 2866 6.

1356 2882 1374 2896 ¹⁹
1393 2884 1490 2912 Vulgata
1507 2883 1588 2907 Emivit
1604 2889 1673 2913 erqo,
1694 2889 1755 2912 quae
1771 2883 1839 2906 etiam
1857 2883 1952 2905 inferius
1968 2888 2011 2910 pro
2023 2881 2085 2905 Dicit
2101 2882 2139 2903 ha⁴

1293 2924 1332 2946 bet
1349 2925 1371 2945 et
1386 2923 1443 2946 dicit
1458 2923 1498 2946 eis.

2286 923 2296 942 ln·

2273 884 2275 898 .

2272 963 2275 1032 l

2157 1044 2176 1064 ln
2189 1044 2253 1064 habitu.
2273 1049 2275 1056 ¹

2157 1418 2177 1438 ln
2189 1419 2247 1439 verbo.

2156 1653 2177 1672 In
2189 1653 2249 1678 alapis.
2275 1649 2277 1656 ⁴

2159 1886 2256 1906 Secundum

2273 1143 2275 1195 i

2272 1442 2291 1460 ΙΝ

2272 1466 2296 1482 [Ui

2271 1487 2296 1534 {lt

2271 1538 2285 1567 tl

2271 1672 2296 1695 ln

2272 1700 2296 1738 ,ΡΛΙ

2274 1881 2276 1942 i

2270 2002 2296 2046 a

2270 2051 2282 2072 11

2272 2166 2274 2198 i

2271 2202 2275 2273 l

2271 2274 2274 2331 l

2271 2351 2278 2386 ι,

2270 2399 2277 2463 4,

2270 2468 2273 2531 ἵ
