2296 3316
3 895 28 916 tas
35 894 113 919 agnitio-

13 918 112 961 ³dquluque

724 152 894 181 COMMENT.
917 152 949 181 ΙΝ
970 152 1161 181 SAPIENTIAM
1182 152 1210 181 C.
1233 153 1275 181 lV.
1820 152 1870 182 131

126 233 266 268 exhibito;
281 233 363 270 primi
379 233 483 270 Regum
504 232 625 261 secundo
637 233 663 260 ¹:
690 243 704 256 «
718 230 770 268 Qui
792 232 973 259 contemnunt

125 287 170 309 me
197 282 280 309 erunt
312 279 445 317 ignobiles
460 291 486 307 ».
516 278 584 307 Sine
610 278 717 307 honore
724 274 733 312 2
761 277 890 314 inquam,
918 276 975 304 erit

125 327 286 356 novissima
299 329 428 355 senectus
443 325 560 354 illoram
569 348 578 360 ,
593 333 664 362 quae
679 328 770 353 tamen
785 323 899 352 deberet
913 330 973 351 esse

126 374 292 408 reverenda;
314 373 388 402 unde
409 373 519 401 Levitici
534 372 640 401 decimo
654 379 742 400 nono:
763 383 776 396 a
787 371 896 399 Honora
910 377 972 406 per-

125 429 220 450 sonam
241 421 314 450 senis
328 431 355 454 »;
378 420 442 449 item
464 419 509 448 hic
530 419 602 447 infra
622 418 743 455 capitulo
764 420 880 454 quarto:
900 428 913 441 «
926 416 973 444 Se-

125 471 222 497 nectus
249 467 414 497 venerabilis
441 469 498 500 est,
523 474 578 494 non
609 465 743 494 diuturna
769 471 860 501 neque
887 471 972 491 auno-

125 523 188 544 rum
210 522 327 543 numero
348 515 506 550 computata
520 524 547 541 n.

203 562 292 598 (Vers.
317 562 360 590 18.
386 561 450 596 19.).
474 561 506 589 Et
520 560 548 588 si
561 559 683 588 celerias
697 557 828 596 defuncti
840 556 971 594 fuerint,

125 609 228 638 scilicet
242 612 331 637 morte
346 607 555 646 praeoccupati,
570 606 724 636 secundum
745 605 812 634 illud
834 604 932 633 Psalmi
945 604 971 632 ²:

130 668 144 682 «
154 656 211 685 Viri
223 655 389 692 sanguinum
400 658 427 684 et
437 654 522 683 dolosi
539 662 592 682 non
605 653 788 681 dimidiabunt
798 652 857 681 dies
868 659 933 680 suos
943 663 970 680 υ.

126 702 191 731 Non
211 701 355 730 habebant
374 709 470 738 spem,
493 700 520 729 id
538 703 580 729 est
594 707 654 728 rem
669 702 806 736 speratam
822 702 883 736 post
897 707 972 727 mor-

125 752 196 783 tem,
217 749 321 777 scilicet
341 748 424 776 vitam
446 750 602 781 aeternam,
624 747 688 784 quia
715 758 728 772 «
743 754 805 784 spes
823 746 972 783 impiorum

125 795 267 833 peribit»,
290 794 503 823 Proverbiorum
525 794 638 823 decimo.
662 793 719 823 Nec
740 794 771 822 in
787 794 832 822 die
846 793 972 831 agnitio-

124 842 188 877 nis,
210 842 313 871 scilicet
333 841 513 875 universalis,
535 849 607 878 quae
628 841 680 870 erit
695 841 722 869 in
738 841 854 874 iudicio,
874 848 972 869 secun-

124 889 192 919 dum
212 889 335 918 Glossam
347 889 366 917 ⁵.
388 889 452 917 Dies
471 891 564 917 autem
586 888 678 917 iudicii
697 888 799 916 dicitur
813 887 874 916 dies
888 887 973 924 ‹tyni-

126 936 212 965 tionis
239 935 330 973 quoad
356 935 460 970 bonos,
482 935 548 972 quia
570 938 636 964 tunc
656 943 673 964 a
693 935 749 963 Deo
771 937 972 971 agnoscentur,

125 983 197 1012 sicut
223 983 323 1011 fratres
350 983 445 1020 loseph
466 983 501 1011 ab
523 983 597 1019 ipso,
624 982 736 1011 Genesis
761 980 973 1018 quadragesimo

124 1030 229 1068 quinto,
251 1030 317 1059 Item
327 1048 339 1065 ,γ
355 1030 446 1067 quoad
464 1030 573 1064 matos,
596 1029 662 1066 quia
683 1028 791 1058 occulta
811 1036 908 1056 eorum
928 1035 973 1056 co-

125 1080 310 1115 gnoscentur3
332 1077 437 1114 primae
459 1077 492 1105 ad
513 1076 670 1105 Corinthios
695 1078 814 1112 quarto:
843 1087 855 1100 «
871 1075 973 1103 lllumi-

125 1123 201 1152 nabit
215 1123 374 1152 abscondita
388 1124 567 1153 tenebrarum
581 1135 593 1148 »
610 1126 660 1151 etc.
677 1123 752 1156 Item,
768 1121 859 1159 quoad
875 1122 973 1158 ipsum

126 1171 235 1205 Deum,
263 1171 329 1208 quia
348 1179 364 1199 a
385 1171 491 1199 Sanctis
511 1173 712 1207 cognoscetur;
735 1170 840 1206 primae
861 1169 893 1197 ad
923 1169 973 1197 Co*

126 1217 244 1246 rinthios
268 1217 373 1246 decimo
395 1218 491 1246 tertio:
519 1230 532 1243 «
546 1218 623 1246 Tunc
645 1224 823 1254 cognoscam,
846 1216 917 1245 sicut
945 1219 972 1245 et
1001 1240 1003 1248 ‚

1029 230 1155 266 cognitus
1182 238 1244 259 sum
1259 243 1285 259 ».
1316 231 1398 265 item,
1423 231 1513 268 quoad
1537 231 1686 260 Christum
1714 230 1874 264 hominem,

1029 276 1094 313 quia
1115 280 1181 306 tunc
1202 285 1218 305 a
1238 278 1346 306 cunctis
1366 281 1460 314 aperte
1475 277 1629 311 videbitur3
1651 277 1735 306 Isaiae
1755 277 1874 314 quadra-

1029 323 1133 359 gesimo
1145 324 1175 352 ⁴:
1202 336 1215 349 «
1229 324 1338 353 Videbit
1357 324 1447 352 omnis
1467 332 1546 358 caro,
1568 324 1642 361 quod
1662 331 1693 352 os
1714 324 1821 352 Domini
1836 324 1875 352 lo-

1029 372 1125 398 cutum
1147 374 1188 399 est
1202 381 1229 405 »;
1250 371 1316 399 item
1338 370 1461 399 eiusdem
1483 370 1714 407 quinquagesimo
1736 370 1873 399 secundo:

1035 427 1048 441 κ
1063 416 1201 445 Videbunt
1222 425 1318 446 omnes
1339 417 1408 445 fines
1422 420 1513 445 terrae
1534 416 1655 445 salutare
1676 416 1723 445 Dei
1745 417 1831 445 nostri
1847 427 1874 451 »;

1030 463 1094 491 item
1121 464 1296 501 Apocalypsis
1323 464 1432 500 primo:
1459 475 1473 488 «
1487 463 1595 492 Videbit
1615 471 1678 492 eum
1700 463 1790 492 omnis
1810 471 1876 492 ocu-

1030 510 1073 539 lus
1088 522 1113 539 ».
1131 511 1209 545 ltem,
1225 511 1316 548 quoad
1336 511 1433 548 ipsam
1454 510 1615 544 mundum,
1637 510 1664 539 in
1683 518 1740 547 quo
1755 513 1820 538 tunc
1835 510 1876 538 ni-

1029 557 1068 586 hil
1090 558 1184 587 latebit
1205 558 1248 587 vel
1268 558 1468 591 abscondetur,
1491 557 1644 586 secundum
1665 557 1733 586 illud
1757 557 1874 586 Psalmi:

1034 616 1047 630 «
1062 605 1189 634 Revelata
1213 608 1278 634 sunt
1305 605 1482 634 fundamenta
1510 604 1585 633 orbis
1613 607 1752 633 terrarum
1769 616 1795 632 ».
1818 603 1875 633 Nec

1029 652 1060 680 in
1081 652 1141 685 die,
1164 652 1293 689 inquam,
1315 651 1488 689 aqnitionis,
1511 654 1619 687 repete:
1634 650 1790 685 habebant,
1806 650 1876 679 allo-

1028 699 1187 733 cutionem,
1216 699 1243 728 id
1270 703 1312 728 est
1340 699 1468 728 blandam
1497 700 1539 728 vel
1567 699 1796 733 consolatoriam,
1828 697 1876 726 sed

1028 746 1208 782 asperrimam
1222 740 1371 781 licentiam‘3
1384 746 1457 775 unde
1469 746 1595 775 Matthaei
1607 746 1738 783 vigesimo
1746 745 1842 782 quinto
1850 744 1875 773 ⁵:

1034 806 1047 819 «
1061 793 1196 822 Discedite
1210 801 1227 821 a
1241 801 1299 827 me,
1321 793 1456 822 maledicti
1472 805 1486 819 n
1505 795 1556 822 etc.
1571 810 1610 814 —
1624 792 1762 821 Nationes
1773 792 1784 809 ⁶
1799 792 1875 820 enim

1029 840 1163 878 iniquae,
1195 840 1222 868 id
1249 838 1298 868 est'
1318 840 1471 877 iniquitatis
1497 842 1604 868 actores
1631 839 1675 868 vel
1706 838 1874 873 imitatores,

1029 887 1113 916 dirae
1140 890 1210 915 sunt
1237 887 1513 921 consummationis,
1543 886 1570 914 id
1598 889 1639 915 est
1667 886 1745 919 finis,
1774 885 1876 914 scilicet

1029 933 1206 970 asperitatem
1233 940 1336 969 poenae
1358 933 1460 961 habent
1481 933 1508 961 in
1529 932 1602 969 fine,
1624 931 1758 969 quidquid
1780 931 1814 959 sit
1841 931 1875 959 de

1028 980 1193 1018 principio,
1216 980 1258 1008 vel
1279 980 1312 1008 de
1333 980 1441 1013 medio,
1463 979 1567 1016 quia⁷:

1150 1059 1197 1081 Non
1215 1058 1298 1081 eodem
1315 1064 1384 1080 cursu
1402 1057 1541 1086 respondent
1559 1057 1637 1080 ultima
1655 1057 1753 1085 primis;

1031 1121 1210 1150 Ecclesiastici
1239 1120 1456 1158 quadragesimo»
1477 1120 1608 1157 primo⁸:
1635 1132 1648 1145 «
1664 1121 1793 1149 Filiorum
1816 1127 1878 1157 pec-

1030 1172 1155 1197 catorum
1178 1168 1266 1205 periet
1287 1168 1442 1201 hereditas,
1464 1171 1491 1195 et
1511 1175 1574 1196 cum
1591 1167 1694 1196 semine
1710 1167 1819 1195 illorum
1835 1175 1878 1196 as-

1031 1216 1145 1245 siduitas
1166 1215 1307 1253 opprobrii
1323 1227 1350 1243 ».

892 1328 1053 1356 Carrrurun
1076 1327 1116 1355 lV.

164 1437 271 1476 Tertio,
293 1437 327 1468 de
347 1437 460 1468 iustitia
480 1438 598 1468 hominis
618 1437 655 1468 ad
676 1446 703 1468 se
723 1437 812 1477 ipsum
834 1437 932 1476 agitur

381 1485 483 1524 duplici
504 1484 717 1524 comparatione.

207 1581 230 1609 Ο
250 1589 339 1619 quam
358 1580 467 1618 pulcra
487 1584 528 1608 est
548 1582 599 1608 etc.
622 1579 668 1608 Hic
686 1579 741 1616 agit
755 1579 789 1607 de
804 1578 909 1607 iustitia
923 1578 973 1606 ho—

125 1628 207 1657 minis
227 1627 267 1656 ad
287 1636 316 1656 se
330 1627 436 1665 ipsam.
458 1625 636 1655 Commendat
656 1628 749 1654 autem
764 1625 913 1658 iustitiam,
930 1632 973 1652 re-

125 1675 224 1713 probat
244 1674 422 1708 iniustitiam,
443 1673 628 1710 comparando
649 1675 752 1701 statum
766 1672 904 1700 iustorum
919 1674 973 1700 sta-

126 1722 167 1751 tui
187 1721 354 1750 iniustorum
376 1721 466 1758 primo
484 1724 550 1749 ante
571 1720 732 1753 iudicium,
755 1718 858 1747 scilicet
879 1718 905 1746 in
922 1718 974 1746 hoc

126 1768 264 1806 capitulo;
287 1768 422 1802 secundo,
444 1768 476 1796 in
497 1767 624 1801 iudicio,
646 1767 767 1804 capitulo
788 1765 922 1803 sequenti.

192 1863 295 1891 Primo
316 1865 510 1899 comparatur
530 1865 626 1890 statas
647 1861 794 1889 iustorum
814 1860 909 1889 statui

238 1910 418 1938 iniustorum
439 1912 506 1938 ante
527 1909 672 1937 indicium
693 1908 854 1945 tripliciter.

205 2005 278 2033 Ante
298 2004 443 2032 iudicium
465 2003 628 2040 tripliciter:
650 2003 753 2039 primo,
775 2004 911 2039 quantum
939 2001 972 2029 ad

127 2054 229 2081 statum
249 2051 325 2080 vitae
345 2051 524 2088 praesentis;
546 2049 682 2084 secundo,
703 2052 840 2086 quantum
863 2048 897 2077 ad
919 2052 973 2077 sta-

127 2102 187 2128 tum
214 2098 335 2127 mortis:
358 2098 458 2126 Iustas
479 2098 506 2126 si
526 2101 637 2131 morte;
660 2097 757 2131 tertio,
778 2099 915 2133 quantum
939 2095 973 2124 ad

127 2148 228 2174 statum
247 2148 312 2182 post
332 2149 473 2173 mortem.-
497 2144 675 2173 Condemnat
697 2146 748 2172 etc.

220 2246 308 2277 Primo,
325 2246 396 2277 quoad
413 2245 502 2269 statum
518 2245 582 2269 vitae
598 2244 726 2275 praesentis
743 2243 875 2275 dupliciter.

205 2333 235 2363 In
256 2333 346 2370 prima
359 2335 437 2370 parte
452 2333 542 2370 primo
562 2332 717 2361 ostenditur
732 2333 820 2360 status
836 2331 974 2360 iustorum

128 2380 352 2410 commendabilis
378 2388 412 2408 em
439 2388 486 2413 se;
507 2379 644 2413 secundo,
665 2387 700 2407 ex
721 2381 816 2406 status
840 2377 973 2415 oppositi,

127 2427 230 2456 scilicet
250 2427 432 2461 iniustorum,
453 2426 674 2463 reprobatione:
696 2425 855 2463 Maltiyena
869 2427 920 2453 etc.
936 2441 975 2444 —

1029 1438 1136 1465 Statum
1166 1437 1303 1465 iustorum
1328 1436 1419 1473 primo
1446 1435 1619 1464 commendat
1642 1444 1658 1464 a
1689 1436 1805 1468 decore;
1837 1442 1879 1463 se-

1029 1483 1136 1518 cundo,
1151 1483 1186 1511 ab
1200 1483 1437 1511 immortalitate.-
1450 1482 1630 1511 Immortalis
1644 1486 1684 1510 est
1698 1485 1765 1516 etc.;
1783 1481 1878 1515 tertio,

1030 1531 1064 1559 ab
1085 1530 1302 1567 aedificatione:
1327 1530 1400 1559 Cam
1418 1538 1559 1567 praesens
1573 1532 1641 1564 etc.;
1661 1532 1777 1566 quarto,
1798 1537 1815 1557 a
1828 1537 1879 1561 ‚re-

1030 1578 1251 1606 muneratione.-
1275 1578 1309 1606 Et
1330 1577 1361 1605 in
1378 1580 1552 1615 perpetuum
1573 1579 1624 1605 etc.

1110 1624 1199 1661 (Vers.
1224 1624 1269 1659 1.).
1295 1623 1318 1652 Ο
1338 1632 1428 1662 qaam
1442 1623 1548 1661 pulcra
1563 1626 1630 1657 eto,
1646 1623 1725 1660 quasi
1739 1622 1827 1651 dicat:
1842 1622 1879 1651 ita

1030 1671 1127 1705 dixi9,
1158 1671 1261 1708 «quod
1288 1671 1412 1699 nationes
1440 1671 1590 1707 impiorum
1618 1673 1683 1698 sunt
1710 1670 1786 1698 dirae
1814 1677 1878 1698 con-

1031 1718 1223 1746 summationis
1237 1728 1264 1752 »3
1286 1717 1334 1746 sed
1354 1726 1370 1745 0
1391 1726 1479 1756 qaam
1500 1717 1608 1754 palera
1629 1720 1697 1751 etc¹⁷
1716 1716 1876 1745 admirando

1032 1765 1083 1793 hoc
1104 1764 1184 1799 dicit;
1203 1764 1328 1802 pulcra,
1355 1776 1368 1789 «
1383 1767 1519 1801 quantum
1541 1764 1573 1792 ad
1593 1771 1677 1800 opera
1691 1774 1718 1797 »;
1734 1767 1817 1792 easta
1829 1771 1875 1800 ye-

1030 1812 1154 1846 neratio,
1180 1815 1343 1849 «quantum
1371 1811 1404 1840 ad
1433 1811 1614 1840 innocentiam
1641 1810 1740 1839 mentis
1755 1821 1781 1844 »;
1806 1818 1873 1838 eam

1031 1859 1177 1892 claritate,
1205 1870 1218 1884 «
1233 1862 1368 1895 quantum
1389 1858 1422 1887 ad
1444 1858 1580 1887 virtutum
1602 1858 1721 1886 nitorem
1736 1869 1763 1891 »,
1779 1864 1877 1885 secun-

1030 1906 1097 1935 dum
1112 1906 1233 1935 Glossam
1244 1906 1274 1934 ¹⁰.
1286 1905 1461 1934 Canticorum
1476 1908 1576 1942 quarto
1589 1916 1595 1933 :
1615 1916 1629 1929 «
1643 1905 1710 1933 Tota
1724 1904 1822 1940 pulcra
1836 1911 1877 1937 es,

1031 1953 1119 1982 amica
1130 1961 1212 1981 mea»
1227 1956 1292 1987 etc.;
1305 1952 1370 1981 item
1387 1952 1474 1981 Lucae
1488 1951 1667 1980 duodecimo:
1688 1962 1701 1975 ι(
1716 1951 1776 1979 Sint
1790 1949 1877 1979 lumbi

1032 2000 1115 2029 vestri
1131 2000 1280 2037 praecincti
1295 2011 1322 2033 »,
1337 2007 1387 2036 per
1402 1999 1600 2033 innocentiam,
1619 2010 1632 2023 (ι
1648 2002 1675 2027 et
1690 1998 1819 2026 lucernae
1834 2005 1881 2026 ar-.

1030 2047 1167 2081 dentes»,
1189 2055 1239 2084 per
1260 2047 1397 2075 virtutum
1419 2047 1553 2079 nitorem;
1573 2058 1586 2070 «
1601 2049 1628 2074 et
1643 2053 1692 2073 vos
1712 2044 1815 2073 similes
1829 2044 1878 2072 ho-

1031 2094 1153 2123 minibus
1173 2094 1399 2130 exspectantibus
1419 2093 1562 2122 dominum
1585 2100 1667 2121 suum
1682 2104 1710 2126 »‚
1730 2099 1778 2128 per
1794 2091 1878 2119 bono—

1031 2150 1094 2170 rum
1116 2149 1232 2178 operum
1255 2140 1476 2169 sollicitudinem.
1499 2140 1530 2168 Et
1551 2139 1621 2167 bene
1635 2138 1710 2172 dixi,
1726 2137 1800 2175 quod
1812 2137 1879 2175 pul-

1031 2196 1086 2216 cra
1106 2191 1163 2221 est,
1191 2187 1294 2216 scilicet
1321 2186 1509 2223 pulcritudine
1531 2185 1676 2223 spirituali.
1700 2184 1879 2213 Immortalis

1031 2235 1107 2264 enim
1129 2238 1168 2263 est
1189 2234 1332 2262 memoria
1347 2233 1442 2267 illias,
1459 2241 1508 2270 per
1523 2233 1629 2261 felicem
1645 2231 1878 2265 recordationem3

1032 2281 1246 2310 Proverbiorum
1267 2280 1373 2309 decimo
1385 2281 1406 2297 ¹¹
1421 2291 1426 2308 :
1453 2292 1466 2305 «
1482 2280 1611 2308 Memoria
1627 2279 1690 2308 iusti
1707 2287 1771 2307 cum
1793 2278 1880 2307 laudi-

1032 2329 1085 2358 bus
1099 2340 1126 2356 ».
1144 2328 1290 2364 Quoniam
1304 2331 1330 2356 et
1343 2328 1425 2365 apud
1440 2327 1533 2355 Deam
1546 2331 1616 2355 nota
1630 2329 1686 2361 est,
1708 2334 1758 2363 per
1779 2334 1878 2362 appro-

1032 2376 1183 2410 bationem;
1199 2374 1335 2403 secundae
1355 2374 1390 2403 ad
1410 2375 1585 2403 Timotheum
1607 2373 1745 2402 secundo:
1773 2384 1786 2398 «
1800 2373 1879 2401 Novit

1032 2422 1182 2457 Dominus,
1197 2422 1244 2458 qui
1260 2424 1325 2450 sunt
1339 2421 1399 2450 eius
1414 2433 1440 2449 ».
1458 2422 1493 2449 Et
1509 2421 1591 2458 apud
1610 2420 1754 2454 homines,
1777 2419 1880 2449 scilicet

190 2579 198 2593 ¹
215 2581 282 2603 Vers.
300 2581 337 2603 30.
354 2593 385 2597 —
402 2580 535 2609 Sequuntur
552 2581 624 2602 Levit.
643 2580 685 2609 49,
702 2580 740 2602 32.
757 2582 779 2602 et
797 2580 851 2608 Sap.
870 2578 897 2607 4,
916 2579 938 2601 8.

189 2618 199 2632 ²
216 2620 298 2642 Psalm.
315 2619 357 2647 54,
375 2619 411 2642 24.
429 2632 460 2636 —
477 2619 585 2648 Sequitur
602 2619 670 2642 Prov.
688 2619 730 2648 40,
747 2620 785 2641 28.

189 2657 199 2671 ⁸
216 2659 304 2687 Nempe
320 2658 483 2682 ordinariam:
502 2659 530 2681 ln
546 2658 583 2681 die
598 2657 739 2688 agnitionis,
752 2658 776 2680 id
787 2660 821 2680 est
833 2657 911 2680 iudicii
924 2656 975 2686 [Ra-

127 2697 214 2721 banus:
231 2697 293 2721 hora
308 2697 413 2721 videlicet
429 2693 572 2720 aniversalis
588 2697 691 2727 iudicia,
709 2697 804 2726 quando
827 2697 891 2719 electi
912 2702 924 2719 a
943 2696 975 2718 iu-

128 2737 179 2760 dice
195 2743 238 2760 suo
254 2737 326 2765 agniti
342 2737 371 2759 ad
388 2743 486 2765 regnum
504 2736 671 2765 possidendum
688 2736 859 2764 invitabuntur;
871 2735 925 2758 mali
937 2741 975 2757 au-

127 2779 174 2799 tem
190 2776 251 2799 nulla
273 2782 315 2804 spe
338 2776 511 2799 restaurationis
535 2775 725 2803 consolabuntur,
742 2775 783 2798 sed
807 2775 829 2797 in
855 2777 973 2797 aeternum

127 2815 245 2838 cruciandi
267 2821 279 2837 a
296 2817 421 2843 conspectu
443 2815 528 2837 summi
550 2815 612 2843 regis
629 2815 777 2843 expellentur.
795 2827 825 2830 —
842 2814 975 2843 Sequuntur

127 2855 183 2877 Gen.
201 2854 243 2882 45,
261 2854 320 2883 4ςί.
339 2853 391 2877 Cor.
409 2854 435 2881 4,
452 2855 473 2877 5.
492 2856 514 2876 et
532 2854 574 2881 43,
593 2854 629 2876 l2.

189 2891 200 2905 ⁶
216 2893 283 2916 Vers.
300 2893 326 2920 ὃς
344 2892 400 2916 ibid.
417 2893 458 2920 52,
477 2893 565 2915 td-est
581 2899 630 2922 seq.
642 2893 718 2920 locus;
731 2892 777 2914 duo
789 2898 856 2920 seqq.
866 2891 910 2914 loci
922 2893 975 2914 sunt

127 2933 199 2961 Apoc.
217 2933 238 2961 l,
254 2931 276 2954 7.
294 2935 316 2954 et
333 2932 368 2954 Ps.
386 2932 426 2960 47,
444 2932 481 2955 46.

192 2969 201 2983 ⁶
218 2971 284 2994 Vers.
302 2971 338 2994 4⁴.
356 2984 384 2987 —
402 2970 519 2999 Licentia,
537 2971 612 2993 idest
628 2970 733 2994 dimissio
752 2969 889 2999 (Duc-ange).

1093 2576 1104 2589 ⁶
1120 2578 1150 2600 lta
1169 2576 1290 2605 Rafflanus,
1307 2575 1375 2599 Card.
1392 2576 1459 2603 Hugo
1476 2578 1498 2597 et
1520 2576 1636 2603 Lyranus,
1657 2574 1698 2603 qui
1719 2573 1788 2596 etiam
1810 2573 1879 2601 paulo

1031 2617 1126 2639 interius
1143 2615 1251 2638 exhibent
1267 2614 1493 2641 consummationis,-
1505 2614 1604 2641 Vulgata
1616 2619 1685 2635 vero:
1697 2611 1806 2635 Nationis
1818 2611 1879 2634 enim

1031 2655 1126 2685 iniquae
1142 2654 1209 2678 dirae
1225 2656 1283 2678 sunt
1299 2653 1521 2677 consummationes.

1093 2692 1102 2706 '¹
1120 2694 1148 2717 Ut
1164 2693 1262 2717 habetur
1278 2694 1301 2715 in
1318 2693 1412 2721 Dionys.
1429 2692 1520 2715 Catonis
1538 2693 1553 2714 l.
1570 2691 1664 2714 Distich.
1683 2691 1719 2712 18.

1094 2732 1104 2746 ⁸
1121 2734 1185 2756 Vers.
1204 2734 1226 2756 9.

1093 2771 1103 2785 ⁹
1121 2773 1145 2795 ln
1162 2772 1207 2794 sine
1224 2777 1274 2800 cap.
1291 2771 1450 2802 praecedentis
1469 2770 1501 2799 (v.
1519 2770 1576 2799 rl9.).

1095 2810 1114 2824 ¹⁰
1131 2812 1220 2839 Nempe
1235 2809 1393 2833 ordinariam.
1404 2821 1436 2826 -—
1449 2810 1582 2838 Sequuntur
1598 2807 1662 2832 Cant.
1680 2803 1706 2834 4,
1723 2806 1749 2833 7;
1766 2806 1821 2828 Luc.
1839 2805 1878 2831 12,

1032 2852 1070 2874 35.
1086 2854 1109 2874 et
1125 2851 1163 2873 36.

1095 2889 1113 2903 ¹¹
1131 2890 1196 2912 Vers.
1213 2889 1235 2911 7.
1247 2901 1278 2906 -—-
1290 2889 1340 2911 Duo
1357 2894 1422 2917 seqq.
1440 2888 1482 2910 loci
1500 2889 1552 2909 sunt
1569 2887 1593 2909 ll.
1611 2886 1671 2907 Tim.
1689 2885 1713 2911 2,
1736 2884 1775 2905 19:
1788 2883 1878 2909 Cogno-

1031 2930 1064 2953 vit
1081 2927 1196 2952 Dominus
1210 2928 1250 2957 qui
1268 2931 1324 2955 etc.,
1340 2930 1363 2950 et
1379 2927 1445 2949 Eccli.
1465 2926 1505 2953 44,
1524 2925 1561 2947 ⁴5.

1903 797 1972 820 'rei-tio,
1989 797 2013 816 de

1892 826 1964 848 poenae
1985 826 2014 839 ra-

1892 847 1949 863 tione.

1906 1439 1974 1462 Primo.
1988 1442 2025 1458 sta-

1895 1465 1924 1481 tua
1931 1468 2025 1482 commen-

1895 1486 1963 1505 dabilis
1969 1492 1990 1506 ex
1996 1491 2023 1505 se.

1892 1627 1987 1651 Expositio
1995 1628 2024 1646 lit-

1919 1651 1989 1670 tei-alis.

1895 1675 1964 1696 Primo,
1972 1679 1983 1692 a
1993 1675 2024 1693 de-

1925 1703 1976 1717 core.

1896 2190 1989 2211 Secundo,
2000 2190 2024 2207 ab

1916 2214 2025 2232 immortali-
