<?xml version="1.0" encoding="UTF-8"?>
<!DOCTYPE html PUBLIC "-//W3C//DTD XHTML 1.0 Transitional//EN"
    "http://www.w3.org/TR/xhtml1/DTD/xhtml1-transitional.dtd">
<html xmlns="http://www.w3.org/1999/xhtml" xml:lang="en" lang="en">
 <head>
  <title>
</title>
<meta http-equiv="Content-Type" content="text/html;charset=utf-8" />
  <meta name='ocr-system' content='tesseract 3.04.00' />
  <meta name='ocr-capabilities' content='ocr_page ocr_carea ocr_par ocr_line ocrx_word'/>
</head>
<body>
  <div class='ocr_page' id='page_1' title='image "./doctorisseraphic06bona_0474.png"; bbox 0 0 2296 3316; ppageno 0'>
   <div class='ocr_carea' id='block_1_1' title="bbox 305 1321 396 1340">
    <p class='ocr_par' dir='ltr' id='par_1_1' title="bbox 305 1321 396 1340">
     <span class='ocr_line' id='line_1_1' title="bbox 305 1321 396 1340; baseline 0 0"><span class='ocrx_word' id='word_1_1' title='bbox 305 1321 396 1340; x_wconf 82' lang='lat' dir='ltr'>Tertium.</span> 
     </span>
    </p>
   </div>
   <div class='ocr_carea' id='block_1_2' title="bbox 410 157 1548 194">
    <p class='ocr_par' dir='ltr' id='par_1_2' title="bbox 410 157 1548 194">
     <span class='ocr_line' id='line_1_2' title="bbox 410 157 1548 194; baseline -0.007 -1"><span class='ocrx_word' id='word_1_2' title='bbox 410 165 468 194; x_wconf 74' lang='lat'>430</span> <span class='ocrx_word' id='word_1_3' title='bbox 1020 158 1190 187; x_wconf 90' lang='lat' dir='ltr'>COMMENT.</span> <span class='ocrx_word' id='word_1_4' title='bbox 1214 157 1245 186; x_wconf 89' lang='grc' dir='ltr'>ΙΝ</span> <span class='ocrx_word' id='word_1_5' title='bbox 1267 157 1412 186; x_wconf 78' lang='grc' dir='ltr'><strong>ΙΟΑΝΝΕΜ</strong></span> <span class='ocrx_word' id='word_1_6' title='bbox 1433 157 1462 185; x_wconf 90' lang='lat' dir='ltr'>C.</span> <span class='ocrx_word' id='word_1_7' title='bbox 1485 157 1548 185; x_wconf 79' lang='lat' dir='ltr'>xiil.</span> 
     </span>
    </p>
   </div>
   <div class='ocr_carea' id='block_1_3' title="bbox 409 235 1268 1820">
    <p class='ocr_par' dir='ltr' id='par_1_3' title="bbox 410 235 1260 511">
     <span class='ocr_line' id='line_1_3' title="bbox 411 235 1258 276; baseline -0.009 -5"><span class='ocrx_word' id='word_1_8' title='bbox 411 243 538 274; x_wconf 84' lang='lat' dir='ltr'>loannes;</span> <span class='ocrx_word' id='word_1_9' title='bbox 560 240 633 269; x_wconf 87' lang='lat' dir='ltr'>unde</span> <span class='ocrx_word' id='word_1_10' title='bbox 654 240 867 276; x_wconf 86' lang='lat' dir='ltr'>Chrysostomus</span> <span class='ocrx_word' id='word_1_11' title='bbox 880 238 908 265; x_wconf 84' lang='lat'>¹:</span> <span class='ocrx_word' id='word_1_12' title='bbox 935 248 948 262; x_wconf 84' lang='lat'>«</span> <span class='ocrx_word' id='word_1_13' title='bbox 964 237 1074 265; x_wconf 75' lang='lat' dir='ltr'>Intuere</span> <span class='ocrx_word' id='word_1_14' title='bbox 1095 235 1202 264; x_wconf 84' lang='lat' dir='ltr'>loannis</span> <span class='ocrx_word' id='word_1_15' title='bbox 1216 236 1258 264; x_wconf 89' lang='lat' dir='ltr'>in-</span> 
     </span>
     <span class='ocr_line' id='line_1_4' title="bbox 410 282 1257 326; baseline -0.008 -9"><span class='ocrx_word' id='word_1_16' title='bbox 410 288 600 326; x_wconf 79' lang='lat' dir='ltr'>gloriationem</span> <span class='ocrx_word' id='word_1_17' title='bbox 613 298 620 321; x_wconf 87' lang='grc'>;</span> <span class='ocrx_word' id='word_1_18' title='bbox 642 294 696 314; x_wconf 86' lang='grc'>11011</span> <span class='ocrx_word' id='word_1_19' title='bbox 711 285 784 314; x_wconf 89' lang='grc'>0111111</span> <span class='ocrx_word' id='word_1_20' title='bbox 799 285 864 313; x_wconf 88' lang='grc'>111011</span> <span class='ocrx_word' id='word_1_21' title='bbox 878 291 979 312; x_wconf 89' lang='lat' dir='ltr'>nomen</span> <span class='ocrx_word' id='word_1_22' title='bbox 995 290 1094 316; x_wconf 89' lang='lat' dir='ltr'>suum,</span> <span class='ocrx_word' id='word_1_23' title='bbox 1109 282 1157 311; x_wconf 89' lang='lat' dir='ltr'>sed</span> <span class='ocrx_word' id='word_1_24' title='bbox 1172 290 1257 320; x_wconf 73' lang='lat' dir='ltr'>quein</span> 
     </span>
     <span class='ocr_line' id='line_1_5' title="bbox 410 329 1258 368; baseline -0.007 -5"><span class='ocrx_word' id='word_1_25' title='bbox 410 334 530 364; x_wconf 77' lang='lat' dir='ltr'>amabat</span> <span class='ocrx_word' id='word_1_26' title='bbox 558 334 656 367; x_wconf 81' lang='lat' dir='ltr'>Iesus,</span> <span class='ocrx_word' id='word_1_27' title='bbox 678 333 750 361; x_wconf 85' lang='lat' dir='ltr'>sicut</span> <span class='ocrx_word' id='word_1_28' title='bbox 778 331 922 368; x_wconf 74' lang='lat' dir='ltr'><strong>Apostolus</strong></span> <span class='ocrx_word' id='word_1_29' title='bbox 949 329 1087 359; x_wconf 85' lang='lat' dir='ltr'>secundae</span> <span class='ocrx_word' id='word_1_30' title='bbox 1107 329 1142 358; x_wconf 88' lang='lat' dir='ltr'>ad</span> <span class='ocrx_word' id='word_1_31' title='bbox 1162 329 1258 358; x_wconf 93' lang='lat' dir='ltr'>Corin-</span> 
     </span>
     <span class='ocr_line' id='line_1_6' title="bbox 411 376 1259 411; baseline -0.007 0"><span class='ocrx_word' id='word_1_32' title='bbox 411 382 484 411; x_wconf 85' lang='lat' dir='ltr'>thios</span> <span class='ocrx_word' id='word_1_33' title='bbox 503 380 680 410; x_wconf 85' lang='lat' dir='ltr'>duodecimo:</span> <span class='ocrx_word' id='word_1_34' title='bbox 704 379 769 408; x_wconf 86' lang='lat' dir='ltr'>Scio</span> <span class='ocrx_word' id='word_1_35' title='bbox 790 377 934 407; x_wconf 74' lang='lat' dir='ltr'>hominem</span> <span class='ocrx_word' id='word_1_36' title='bbox 949 389 977 411; x_wconf 77' lang='lat'>»,</span> <span class='ocrx_word' id='word_1_37' title='bbox 999 385 1054 406; x_wconf 91' lang='lat' dir='ltr'>non</span> <span class='ocrx_word' id='word_1_38' title='bbox 1081 377 1168 405; x_wconf 83' lang='lat' dir='ltr'>dixit:</span> <span class='ocrx_word' id='word_1_39' title='bbox 1198 376 1259 405; x_wconf 87' lang='lat' dir='ltr'>Scio</span> 
     </span>
     <span class='ocr_line' id='line_1_7' title="bbox 412 423 1260 463; baseline -0.008 -6"><span class='ocrx_word' id='word_1_40' title='bbox 412 429 535 457; x_wconf 91' lang='lat' dir='ltr'>Paulum.</span> <span class='ocrx_word' id='word_1_41' title='bbox 558 427 604 455; x_wconf 87' lang='lat' dir='ltr'>Hic</span> <span class='ocrx_word' id='word_1_42' title='bbox 632 434 699 463; x_wconf 88' lang='lat' dir='ltr'>ergo</span> <span class='ocrx_word' id='word_1_43' title='bbox 721 425 880 463; x_wconf 80' lang='lat' dir='ltr'>¹discipulus</span> <span class='ocrx_word' id='word_1_44' title='bbox 907 424 946 452; x_wconf 88' lang='lat' dir='ltr'>sic</span> <span class='ocrx_word' id='word_1_45' title='bbox 974 423 1117 452; x_wconf 77' lang='lat' dir='ltr'>familiaris</span> <span class='ocrx_word' id='word_1_46' title='bbox 1144 423 1260 452; x_wconf 91' lang='lat' dir='ltr'>idoneus</span> 
     </span>
     <span class='ocr_line' id='line_1_8' title="bbox 410 470 994 511; baseline -0.009 -7"><span class='ocrx_word' id='word_1_47' title='bbox 410 478 470 504; x_wconf 87' lang='lat' dir='ltr'>erat</span> <span class='ocrx_word' id='word_1_48' title='bbox 490 473 656 511; x_wconf 80' lang='lat' dir='ltr'>inquisitor:</span> <span class='ocrx_word' id='word_1_49' title='bbox 679 475 793 509; x_wconf 86' lang='lat' dir='ltr'>propter</span> <span class='ocrx_word' id='word_1_50' title='bbox 814 471 888 508; x_wconf 92' lang='lat' dir='ltr'>quod</span> <span class='ocrx_word' id='word_1_51' title='bbox 909 470 994 499; x_wconf 82' lang='lat' dir='ltr'>dicit:</span> 
     </span>
    </p>

    <p class='ocr_par' dir='ltr' id='par_1_4' title="bbox 411 516 1262 747">
     <span class='ocr_line' id='line_1_9' title="bbox 490 516 1260 556; baseline -0.005 -7"><span class='ocrx_word' id='word_1_52' title='bbox 490 521 536 549; x_wconf 87' lang='lat'>31.</span> <span class='ocrx_word' id='word_1_53' title='bbox 560 520 648 556; x_wconf 82' lang='lat' dir='ltr'>(Vers.</span> <span class='ocrx_word' id='word_1_54' title='bbox 672 519 740 555; x_wconf 52' lang='lat'>24).</span> <span class='ocrx_word' id='word_1_55' title='bbox 770 518 871 547; x_wconf 82' lang='lat' dir='ltr'>Innuit</span> <span class='ocrx_word' id='word_1_56' title='bbox 896 526 965 555; x_wconf 73' lang='lat' dir='ltr'>erpo</span> <span class='ocrx_word' id='word_1_57' title='bbox 985 516 1055 546; x_wconf 78' lang='lat' dir='ltr'>ltuic</span> <span class='ocrx_word' id='word_1_58' title='bbox 1076 517 1177 546; x_wconf 81' lang='lat' dir='ltr'><em>Simon</em></span> <span class='ocrx_word' id='word_1_59' title='bbox 1206 517 1260 545; x_wconf 85' lang='lat' dir='ltr'>Pe-</span> 
     </span>
     <span class='ocr_line' id='line_1_10' title="bbox 412 564 1258 603; baseline -0.006 -6"><span class='ocrx_word' id='word_1_60' title='bbox 412 572 476 597; x_wconf 73' lang='lat' dir='ltr'>tras</span> <span class='ocrx_word' id='word_1_61' title='bbox 504 571 530 596; x_wconf 77' lang='lat' dir='ltr'>et</span> <span class='ocrx_word' id='word_1_62' title='bbox 555 567 648 595; x_wconf 77' lang='lat' dir='ltr'>dicit²</span> <span class='ocrx_word' id='word_1_63' title='bbox 674 566 719 595; x_wconf 84' lang='lat' dir='ltr'>ei:</span> <span class='ocrx_word' id='word_1_64' title='bbox 743 566 815 602; x_wconf 79' lang='lat' dir='ltr'>Quis</span> <span class='ocrx_word' id='word_1_65' title='bbox 836 569 893 598; x_wconf 79' lang='lat' dir='ltr'>est,</span> <span class='ocrx_word' id='word_1_66' title='bbox 916 565 950 594; x_wconf 87' lang='lat' dir='ltr'>de</span> <span class='ocrx_word' id='word_1_67' title='bbox 970 573 1027 603; x_wconf 80' lang='lat' dir='ltr'>quo</span> <span class='ocrx_word' id='word_1_68' title='bbox 1054 564 1148 593; x_wconf 78' lang='lat' dir='ltr'>dicit?</span> <span class='ocrx_word' id='word_1_69' title='bbox 1175 564 1258 601; x_wconf 80' lang='lat' dir='ltr'>Quasi</span> 
     </span>
     <span class='ocr_line' id='line_1_11' title="bbox 411 613 1262 651; baseline -0.006 -7"><span class='ocrx_word' id='word_1_70' title='bbox 411 616 498 644; x_wconf 89' lang='lat' dir='ltr'>dicat:</span> <span class='ocrx_word' id='word_1_71' title='bbox 521 614 633 651; x_wconf 79' lang='lat' dir='ltr'>require</span> <span class='ocrx_word' id='word_1_72' title='bbox 661 613 696 642; x_wconf 89' lang='lat' dir='ltr'>ab</span> <span class='ocrx_word' id='word_1_73' title='bbox 723 621 764 642; x_wconf 91' lang='lat' dir='ltr'>eo.</span> <span class='ocrx_word' id='word_1_74' title='bbox 787 613 884 642; x_wconf 88' lang='lat' dir='ltr'>Petrus</span> <span class='ocrx_word' id='word_1_75' title='bbox 906 620 1015 649; x_wconf 82' lang='lat' dir='ltr'>semper</span> <span class='ocrx_word' id='word_1_76' title='bbox 1036 619 1086 649; x_wconf 91' lang='lat' dir='ltr'>per</span> <span class='ocrx_word' id='word_1_77' title='bbox 1107 619 1136 640; x_wconf 88' lang='grc'>50</span> <span class='ocrx_word' id='word_1_78' title='bbox 1156 614 1184 640; x_wconf 86' lang='grc'>01</span> <span class='ocrx_word' id='word_1_79' title='bbox 1211 619 1262 648; x_wconf 91' lang='lat' dir='ltr'>per</span> 
     </span>
     <span class='ocr_line' id='line_1_12' title="bbox 411 658 1262 697; baseline -0.006 -6"><span class='ocrx_word' id='word_1_80' title='bbox 411 662 479 691; x_wconf 88' lang='lat' dir='ltr'>alios</span> <span class='ocrx_word' id='word_1_81' title='bbox 500 661 634 690; x_wconf 91' lang='lat' dir='ltr'>sollicitus</span> <span class='ocrx_word' id='word_1_82' title='bbox 655 663 715 689; x_wconf 85' lang='lat' dir='ltr'>erat</span> <span class='ocrx_word' id='word_1_83' title='bbox 735 667 879 697; x_wconf 79' lang='lat' dir='ltr'>quaerere.</span> <span class='ocrx_word' id='word_1_84' title='bbox 895 659 933 688; x_wconf 75' lang='lat' dir='ltr'>Ad</span> <span class='ocrx_word' id='word_1_85' title='bbox 949 659 1020 688; x_wconf 87' lang='lat' dir='ltr'>Petri</span> <span class='ocrx_word' id='word_1_86' title='bbox 1041 658 1201 696; x_wconf 77' lang='lat' dir='ltr'>petitionem</span> <span class='ocrx_word' id='word_1_87' title='bbox 1220 658 1262 686; x_wconf 91' lang='grc'>111-</span> 
     </span>
     <span class='ocr_line' id='line_1_13' title="bbox 412 707 757 747; baseline -0.006 -9"><span class='ocrx_word' id='word_1_88' title='bbox 412 709 499 747; x_wconf 81' lang='lat' dir='ltr'>quirit</span> <span class='ocrx_word' id='word_1_89' title='bbox 519 708 565 737; x_wconf 90' lang='lat' dir='ltr'>ille</span> <span class='ocrx_word' id='word_1_90' title='bbox 585 707 757 744; x_wconf 85' lang='lat' dir='ltr'>discipulus:</span> 
     </span>
    </p>

    <p class='ocr_par' dir='ltr' id='par_1_5' title="bbox 409 753 1266 1262">
     <span class='ocr_line' id='line_1_14' title="bbox 492 753 1262 792; baseline -0.004 -8"><span class='ocrx_word' id='word_1_91' title='bbox 492 755 538 784; x_wconf 82' lang='lat'>32.</span> <span class='ocrx_word' id='word_1_92' title='bbox 548 755 581 792; x_wconf 85' lang='lat' dir='ltr'>(V</span> <span class='ocrx_word' id='word_1_93' title='bbox 584 763 637 784; x_wconf 90' lang='lat' dir='ltr'>ers.</span> <span class='ocrx_word' id='word_1_94' title='bbox 651 755 719 789; x_wconf 78' lang='lat'>25.).</span> <span class='ocrx_word' id='word_1_95' title='bbox 732 754 831 792; x_wconf 82' lang='lat' dir='ltr'>ltaque</span> <span class='ocrx_word' id='word_1_96' title='bbox 842 762 909 782; x_wconf 77' lang='lat' dir='ltr'>curn</span> <span class='ocrx_word' id='word_1_97' title='bbox 920 753 1101 782; x_wconf 74' lang='lat' dir='ltr'>recubuisset</span> <span class='ocrx_word' id='word_1_98' title='bbox 1111 753 1156 781; x_wconf 86' lang='lat' dir='ltr'>itte</span> <span class='ocrx_word' id='word_1_99' title='bbox 1166 760 1262 789; x_wconf 78' lang='lat' dir='ltr'>supra</span> 
     </span>
     <span class='ocr_line' id='line_1_15' title="bbox 409 799 1262 841; baseline -0.005 -10"><span class='ocrx_word' id='word_1_100' title='bbox 409 806 511 841; x_wconf 80' lang='lat' dir='ltr'>pectus</span> <span class='ocrx_word' id='word_1_101' title='bbox 526 803 608 835; x_wconf 78' lang='lat' dir='ltr'>lesa,</span> <span class='ocrx_word' id='word_1_102' title='bbox 627 805 659 830; x_wconf 85' lang='lat' dir='ltr'>ut</span> <span class='ocrx_word' id='word_1_103' title='bbox 680 801 797 830; x_wconf 89' lang='lat' dir='ltr'>dilectus</span> <span class='ocrx_word' id='word_1_104' title='bbox 818 804 845 830; x_wconf 90' lang='lat' dir='ltr'>et</span> <span class='ocrx_word' id='word_1_105' title='bbox 865 800 1010 829; x_wconf 79' lang='lat' dir='ltr'>familiaris</span> <span class='ocrx_word' id='word_1_106' title='bbox 1030 803 1057 828; x_wconf 88' lang='lat' dir='ltr'>et</span> <span class='ocrx_word' id='word_1_107' title='bbox 1078 799 1262 836; x_wconf 87' lang='lat' dir='ltr'>propinquus,</span> 
     </span>
     <span class='ocr_line' id='line_1_16' title="bbox 413 845 1261 887; baseline -0.006 -9"><span class='ocrx_word' id='word_1_108' title='bbox 413 849 488 887; x_wconf 82' lang='lat' dir='ltr'>quod</span> <span class='ocrx_word' id='word_1_109' title='bbox 516 851 557 877; x_wconf 88' lang='lat' dir='ltr'>est</span> <span class='ocrx_word' id='word_1_110' title='bbox 584 848 694 885; x_wconf 86' lang='lat' dir='ltr'>signum</span> <span class='ocrx_word' id='word_1_111' title='bbox 722 846 891 881; x_wconf 85' lang='lat' dir='ltr'>dilectionis;</span> <span class='ocrx_word' id='word_1_112' title='bbox 920 846 1095 874; x_wconf 88' lang='lat' dir='ltr'>Canticorum</span> <span class='ocrx_word' id='word_1_113' title='bbox 1125 845 1261 874; x_wconf 66' lang='lat' dir='ltr'>ultimoss:</span> 
     </span>
     <span class='ocr_line' id='line_1_17' title="bbox 418 891 1263 933; baseline -0.004 -11"><span class='ocrx_word' id='word_1_114' title='bbox 418 908 431 922; x_wconf 83' lang='lat'>«</span> <span class='ocrx_word' id='word_1_115' title='bbox 446 897 521 933; x_wconf 83' lang='lat' dir='ltr'>Quae</span> <span class='ocrx_word' id='word_1_116' title='bbox 543 897 585 924; x_wconf 89' lang='grc'>051</span> <span class='ocrx_word' id='word_1_117' title='bbox 599 895 663 929; x_wconf 81' lang='lat' dir='ltr'>ista,</span> <span class='ocrx_word' id='word_1_118' title='bbox 679 901 750 931; x_wconf 86' lang='lat' dir='ltr'>quae</span> <span class='ocrx_word' id='word_1_119' title='bbox 771 893 894 922; x_wconf 86' lang='lat' dir='ltr'>ascendit</span> <span class='ocrx_word' id='word_1_120' title='bbox 907 892 940 921; x_wconf 88' lang='lat' dir='ltr'>de</span> <span class='ocrx_word' id='word_1_121' title='bbox 954 891 1080 926; x_wconf 87' lang='lat' dir='ltr'>deserto,</span> <span class='ocrx_word' id='word_1_122' title='bbox 1102 891 1207 920; x_wconf 88' lang='lat' dir='ltr'>deliciis</span> <span class='ocrx_word' id='word_1_123' title='bbox 1225 891 1263 920; x_wconf 83' lang='lat' dir='ltr'>af-</span> 
     </span>
     <span class='ocr_line' id='line_1_18' title="bbox 414 938 1264 977; baseline -0.006 -5"><span class='ocrx_word' id='word_1_124' title='bbox 414 944 519 977; x_wconf 83' lang='lat' dir='ltr'>fluens,</span> <span class='ocrx_word' id='word_1_125' title='bbox 541 942 638 970; x_wconf 87' lang='lat' dir='ltr'>innixa</span> <span class='ocrx_word' id='word_1_126' title='bbox 659 948 743 977; x_wconf 91' lang='lat' dir='ltr'>super</span> <span class='ocrx_word' id='word_1_127' title='bbox 764 939 896 968; x_wconf 86' lang='lat' dir='ltr'>dilectum</span> <span class='ocrx_word' id='word_1_128' title='bbox 911 946 995 967; x_wconf 89' lang='lat' dir='ltr'>suum</span> <span class='ocrx_word' id='word_1_129' title='bbox 1009 941 1043 967; x_wconf 84' lang='lat'>»?</span> <span class='ocrx_word' id='word_1_130' title='bbox 1061 938 1137 967; x_wconf 84' lang='lat' dir='ltr'>Dicit</span> <span class='ocrx_word' id='word_1_131' title='bbox 1149 939 1191 967; x_wconf 77' lang='lat' dir='ltr'>ei:</span> <span class='ocrx_word' id='word_1_132' title='bbox 1210 939 1264 967; x_wconf 90' lang='lat' dir='ltr'>Do-</span> 
     </span>
     <span class='ocr_line' id='line_1_19' title="bbox 413 985 1264 1027; baseline -0.007 -8"><span class='ocrx_word' id='word_1_133' title='bbox 413 991 506 1023; x_wconf 79' lang='lat' dir='ltr'>mine,</span> <span class='ocrx_word' id='word_1_134' title='bbox 529 988 595 1027; x_wconf 75' lang='lat' dir='ltr'>qais</span> <span class='ocrx_word' id='word_1_135' title='bbox 615 987 679 1016; x_wconf 76' lang='lat' dir='ltr'>est?</span> <span class='ocrx_word' id='word_1_136' title='bbox 700 987 819 1023; x_wconf 87' lang='lat' dir='ltr'>Supple:</span> <span class='ocrx_word' id='word_1_137' title='bbox 842 985 946 1014; x_wconf 88' lang='lat' dir='ltr'>scilicet</span> <span class='ocrx_word' id='word_1_138' title='bbox 967 985 1015 1022; x_wconf 92' lang='lat' dir='ltr'>qui</span> <span class='ocrx_word' id='word_1_139' title='bbox 1038 987 1064 1014; x_wconf 90' lang='lat' dir='ltr'>te</span> <span class='ocrx_word' id='word_1_140' title='bbox 1086 985 1184 1014; x_wconf 89' lang='lat' dir='ltr'>tradet.</span> <span class='ocrx_word' id='word_1_141' title='bbox 1213 986 1264 1014; x_wconf 89' lang='lat' dir='ltr'>Su-</span> 
     </span>
     <span class='ocr_line' id='line_1_20' title="bbox 414 1032 1266 1074; baseline -0.006 -9"><span class='ocrx_word' id='word_1_142' title='bbox 414 1045 465 1074; x_wconf 97' lang='lat' dir='ltr'>pra</span> <span class='ocrx_word' id='word_1_143' title='bbox 485 1040 583 1073; x_wconf 88' lang='lat' dir='ltr'>pectus</span> <span class='ocrx_word' id='word_1_144' title='bbox 605 1035 664 1063; x_wconf 88' lang='lat' dir='ltr'>lesu</span> <span class='ocrx_word' id='word_1_145' title='bbox 686 1033 830 1067; x_wconf 85' lang='lat' dir='ltr'>recubuit,</span> <span class='ocrx_word' id='word_1_146' title='bbox 852 1035 884 1062; x_wconf 92' lang='lat' dir='ltr'>ut</span> <span class='ocrx_word' id='word_1_147' title='bbox 904 1036 1043 1062; x_wconf 87' lang='lat' dir='ltr'>secretum</span> <span class='ocrx_word' id='word_1_148' title='bbox 1058 1032 1183 1067; x_wconf 90' lang='lat' dir='ltr'>audiret,</span> <span class='ocrx_word' id='word_1_149' title='bbox 1199 1032 1266 1069; x_wconf 88' lang='lat' dir='ltr'>quia</span> 
     </span>
     <span class='ocr_line' id='line_1_21' title="bbox 414 1079 1265 1116; baseline -0.005 -4"><span class='ocrx_word' id='word_1_150' title='bbox 414 1084 442 1112; x_wconf 90' lang='grc'>111</span> <span class='ocrx_word' id='word_1_151' title='bbox 464 1091 496 1112; x_wconf 85' lang='grc'>00</span> <span class='ocrx_word' id='word_1_152' title='bbox 521 1086 600 1111; x_wconf 87' lang='lat' dir='ltr'>erant</span> <span class='ocrx_word' id='word_1_153' title='bbox 620 1089 716 1110; x_wconf 84' lang='lat' dir='ltr'>omnes</span> <span class='ocrx_word' id='word_1_154' title='bbox 741 1092 754 1105; x_wconf 73' lang='grc' dir='ltr'>«ι</span> <span class='ocrx_word' id='word_1_155' title='bbox 771 1080 895 1109; x_wconf 78' lang='lat' dir='ltr'>thesauri</span> <span class='ocrx_word' id='word_1_156' title='bbox 916 1079 1067 1116; x_wconf 82' lang='lat' dir='ltr'>sapientiae</span> <span class='ocrx_word' id='word_1_157' title='bbox 1087 1083 1115 1108; x_wconf 91' lang='lat' dir='ltr'>et</span> <span class='ocrx_word' id='word_1_158' title='bbox 1135 1079 1265 1108; x_wconf 77' lang='lat' dir='ltr'>scientiae</span> 
     </span>
     <span class='ocr_line' id='line_1_22' title="bbox 413 1126 1265 1164; baseline -0.007 -4"><span class='ocrx_word' id='word_1_159' title='bbox 413 1129 565 1160; x_wconf 81' lang='lat' dir='ltr'>absconditi</span> <span class='ocrx_word' id='word_1_160' title='bbox 576 1130 589 1146; x_wconf 68' lang='lat'>4</span> <span class='ocrx_word' id='word_1_161' title='bbox 602 1140 629 1156; x_wconf 84' lang='grc'>».</span> <span class='ocrx_word' id='word_1_162' title='bbox 652 1128 727 1157; x_wconf 89' lang='lat' dir='ltr'>Unde</span> <span class='ocrx_word' id='word_1_163' title='bbox 749 1126 919 1164; x_wconf 74' lang='lat' dir='ltr'>Augustinus</span> <span class='ocrx_word' id='word_1_164' title='bbox 932 1126 999 1155; x_wconf 90' lang='lat' dir='ltr'>dicit</span> <span class='ocrx_word' id='word_1_165' title='bbox 1012 1126 1046 1155; x_wconf 88' lang='lat' dir='ltr'>de</span> <span class='ocrx_word' id='word_1_166' title='bbox 1062 1126 1175 1161; x_wconf 83' lang='lat' dir='ltr'>Ioanne,</span> <span class='ocrx_word' id='word_1_167' title='bbox 1190 1126 1265 1163; x_wconf 92' lang='lat' dir='ltr'>quod</span> 
     </span>
     <span class='ocr_line' id='line_1_23' title="bbox 419 1173 1266 1212; baseline -0.004 -6"><span class='ocrx_word' id='word_1_168' title='bbox 419 1178 552 1206; x_wconf 84' lang='lat' dir='ltr'>«fluenta</span> <span class='ocrx_word' id='word_1_169' title='bbox 580 1175 717 1212; x_wconf 80' lang='lat' dir='ltr'>Evangelii</span> <span class='ocrx_word' id='word_1_170' title='bbox 744 1174 778 1203; x_wconf 89' lang='lat' dir='ltr'>de</span> <span class='ocrx_word' id='word_1_171' title='bbox 806 1174 865 1211; x_wconf 86' lang='lat' dir='ltr'>ipso</span> <span class='ocrx_word' id='word_1_172' title='bbox 886 1173 1015 1202; x_wconf 89' lang='lat' dir='ltr'>dominici</span> <span class='ocrx_word' id='word_1_173' title='bbox 1044 1174 1164 1211; x_wconf 84' lang='lat' dir='ltr'>pectoris</span> <span class='ocrx_word' id='word_1_174' title='bbox 1191 1174 1266 1203; x_wconf 88' lang='lat' dir='ltr'>fonte</span> 
     </span>
     <span class='ocr_line' id='line_1_24' title="bbox 415 1224 560 1262; baseline -0.014 -8"><span class='ocrx_word' id='word_1_175' title='bbox 415 1224 560 1262; x_wconf 83' lang='lat' dir='ltr'>potavit».</span> 
     </span>
    </p>

    <p class='ocr_par' dir='ltr' id='par_1_6' title="bbox 416 1267 1268 1820">
     <span class='ocr_line' id='line_1_25' title="bbox 496 1267 1266 1306; baseline -0.004 -7"><span class='ocrx_word' id='word_1_176' title='bbox 496 1270 542 1300; x_wconf 82' lang='lat'>33.</span> <span class='ocrx_word' id='word_1_177' title='bbox 565 1270 654 1305; x_wconf 89' lang='lat' dir='ltr'>(Vers.</span> <span class='ocrx_word' id='word_1_178' title='bbox 677 1269 745 1305; x_wconf 73' lang='lat'>26).</span> <span class='ocrx_word' id='word_1_179' title='bbox 776 1268 933 1306; x_wconf 79' lang='lat' dir='ltr'>Respondit</span> <span class='ocrx_word' id='word_1_180' title='bbox 959 1268 983 1297; x_wconf 88' lang='lat' dir='ltr'>ei</span> <span class='ocrx_word' id='word_1_181' title='bbox 1012 1268 1103 1296; x_wconf 79' lang='lat' dir='ltr'>Iesus.</span> <span class='ocrx_word' id='word_1_182' title='bbox 1131 1267 1266 1305; x_wconf 81' lang='lat' dir='ltr'>Tangitur</span> 
     </span>
     <span class='ocr_line' id='line_1_26' title="bbox 416 1315 1267 1352; baseline -0.006 -4"><span class='ocrx_word' id='word_1_183' title='bbox 416 1319 462 1348; x_wconf 87' lang='lat' dir='ltr'>hic</span> <span class='ocrx_word' id='word_1_184' title='bbox 483 1318 614 1352; x_wconf 87' lang='lat' dir='ltr'>tertium,</span> <span class='ocrx_word' id='word_1_185' title='bbox 636 1317 740 1346; x_wconf 87' lang='lat' dir='ltr'>scilicet</span> <span class='ocrx_word' id='word_1_186' title='bbox 763 1316 881 1345; x_wconf 83' lang='lat' dir='ltr'>Domini</span> <span class='ocrx_word' id='word_1_187' title='bbox 900 1319 1010 1344; x_wconf 80' lang='lat' dir='ltr'>secreta</span> <span class='ocrx_word' id='word_1_188' title='bbox 1028 1315 1195 1352; x_wconf 71' lang='lat' dir='ltr'>responsio,</span> <span class='ocrx_word' id='word_1_189' title='bbox 1211 1323 1267 1352; x_wconf 89' lang='lat' dir='ltr'>qua</span> 
     </span>
     <span class='ocr_line' id='line_1_27' title="bbox 417 1361 1267 1402; baseline -0.006 -8"><span class='ocrx_word' id='word_1_190' title='bbox 417 1365 552 1402; x_wconf 87' lang='lat' dir='ltr'>discipulo</span> <span class='ocrx_word' id='word_1_191' title='bbox 573 1364 700 1393; x_wconf 80' lang='lat' dir='ltr'>familiari</span> <span class='ocrx_word' id='word_1_192' title='bbox 721 1363 870 1397; x_wconf 81' lang='lat' dir='ltr'>satisfacit3</span> <span class='ocrx_word' id='word_1_193' title='bbox 892 1366 1006 1399; x_wconf 89' lang='lat' dir='ltr'>propter</span> <span class='ocrx_word' id='word_1_194' title='bbox 1022 1361 1096 1399; x_wconf 92' lang='lat' dir='ltr'>quod</span> <span class='ocrx_word' id='word_1_195' title='bbox 1111 1370 1164 1390; x_wconf 89' lang='lat' dir='ltr'>non</span> <span class='ocrx_word' id='word_1_196' title='bbox 1181 1361 1267 1390; x_wconf 89' lang='lat' dir='ltr'>verbo</span> 
     </span>
     <span class='ocr_line' id='line_1_28' title="bbox 418 1408 1265 1448; baseline -0.006 -7"><span class='ocrx_word' id='word_1_197' title='bbox 418 1413 505 1446; x_wconf 84' lang='lat' dir='ltr'>dixit,</span> <span class='ocrx_word' id='word_1_198' title='bbox 527 1411 575 1441; x_wconf 88' lang='lat' dir='ltr'>sed</span> <span class='ocrx_word' id='word_1_199' title='bbox 596 1412 656 1448; x_wconf 89' lang='lat' dir='ltr'>ipso</span> <span class='ocrx_word' id='word_1_200' title='bbox 677 1411 755 1448; x_wconf 86' lang='lat' dir='ltr'>signo</span> <span class='ocrx_word' id='word_1_201' title='bbox 775 1410 978 1443; x_wconf 80' lang='lat' dir='ltr'>manifestavit;</span> <span class='ocrx_word' id='word_1_202' title='bbox 1007 1411 1155 1445; x_wconf 87' lang='lat' dir='ltr'>propterea</span> <span class='ocrx_word' id='word_1_203' title='bbox 1181 1408 1265 1437; x_wconf 87' lang='lat' dir='ltr'>dicit:</span> 
     </span>
     <span class='ocr_line' id='line_1_29' title="bbox 421 1455 1266 1494; baseline -0.007 -6"><span class='ocrx_word' id='word_1_204' title='bbox 421 1459 469 1488; x_wconf 82' lang='lat' dir='ltr'>Ille</span> <span class='ocrx_word' id='word_1_205' title='bbox 489 1463 545 1493; x_wconf 80' lang='lat' dir='ltr'>est,</span> <span class='ocrx_word' id='word_1_206' title='bbox 568 1458 639 1487; x_wconf 78' lang='lat' dir='ltr'>cai5</span> <span class='ocrx_word' id='word_1_207' title='bbox 667 1458 822 1486; x_wconf 79' lang='lat' dir='ltr'>intinctum</span> <span class='ocrx_word' id='word_1_208' title='bbox 848 1465 955 1494; x_wconf 80' lang='lat' dir='ltr'>panem</span> <span class='ocrx_word' id='word_1_209' title='bbox 982 1464 1162 1493; x_wconf 68' lang='lat' dir='ltr'>porrexero;</span> <span class='ocrx_word' id='word_1_210' title='bbox 1184 1455 1266 1483; x_wconf 89' lang='lat' dir='ltr'>intin-</span> 
     </span>
     <span class='ocr_line' id='line_1_30' title="bbox 420 1502 1267 1543; baseline -0.007 -8"><span class='ocrx_word' id='word_1_211' title='bbox 420 1507 474 1536; x_wconf 90' lang='lat' dir='ltr'>ctio</span> <span class='ocrx_word' id='word_1_212' title='bbox 495 1506 573 1543; x_wconf 90' lang='lat' dir='ltr'>panis</span> <span class='ocrx_word' id='word_1_213' title='bbox 593 1506 731 1534; x_wconf 85' lang='lat' dir='ltr'>fictionem</span> <span class='ocrx_word' id='word_1_214' title='bbox 760 1505 842 1533; x_wconf 87' lang='lat' dir='ltr'>Iudae</span> <span class='ocrx_word' id='word_1_215' title='bbox 867 1504 1010 1540; x_wconf 82' lang='lat' dir='ltr'>significat.</span> <span class='ocrx_word' id='word_1_216' title='bbox 1035 1504 1070 1531; x_wconf 89' lang='lat' dir='ltr'>Et</span> <span class='ocrx_word' id='word_1_217' title='bbox 1090 1511 1157 1531; x_wconf 75' lang='lat' dir='ltr'>cum</span> <span class='ocrx_word' id='word_1_218' title='bbox 1178 1502 1267 1530; x_wconf 84' lang='lat' dir='ltr'>intin-</span> 
     </span>
     <span class='ocr_line' id='line_1_31' title="bbox 419 1549 1266 1590; baseline -0.006 -8"><span class='ocrx_word' id='word_1_219' title='bbox 419 1553 508 1582; x_wconf 73' lang='lat' dir='ltr'>aez&#39;sset</span> <span class='ocrx_word' id='word_1_220' title='bbox 525 1561 650 1590; x_wconf 80' lang='lat' dir='ltr'>panem,</span> <span class='ocrx_word' id='word_1_221' title='bbox 671 1552 749 1580; x_wconf 83' lang='lat' dir='ltr'>dedit</span> <span class='ocrx_word' id='word_1_222' title='bbox 778 1552 869 1580; x_wconf 72' lang='lat' dir='ltr'>[adae</span> <span class='ocrx_word' id='word_1_223' title='bbox 890 1550 1018 1579; x_wconf 76' lang='lat' dir='ltr'>Simonis</span> <span class='ocrx_word' id='word_1_224' title='bbox 1039 1549 1216 1583; x_wconf 81' lang='lat' dir='ltr'>Iscariotae,</span> <span class='ocrx_word' id='word_1_225' title='bbox 1239 1551 1266 1577; x_wconf 90' lang='lat' dir='ltr'>et</span> 
     </span>
     <span class='ocr_line' id='line_1_32' title="bbox 420 1595 1264 1635; baseline -0.007 -6"><span class='ocrx_word' id='word_1_226' title='bbox 420 1601 447 1629; x_wconf 95' lang='lat' dir='ltr'>in</span> <span class='ocrx_word' id='word_1_227' title='bbox 476 1601 528 1629; x_wconf 89' lang='lat' dir='ltr'>hoc</span> <span class='ocrx_word' id='word_1_228' title='bbox 557 1599 635 1628; x_wconf 85' lang='lat' dir='ltr'>scivit</span> <span class='ocrx_word' id='word_1_229' title='bbox 664 1599 792 1632; x_wconf 86' lang='lat' dir='ltr'>loannes,</span> <span class='ocrx_word' id='word_1_230' title='bbox 821 1598 884 1635; x_wconf 89' lang='lat' dir='ltr'>quis</span> <span class='ocrx_word' id='word_1_231' title='bbox 911 1600 983 1626; x_wconf 88' lang='lat' dir='ltr'>esset</span> <span class='ocrx_word' id='word_1_232' title='bbox 1008 1604 1071 1625; x_wconf 90' lang='lat' dir='ltr'>eum</span> <span class='ocrx_word' id='word_1_233' title='bbox 1100 1595 1264 1624; x_wconf 87' lang='lat' dir='ltr'>traditurus.</span> 
     </span>
     <span class='ocr_line' id='line_1_33' title="bbox 421 1642 1268 1684; baseline -0.006 -9"><span class='ocrx_word' id='word_1_234' title='bbox 421 1646 590 1684; x_wconf 79' lang='lat' dir='ltr'>Augustinus</span> <span class='ocrx_word' id='word_1_235' title='bbox 601 1646 611 1662; x_wconf 79' lang='lat'><em>⁶</em></span> <span class='ocrx_word' id='word_1_236' title='bbox 625 1656 631 1674; x_wconf 92' lang='lat'>:</span> <span class='ocrx_word' id='word_1_237' title='bbox 658 1657 671 1670; x_wconf 94' lang='lat'>«</span> <span class='ocrx_word' id='word_1_238' title='bbox 687 1645 765 1673; x_wconf 86' lang='lat' dir='ltr'>Panis</span> <span class='ocrx_word' id='word_1_239' title='bbox 787 1644 920 1681; x_wconf 88' lang='lat' dir='ltr'>proditori</span> <span class='ocrx_word' id='word_1_240' title='bbox 936 1643 1055 1672; x_wconf 87' lang='lat' dir='ltr'>traditus</span> <span class='ocrx_word' id='word_1_241' title='bbox 1069 1642 1268 1671; x_wconf 84' lang='lat' dir='ltr'>demonstratio</span> 
     </span>
     <span class='ocr_line' id='line_1_34' title="bbox 420 1688 1267 1730; baseline -0.007 -8"><span class='ocrx_word' id='word_1_242' title='bbox 420 1697 462 1722; x_wconf 85' lang='lat' dir='ltr'>est</span> <span class='ocrx_word' id='word_1_243' title='bbox 486 1693 606 1730; x_wconf 88' lang='lat' dir='ltr'>gratiae,</span> <span class='ocrx_word' id='word_1_244' title='bbox 634 1692 678 1720; x_wconf 87' lang='lat' dir='ltr'>cui</span> <span class='ocrx_word' id='word_1_245' title='bbox 709 1691 833 1728; x_wconf 90' lang='lat' dir='ltr'>proditor</span> <span class='ocrx_word' id='word_1_246' title='bbox 860 1691 912 1719; x_wconf 86' lang='lat' dir='ltr'>fuit</span> <span class='ocrx_word' id='word_1_247' title='bbox 940 1690 1107 1727; x_wconf 83' lang='lat' dir='ltr'>ingratus».</span> <span class='ocrx_word' id='word_1_248' title='bbox 1137 1688 1212 1717; x_wconf 84' lang='lat' dir='ltr'>Unde</span> <span class='ocrx_word' id='word_1_249' title='bbox 1240 1688 1267 1716; x_wconf 94' lang='lat' dir='ltr'>in</span> 
     </span>
     <span class='ocr_line' id='line_1_35' title="bbox 420 1735 1266 1775; baseline -0.006 -7"><span class='ocrx_word' id='word_1_250' title='bbox 420 1740 526 1769; x_wconf 85' lang='lat' dir='ltr'>Psalmo</span> <span class='ocrx_word' id='word_1_251' title='bbox 547 1739 580 1767; x_wconf 91' lang='lat' dir='ltr'>de</span> <span class='ocrx_word' id='word_1_252' title='bbox 600 1738 799 1775; x_wconf 81' lang='lat' dir='ltr'>ingratitudine</span> <span class='ocrx_word' id='word_1_253' title='bbox 820 1737 902 1766; x_wconf 89' lang='lat' dir='ltr'>Iudae</span> <span class='ocrx_word' id='word_1_254' title='bbox 922 1737 1124 1774; x_wconf 84' lang='lat' dir='ltr'>conqueritur:</span> <span class='ocrx_word' id='word_1_255' title='bbox 1145 1747 1158 1760; x_wconf 85' lang='lat'>«</span> <span class='ocrx_word' id='word_1_256' title='bbox 1173 1735 1198 1763; x_wconf 79' lang='lat' dir='ltr'>Si</span> <span class='ocrx_word' id='word_1_257' title='bbox 1215 1735 1266 1763; x_wconf 58' lang='grc' dir='ltr'>1111κ</span> 
     </span>
     <span class='ocr_line' id='line_1_36' title="bbox 420 1783 1268 1820; baseline -0.005 -5"><span class='ocrx_word' id='word_1_258' title='bbox 420 1787 509 1815; x_wconf 85' lang='grc'>11110115</span> <span class='ocrx_word' id='word_1_259' title='bbox 530 1794 609 1815; x_wconf 86' lang='grc'>1110115</span> <span class='ocrx_word' id='word_1_260' title='bbox 637 1785 827 1814; x_wconf 83' lang='lat' dir='ltr'>maledixisset</span> <span class='ocrx_word' id='word_1_261' title='bbox 848 1785 932 1818; x_wconf 89' lang='lat' dir='ltr'>mihi,</span> <span class='ocrx_word' id='word_1_262' title='bbox 947 1784 1140 1813; x_wconf 85' lang='lat' dir='ltr'>sustinuissem</span> <span class='ocrx_word' id='word_1_263' title='bbox 1154 1783 1268 1820; x_wconf 80' lang='lat' dir='ltr'>utique3</span> 
     </span>
    </p>
   </div>
   <div class='ocr_carea' id='block_1_4' title="bbox 421 1931 1275 2976">
    <p class='ocr_par' dir='ltr' id='par_1_7' title="bbox 421 1931 1271 2118">
     <span class='ocr_line' id='line_1_37' title="bbox 487 1931 1269 1959; baseline -0.004 -4"><span class='ocrx_word' id='word_1_264' title='bbox 487 1932 493 1944; x_wconf 90' lang='lat'>¹</span> <span class='ocrx_word' id='word_1_265' title='bbox 513 1933 535 1955; x_wconf 92' lang='lat' dir='ltr'>ln</span> <span class='ocrx_word' id='word_1_266' title='bbox 553 1933 613 1954; x_wconf 77' lang='lat' dir='ltr'>loan.</span> <span class='ocrx_word' id='word_1_267' title='bbox 631 1932 711 1954; x_wconf 86' lang='lat' dir='ltr'>homil.</span> <span class='ocrx_word' id='word_1_268' title='bbox 726 1931 764 1954; x_wconf 88' lang='lat'>72.</span> <span class='ocrx_word' id='word_1_269' title='bbox 783 1931 847 1959; x_wconf 88' lang='lat' dir='ltr'>(alias</span> <span class='ocrx_word' id='word_1_270' title='bbox 864 1931 912 1959; x_wconf 91' lang='grc'>71.)</span> <span class='ocrx_word' id='word_1_271' title='bbox 930 1938 952 1953; x_wconf 94' lang='grc'>11.</span> <span class='ocrx_word' id='word_1_272' title='bbox 974 1931 995 1953; x_wconf 88' lang='lat' dir='ltr'>l:</span> <span class='ocrx_word' id='word_1_273' title='bbox 1014 1931 1073 1953; x_wconf 90' lang='lat' dir='ltr'>Vide</span> <span class='ocrx_word' id='word_1_274' title='bbox 1089 1933 1181 1957; x_wconf 84' lang='lat' dir='ltr'>autern,</span> <span class='ocrx_word' id='word_1_275' title='bbox 1198 1936 1269 1959; x_wconf 81' lang='lat' dir='ltr'>quam</span> 
     </span>
     <span class='ocr_line' id='line_1_38' title="bbox 421 1964 1270 2000; baseline -0.004 -6"><span class='ocrx_word' id='word_1_276' title='bbox 421 1972 450 1995; x_wconf 86' lang='lat' dir='ltr'>sit</span> <span class='ocrx_word' id='word_1_277' title='bbox 466 1972 554 1994; x_wconf 85' lang='lat' dir='ltr'>alienus</span> <span class='ocrx_word' id='word_1_278' title='bbox 571 1977 584 1992; x_wconf 88' lang='lat' dir='ltr'>a</span> <span class='ocrx_word' id='word_1_279' title='bbox 602 1972 660 1993; x_wconf 78' lang='lat' dir='ltr'>tastu</span> <span class='ocrx_word' id='word_1_280' title='bbox 677 1969 775 2000; x_wconf 74' lang='grc' dir='ltr'>[Σκὸπει</span> <span class='ocrx_word' id='word_1_281' title='bbox 793 1967 815 1991; x_wconf 77' lang='grc' dir='ltr'>δὲ</span> <span class='ocrx_word' id='word_1_282' title='bbox 842 1967 913 1992; x_wconf 74' lang='grc' dir='ltr'>αὐτοῦ</span> <span class='ocrx_word' id='word_1_283' title='bbox 934 1969 970 1991; x_wconf 74' lang='grc' dir='ltr'>καὶ</span> <span class='ocrx_word' id='word_1_284' title='bbox 988 1967 1015 1991; x_wconf 81' lang='grc' dir='ltr'>τὸ</span> <span class='ocrx_word' id='word_1_285' title='bbox 1033 1964 1204 1999; x_wconf 51' lang='lat' dir='ltr'>inspectam}</span> <span class='ocrx_word' id='word_1_286' title='bbox 1221 1969 1270 1991; x_wconf 88' lang='lat' dir='ltr'>Non</span> 
     </span>
     <span class='ocr_line' id='line_1_39' title="bbox 421 2008 1270 2039; baseline -0.004 -6"><span class='ocrx_word' id='word_1_287' title='bbox 421 2010 477 2033; x_wconf 88' lang='lat' dir='ltr'>dicit</span> <span class='ocrx_word' id='word_1_288' title='bbox 493 2010 582 2039; x_wconf 87' lang='lat' dir='ltr'>quippe</span> <span class='ocrx_word' id='word_1_289' title='bbox 598 2015 694 2036; x_wconf 89' lang='lat' dir='ltr'>nomen,</span> <span class='ocrx_word' id='word_1_290' title='bbox 712 2009 754 2031; x_wconf 89' lang='lat' dir='ltr'>sed</span> <span class='ocrx_word' id='word_1_291' title='bbox 779 2015 849 2038; x_wconf 80' lang='lat' dir='ltr'>quem</span> <span class='ocrx_word' id='word_1_292' title='bbox 869 2008 996 2038; x_wconf 70' lang='lat' dir='ltr'>dittyebat;</span> <span class='ocrx_word' id='word_1_293' title='bbox 1021 2008 1223 2037; x_wconf 85' lang='lat' dir='ltr'>quemadmodum</span> <span class='ocrx_word' id='word_1_294' title='bbox 1248 2010 1270 2030; x_wconf 88' lang='lat' dir='ltr'>et</span> 
     </span>
     <span class='ocr_line' id='line_1_40' title="bbox 422 2046 1271 2078; baseline -0.005 -6"><span class='ocrx_word' id='word_1_295' title='bbox 422 2050 513 2076; x_wconf 89' lang='lat' dir='ltr'>Paulus,</span> <span class='ocrx_word' id='word_1_296' title='bbox 530 2055 584 2071; x_wconf 92' lang='lat' dir='ltr'>cum</span> <span class='ocrx_word' id='word_1_297' title='bbox 603 2049 690 2071; x_wconf 85' lang='lat' dir='ltr'>diceret</span> <span class='ocrx_word' id='word_1_298' title='bbox 708 2047 741 2078; x_wconf 90' lang='lat' dir='ltr'>[ll.</span> <span class='ocrx_word' id='word_1_299' title='bbox 758 2047 811 2071; x_wconf 89' lang='lat' dir='ltr'>Cor.</span> <span class='ocrx_word' id='word_1_300' title='bbox 830 2048 870 2076; x_wconf 84' lang='grc'>12,</span> <span class='ocrx_word' id='word_1_301' title='bbox 889 2048 934 2076; x_wconf 83' lang='grc'>2.1;</span> <span class='ocrx_word' id='word_1_302' title='bbox 951 2047 1006 2071; x_wconf 86' lang='lat' dir='ltr'>Scio</span> <span class='ocrx_word' id='word_1_303' title='bbox 1023 2046 1142 2070; x_wconf 70' lang='lat' dir='ltr'>hominem</span> <span class='ocrx_word' id='word_1_304' title='bbox 1159 2048 1214 2069; x_wconf 81' lang='lat' dir='ltr'>ante</span> <span class='ocrx_word' id='word_1_305' title='bbox 1231 2052 1271 2069; x_wconf 84' lang='lat' dir='ltr'>an-</span> 
     </span>
     <span class='ocr_line' id='line_1_41' title="bbox 423 2087 671 2118; baseline -0.008 -6"><span class='ocrx_word' id='word_1_306' title='bbox 423 2095 465 2112; x_wconf 81' lang='lat' dir='ltr'>nos</span> <span class='ocrx_word' id='word_1_307' title='bbox 482 2087 671 2118; x_wconf 77' lang='lat' dir='ltr'>quatuordecim.</span> 
     </span>
    </p>

    <p class='ocr_par' dir='ltr' id='par_1_8' title="bbox 422 2124 1271 2273">
     <span class='ocr_line' id='line_1_42' title="bbox 484 2124 1267 2155; baseline -0.004 -6"><span class='ocrx_word' id='word_1_308' title='bbox 484 2126 493 2139; x_wconf 76' lang='lat'>²</span> <span class='ocrx_word' id='word_1_309' title='bbox 511 2127 610 2155; x_wconf 80' lang='lat' dir='ltr'>Vulgata</span> <span class='ocrx_word' id='word_1_310' title='bbox 628 2126 695 2149; x_wconf 62' lang='lat' dir='ltr'>divit.</span> <span class='ocrx_word' id='word_1_311' title='bbox 714 2126 820 2154; x_wconf 64' lang='lat' dir='ltr'>August„</span> <span class='ocrx_word' id='word_1_312' title='bbox 845 2126 867 2148; x_wconf 92' lang='lat' dir='ltr'>in</span> <span class='ocrx_word' id='word_1_313' title='bbox 894 2126 953 2147; x_wconf 83' lang='lat' dir='ltr'>loan.</span> <span class='ocrx_word' id='word_1_314' title='bbox 979 2125 1067 2153; x_wconf 79' lang='lat' dir='ltr'>Evang.</span> <span class='ocrx_word' id='word_1_315' title='bbox 1093 2128 1120 2147; x_wconf 88' lang='lat' dir='ltr'>tr.</span> <span class='ocrx_word' id='word_1_316' title='bbox 1147 2125 1185 2147; x_wconf 87' lang='lat' dir='ltr'>6l.</span> <span class='ocrx_word' id='word_1_317' title='bbox 1202 2131 1224 2147; x_wconf 93' lang='grc'>11.</span> <span class='ocrx_word' id='word_1_318' title='bbox 1242 2124 1267 2146; x_wconf 93' lang='lat'>6:</span> 
     </span>
     <span class='ocr_line' id='line_1_43' title="bbox 422 2164 1270 2194; baseline -0.004 -5"><span class='ocrx_word' id='word_1_319' title='bbox 422 2166 526 2189; x_wconf 84' lang='lat' dir='ltr'>Notauda</span> <span class='ocrx_word' id='word_1_320' title='bbox 543 2166 627 2188; x_wconf 89' lang='lat' dir='ltr'>locutio</span> <span class='ocrx_word' id='word_1_321' title='bbox 645 2169 691 2193; x_wconf 90' lang='lat' dir='ltr'>est,</span> <span class='ocrx_word' id='word_1_322' title='bbox 708 2166 754 2188; x_wconf 84' lang='lat' dir='ltr'>dici</span> <span class='ocrx_word' id='word_1_323' title='bbox 766 2165 851 2194; x_wconf 85' lang='lat' dir='ltr'>aliquid</span> <span class='ocrx_word' id='word_1_324' title='bbox 864 2171 909 2187; x_wconf 91' lang='lat' dir='ltr'>nou</span> <span class='ocrx_word' id='word_1_325' title='bbox 926 2165 1042 2193; x_wconf 85' lang='lat' dir='ltr'>sonando,</span> <span class='ocrx_word' id='word_1_326' title='bbox 1054 2164 1096 2187; x_wconf 86' lang='lat' dir='ltr'>sed</span> <span class='ocrx_word' id='word_1_327' title='bbox 1108 2164 1270 2186; x_wconf 88' lang='lat' dir='ltr'>tantummodo</span> 
     </span>
     <span class='ocr_line' id='line_1_44' title="bbox 424 2203 1271 2234; baseline -0.004 -6"><span class='ocrx_word' id='word_1_328' title='bbox 424 2205 551 2228; x_wconf 84' lang='lat' dir='ltr'>innuendo:</span> <span class='ocrx_word' id='word_1_329' title='bbox 568 2204 661 2233; x_wconf 80' lang='lat' dir='ltr'>lnnztit,</span> <span class='ocrx_word' id='word_1_330' title='bbox 679 2205 763 2234; x_wconf 89' lang='lat' dir='ltr'>iuquit,</span> <span class='ocrx_word' id='word_1_331' title='bbox 780 2206 802 2227; x_wconf 86' lang='lat' dir='ltr'>et</span> <span class='ocrx_word' id='word_1_332' title='bbox 819 2203 885 2232; x_wconf 81' lang='lat' dir='ltr'>dicit,</span> <span class='ocrx_word' id='word_1_333' title='bbox 913 2204 993 2233; x_wconf 90' lang='lat' dir='ltr'>utique</span> <span class='ocrx_word' id='word_1_334' title='bbox 1016 2203 1133 2226; x_wconf 89' lang='lat' dir='ltr'>innuendo</span> <span class='ocrx_word' id='word_1_335' title='bbox 1155 2203 1211 2226; x_wconf 85' lang='lat' dir='ltr'>dicit</span> <span class='ocrx_word' id='word_1_336' title='bbox 1228 2206 1271 2226; x_wconf 88' lang='lat' dir='ltr'>etc.</span> 
     </span>
     <span class='ocr_line' id='line_1_45' title="bbox 423 2243 1129 2273; baseline -0.001 -7"><span class='ocrx_word' id='word_1_337' title='bbox 423 2257 453 2261; x_wconf 97' lang='lat'><strong>—</strong></span> <span class='ocrx_word' id='word_1_338' title='bbox 472 2244 503 2266; x_wconf 87' lang='lat' dir='ltr'>De</span> <span class='ocrx_word' id='word_1_339' title='bbox 520 2251 585 2273; x_wconf 81' lang='lat' dir='ltr'>seqq.</span> <span class='ocrx_word' id='word_1_340' title='bbox 602 2245 643 2266; x_wconf 80' lang='lat' dir='ltr'>cfr.</span> <span class='ocrx_word' id='word_1_341' title='bbox 660 2250 730 2272; x_wconf 87' lang='lat' dir='ltr'>supra</span> <span class='ocrx_word' id='word_1_342' title='bbox 748 2249 768 2266; x_wconf 88' lang='lat' dir='ltr'>c.</span> <span class='ocrx_word' id='word_1_343' title='bbox 786 2243 808 2266; x_wconf 76' lang='lat'>4.</span> <span class='ocrx_word' id='word_1_344' title='bbox 825 2250 848 2266; x_wconf 90' lang='lat' dir='ltr'>n.</span> <span class='ocrx_word' id='word_1_345' title='bbox 866 2243 903 2265; x_wconf 77' lang='lat'>46.</span> <span class='ocrx_word' id='word_1_346' title='bbox 919 2246 942 2265; x_wconf 91' lang='lat' dir='ltr'>et</span> <span class='ocrx_word' id='word_1_347' title='bbox 958 2250 978 2265; x_wconf 87' lang='lat' dir='ltr'>c.</span> <span class='ocrx_word' id='word_1_348' title='bbox 997 2243 1017 2265; x_wconf 91' lang='lat'>6.</span> <span class='ocrx_word' id='word_1_349' title='bbox 1036 2249 1057 2265; x_wconf 92' lang='grc'>11.</span> <span class='ocrx_word' id='word_1_350' title='bbox 1079 2243 1129 2265; x_wconf 88' lang='grc'>110.</span> 
     </span>
    </p>

    <p class='ocr_par' dir='ltr' id='par_1_9' title="bbox 486 2282 1071 2310">
     <span class='ocr_line' id='line_1_46' title="bbox 486 2282 1071 2310; baseline -0.002 -5"><span class='ocrx_word' id='word_1_351' title='bbox 486 2282 495 2295; x_wconf 72' lang='lat'>³</span> <span class='ocrx_word' id='word_1_352' title='bbox 515 2284 579 2306; x_wconf 91' lang='lat' dir='ltr'>Vers.</span> <span class='ocrx_word' id='word_1_353' title='bbox 597 2283 618 2306; x_wconf 84' lang='lat'>5.</span> <span class='ocrx_word' id='word_1_354' title='bbox 635 2295 666 2299; x_wconf 98' lang='lat'><strong>—</strong></span> <span class='ocrx_word' id='word_1_355' title='bbox 682 2282 726 2306; x_wconf 79' lang='lat' dir='ltr'>Ctr.</span> <span class='ocrx_word' id='word_1_356' title='bbox 744 2288 815 2310; x_wconf 87' lang='lat' dir='ltr'>supra</span> <span class='ocrx_word' id='word_1_357' title='bbox 832 2288 888 2310; x_wconf 86' lang='lat' dir='ltr'>pag.</span> <span class='ocrx_word' id='word_1_358' title='bbox 905 2282 962 2309; x_wconf 77' lang='lat'>272,</span> <span class='ocrx_word' id='word_1_359' title='bbox 978 2285 1031 2304; x_wconf 86' lang='lat' dir='ltr'>nota</span> <span class='ocrx_word' id='word_1_360' title='bbox 1049 2282 1071 2304; x_wconf 88' lang='lat'>7.</span> 
     </span>
    </p>

    <p class='ocr_par' dir='ltr' id='par_1_10' title="bbox 425 2321 1271 2391">
     <span class='ocr_line' id='line_1_47' title="bbox 486 2321 1271 2353; baseline -0.004 -8"><span class='ocrx_word' id='word_1_361' title='bbox 486 2322 496 2334; x_wconf 65' lang='lat'><strong>⁴</strong></span> <span class='ocrx_word' id='word_1_362' title='bbox 513 2322 600 2345; x_wconf 87' lang='lat' dir='ltr'>Coloss.</span> <span class='ocrx_word' id='word_1_363' title='bbox 617 2324 643 2350; x_wconf 85' lang='grc'>2,</span> <span class='ocrx_word' id='word_1_364' title='bbox 661 2322 732 2353; x_wconf 39' lang='grc'>3,-</span> <span class='ocrx_word' id='word_1_365' title='bbox 748 2322 780 2344; x_wconf 87' lang='grc' dir='ltr'>Ι)0</span> <span class='ocrx_word' id='word_1_366' title='bbox 797 2328 846 2350; x_wconf 87' lang='lat' dir='ltr'>seq.</span> <span class='ocrx_word' id='word_1_367' title='bbox 872 2321 984 2344; x_wconf 86' lang='lat' dir='ltr'>sententia</span> <span class='ocrx_word' id='word_1_368' title='bbox 1010 2321 1108 2349; x_wconf 78' lang='lat' dir='ltr'>August.</span> <span class='ocrx_word' id='word_1_369' title='bbox 1133 2321 1174 2343; x_wconf 83' lang='lat' dir='ltr'>esr.</span> <span class='ocrx_word' id='word_1_370' title='bbox 1201 2326 1271 2348; x_wconf 84' lang='lat' dir='ltr'>supra</span> 
     </span>
     <span class='ocr_line' id='line_1_48' title="bbox 425 2362 665 2391; baseline -0.004 -7"><span class='ocrx_word' id='word_1_371' title='bbox 425 2369 479 2391; x_wconf 82' lang='lat' dir='ltr'>pag.</span> <span class='ocrx_word' id='word_1_372' title='bbox 497 2362 556 2389; x_wconf 66' lang='grc'>241,</span> <span class='ocrx_word' id='word_1_373' title='bbox 573 2365 626 2384; x_wconf 87' lang='lat' dir='ltr'>nota</span> <span class='ocrx_word' id='word_1_374' title='bbox 644 2363 665 2384; x_wconf 87' lang='grc'>2.</span> 
     </span>
    </p>

    <p class='ocr_par' dir='ltr' id='par_1_11' title="bbox 425 2399 1273 2694">
     <span class='ocr_line' id='line_1_49' title="bbox 487 2399 1272 2430; baseline -0.003 -6"><span class='ocrx_word' id='word_1_375' title='bbox 487 2400 496 2413; x_wconf 83' lang='lat'>⁶</span> <span class='ocrx_word' id='word_1_376' title='bbox 515 2402 613 2429; x_wconf 83' lang='lat' dir='ltr'>Vulgata</span> <span class='ocrx_word' id='word_1_377' title='bbox 630 2400 669 2424; x_wconf 82' lang='lat' dir='ltr'>cui</span> <span class='ocrx_word' id='word_1_378' title='bbox 684 2406 734 2430; x_wconf 73' lang='lat' dir='ltr'>eqo.</span> <span class='ocrx_word' id='word_1_379' title='bbox 746 2412 777 2417; x_wconf 93' lang='lat'><strong>—</strong></span> <span class='ocrx_word' id='word_1_380' title='bbox 793 2399 920 2427; x_wconf 77' lang='lat' dir='ltr'>chrysost,</span> <span class='ocrx_word' id='word_1_381' title='bbox 937 2400 960 2422; x_wconf 90' lang='grc'>111</span> <span class='ocrx_word' id='word_1_382' title='bbox 977 2400 1038 2422; x_wconf 86' lang='lat' dir='ltr'>loan.</span> <span class='ocrx_word' id='word_1_383' title='bbox 1056 2399 1135 2422; x_wconf 85' lang='lat' dir='ltr'>homil.</span> <span class='ocrx_word' id='word_1_384' title='bbox 1151 2399 1190 2421; x_wconf 90' lang='lat'>72.</span> <span class='ocrx_word' id='word_1_385' title='bbox 1209 2399 1272 2428; x_wconf 84' lang='lat' dir='ltr'>(alias</span> 
     </span>
     <span class='ocr_line' id='line_1_50' title="bbox 425 2439 1272 2469; baseline -0.001 -7"><span class='ocrx_word' id='word_1_386' title='bbox 425 2440 471 2469; x_wconf 91' lang='lat' dir='ltr'>7l.)</span> <span class='ocrx_word' id='word_1_387' title='bbox 491 2446 512 2462; x_wconf 92' lang='lat' dir='ltr'>n.</span> <span class='ocrx_word' id='word_1_388' title='bbox 531 2440 554 2462; x_wconf 78' lang='lat' dir='ltr'>i:</span> <span class='ocrx_word' id='word_1_389' title='bbox 572 2440 638 2462; x_wconf 92' lang='lat' dir='ltr'>Tunc</span> <span class='ocrx_word' id='word_1_390' title='bbox 662 2442 740 2462; x_wconf 87' lang='lat' dir='ltr'>autem</span> <span class='ocrx_word' id='word_1_391' title='bbox 765 2439 867 2467; x_wconf 87' lang='lat' dir='ltr'>primum</span> <span class='ocrx_word' id='word_1_392' title='bbox 891 2439 968 2467; x_wconf 87' lang='lat' dir='ltr'>ipsum</span> <span class='ocrx_word' id='word_1_393' title='bbox 986 2440 1087 2461; x_wconf 78' lang='lat' dir='ltr'>confutat</span> <span class='ocrx_word' id='word_1_394' title='bbox 1104 2439 1178 2466; x_wconf 87' lang='lat' dir='ltr'>lesus,</span> <span class='ocrx_word' id='word_1_395' title='bbox 1195 2444 1272 2467; x_wconf 86' lang='lat' dir='ltr'>neque</span> 
     </span>
     <span class='ocr_line' id='line_1_51' title="bbox 425 2478 1272 2508; baseline -0.001 -7"><span class='ocrx_word' id='word_1_396' title='bbox 425 2482 502 2502; x_wconf 89' lang='lat' dir='ltr'>tamen</span> <span class='ocrx_word' id='word_1_397' title='bbox 514 2479 657 2507; x_wconf 81' lang='lat' dir='ltr'>nominatim,</span> <span class='ocrx_word' id='word_1_398' title='bbox 669 2479 710 2501; x_wconf 89' lang='lat' dir='ltr'>sed</span> <span class='ocrx_word' id='word_1_399' title='bbox 722 2479 859 2508; x_wconf 86' lang='lat' dir='ltr'>quomodo?</span> <span class='ocrx_word' id='word_1_400' title='bbox 872 2478 917 2502; x_wconf 81' lang='lat' dir='ltr'>Cui</span> <span class='ocrx_word' id='word_1_401' title='bbox 926 2484 969 2507; x_wconf 75' lang='lat' dir='ltr'>eqo</span> <span class='ocrx_word' id='word_1_402' title='bbox 982 2478 1108 2501; x_wconf 77' lang='lat' dir='ltr'>intinctum</span> <span class='ocrx_word' id='word_1_403' title='bbox 1116 2484 1205 2507; x_wconf 74' lang='lat' dir='ltr'>panem</span> <span class='ocrx_word' id='word_1_404' title='bbox 1214 2483 1272 2508; x_wconf 81' lang='lat' dir='ltr'>por-</span> 
     </span>
     <span class='ocr_line' id='line_1_52' title="bbox 425 2517 1270 2546; baseline -0.002 -5"><span class='ocrx_word' id='word_1_405' title='bbox 425 2524 520 2541; x_wconf 75' lang='lat' dir='ltr'>reoeero.</span> <span class='ocrx_word' id='word_1_406' title='bbox 537 2517 583 2540; x_wconf 83' lang='lat' dir='ltr'>Csr.</span> <span class='ocrx_word' id='word_1_407' title='bbox 599 2518 657 2540; x_wconf 81' lang='lat' dir='ltr'>infra</span> <span class='ocrx_word' id='word_1_408' title='bbox 673 2524 695 2540; x_wconf 88' lang='grc'>11,</span> <span class='ocrx_word' id='word_1_409' title='bbox 714 2517 750 2540; x_wconf 73' lang='grc'>42.</span> <span class='ocrx_word' id='word_1_410' title='bbox 768 2518 872 2546; x_wconf 73' lang='lat' dir='ltr'>August,</span> <span class='ocrx_word' id='word_1_411' title='bbox 891 2518 913 2540; x_wconf 90' lang='lat' dir='ltr'>in</span> <span class='ocrx_word' id='word_1_412' title='bbox 925 2518 986 2540; x_wconf 84' lang='lat' dir='ltr'>ioan.</span> <span class='ocrx_word' id='word_1_413' title='bbox 997 2518 1086 2545; x_wconf 80' lang='lat' dir='ltr'>Evang.</span> <span class='ocrx_word' id='word_1_414' title='bbox 1103 2520 1131 2539; x_wconf 92' lang='lat' dir='ltr'>tr.</span> <span class='ocrx_word' id='word_1_415' title='bbox 1152 2517 1189 2540; x_wconf 87' lang='lat'>62.</span> <span class='ocrx_word' id='word_1_416' title='bbox 1208 2523 1232 2539; x_wconf 90' lang='lat' dir='ltr'>n.</span> <span class='ocrx_word' id='word_1_417' title='bbox 1244 2517 1270 2540; x_wconf 81' lang='lat'>3:</span> 
     </span>
     <span class='ocr_line' id='line_1_53' title="bbox 425 2556 1271 2586; baseline -0.001 -7"><span class='ocrx_word' id='word_1_418' title='bbox 425 2557 536 2579; x_wconf 81' lang='lat' dir='ltr'>Fortassis</span> <span class='ocrx_word' id='word_1_419' title='bbox 552 2563 593 2584; x_wconf 87' lang='lat' dir='ltr'>per</span> <span class='ocrx_word' id='word_1_420' title='bbox 610 2557 676 2585; x_wconf 85' lang='lat' dir='ltr'>panis</span> <span class='ocrx_word' id='word_1_421' title='bbox 693 2556 824 2579; x_wconf 82' lang='lat' dir='ltr'>tinctionem</span> <span class='ocrx_word' id='word_1_422' title='bbox 848 2556 908 2579; x_wconf 83' lang='lat' dir='ltr'>illius</span> <span class='ocrx_word' id='word_1_423' title='bbox 933 2556 1026 2586; x_wconf 85' lang='lat' dir='ltr'>[Iudae]</span> <span class='ocrx_word' id='word_1_424' title='bbox 1050 2556 1184 2584; x_wconf 80' lang='lat' dir='ltr'>significans</span> <span class='ocrx_word' id='word_1_425' title='bbox 1201 2556 1271 2578; x_wconf 80' lang='lat' dir='ltr'>fictio-</span> 
     </span>
     <span class='ocr_line' id='line_1_54' title="bbox 426 2594 1273 2624; baseline 0 -7"><span class='ocrx_word' id='word_1_426' title='bbox 426 2601 486 2617; x_wconf 87' lang='lat' dir='ltr'>nem.</span> <span class='ocrx_word' id='word_1_427' title='bbox 513 2596 560 2617; x_wconf 85' lang='lat' dir='ltr'>Non</span> <span class='ocrx_word' id='word_1_428' title='bbox 586 2596 647 2618; x_wconf 89' lang='lat' dir='ltr'>euim</span> <span class='ocrx_word' id='word_1_429' title='bbox 672 2595 763 2623; x_wconf 87' lang='lat' dir='ltr'>omnia,</span> <span class='ocrx_word' id='word_1_430' title='bbox 788 2602 849 2624; x_wconf 84' lang='lat' dir='ltr'>quae</span> <span class='ocrx_word' id='word_1_431' title='bbox 874 2596 1006 2623; x_wconf 81' lang='lat' dir='ltr'>tinguntur,</span> <span class='ocrx_word' id='word_1_432' title='bbox 1024 2594 1163 2622; x_wconf 84' lang='lat' dir='ltr'>abluuntur,</span> <span class='ocrx_word' id='word_1_433' title='bbox 1180 2595 1222 2618; x_wconf 81' lang='lat' dir='ltr'>sed</span> <span class='ocrx_word' id='word_1_434' title='bbox 1248 2598 1273 2618; x_wconf 93' lang='lat' dir='ltr'>ut</span> 
     </span>
     <span class='ocr_line' id='line_1_55' title="bbox 426 2632 1273 2662; baseline 0.001 -7"><span class='ocrx_word' id='word_1_435' title='bbox 426 2633 565 2660; x_wconf 80' lang='lat' dir='ltr'>inficiantur,</span> <span class='ocrx_word' id='word_1_436' title='bbox 583 2634 688 2656; x_wconf 85' lang='lat' dir='ltr'>nonnulla</span> <span class='ocrx_word' id='word_1_437' title='bbox 706 2634 833 2661; x_wconf 87' lang='lat' dir='ltr'>tinguntur.</span> <span class='ocrx_word' id='word_1_438' title='bbox 844 2646 874 2650; x_wconf 96' lang='lat'>—</span> <span class='ocrx_word' id='word_1_439' title='bbox 886 2634 998 2662; x_wconf 83' lang='lat' dir='ltr'>Superius</span> <span class='ocrx_word' id='word_1_440' title='bbox 1015 2636 1067 2662; x_wconf 88' lang='lat' dir='ltr'>post</span> <span class='ocrx_word' id='word_1_441' title='bbox 1083 2639 1132 2656; x_wconf 83' lang='lat' dir='ltr'>non</span> <span class='ocrx_word' id='word_1_442' title='bbox 1147 2632 1219 2656; x_wconf 73' lang='lat' dir='ltr'>verbo</span> <span class='ocrx_word' id='word_1_443' title='bbox 1235 2634 1273 2656; x_wconf 86' lang='lat' dir='ltr'>ed.</span> 
     </span>
     <span class='ocr_line' id='line_1_56' title="bbox 426 2671 656 2694; baseline 0 0"><span class='ocrx_word' id='word_1_444' title='bbox 426 2671 491 2694; x_wconf 87' lang='lat' dir='ltr'>addit</span> <span class='ocrx_word' id='word_1_445' title='bbox 507 2671 656 2694; x_wconf 82' lang='lat' dir='ltr'>nominatim.</span> 
     </span>
    </p>

    <p class='ocr_par' dir='ltr' id='par_1_12' title="bbox 426 2709 1274 2857">
     <span class='ocr_line' id='line_1_57' title="bbox 489 2709 1274 2740; baseline 0.001 -7"><span class='ocrx_word' id='word_1_446' title='bbox 489 2709 498 2722; x_wconf 79' lang='lat'><strong>⁰</strong></span> <span class='ocrx_word' id='word_1_447' title='bbox 516 2712 539 2733; x_wconf 89' lang='lat' dir='ltr'>ln</span> <span class='ocrx_word' id='word_1_448' title='bbox 556 2712 616 2733; x_wconf 87' lang='lat' dir='ltr'>ioan.</span> <span class='ocrx_word' id='word_1_449' title='bbox 640 2712 728 2739; x_wconf 84' lang='lat' dir='ltr'>Evang.</span> <span class='ocrx_word' id='word_1_450' title='bbox 753 2714 779 2733; x_wconf 84' lang='lat' dir='ltr'>tr.</span> <span class='ocrx_word' id='word_1_451' title='bbox 806 2712 843 2734; x_wconf 86' lang='lat'>62.</span> <span class='ocrx_word' id='word_1_452' title='bbox 861 2718 883 2734; x_wconf 93' lang='grc'>11.</span> <span class='ocrx_word' id='word_1_453' title='bbox 904 2712 926 2734; x_wconf 83' lang='lat' dir='ltr'>l:</span> <span class='ocrx_word' id='word_1_454' title='bbox 951 2712 1012 2740; x_wconf 87' lang='lat' dir='ltr'>Quid</span> <span class='ocrx_word' id='word_1_455' title='bbox 1037 2714 1086 2734; x_wconf 86' lang='lat' dir='ltr'>erat</span> <span class='ocrx_word' id='word_1_456' title='bbox 1108 2714 1185 2734; x_wconf 84' lang='lat' dir='ltr'>autem</span> <span class='ocrx_word' id='word_1_457' title='bbox 1208 2712 1274 2740; x_wconf 82' lang='lat' dir='ltr'>panis</span> 
     </span>
     <span class='ocr_line' id='line_1_58' title="bbox 427 2750 1273 2779; baseline 0.001 -7"><span class='ocrx_word' id='word_1_458' title='bbox 427 2750 531 2773; x_wconf 85' lang='lat' dir='ltr'>traditori</span> <span class='ocrx_word' id='word_1_459' title='bbox 547 2750 615 2773; x_wconf 83' lang='lat' dir='ltr'>datus</span> <span class='ocrx_word' id='word_1_460' title='bbox 632 2751 673 2773; x_wconf 86' lang='lat' dir='ltr'>nisi</span> <span class='ocrx_word' id='word_1_461' title='bbox 691 2751 868 2779; x_wconf 84' lang='lat' dir='ltr'>demonstratio,</span> <span class='ocrx_word' id='word_1_462' title='bbox 893 2751 929 2774; x_wconf 90' lang='lat' dir='ltr'>cui</span> <span class='ocrx_word' id='word_1_463' title='bbox 953 2751 1041 2779; x_wconf 85' lang='lat' dir='ltr'>gratiae</span> <span class='ocrx_word' id='word_1_464' title='bbox 1059 2751 1137 2773; x_wconf 76' lang='lat' dir='ltr'>suisset</span> <span class='ocrx_word' id='word_1_465' title='bbox 1153 2751 1273 2779; x_wconf 78' lang='lat' dir='ltr'>ingratus?</span> 
     </span>
     <span class='ocr_line' id='line_1_59' title="bbox 426 2789 1274 2819; baseline 0.002 -8"><span class='ocrx_word' id='word_1_466' title='bbox 426 2802 456 2806; x_wconf 81' lang='lat'><strong>—</strong></span> <span class='ocrx_word' id='word_1_467' title='bbox 475 2790 583 2818; x_wconf 80' lang='lat' dir='ltr'>Sequitur</span> <span class='ocrx_word' id='word_1_468' title='bbox 594 2790 630 2812; x_wconf 85' lang='lat' dir='ltr'>Ps.</span> <span class='ocrx_word' id='word_1_469' title='bbox 642 2790 683 2817; x_wconf 78' lang='lat'>54,</span> <span class='ocrx_word' id='word_1_470' title='bbox 697 2790 734 2812; x_wconf 58' lang='grc'>113.</span> <span class='ocrx_word' id='word_1_471' title='bbox 748 2796 812 2819; x_wconf 85' lang='lat' dir='ltr'>seqq.</span> <span class='ocrx_word' id='word_1_472' title='bbox 824 2802 856 2807; x_wconf 90' lang='lat'>—-</span> <span class='ocrx_word' id='word_1_473' title='bbox 867 2790 979 2818; x_wconf 82' lang='lat' dir='ltr'>Superius</span> <span class='ocrx_word' id='word_1_474' title='bbox 991 2796 1034 2819; x_wconf 85' lang='lat' dir='ltr'>pro</span> <span class='ocrx_word' id='word_1_475' title='bbox 1047 2789 1110 2813; x_wconf 78' lang='lat' dir='ltr'>dedit</span> <span class='ocrx_word' id='word_1_476' title='bbox 1120 2789 1194 2813; x_wconf 82' lang='lat' dir='ltr'>Iudae</span> <span class='ocrx_word' id='word_1_477' title='bbox 1205 2790 1274 2813; x_wconf 86' lang='lat' dir='ltr'>codd.</span> 
     </span>
     <span class='ocr_line' id='line_1_60' title="bbox 427 2828 1063 2857; baseline 0 -6"><span class='ocrx_word' id='word_1_478' title='bbox 427 2829 582 2851; x_wconf 81' lang='lat' dir='ltr'>communiter</span> <span class='ocrx_word' id='word_1_479' title='bbox 599 2828 697 2852; x_wconf 79' lang='lat' dir='ltr'>tradidit</span> <span class='ocrx_word' id='word_1_480' title='bbox 714 2835 768 2851; x_wconf 82' lang='lat' dir='ltr'>eam</span> <span class='ocrx_word' id='word_1_481' title='bbox 786 2828 871 2857; x_wconf 81' lang='lat' dir='ltr'>Iudae,</span> <span class='ocrx_word' id='word_1_482' title='bbox 889 2830 908 2851; x_wconf 87' lang='grc' dir='ltr'>Η</span> <span class='ocrx_word' id='word_1_483' title='bbox 925 2829 968 2852; x_wconf 84' lang='lat' dir='ltr'>dat</span> <span class='ocrx_word' id='word_1_484' title='bbox 983 2828 1063 2853; x_wconf 74' lang='lat' dir='ltr'>tudae.</span> 
     </span>
    </p>

    <p class='ocr_par' dir='ltr' id='par_1_13' title="bbox 427 2865 1275 2976">
     <span class='ocr_line' id='line_1_61' title="bbox 491 2865 1272 2896; baseline 0.001 -7"><span class='ocrx_word' id='word_1_485' title='bbox 491 2865 500 2878; x_wconf 96' lang='lat'>⁷</span> <span class='ocrx_word' id='word_1_486' title='bbox 518 2867 601 2890; x_wconf 88' lang='lat' dir='ltr'>Psalm.</span> <span class='ocrx_word' id='word_1_487' title='bbox 619 2868 671 2894; x_wconf 81' lang='grc'>108,</span> <span class='ocrx_word' id='word_1_488' title='bbox 689 2868 710 2890; x_wconf 88' lang='lat'>6.</span> <span class='ocrx_word' id='word_1_489' title='bbox 727 2880 758 2884; x_wconf 92' lang='lat'><em>-</em></span> <span class='ocrx_word' id='word_1_490' title='bbox 774 2868 880 2896; x_wconf 72' lang='lat' dir='ltr'>August,</span> <span class='ocrx_word' id='word_1_491' title='bbox 897 2869 920 2890; x_wconf 91' lang='lat' dir='ltr'>in</span> <span class='ocrx_word' id='word_1_492' title='bbox 932 2869 993 2891; x_wconf 86' lang='lat' dir='ltr'>ioan.</span> <span class='ocrx_word' id='word_1_493' title='bbox 1011 2869 1097 2896; x_wconf 83' lang='lat' dir='ltr'>Evang.</span> <span class='ocrx_word' id='word_1_494' title='bbox 1110 2871 1137 2890; x_wconf 87' lang='lat' dir='ltr'>tr.</span> <span class='ocrx_word' id='word_1_495' title='bbox 1156 2868 1193 2890; x_wconf 82' lang='lat'>62.</span> <span class='ocrx_word' id='word_1_496' title='bbox 1210 2874 1234 2890; x_wconf 92' lang='grc'>11.</span> <span class='ocrx_word' id='word_1_497' title='bbox 1245 2868 1272 2890; x_wconf 84' lang='lat'>2:</span> 
     </span>
     <span class='ocr_line' id='line_1_62' title="bbox 427 2906 1273 2935; baseline 0.001 -7"><span class='ocrx_word' id='word_1_498' title='bbox 427 2906 521 2929; x_wconf 83' lang='lat' dir='ltr'>Intravit</span> <span class='ocrx_word' id='word_1_499' title='bbox 538 2912 595 2934; x_wconf 84' lang='lat' dir='ltr'>ergo</span> <span class='ocrx_word' id='word_1_500' title='bbox 613 2909 665 2934; x_wconf 90' lang='lat' dir='ltr'>post</span> <span class='ocrx_word' id='word_1_501' title='bbox 682 2907 742 2929; x_wconf 83' lang='lat' dir='ltr'>nunc</span> <span class='ocrx_word' id='word_1_502' title='bbox 759 2913 843 2935; x_wconf 83' lang='lat' dir='ltr'>panem</span> <span class='ocrx_word' id='word_1_503' title='bbox 861 2910 951 2930; x_wconf 85' lang='lat' dir='ltr'>satanas</span> <span class='ocrx_word' id='word_1_504' title='bbox 977 2907 1000 2930; x_wconf 88' lang='lat' dir='ltr'>in</span> <span class='ocrx_word' id='word_1_505' title='bbox 1017 2908 1109 2930; x_wconf 88' lang='lat' dir='ltr'>Domini</span> <span class='ocrx_word' id='word_1_506' title='bbox 1126 2907 1273 2935; x_wconf 85' lang='lat' dir='ltr'>traditorem,</span> 
     </span>
     <span class='ocr_line' id='line_1_63' title="bbox 428 2945 1275 2976; baseline 0 -8"><span class='ocrx_word' id='word_1_507' title='bbox 428 2948 453 2968; x_wconf 91' lang='lat' dir='ltr'>ut</span> <span class='ocrx_word' id='word_1_508' title='bbox 469 2945 513 2968; x_wconf 81' lang='lat' dir='ltr'>sibi</span> <span class='ocrx_word' id='word_1_509' title='bbox 530 2946 576 2968; x_wconf 83' lang='lat' dir='ltr'>iam</span> <span class='ocrx_word' id='word_1_510' title='bbox 595 2945 703 2968; x_wconf 84' lang='lat' dir='ltr'>traditum</span> <span class='ocrx_word' id='word_1_511' title='bbox 727 2946 817 2974; x_wconf 86' lang='lat' dir='ltr'>plenius</span> <span class='ocrx_word' id='word_1_512' title='bbox 838 2947 981 2975; x_wconf 84' lang='lat' dir='ltr'>possideret,</span> <span class='ocrx_word' id='word_1_513' title='bbox 999 2947 1022 2969; x_wconf 90' lang='lat' dir='ltr'>in</span> <span class='ocrx_word' id='word_1_514' title='bbox 1039 2953 1110 2976; x_wconf 90' lang='lat' dir='ltr'>quem</span> <span class='ocrx_word' id='word_1_515' title='bbox 1127 2947 1192 2975; x_wconf 86' lang='lat' dir='ltr'>prius</span> <span class='ocrx_word' id='word_1_516' title='bbox 1209 2946 1275 2969; x_wconf 89' lang='lat' dir='ltr'>iutra-</span> 
     </span>
    </p>
   </div>
   <div class='ocr_carea' id='block_1_5' title="bbox 1288 426 1300 1802">
    <p class='ocr_par' dir='ltr' id='par_1_14' title="bbox 1288 426 1300 1802">
     <span class='ocr_line' id='line_1_64' title="bbox 1288 426 1300 1802; baseline 0 0"><span class='ocrx_word' id='word_1_517' title='bbox 1288 426 1300 1802; x_wconf 95' lang='lat' dir='ltr'> </span> 
     </span>
    </p>
   </div>
   <div class='ocr_carea' id='block_1_6' title="bbox 1288 426 1308 2907">
    <p class='ocr_par' dir='ltr' id='par_1_15' title="bbox 1288 426 1308 2907">
     <span class='ocr_line' id='line_1_65' title="bbox 1288 426 1308 2907; baseline 0 0"><span class='ocrx_word' id='word_1_518' title='bbox 1288 426 1308 2907; x_wconf 95' lang='lat' dir='ltr'> </span> 
     </span>
    </p>
   </div>
   <div class='ocr_carea' id='block_1_7' title="bbox 1314 234 2285 1816">
    <p class='ocr_par' dir='ltr' id='par_1_16' title="bbox 1314 234 2160 318">
     <span class='ocr_line' id='line_1_66' title="bbox 1314 234 2160 272; baseline 0.001 -8"><span class='ocrx_word' id='word_1_519' title='bbox 1314 238 1345 264; x_wconf 90' lang='lat' dir='ltr'>tu</span> <span class='ocrx_word' id='word_1_520' title='bbox 1366 243 1445 270; x_wconf 88' lang='lat' dir='ltr'>vero,</span> <span class='ocrx_word' id='word_1_521' title='bbox 1468 235 1551 263; x_wconf 91' lang='lat' dir='ltr'>homo</span> <span class='ocrx_word' id='word_1_522' title='bbox 1571 234 1726 269; x_wconf 85' lang='lat' dir='ltr'>unanimis,</span> <span class='ocrx_word' id='word_1_523' title='bbox 1747 234 1807 263; x_wconf 90' lang='lat' dir='ltr'>dux</span> <span class='ocrx_word' id='word_1_524' title='bbox 1828 243 1908 264; x_wconf 89' lang='lat' dir='ltr'>meus</span> <span class='ocrx_word' id='word_1_525' title='bbox 1921 238 1949 264; x_wconf 88' lang='lat' dir='ltr'>et</span> <span class='ocrx_word' id='word_1_526' title='bbox 1963 238 2045 264; x_wconf 88' lang='lat' dir='ltr'>notus</span> <span class='ocrx_word' id='word_1_527' title='bbox 2066 244 2160 272; x_wconf 86' lang='lat' dir='ltr'>meus,</span> 
     </span>
     <span class='ocr_line' id='line_1_67' title="bbox 1314 281 2062 318; baseline 0.001 -8"><span class='ocrx_word' id='word_1_528' title='bbox 1314 281 1362 318; x_wconf 91' lang='lat' dir='ltr'>qui</span> <span class='ocrx_word' id='word_1_529' title='bbox 1385 281 1467 310; x_wconf 91' lang='lat' dir='ltr'>simul</span> <span class='ocrx_word' id='word_1_530' title='bbox 1489 288 1597 310; x_wconf 88' lang='lat' dir='ltr'>mecum</span> <span class='ocrx_word' id='word_1_531' title='bbox 1618 281 1714 310; x_wconf 89' lang='lat' dir='ltr'>dulces</span> <span class='ocrx_word' id='word_1_532' title='bbox 1734 281 1861 317; x_wconf 84' lang='lat' dir='ltr'>capiebas</span> <span class='ocrx_word' id='word_1_533' title='bbox 1882 281 1958 310; x_wconf 86' lang='lat' dir='ltr'>cibos</span> <span class='ocrx_word' id='word_1_534' title='bbox 1972 293 1986 307; x_wconf 82' lang='grc'><em>»</em></span> <span class='ocrx_word' id='word_1_535' title='bbox 2011 284 2062 311; x_wconf 86' lang='grc'>010.</span> 
     </span>
    </p>

    <p class='ocr_par' dir='ltr' id='par_1_17' title="bbox 1316 327 2269 923">
     <span class='ocr_line' id='line_1_68' title="bbox 1395 327 2267 366; baseline 0.002 -10"><span class='ocrx_word' id='word_1_536' title='bbox 1395 327 1441 356; x_wconf 71' lang='grc'>34.</span> <span class='ocrx_word' id='word_1_537' title='bbox 1464 327 1553 364; x_wconf 82' lang='lat' dir='ltr'>(Vers.</span> <span class='ocrx_word' id='word_1_538' title='bbox 1582 329 1650 363; x_wconf 83' lang='grc'>27.).</span> <span class='ocrx_word' id='word_1_539' title='bbox 1682 328 1717 355; x_wconf 88' lang='grc' dir='ltr'>Ε1</span> <span class='ocrx_word' id='word_1_540' title='bbox 1740 331 1807 364; x_wconf 76' lang='lat' dir='ltr'>post</span> <span class='ocrx_word' id='word_1_541' title='bbox 1835 327 1999 356; x_wconf 81' lang='lat' dir='ltr'>buccellam.</span> <span class='ocrx_word' id='word_1_542' title='bbox 2029 329 2162 366; x_wconf 85' lang='lat' dir='ltr'>Tangitur</span> <span class='ocrx_word' id='word_1_543' title='bbox 2178 334 2267 358; x_wconf 51' lang='lat' dir='ltr'>Quartum¹</span> 
     </span>
     <span class='ocr_line' id='line_1_69' title="bbox 1316 374 2162 413; baseline 0.002 -10"><span class='ocrx_word' id='word_1_544' title='bbox 1316 375 1361 403; x_wconf 91' lang='grc'>1110</span> <span class='ocrx_word' id='word_1_545' title='bbox 1381 377 1531 412; x_wconf 89' lang='lat' dir='ltr'>quartum,</span> <span class='ocrx_word' id='word_1_546' title='bbox 1556 374 1659 403; x_wconf 86' lang='lat' dir='ltr'>scilicet</span> <span class='ocrx_word' id='word_1_547' title='bbox 1684 374 1847 411; x_wconf 79' lang='lat' dir='ltr'>proditoris</span> <span class='ocrx_word' id='word_1_548' title='bbox 1875 374 2062 410; x_wconf 73' lang='lat' dir='ltr'>acceleratio,</span> <span class='ocrx_word' id='word_1_549' title='bbox 2091 384 2162 413; x_wconf 87' lang='lat' dir='ltr'>quac</span> 
     </span>
     <span class='ocr_line' id='line_1_70' title="bbox 1316 419 2269 499; baseline 0.001 -49"><span class='ocrx_word' id='word_1_550' title='bbox 1316 421 1387 450; x_wconf 83' lang='lat' dir='ltr'>facta</span> <span class='ocrx_word' id='word_1_551' title='bbox 1401 424 1443 450; x_wconf 87' lang='lat' dir='ltr'>est</span> <span class='ocrx_word' id='word_1_552' title='bbox 1457 428 1506 458; x_wconf 88' lang='lat' dir='ltr'>per</span> <span class='ocrx_word' id='word_1_553' title='bbox 1522 421 1714 449; x_wconf 87' lang='lat' dir='ltr'>vehementem</span> <span class='ocrx_word' id='word_1_554' title='bbox 1729 420 1929 450; x_wconf 86' lang='lat' dir='ltr'>infestationem</span> <span class='ocrx_word' id='word_1_555' title='bbox 1948 421 2064 456; x_wconf 86' lang='lat' dir='ltr'>diaboli,</span> <span class='ocrx_word' id='word_1_556' title='bbox 2079 430 2161 460; x_wconf 88' lang='lat' dir='ltr'>quam</span> <span class='ocrx_word' id='word_1_557' title='bbox 2264 419 2269 499; x_wconf 66' lang='lat' dir='ltr'>l</span> 
     </span>
     <span class='ocr_line' id='line_1_71' title="bbox 1316 467 2163 506; baseline 0.002 -10"><span class='ocrx_word' id='word_1_558' title='bbox 1316 468 1414 497; x_wconf 89' lang='lat' dir='ltr'>habuit</span> <span class='ocrx_word' id='word_1_559' title='bbox 1435 468 1462 496; x_wconf 91' lang='lat' dir='ltr'>in</span> <span class='ocrx_word' id='word_1_560' title='bbox 1484 467 1577 496; x_wconf 87' lang='lat' dir='ltr'>Iudam</span> <span class='ocrx_word' id='word_1_561' title='bbox 1607 471 1669 504; x_wconf 87' lang='lat' dir='ltr'>post</span> <span class='ocrx_word' id='word_1_562' title='bbox 1696 467 1784 504; x_wconf 90' lang='lat' dir='ltr'>ipsius</span> <span class='ocrx_word' id='word_1_563' title='bbox 1811 468 2019 497; x_wconf 85' lang='lat' dir='ltr'>correctionem.</span> <span class='ocrx_word' id='word_1_564' title='bbox 2049 469 2163 506; x_wconf 86' lang='lat' dir='ltr'>Propter</span> 
     </span>
     <span class='ocr_line' id='line_1_72' title="bbox 1316 505 2268 567; baseline 0.001 -23"><span class='ocrx_word' id='word_1_565' title='bbox 1316 515 1391 553; x_wconf 89' lang='lat' dir='ltr'>quod</span> <span class='ocrx_word' id='word_1_566' title='bbox 1411 515 1495 544; x_wconf 89' lang='lat' dir='ltr'>dicit:</span> <span class='ocrx_word' id='word_1_567' title='bbox 1519 516 1555 543; x_wconf 87' lang='lat' dir='ltr'>Et</span> <span class='ocrx_word' id='word_1_568' title='bbox 1572 518 1639 552; x_wconf 73' lang='lat' dir='ltr'>post</span> <span class='ocrx_word' id='word_1_569' title='bbox 1660 514 1815 543; x_wconf 78' lang='lat' dir='ltr'>buccellam</span> <span class='ocrx_word' id='word_1_570' title='bbox 1836 515 1969 544; x_wconf 73' lang='lat' dir='ltr'>introivit</span> <span class='ocrx_word' id='word_1_571' title='bbox 1989 516 2021 544; x_wconf 88' lang='lat' dir='ltr'>in</span> <span class='ocrx_word' id='word_1_572' title='bbox 2035 524 2102 545; x_wconf 82' lang='lat' dir='ltr'>eum</span> <span class='ocrx_word' id='word_1_573' title='bbox 2115 524 2163 545; x_wconf 77' lang='lat' dir='ltr'>sa-</span> <span class='ocrx_word' id='word_1_574' title='bbox 2265 505 2268 567; x_wconf 46' lang='lat' dir='ltr'>i</span> 
     </span>
     <span class='ocr_line' id='line_1_73' title="bbox 1317 561 2164 599; baseline 0.002 -9"><span class='ocrx_word' id='word_1_575' title='bbox 1317 566 1421 596; x_wconf 85' lang='lat' dir='ltr'>tanas,</span> <span class='ocrx_word' id='word_1_576' title='bbox 1443 564 1476 590; x_wconf 86' lang='lat' dir='ltr'>ut</span> <span class='ocrx_word' id='word_1_577' title='bbox 1496 561 1637 590; x_wconf 85' lang='lat' dir='ltr'>efficacius</span> <span class='ocrx_word' id='word_1_578' title='bbox 1658 561 1812 598; x_wconf 89' lang='lat' dir='ltr'>possideret</span> <span class='ocrx_word' id='word_1_579' title='bbox 1836 564 1863 590; x_wconf 92' lang='lat' dir='ltr'>et</span> <span class='ocrx_word' id='word_1_580' title='bbox 1891 562 2042 599; x_wconf 88' lang='lat' dir='ltr'>nequitiam</span> <span class='ocrx_word' id='word_1_581' title='bbox 2067 570 2164 592; x_wconf 91' lang='lat' dir='ltr'>conce-</span> 
     </span>
     <span class='ocr_line' id='line_1_74' title="bbox 1318 607 2165 646; baseline 0.004 -10"><span class='ocrx_word' id='word_1_582' title='bbox 1318 611 1391 646; x_wconf 91' lang='lat' dir='ltr'>ptam</span> <span class='ocrx_word' id='word_1_583' title='bbox 1414 608 1496 637; x_wconf 88' lang='lat' dir='ltr'>citius</span> <span class='ocrx_word' id='word_1_584' title='bbox 1516 610 1741 641; x_wconf 87' lang='lat' dir='ltr'>consummaret;</span> <span class='ocrx_word' id='word_1_585' title='bbox 1763 607 1879 636; x_wconf 88' lang='grc'>1111110111</span> <span class='ocrx_word' id='word_1_586' title='bbox 1902 608 2047 638; x_wconf 78' lang='lat' dir='ltr'>Psalmo⁷=</span> <span class='ocrx_word' id='word_1_587' title='bbox 2067 621 2080 635; x_wconf 87' lang='lat'><strong><em>«</em></strong></span> <span class='ocrx_word' id='word_1_588' title='bbox 2095 609 2165 639; x_wconf 89' lang='lat' dir='ltr'>Con-</span> 
     </span>
     <span class='ocr_line' id='line_1_75' title="bbox 1318 655 2165 692; baseline 0.001 -8"><span class='ocrx_word' id='word_1_589' title='bbox 1318 656 1402 685; x_wconf 90' lang='lat' dir='ltr'>stitue</span> <span class='ocrx_word' id='word_1_590' title='bbox 1430 662 1515 692; x_wconf 90' lang='lat' dir='ltr'>super</span> <span class='ocrx_word' id='word_1_591' title='bbox 1542 662 1607 683; x_wconf 91' lang='lat' dir='ltr'>eum</span> <span class='ocrx_word' id='word_1_592' title='bbox 1636 657 1824 691; x_wconf 86' lang='lat' dir='ltr'>peccatorem,</span> <span class='ocrx_word' id='word_1_593' title='bbox 1856 658 1883 684; x_wconf 89' lang='lat' dir='ltr'>et</span> <span class='ocrx_word' id='word_1_594' title='bbox 1913 655 2039 685; x_wconf 87' lang='lat' dir='ltr'>diabolus</span> <span class='ocrx_word' id='word_1_595' title='bbox 2069 658 2122 685; x_wconf 89' lang='lat' dir='ltr'>stet</span> <span class='ocrx_word' id='word_1_596' title='bbox 2149 665 2165 685; x_wconf 87' lang='lat' dir='ltr'>a</span> 
     </span>
     <span class='ocr_line' id='line_1_76' title="bbox 1317 700 2164 737; baseline 0 -6"><span class='ocrx_word' id='word_1_597' title='bbox 1317 701 1426 731; x_wconf 87' lang='lat' dir='ltr'>dextris</span> <span class='ocrx_word' id='word_1_598' title='bbox 1446 701 1506 730; x_wconf 89' lang='lat' dir='ltr'>eius</span> <span class='ocrx_word' id='word_1_599' title='bbox 1520 712 1547 729; x_wconf 77' lang='lat'>».</span> <span class='ocrx_word' id='word_1_600' title='bbox 1576 701 1626 734; x_wconf 85' lang='lat' dir='ltr'>Et,</span> <span class='ocrx_word' id='word_1_601' title='bbox 1648 700 1714 737; x_wconf 87' lang='lat' dir='ltr'>quia</span> <span class='ocrx_word' id='word_1_602' title='bbox 1735 701 1787 729; x_wconf 90' lang='lat' dir='ltr'>hoc</span> <span class='ocrx_word' id='word_1_603' title='bbox 1808 709 1862 730; x_wconf 91' lang='lat' dir='ltr'>non</span> <span class='ocrx_word' id='word_1_604' title='bbox 1884 702 1986 731; x_wconf 88' lang='lat' dir='ltr'>latebat</span> <span class='ocrx_word' id='word_1_605' title='bbox 2000 702 2164 737; x_wconf 88' lang='lat' dir='ltr'>Dominum,</span> 
     </span>
     <span class='ocr_line' id='line_1_77' title="bbox 1319 747 2165 786; baseline 0.002 -9"><span class='ocrx_word' id='word_1_606' title='bbox 1319 749 1394 777; x_wconf 73' lang='lat' dir='ltr'>dixit</span> <span class='ocrx_word' id='word_1_607' title='bbox 1425 748 1452 777; x_wconf 87' lang='lat' dir='ltr'>ci</span> <span class='ocrx_word' id='word_1_608' title='bbox 1479 749 1583 776; x_wconf 81' lang='lat' dir='ltr'>Iesus:</span> <span class='ocrx_word' id='word_1_609' title='bbox 1618 748 1701 783; x_wconf 81' lang='lat' dir='ltr'>Quod</span> <span class='ocrx_word' id='word_1_610' title='bbox 1729 747 1808 785; x_wconf 79' lang='lat' dir='ltr'>facis</span> <span class='ocrx_word' id='word_1_611' title='bbox 1839 748 1890 786; x_wconf 82' lang='lat' dir='ltr'>fac</span> <span class='ocrx_word' id='word_1_612' title='bbox 1921 749 2025 784; x_wconf 80' lang='lat' dir='ltr'>citius,</span> <span class='ocrx_word' id='word_1_613' title='bbox 2057 750 2165 786; x_wconf 86' lang='lat' dir='ltr'>praedi-</span> 
     </span>
     <span class='ocr_line' id='line_1_78' title="bbox 1319 795 2202 832; baseline 0.001 -7"><span class='ocrx_word' id='word_1_614' title='bbox 1319 796 1390 825; x_wconf 90' lang='lat' dir='ltr'>ctive</span> <span class='ocrx_word' id='word_1_615' title='bbox 1410 796 1491 830; x_wconf 88' lang='lat' dir='ltr'>dicit,</span> <span class='ocrx_word' id='word_1_616' title='bbox 1512 803 1567 824; x_wconf 90' lang='lat' dir='ltr'>non</span> <span class='ocrx_word' id='word_1_617' title='bbox 1582 795 1745 832; x_wconf 90' lang='lat' dir='ltr'>imperative</span> <span class='ocrx_word' id='word_1_618' title='bbox 1756 795 1776 823; x_wconf 79' lang='lat'>⁸.</span> <span class='ocrx_word' id='word_1_619' title='bbox 1792 795 1830 824; x_wconf 91' lang='lat' dir='ltr'>Ne</span> <span class='ocrx_word' id='word_1_620' title='bbox 1844 798 1936 825; x_wconf 88' lang='lat' dir='ltr'>tamen</span> <span class='ocrx_word' id='word_1_621' title='bbox 1950 796 2093 826; x_wconf 89' lang='lat' dir='ltr'>videretur</span> <span class='ocrx_word' id='word_1_622' title='bbox 2106 797 2166 826; x_wconf 90' lang='lat' dir='ltr'>eius</span> <span class='ocrx_word' id='word_1_623' title='bbox 2197 804 2202 807; x_wconf 90' lang='grc'><strong><em>·</em></strong></span> 
     </span>
     <span class='ocr_line' id='line_1_79' title="bbox 1320 841 2167 881; baseline 0.002 -10"><span class='ocrx_word' id='word_1_624' title='bbox 1320 843 1471 880; x_wconf 84' lang='lat' dir='ltr'>nequitiam</span> <span class='ocrx_word' id='word_1_625' title='bbox 1493 842 1648 876; x_wconf 87' lang='lat' dir='ltr'>detexisse,</span> <span class='ocrx_word' id='word_1_626' title='bbox 1669 841 1789 870; x_wconf 86' lang='lat' dir='ltr'>ostendit</span> <span class='ocrx_word' id='word_1_627' title='bbox 1811 842 1997 880; x_wconf 81' lang='lat' dir='ltr'>Evangelista,</span> <span class='ocrx_word' id='word_1_628' title='bbox 2018 843 2093 881; x_wconf 91' lang='lat' dir='ltr'>quod</span> <span class='ocrx_word' id='word_1_629' title='bbox 2114 844 2167 873; x_wconf 88' lang='lat' dir='ltr'>hoc</span> 
     </span>
     <span class='ocr_line' id='line_1_80' title="bbox 1320 888 1861 923; baseline -0.002 -4"><span class='ocrx_word' id='word_1_630' title='bbox 1320 889 1437 919; x_wconf 84' lang='lat' dir='ltr'>verbum</span> <span class='ocrx_word' id='word_1_631' title='bbox 1459 896 1556 917; x_wconf 90' lang='lat' dir='ltr'>omnes</span> <span class='ocrx_word' id='word_1_632' title='bbox 1578 889 1672 923; x_wconf 86' lang='lat' dir='ltr'>latuit;</span> <span class='ocrx_word' id='word_1_633' title='bbox 1694 888 1756 917; x_wconf 88' lang='lat' dir='ltr'>ideo</span> <span class='ocrx_word' id='word_1_634' title='bbox 1776 889 1861 918; x_wconf 87' lang='lat' dir='ltr'>dicit:</span> 
     </span>
    </p>

    <p class='ocr_par' dir='ltr' id='par_1_18' title="bbox 1321 935 2285 1205">
     <span class='ocr_line' id='line_1_81' title="bbox 1400 935 2167 972; baseline 0.003 -8"><span class='ocrx_word' id='word_1_635' title='bbox 1400 936 1445 965; x_wconf 76' lang='lat'>35.</span> <span class='ocrx_word' id='word_1_636' title='bbox 1468 936 1558 972; x_wconf 61' lang='lat' dir='ltr'>(vers.</span> <span class='ocrx_word' id='word_1_637' title='bbox 1574 936 1642 970; x_wconf 56' lang='lat'>28).</span> <span class='ocrx_word' id='word_1_638' title='bbox 1658 935 1719 964; x_wconf 89' lang='lat' dir='ltr'>Hoc</span> <span class='ocrx_word' id='word_1_639' title='bbox 1733 938 1829 964; x_wconf 78' lang='lat' dir='ltr'>autem</span> <span class='ocrx_word' id='word_1_640' title='bbox 1845 944 1928 964; x_wconf 77' lang='lat' dir='ltr'>nemo</span> <span class='ocrx_word' id='word_1_641' title='bbox 1941 936 2026 965; x_wconf 81' lang='lat' dir='ltr'>scivit</span> <span class='ocrx_word' id='word_1_642' title='bbox 2039 937 2167 966; x_wconf 80' lang='lat' dir='ltr'>discum-</span> 
     </span>
     <span class='ocr_line' id='line_1_82' title="bbox 1321 982 2271 1021; baseline 0.002 -9"><span class='ocrx_word' id='word_1_643' title='bbox 1321 983 1464 1017; x_wconf 79' lang='lat' dir='ltr'>bentium,</span> <span class='ocrx_word' id='word_1_644' title='bbox 1485 982 1578 1021; x_wconf 76' lang='lat' dir='ltr'>quid⁹</span> <span class='ocrx_word' id='word_1_645' title='bbox 1599 983 1626 1011; x_wconf 82' lang='lat' dir='ltr'>ei</span> <span class='ocrx_word' id='word_1_646' title='bbox 1645 982 1770 1016; x_wconf 80' lang='lat' dir='ltr'>dixerit,</span> <span class='ocrx_word' id='word_1_647' title='bbox 1792 990 1842 1011; x_wconf 88' lang='lat' dir='ltr'>nec</span> <span class='ocrx_word' id='word_1_648' title='bbox 1863 983 1945 1012; x_wconf 90' lang='lat' dir='ltr'>etiam</span> <span class='ocrx_word' id='word_1_649' title='bbox 1966 983 2167 1020; x_wconf 65' lang='grc'>1050100111105,</span> <span class='ocrx_word' id='word_1_650' title='bbox 2269 1007 2271 1020; x_wconf 38' lang='lat'>9</span> 
     </span>
     <span class='ocr_line' id='line_1_83' title="bbox 1321 1025 2272 1067; baseline 0 -8"><span class='ocrx_word' id='word_1_651' title='bbox 1321 1030 1369 1067; x_wconf 90' lang='lat' dir='ltr'>qui</span> <span class='ocrx_word' id='word_1_652' title='bbox 1390 1030 1445 1059; x_wconf 88' lang='lat' dir='ltr'>iam</span> <span class='ocrx_word' id='word_1_653' title='bbox 1466 1030 1569 1059; x_wconf 88' lang='lat' dir='ltr'>sciebat</span> <span class='ocrx_word' id='word_1_654' title='bbox 1589 1030 1650 1059; x_wconf 89' lang='lat' dir='ltr'>eius</span> <span class='ocrx_word' id='word_1_655' title='bbox 1670 1029 1830 1066; x_wconf 88' lang='lat' dir='ltr'>nequitiam.</span> <span class='ocrx_word' id='word_1_656' title='bbox 1846 1029 1922 1059; x_wconf 88' lang='lat' dir='ltr'>Unde</span> <span class='ocrx_word' id='word_1_657' title='bbox 1935 1029 2167 1067; x_wconf 81' lang='lat' dir='ltr'>chrysostomus:</span> <span class='ocrx_word' id='word_1_658' title='bbox 2270 1025 2272 1059; x_wconf 69' lang='lat' dir='ltr'>l</span> 
     </span>
     <span class='ocr_line' id='line_1_84' title="bbox 1326 1067 2285 1114; baseline 0 -9"><span class='ocrx_word' id='word_1_659' title='bbox 1326 1088 1340 1102; x_wconf 91' lang='lat'>«</span> <span class='ocrx_word' id='word_1_660' title='bbox 1355 1077 1490 1114; x_wconf 85' lang='lat' dir='ltr'>Benignae</span> <span class='ocrx_word' id='word_1_661' title='bbox 1512 1076 1612 1105; x_wconf 87' lang='lat' dir='ltr'>mentis</span> <span class='ocrx_word' id='word_1_662' title='bbox 1632 1079 1660 1105; x_wconf 90' lang='lat' dir='ltr'>et</span> <span class='ocrx_word' id='word_1_663' title='bbox 1680 1078 1840 1105; x_wconf 86' lang='lat' dir='ltr'>mansuetae</span> <span class='ocrx_word' id='word_1_664' title='bbox 1861 1084 1917 1105; x_wconf 90' lang='lat' dir='ltr'>non</span> <span class='ocrx_word' id='word_1_665' title='bbox 1937 1076 1990 1105; x_wconf 84' lang='lat' dir='ltr'>suit</span> <span class='ocrx_word' id='word_1_666' title='bbox 2010 1077 2115 1106; x_wconf 89' lang='lat' dir='ltr'>malum</span> <span class='ocrx_word' id='word_1_667' title='bbox 2134 1077 2169 1106; x_wconf 90' lang='lat' dir='ltr'>de</span> <span class='ocrx_word' id='word_1_668' title='bbox 2269 1067 2285 1111; x_wconf 88' lang='grc' dir='ltr'>Ι</span> 
     </span>
     <span class='ocr_line' id='line_1_85' title="bbox 1322 1119 2272 1161; baseline 0.001 -9"><span class='ocrx_word' id='word_1_669' title='bbox 1322 1123 1375 1152; x_wconf 88' lang='lat' dir='ltr'>alio</span> <span class='ocrx_word' id='word_1_670' title='bbox 1390 1123 1525 1161; x_wconf 88' lang='lat' dir='ltr'>suspicari</span> <span class='ocrx_word' id='word_1_671' title='bbox 1540 1135 1568 1158; x_wconf 78' lang='lat'>»,</span> <span class='ocrx_word' id='word_1_672' title='bbox 1583 1123 1668 1152; x_wconf 89' lang='lat' dir='ltr'>immo</span> <span class='ocrx_word' id='word_1_673' title='bbox 1682 1131 1697 1152; x_wconf 93' lang='lat' dir='ltr'>e</span> <span class='ocrx_word' id='word_1_674' title='bbox 1711 1121 1851 1152; x_wconf 86' lang='lat' dir='ltr'>contrario</span> <span class='ocrx_word' id='word_1_675' title='bbox 1865 1123 1893 1152; x_wconf 93' lang='lat' dir='ltr'>in</span> <span class='ocrx_word' id='word_1_676' title='bbox 1908 1123 2011 1152; x_wconf 90' lang='lat' dir='ltr'>bonum</span> <span class='ocrx_word' id='word_1_677' title='bbox 2033 1123 2170 1161; x_wconf 90' lang='lat' dir='ltr'>interpre-</span> <span class='ocrx_word' id='word_1_678' title='bbox 2270 1119 2272 1122; x_wconf 70' lang='grc'>’</span> 
     </span>
     <span class='ocr_line' id='line_1_86' title="bbox 1323 1170 1670 1205; baseline 0 -6"><span class='ocrx_word' id='word_1_679' title='bbox 1323 1170 1372 1199; x_wconf 87' lang='lat' dir='ltr'>tati</span> <span class='ocrx_word' id='word_1_680' title='bbox 1393 1173 1474 1205; x_wconf 88' lang='lat' dir='ltr'>sunt;</span> <span class='ocrx_word' id='word_1_681' title='bbox 1496 1170 1569 1199; x_wconf 90' lang='lat' dir='ltr'>unde</span> <span class='ocrx_word' id='word_1_682' title='bbox 1589 1170 1670 1199; x_wconf 88' lang='lat' dir='ltr'>dicit:</span> 
     </span>
    </p>

    <p class='ocr_par' dir='ltr' id='par_1_19' title="bbox 1322 1211 2273 1816">
     <span class='ocr_line' id='line_1_87' title="bbox 1402 1211 2169 1256; baseline 0 -10"><span class='ocrx_word' id='word_1_683' title='bbox 1402 1218 1447 1247; x_wconf 85' lang='lat'>36.</span> <span class='ocrx_word' id='word_1_684' title='bbox 1470 1218 1559 1255; x_wconf 90' lang='lat' dir='ltr'>(Vers.</span> <span class='ocrx_word' id='word_1_685' title='bbox 1582 1218 1649 1254; x_wconf 88' lang='lat'>29.).</span> <span class='ocrx_word' id='word_1_686' title='bbox 1674 1217 1802 1254; x_wconf 79' lang='lat' dir='ltr'>Quidam</span> <span class='ocrx_word' id='word_1_687' title='bbox 1823 1217 1900 1246; x_wconf 82' lang='lat' dir='ltr'>enim</span> <span class='ocrx_word' id='word_1_688' title='bbox 1912 1211 2075 1255; x_wconf 76' lang='lat' dir='ltr'>putabant,</span> <span class='ocrx_word' id='word_1_689' title='bbox 2097 1218 2169 1256; x_wconf 82' lang='lat' dir='ltr'>quia</span> 
     </span>
     <span class='ocr_line' id='line_1_88' title="bbox 1323 1264 2273 1303; baseline 0 -10"><span class='ocrx_word' id='word_1_690' title='bbox 1323 1265 1431 1294; x_wconf 80' lang='lat' dir='ltr'>loculos</span> <span class='ocrx_word' id='word_1_691' title='bbox 1452 1264 1574 1293; x_wconf 80' lang='lat' dir='ltr'>habebat</span> <span class='ocrx_word' id='word_1_692' title='bbox 1598 1264 1708 1298; x_wconf 74' lang='lat' dir='ltr'>Iudas,</span> <span class='ocrx_word' id='word_1_693' title='bbox 1732 1267 1862 1301; x_wconf 84' lang='lat' dir='ltr'>tanquam</span> <span class='ocrx_word' id='word_1_694' title='bbox 1882 1264 2072 1301; x_wconf 88' lang='lat' dir='ltr'>dispensator,</span> <span class='ocrx_word' id='word_1_695' title='bbox 2093 1264 2170 1303; x_wconf 80' lang='lat' dir='ltr'>qaod</span> <span class='ocrx_word' id='word_1_696' title='bbox 2272 1264 2273 1286; x_wconf 71' lang='grc'>1</span> 
     </span>
     <span class='ocr_line' id='line_1_89' title="bbox 1323 1311 2170 1350; baseline -0.001 -10"><span class='ocrx_word' id='word_1_697' title='bbox 1323 1312 1445 1341; x_wconf 70' lang='lat' dir='ltr'>dixisset</span> <span class='ocrx_word' id='word_1_698' title='bbox 1470 1312 1497 1340; x_wconf 76' lang='lat' dir='ltr'>ci</span> <span class='ocrx_word' id='word_1_699' title='bbox 1523 1312 1625 1340; x_wconf 75' lang='lat' dir='ltr'>Iesus.-</span> <span class='ocrx_word' id='word_1_700' title='bbox 1655 1312 1724 1340; x_wconf 80' lang='lat' dir='ltr'>Eme</span> <span class='ocrx_word' id='word_1_701' title='bbox 1748 1319 1783 1340; x_wconf 83' lang='lat' dir='ltr'>ca</span> <span class='ocrx_word' id='word_1_702' title='bbox 1810 1320 1885 1350; x_wconf 83' lang='lat' dir='ltr'>quac</span> <span class='ocrx_word' id='word_1_703' title='bbox 1905 1320 1979 1349; x_wconf 80' lang='lat' dir='ltr'>opus</span> <span class='ocrx_word' id='word_1_704' title='bbox 1998 1311 2103 1340; x_wconf 76' lang='lat' dir='ltr'>santlo</span> <span class='ocrx_word' id='word_1_705' title='bbox 2131 1311 2170 1340; x_wconf 86' lang='lat' dir='ltr'>ad</span> 
     </span>
     <span class='ocr_line' id='line_1_90' title="bbox 1323 1358 2170 1397; baseline 0 -10"><span class='ocrx_word' id='word_1_706' title='bbox 1323 1359 1399 1388; x_wconf 85' lang='lat' dir='ltr'>diem</span> <span class='ocrx_word' id='word_1_707' title='bbox 1425 1358 1549 1396; x_wconf 78' lang='lat' dir='ltr'>festum,</span> <span class='ocrx_word' id='word_1_708' title='bbox 1578 1362 1630 1388; x_wconf 82' lang='lat' dir='ltr'>aut</span> <span class='ocrx_word' id='word_1_709' title='bbox 1658 1362 1691 1388; x_wconf 79' lang='lat' dir='ltr'>ut</span> <span class='ocrx_word' id='word_1_710' title='bbox 1711 1359 1806 1397; x_wconf 63' lang='lat' dir='ltr'>egenis</span> <span class='ocrx_word' id='word_1_711' title='bbox 1834 1358 1948 1397; x_wconf 83' lang='lat' dir='ltr'>aliquid</span> <span class='ocrx_word' id='word_1_712' title='bbox 1975 1359 2075 1393; x_wconf 83' lang='lat' dir='ltr'>daret,</span> <span class='ocrx_word' id='word_1_713' title='bbox 2104 1358 2170 1396; x_wconf 88' lang='lat' dir='ltr'>quia</span> 
     </span>
     <span class='ocr_line' id='line_1_91' title="bbox 1322 1405 2171 1443; baseline 0 -9"><span class='ocrx_word' id='word_1_714' title='bbox 1322 1406 1445 1435; x_wconf 88' lang='lat' dir='ltr'>maxime</span> <span class='ocrx_word' id='word_1_715' title='bbox 1466 1409 1580 1443; x_wconf 90' lang='lat' dir='ltr'>propter</span> <span class='ocrx_word' id='word_1_716' title='bbox 1601 1406 1662 1435; x_wconf 90' lang='lat' dir='ltr'>illos</span> <span class='ocrx_word' id='word_1_717' title='bbox 1684 1406 1803 1435; x_wconf 88' lang='lat' dir='ltr'>habebat</span> <span class='ocrx_word' id='word_1_718' title='bbox 1823 1406 1946 1440; x_wconf 89' lang='lat' dir='ltr'>loculos;</span> <span class='ocrx_word' id='word_1_719' title='bbox 1968 1406 1996 1434; x_wconf 90' lang='grc'>111</span> <span class='ocrx_word' id='word_1_720' title='bbox 2017 1413 2074 1442; x_wconf 92' lang='lat' dir='ltr'>quo</span> <span class='ocrx_word' id='word_1_721' title='bbox 2088 1405 2171 1443; x_wconf 90' lang='lat' dir='ltr'>signi-</span> 
     </span>
     <span class='ocr_line' id='line_1_92' title="bbox 1323 1448 2171 1490; baseline -0.001 -9"><span class='ocrx_word' id='word_1_722' title='bbox 1323 1452 1436 1481; x_wconf 84' lang='lat' dir='ltr'>ficatum</span> <span class='ocrx_word' id='word_1_723' title='bbox 1457 1455 1513 1486; x_wconf 87' lang='lat' dir='ltr'>est,</span> <span class='ocrx_word' id='word_1_724' title='bbox 1535 1453 1609 1490; x_wconf 87' lang='lat' dir='ltr'>quod</span> <span class='ocrx_word' id='word_1_725' title='bbox 1631 1453 1664 1482; x_wconf 88' lang='lat' dir='ltr'>de</span> <span class='ocrx_word' id='word_1_726' title='bbox 1686 1453 1783 1482; x_wconf 88' lang='lat' dir='ltr'>loculis</span> <span class='ocrx_word' id='word_1_727' title='bbox 1802 1448 1944 1481; x_wconf 40' lang='lat' dir='ltr'>Ecclesiae*</span> <span class='ocrx_word' id='word_1_728' title='bbox 1958 1452 2021 1481; x_wconf 88' lang='lat' dir='ltr'>licet</span> <span class='ocrx_word' id='word_1_729' title='bbox 2041 1452 2171 1489; x_wconf 87' lang='lat' dir='ltr'>praelatis</span> 
     </span>
     <span class='ocr_line' id='line_1_93' title="bbox 1323 1499 2172 1537; baseline 0 -9"><span class='ocrx_word' id='word_1_730' title='bbox 1323 1507 1432 1533; x_wconf 83' lang='lat' dir='ltr'>emere,</span> <span class='ocrx_word' id='word_1_731' title='bbox 1454 1508 1529 1537; x_wconf 79' lang='lat' dir='ltr'>quac</span> <span class='ocrx_word' id='word_1_732' title='bbox 1549 1508 1639 1536; x_wconf 73' lang='lat' dir='ltr'>opuS,</span> <span class='ocrx_word' id='word_1_733' title='bbox 1662 1500 1689 1528; x_wconf 92' lang='lat' dir='ltr'>id</span> <span class='ocrx_word' id='word_1_734' title='bbox 1710 1503 1766 1533; x_wconf 89' lang='lat' dir='ltr'>est,</span> <span class='ocrx_word' id='word_1_735' title='bbox 1781 1507 1853 1537; x_wconf 89' lang='lat' dir='ltr'>quae</span> <span class='ocrx_word' id='word_1_736' title='bbox 1867 1499 2022 1528; x_wconf 87' lang='lat' dir='ltr'>necessaria</span> <span class='ocrx_word' id='word_1_737' title='bbox 2042 1501 2123 1534; x_wconf 86' lang='lat' dir='ltr'>sunt,</span> <span class='ocrx_word' id='word_1_738' title='bbox 2144 1501 2172 1528; x_wconf 90' lang='lat' dir='ltr'>et</span> 
     </span>
     <span class='ocr_line' id='line_1_94' title="bbox 1324 1545 2173 1583; baseline 0 -9"><span class='ocrx_word' id='word_1_739' title='bbox 1324 1546 1433 1582; x_wconf 85' lang='lat' dir='ltr'>reliqua</span> <span class='ocrx_word' id='word_1_740' title='bbox 1452 1546 1519 1574; x_wconf 88' lang='lat' dir='ltr'>dare</span> <span class='ocrx_word' id='word_1_741' title='bbox 1540 1546 1652 1583; x_wconf 86' lang='lat' dir='ltr'>egenis;</span> <span class='ocrx_word' id='word_1_742' title='bbox 1681 1549 1707 1575; x_wconf 86' lang='lat' dir='ltr'>et</span> <span class='ocrx_word' id='word_1_743' title='bbox 1735 1546 1802 1583; x_wconf 89' lang='lat' dir='ltr'>ipsis</span> <span class='ocrx_word' id='word_1_744' title='bbox 1829 1546 1983 1583; x_wconf 84' lang='lat' dir='ltr'>specialiter</span> <span class='ocrx_word' id='word_1_745' title='bbox 2008 1545 2102 1574; x_wconf 86' lang='lat' dir='ltr'>datum</span> <span class='ocrx_word' id='word_1_746' title='bbox 2131 1548 2173 1575; x_wconf 89' lang='grc'>051</span> 
     </span>
     <span class='ocr_line' id='line_1_95' title="bbox 1324 1592 2172 1630; baseline 0.001 -10"><span class='ocrx_word' id='word_1_747' title='bbox 1324 1592 1484 1621; x_wconf 88' lang='lat' dir='ltr'>mandatum</span> <span class='ocrx_word' id='word_1_748' title='bbox 1506 1592 1540 1621; x_wconf 89' lang='lat' dir='ltr'>de</span> <span class='ocrx_word' id='word_1_749' title='bbox 1561 1593 1666 1622; x_wconf 90' lang='lat' dir='ltr'>alendis</span> <span class='ocrx_word' id='word_1_750' title='bbox 1686 1593 1875 1630; x_wconf 80' lang='lat' dir='ltr'>pauperibus3</span> <span class='ocrx_word' id='word_1_751' title='bbox 1898 1593 1971 1621; x_wconf 90' lang='lat' dir='ltr'>unde</span> <span class='ocrx_word' id='word_1_752' title='bbox 1993 1592 2172 1622; x_wconf 87' lang='lat' dir='ltr'>Ecclesiastici</span> 
     </span>
     <span class='ocr_line' id='line_1_96' title="bbox 1324 1639 2171 1677; baseline 0 -9"><span class='ocrx_word' id='word_1_753' title='bbox 1324 1639 1457 1676; x_wconf 89' lang='lat' dir='ltr'>vigesimo</span> <span class='ocrx_word' id='word_1_754' title='bbox 1472 1648 1545 1668; x_wconf 92' lang='lat' dir='ltr'>nono</span> <span class='ocrx_word' id='word_1_755' title='bbox 1558 1641 1598 1668; x_wconf 83' lang='lat'>¹¹:</span> <span class='ocrx_word' id='word_1_756' title='bbox 1625 1652 1638 1665; x_wconf 92' lang='lat'>«</span> <span class='ocrx_word' id='word_1_757' title='bbox 1654 1641 1769 1677; x_wconf 87' lang='lat' dir='ltr'>Propter</span> <span class='ocrx_word' id='word_1_758' title='bbox 1790 1640 1950 1669; x_wconf 86' lang='lat' dir='ltr'>mandatum</span> <span class='ocrx_word' id='word_1_759' title='bbox 1971 1647 2082 1669; x_wconf 89' lang='lat' dir='ltr'>assume</span> <span class='ocrx_word' id='word_1_760' title='bbox 2102 1647 2171 1677; x_wconf 91' lang='lat' dir='ltr'>pau-</span> 
     </span>
     <span class='ocr_line' id='line_1_97' title="bbox 1325 1687 2171 1724; baseline 0 -9"><span class='ocrx_word' id='word_1_761' title='bbox 1325 1694 1430 1723; x_wconf 88' lang='lat' dir='ltr'>perem,</span> <span class='ocrx_word' id='word_1_762' title='bbox 1446 1690 1473 1715; x_wconf 90' lang='lat' dir='ltr'>et</span> <span class='ocrx_word' id='word_1_763' title='bbox 1489 1690 1601 1724; x_wconf 88' lang='lat' dir='ltr'>propter</span> <span class='ocrx_word' id='word_1_764' title='bbox 1616 1687 1735 1724; x_wconf 85' lang='lat' dir='ltr'>inopiam</span> <span class='ocrx_word' id='word_1_765' title='bbox 1750 1695 1784 1716; x_wconf 91' lang='lat' dir='ltr'>ne</span> <span class='ocrx_word' id='word_1_766' title='bbox 1798 1687 1920 1716; x_wconf 87' lang='lat' dir='ltr'>dimittas</span> <span class='ocrx_word' id='word_1_767' title='bbox 1934 1695 1998 1716; x_wconf 91' lang='lat' dir='ltr'>eum</span> <span class='ocrx_word' id='word_1_768' title='bbox 2013 1694 2134 1716; x_wconf 89' lang='lat' dir='ltr'>vacuum</span> <span class='ocrx_word' id='word_1_769' title='bbox 2145 1699 2171 1715; x_wconf 72' lang='lat'>».</span> 
     </span>
     <span class='ocr_line' id='line_1_98' title="bbox 1325 1733 2174 1771; baseline 0.001 -9"><span class='ocrx_word' id='word_1_770' title='bbox 1325 1734 1357 1762; x_wconf 89' lang='lat' dir='ltr'>Et</span> <span class='ocrx_word' id='word_1_771' title='bbox 1377 1734 1449 1763; x_wconf 84' lang='lat' dir='ltr'>sicut</span> <span class='ocrx_word' id='word_1_772' title='bbox 1476 1734 1603 1763; x_wconf 83' lang='lat' dir='ltr'>diabolus</span> <span class='ocrx_word' id='word_1_773' title='bbox 1628 1734 1809 1771; x_wconf 83' lang='lat' dir='ltr'>suggerebat,</span> <span class='ocrx_word' id='word_1_774' title='bbox 1831 1738 1858 1763; x_wconf 91' lang='lat' dir='ltr'>et</span> <span class='ocrx_word' id='word_1_775' title='bbox 1879 1734 2007 1763; x_wconf 89' lang='lat' dir='ltr'>Christus</span> <span class='ocrx_word' id='word_1_776' title='bbox 2027 1733 2174 1771; x_wconf 87' lang='lat' dir='ltr'>praedixe-</span> 
     </span>
     <span class='ocr_line' id='line_1_99' title="bbox 1326 1781 1876 1816; baseline 0 -6"><span class='ocrx_word' id='word_1_777' title='bbox 1326 1784 1384 1816; x_wconf 86' lang='lat' dir='ltr'>rat,</span> <span class='ocrx_word' id='word_1_778' title='bbox 1406 1782 1570 1810; x_wconf 83' lang='lat' dir='ltr'>acceleravit</span> <span class='ocrx_word' id='word_1_779' title='bbox 1591 1781 1688 1816; x_wconf 87' lang='lat' dir='ltr'>ludas;</span> <span class='ocrx_word' id='word_1_780' title='bbox 1711 1782 1772 1810; x_wconf 91' lang='lat' dir='ltr'>ideo</span> <span class='ocrx_word' id='word_1_781' title='bbox 1792 1782 1876 1811; x_wconf 91' lang='lat' dir='ltr'>dicit:</span> 
     </span>
    </p>
   </div>
   <div class='ocr_carea' id='block_1_8' title="bbox 2265 553 2289 747">
    <p class='ocr_par' dir='ltr' id='par_1_20' title="bbox 2265 553 2289 747">
     <span class='ocr_line' id='line_1_100' title="bbox 2265 553 2289 747; textangle 90"><span class='ocrx_word' id='word_1_782' title='bbox 2265 589 2289 747; x_wconf 58' lang='lat'>.:.:.†.-::..</span> <span class='ocrx_word' id='word_1_783' title='bbox 2280 575 2281 578; x_wconf 60' lang='lat'><em>„</em></span> <span class='ocrx_word' id='word_1_784' title='bbox 2287 553 2288 558; x_wconf 57' lang='lat'><em>„</em></span> 
     </span>
    </p>
   </div>
   <div class='ocr_carea' id='block_1_9' title="bbox 1326 1926 2277 2857">
    <p class='ocr_par' dir='ltr' id='par_1_21' title="bbox 1326 1926 2173 1997">
     <span class='ocr_line' id='line_1_101' title="bbox 1326 1926 2173 1957; baseline -0.001 -6"><span class='ocrx_word' id='word_1_785' title='bbox 1326 1932 1404 1956; x_wconf 85' lang='lat' dir='ltr'>verat,</span> <span class='ocrx_word' id='word_1_786' title='bbox 1422 1931 1447 1951; x_wconf 92' lang='lat' dir='ltr'>ut</span> <span class='ocrx_word' id='word_1_787' title='bbox 1463 1929 1588 1957; x_wconf 84' lang='lat' dir='ltr'>deciperet.</span> <span class='ocrx_word' id='word_1_788' title='bbox 1605 1941 1636 1945; x_wconf 89' lang='lat'>—</span> <span class='ocrx_word' id='word_1_789' title='bbox 1654 1929 1765 1956; x_wconf 80' lang='lat' dir='ltr'>Superius</span> <span class='ocrx_word' id='word_1_790' title='bbox 1782 1934 1824 1957; x_wconf 91' lang='lat' dir='ltr'>pro</span> <span class='ocrx_word' id='word_1_791' title='bbox 1842 1927 2013 1952; x_wconf 79' lang='lat' dir='ltr'>correctionem</span> <span class='ocrx_word' id='word_1_792' title='bbox 2030 1927 2066 1950; x_wconf 91' lang='lat' dir='ltr'>ed.</span> <span class='ocrx_word' id='word_1_793' title='bbox 2084 1926 2173 1950; x_wconf 81' lang='lat' dir='ltr'>buccel-</span> 
     </span>
     <span class='ocr_line' id='line_1_102' title="bbox 1327 1966 2073 1997; baseline -0.003 -6"><span class='ocrx_word' id='word_1_794' title='bbox 1327 1968 1363 1991; x_wconf 79' lang='lat' dir='ltr'>lae</span> <span class='ocrx_word' id='word_1_795' title='bbox 1380 1967 1557 1995; x_wconf 75' lang='lat' dir='ltr'>comestionem,</span> <span class='ocrx_word' id='word_1_796' title='bbox 1575 1968 1592 1989; x_wconf 91' lang='lat' dir='ltr'>B</span> <span class='ocrx_word' id='word_1_797' title='bbox 1609 1967 1787 1996; x_wconf 82' lang='lat' dir='ltr'>comestionem,</span> <span class='ocrx_word' id='word_1_798' title='bbox 1804 1967 1874 1991; x_wconf 92' lang='lat' dir='ltr'>CEN</span> <span class='ocrx_word' id='word_1_799' title='bbox 1892 1966 2073 1997; x_wconf 78' lang='lat' dir='ltr'>correptionem.</span> 
     </span>
    </p>

    <p class='ocr_par' dir='ltr' id='par_1_22' title="bbox 1327 2004 2277 2233">
     <span class='ocr_line' id='line_1_103' title="bbox 1389 2004 2172 2035; baseline -0.003 -6"><span class='ocrx_word' id='word_1_800' title='bbox 1389 2005 1399 2018; x_wconf 76' lang='lat'>⁹</span> <span class='ocrx_word' id='word_1_801' title='bbox 1416 2007 1521 2035; x_wconf 75' lang='lat' dir='ltr'>August.²</span> <span class='ocrx_word' id='word_1_802' title='bbox 1538 2007 1561 2029; x_wconf 89' lang='lat' dir='ltr'>iu</span> <span class='ocrx_word' id='word_1_803' title='bbox 1586 2008 1647 2029; x_wconf 66' lang='lat' dir='ltr'>ioan,</span> <span class='ocrx_word' id='word_1_804' title='bbox 1672 2007 1760 2034; x_wconf 68' lang='lat' dir='ltr'>lix-ang.</span> <span class='ocrx_word' id='word_1_805' title='bbox 1785 2009 1812 2029; x_wconf 90' lang='lat' dir='ltr'>tr.</span> <span class='ocrx_word' id='word_1_806' title='bbox 1837 2007 1873 2029; x_wconf 90' lang='lat'>62.</span> <span class='ocrx_word' id='word_1_807' title='bbox 1897 2013 1919 2029; x_wconf 91' lang='lat' dir='ltr'>n.</span> <span class='ocrx_word' id='word_1_808' title='bbox 1944 2005 1970 2028; x_wconf 80' lang='lat'>4:</span> <span class='ocrx_word' id='word_1_809' title='bbox 1987 2006 2035 2028; x_wconf 88' lang='lat' dir='ltr'>Non</span> <span class='ocrx_word' id='word_1_810' title='bbox 2056 2004 2172 2033; x_wconf 83' lang='lat' dir='ltr'>praecepit</span> 
     </span>
     <span class='ocr_line' id='line_1_104' title="bbox 1328 2044 2175 2075; baseline -0.002 -6"><span class='ocrx_word' id='word_1_811' title='bbox 1328 2047 1427 2074; x_wconf 81' lang='lat' dir='ltr'>facinus,</span> <span class='ocrx_word' id='word_1_812' title='bbox 1445 2046 1486 2069; x_wconf 90' lang='lat' dir='ltr'>sed</span> <span class='ocrx_word' id='word_1_813' title='bbox 1503 2046 1616 2074; x_wconf 79' lang='lat' dir='ltr'>praedixit</span> <span class='ocrx_word' id='word_1_814' title='bbox 1641 2046 1710 2069; x_wconf 84' lang='lat' dir='ltr'>iudae</span> <span class='ocrx_word' id='word_1_815' title='bbox 1732 2046 1832 2075; x_wconf 80' lang='lat' dir='ltr'>malum,</span> <span class='ocrx_word' id='word_1_816' title='bbox 1856 2045 1922 2068; x_wconf 88' lang='lat' dir='ltr'>nobis</span> <span class='ocrx_word' id='word_1_817' title='bbox 1939 2045 2027 2068; x_wconf 88' lang='lat' dir='ltr'>bouum</span> <span class='ocrx_word' id='word_1_818' title='bbox 2045 2048 2087 2068; x_wconf 85' lang='lat' dir='ltr'>etc.</span> <span class='ocrx_word' id='word_1_819' title='bbox 2105 2044 2175 2073; x_wconf 87' lang='lat' dir='ltr'>Chry-</span> 
     </span>
     <span class='ocr_line' id='line_1_105' title="bbox 1327 2083 2277 2117; baseline -0.002 -9"><span class='ocrx_word' id='word_1_820' title='bbox 1327 2090 1390 2113; x_wconf 84' lang='lat' dir='ltr'>sost.,</span> <span class='ocrx_word' id='word_1_821' title='bbox 1408 2086 1429 2108; x_wconf 91' lang='lat' dir='ltr'>in</span> <span class='ocrx_word' id='word_1_822' title='bbox 1447 2087 1508 2108; x_wconf 82' lang='lat' dir='ltr'>loau.</span> <span class='ocrx_word' id='word_1_823' title='bbox 1526 2085 1604 2107; x_wconf 87' lang='lat' dir='ltr'>homil.</span> <span class='ocrx_word' id='word_1_824' title='bbox 1621 2086 1659 2107; x_wconf 87' lang='lat'>72.</span> <span class='ocrx_word' id='word_1_825' title='bbox 1679 2085 1744 2114; x_wconf 84' lang='lat' dir='ltr'>(alias</span> <span class='ocrx_word' id='word_1_826' title='bbox 1760 2084 1808 2114; x_wconf 90' lang='lat' dir='ltr'>7l.)</span> <span class='ocrx_word' id='word_1_827' title='bbox 1827 2092 1849 2107; x_wconf 91' lang='lat' dir='ltr'>n.</span> <span class='ocrx_word' id='word_1_828' title='bbox 1866 2086 1892 2107; x_wconf 88' lang='lat'>2:</span> <span class='ocrx_word' id='word_1_829' title='bbox 1909 2085 1959 2108; x_wconf 82' lang='lat' dir='ltr'>Fac</span> <span class='ocrx_word' id='word_1_830' title='bbox 1975 2084 2057 2112; x_wconf 78' lang='lat' dir='ltr'>citius,</span> <span class='ocrx_word' id='word_1_831' title='bbox 2075 2090 2120 2106; x_wconf 89' lang='lat' dir='ltr'>non</span> <span class='ocrx_word' id='word_1_832' title='bbox 2131 2083 2175 2106; x_wconf 94' lang='lat' dir='ltr'>im·</span> <span class='ocrx_word' id='word_1_833' title='bbox 2276 2086 2277 2117; x_wconf 62' lang='lat' dir='ltr'><strong>j</strong></span> 
     </span>
     <span class='ocr_line' id='line_1_106' title="bbox 1327 2119 2277 2153; baseline -0.003 -6"><span class='ocrx_word' id='word_1_834' title='bbox 1327 2125 1429 2153; x_wconf 83' lang='lat' dir='ltr'>perantis</span> <span class='ocrx_word' id='word_1_835' title='bbox 1446 2130 1488 2146; x_wconf 87' lang='lat' dir='ltr'>nec</span> <span class='ocrx_word' id='word_1_836' title='bbox 1505 2124 1644 2147; x_wconf 86' lang='lat' dir='ltr'>consulentis</span> <span class='ocrx_word' id='word_1_837' title='bbox 1661 2127 1707 2152; x_wconf 89' lang='lat' dir='ltr'>est,</span> <span class='ocrx_word' id='word_1_838' title='bbox 1725 2124 1767 2147; x_wconf 83' lang='lat' dir='ltr'>sed</span> <span class='ocrx_word' id='word_1_839' title='bbox 1788 2123 1949 2152; x_wconf 83' lang='lat' dir='ltr'>exprobrantis</span> <span class='ocrx_word' id='word_1_840' title='bbox 1971 2125 1994 2145; x_wconf 88' lang='lat' dir='ltr'>et</span> <span class='ocrx_word' id='word_1_841' title='bbox 2018 2123 2175 2145; x_wconf 79' lang='lat' dir='ltr'>demonstran·</span> <span class='ocrx_word' id='word_1_842' title='bbox 2276 2119 2277 2128; x_wconf 66' lang='lat'>¹</span> 
     </span>
     <span class='ocr_line' id='line_1_107' title="bbox 1328 2160 2176 2192; baseline -0.002 -7"><span class='ocrx_word' id='word_1_843' title='bbox 1328 2163 1366 2192; x_wconf 82' lang='lat' dir='ltr'>tis,</span> <span class='ocrx_word' id='word_1_844' title='bbox 1384 2170 1408 2186; x_wconf 88' lang='lat' dir='ltr'>se</span> <span class='ocrx_word' id='word_1_845' title='bbox 1425 2166 1518 2192; x_wconf 79' lang='lat' dir='ltr'>optare,</span> <span class='ocrx_word' id='word_1_846' title='bbox 1537 2166 1561 2185; x_wconf 93' lang='lat' dir='ltr'>ut</span> <span class='ocrx_word' id='word_1_847' title='bbox 1577 2163 1703 2191; x_wconf 86' lang='lat' dir='ltr'>resipiscat.</span> <span class='ocrx_word' id='word_1_848' title='bbox 1721 2175 1751 2178; x_wconf 98' lang='lat'>—</span> <span class='ocrx_word' id='word_1_849' title='bbox 1763 2163 1815 2185; x_wconf 89' lang='lat' dir='ltr'>Post</span> <span class='ocrx_word' id='word_1_850' title='bbox 1829 2161 1974 2192; x_wconf 66' lang='lat' dir='ltr'>praedicare</span> <span class='ocrx_word' id='word_1_851' title='bbox 1990 2160 2046 2185; x_wconf 85' lang='lat' dir='ltr'>dicit</span> <span class='ocrx_word' id='word_1_852' title='bbox 2062 2161 2100 2184; x_wconf 87' lang='lat' dir='ltr'>ed.</span> <span class='ocrx_word' id='word_1_853' title='bbox 2111 2161 2176 2184; x_wconf 85' lang='lat' dir='ltr'>addit</span> 
     </span>
     <span class='ocr_line' id='line_1_108' title="bbox 1327 2202 1508 2233; baseline -0.006 -7"><span class='ocrx_word' id='word_1_854' title='bbox 1327 2204 1349 2226; x_wconf 84' lang='lat' dir='ltr'>et</span> <span class='ocrx_word' id='word_1_855' title='bbox 1362 2202 1508 2233; x_wconf 79' lang='lat' dir='ltr'>permissive.</span> 
     </span>
    </p>

    <p class='ocr_par' dir='ltr' id='par_1_23' title="bbox 1328 2239 2178 2733">
     <span class='ocr_line' id='line_1_109' title="bbox 1390 2239 2176 2271; baseline -0.003 -7"><span class='ocrx_word' id='word_1_856' title='bbox 1390 2240 1400 2253; x_wconf 78' lang='lat'>⁹</span> <span class='ocrx_word' id='word_1_857' title='bbox 1418 2242 1514 2270; x_wconf 83' lang='lat' dir='ltr'>Vulgata</span> <span class='ocrx_word' id='word_1_858' title='bbox 1532 2241 1564 2265; x_wconf 85' lang='lat' dir='ltr'>ad</span> <span class='ocrx_word' id='word_1_859' title='bbox 1580 2240 1644 2271; x_wconf 81' lang='lat' dir='ltr'>qaid.</span> <span class='ocrx_word' id='word_1_860' title='bbox 1661 2253 1692 2258; x_wconf 96' lang='lat'>—</span> <span class='ocrx_word' id='word_1_861' title='bbox 1708 2241 1834 2269; x_wconf 63' lang='lat' dir='ltr'>Chrysost„</span> <span class='ocrx_word' id='word_1_862' title='bbox 1852 2240 1874 2263; x_wconf 93' lang='grc'>111</span> <span class='ocrx_word' id='word_1_863' title='bbox 1891 2241 1952 2263; x_wconf 75' lang='grc'>10311.</span> <span class='ocrx_word' id='word_1_864' title='bbox 1969 2240 2048 2263; x_wconf 87' lang='lat' dir='ltr'>homil.</span> <span class='ocrx_word' id='word_1_865' title='bbox 2059 2240 2098 2263; x_wconf 90' lang='lat'>72.</span> <span class='ocrx_word' id='word_1_866' title='bbox 2111 2239 2176 2269; x_wconf 87' lang='lat' dir='ltr'>(alias</span> 
     </span>
     <span class='ocr_line' id='line_1_110' title="bbox 1328 2278 2176 2311; baseline -0.001 -8"><span class='ocrx_word' id='word_1_867' title='bbox 1328 2281 1376 2311; x_wconf 79' lang='grc'>71.)</span> <span class='ocrx_word' id='word_1_868' title='bbox 1394 2288 1414 2303; x_wconf 88' lang='lat' dir='ltr'>n.</span> <span class='ocrx_word' id='word_1_869' title='bbox 1433 2282 1460 2303; x_wconf 85' lang='lat'>2:</span> <span class='ocrx_word' id='word_1_870' title='bbox 1480 2281 1582 2309; x_wconf 73' lang='lat' dir='ltr'>«Neque</span> <span class='ocrx_word' id='word_1_871' title='bbox 1599 2283 1653 2303; x_wconf 89' lang='lat' dir='ltr'>tunc</span> <span class='ocrx_word' id='word_1_872' title='bbox 1671 2280 1774 2310; x_wconf 82' lang='lat' dir='ltr'>[quando</span> <span class='ocrx_word' id='word_1_873' title='bbox 1791 2281 1854 2302; x_wconf 89' lang='lat' dir='ltr'>lesus</span> <span class='ocrx_word' id='word_1_874' title='bbox 1870 2280 1937 2302; x_wconf 85' lang='lat' dir='ltr'>dixit:</span> <span class='ocrx_word' id='word_1_875' title='bbox 1962 2278 2032 2308; x_wconf 80' lang='lat' dir='ltr'>Quod</span> <span class='ocrx_word' id='word_1_876' title='bbox 2054 2278 2115 2309; x_wconf 84' lang='lat' dir='ltr'>sacis</span> <span class='ocrx_word' id='word_1_877' title='bbox 2137 2279 2176 2309; x_wconf 84' lang='lat' dir='ltr'>fac</span> 
     </span>
     <span class='ocr_line' id='line_1_111' title="bbox 1328 2319 2175 2350; baseline -0.002 -7"><span class='ocrx_word' id='word_1_878' title='bbox 1328 2320 1405 2350; x_wconf 78' lang='lat' dir='ltr'>citius]</span> <span class='ocrx_word' id='word_1_879' title='bbox 1424 2321 1486 2343; x_wconf 89' lang='lat' dir='ltr'>illum</span> <span class='ocrx_word' id='word_1_880' title='bbox 1504 2323 1585 2343; x_wconf 90' lang='lat' dir='ltr'>notum</span> <span class='ocrx_word' id='word_1_881' title='bbox 1610 2320 1669 2343; x_wconf 84' lang='lat' dir='ltr'>fecit.</span> <span class='ocrx_word' id='word_1_882' title='bbox 1694 2320 1762 2342; x_wconf 88' lang='lat' dir='ltr'>Forte</span> <span class='ocrx_word' id='word_1_883' title='bbox 1782 2325 1884 2348; x_wconf 85' lang='lat' dir='ltr'>namque</span> <span class='ocrx_word' id='word_1_884' title='bbox 1910 2319 1974 2342; x_wconf 89' lang='lat' dir='ltr'>illum</span> <span class='ocrx_word' id='word_1_885' title='bbox 1999 2319 2175 2347; x_wconf 81' lang='lat' dir='ltr'>discerpissent,</span> 
     </span>
     <span class='ocr_line' id='line_1_112' title="bbox 1329 2357 2175 2382; baseline -0.002 0"><span class='ocrx_word' id='word_1_886' title='bbox 1329 2360 1386 2382; x_wconf 82' lang='lat' dir='ltr'>sorte</span> <span class='ocrx_word' id='word_1_887' title='bbox 1411 2361 1490 2382; x_wconf 87' lang='lat' dir='ltr'>Petrus</span> <span class='ocrx_word' id='word_1_888' title='bbox 1513 2359 1643 2382; x_wconf 86' lang='lat' dir='ltr'>occidisset.</span> <span class='ocrx_word' id='word_1_889' title='bbox 1668 2359 1721 2381; x_wconf 87' lang='lat' dir='ltr'>ldeo</span> <span class='ocrx_word' id='word_1_890' title='bbox 1744 2359 1767 2381; x_wconf 94' lang='lat' dir='ltr'>id</span> <span class='ocrx_word' id='word_1_891' title='bbox 1789 2365 1858 2381; x_wconf 87' lang='lat' dir='ltr'>nemo</span> <span class='ocrx_word' id='word_1_892' title='bbox 1882 2357 2080 2381; x_wconf 88' lang='lat' dir='ltr'>discumbentium</span> <span class='ocrx_word' id='word_1_893' title='bbox 2103 2357 2175 2380; x_wconf 89' lang='lat' dir='ltr'>novit.</span> 
     </span>
     <span class='ocr_line' id='line_1_113' title="bbox 1329 2397 2177 2427; baseline -0.002 -6"><span class='ocrx_word' id='word_1_894' title='bbox 1329 2399 1402 2427; x_wconf 88' lang='lat' dir='ltr'>Quid,</span> <span class='ocrx_word' id='word_1_895' title='bbox 1419 2405 1495 2427; x_wconf 89' lang='lat' dir='ltr'>neque</span> <span class='ocrx_word' id='word_1_896' title='bbox 1512 2399 1622 2421; x_wconf 70' lang='lat' dir='ltr'>loannes?</span> <span class='ocrx_word' id='word_1_897' title='bbox 1640 2398 1672 2420; x_wconf 88' lang='lat' dir='ltr'>Ne</span> <span class='ocrx_word' id='word_1_898' title='bbox 1689 2398 1724 2420; x_wconf 87' lang='lat' dir='ltr'>ille</span> <span class='ocrx_word' id='word_1_899' title='bbox 1740 2398 1848 2427; x_wconf 81' lang='lat' dir='ltr'>quidem3</span> <span class='ocrx_word' id='word_1_900' title='bbox 1865 2404 1912 2420; x_wconf 88' lang='lat' dir='ltr'>non</span> <span class='ocrx_word' id='word_1_901' title='bbox 1929 2397 2020 2426; x_wconf 82' lang='lat' dir='ltr'>pulavit</span> <span class='ocrx_word' id='word_1_902' title='bbox 2036 2397 2098 2420; x_wconf 89' lang='lat' dir='ltr'>enim</span> <span class='ocrx_word' id='word_1_903' title='bbox 2111 2397 2177 2420; x_wconf 87' lang='lat' dir='ltr'>disci-</span> 
     </span>
     <span class='ocr_line' id='line_1_114' title="bbox 1329 2435 2176 2466; baseline -0.002 -6"><span class='ocrx_word' id='word_1_904' title='bbox 1329 2438 1410 2466; x_wconf 88' lang='lat' dir='ltr'>pulum</span> <span class='ocrx_word' id='word_1_905' title='bbox 1428 2437 1451 2459; x_wconf 90' lang='lat' dir='ltr'>in</span> <span class='ocrx_word' id='word_1_906' title='bbox 1473 2440 1558 2460; x_wconf 86' lang='lat' dir='ltr'>tantam</span> <span class='ocrx_word' id='word_1_907' title='bbox 1581 2439 1749 2465; x_wconf 87' lang='lat' dir='ltr'>prorupturum</span> <span class='ocrx_word' id='word_1_908' title='bbox 1773 2436 1924 2465; x_wconf 68' lang='lat' dir='ltr'>iniquitatem.</span> <span class='ocrx_word' id='word_1_909' title='bbox 1942 2436 1999 2465; x_wconf 86' lang='lat' dir='ltr'>Quia</span> <span class='ocrx_word' id='word_1_910' title='bbox 2017 2436 2079 2458; x_wconf 89' lang='lat' dir='ltr'>enim</span> <span class='ocrx_word' id='word_1_911' title='bbox 2096 2435 2176 2464; x_wconf 84' lang='lat' dir='ltr'>procul</span> 
     </span>
     <span class='ocr_line' id='line_1_115' title="bbox 1329 2475 2174 2504; baseline -0.002 -5"><span class='ocrx_word' id='word_1_912' title='bbox 1329 2479 1393 2500; x_wconf 85' lang='lat' dir='ltr'>erant</span> <span class='ocrx_word' id='word_1_913' title='bbox 1409 2483 1422 2499; x_wconf 83' lang='lat' dir='ltr'>a</span> <span class='ocrx_word' id='word_1_914' title='bbox 1440 2479 1502 2499; x_wconf 76' lang='lat' dir='ltr'>lanto</span> <span class='ocrx_word' id='word_1_915' title='bbox 1519 2477 1605 2498; x_wconf 85' lang='lat' dir='ltr'>scelere</span> <span class='ocrx_word' id='word_1_916' title='bbox 1626 2477 1656 2499; x_wconf 89' lang='lat' dir='ltr'>de</span> <span class='ocrx_word' id='word_1_917' title='bbox 1680 2476 1729 2499; x_wconf 90' lang='lat' dir='ltr'>aliis</span> <span class='ocrx_word' id='word_1_918' title='bbox 1746 2476 1802 2498; x_wconf 84' lang='lat' dir='ltr'>nihil</span> <span class='ocrx_word' id='word_1_919' title='bbox 1824 2476 1957 2499; x_wconf 84' lang='lat' dir='ltr'>huiusmodi</span> <span class='ocrx_word' id='word_1_920' title='bbox 1982 2475 2094 2504; x_wconf 82' lang='lat' dir='ltr'>suspicari</span> <span class='ocrx_word' id='word_1_921' title='bbox 2112 2477 2174 2503; x_wconf 91' lang='lat' dir='ltr'>pote-</span> 
     </span>
     <span class='ocr_line' id='line_1_116' title="bbox 1329 2515 2178 2544; baseline -0.001 -6"><span class='ocrx_word' id='word_1_922' title='bbox 1329 2519 1379 2538; x_wconf 88' lang='lat' dir='ltr'>rant</span> <span class='ocrx_word' id='word_1_923' title='bbox 1391 2525 1412 2538; x_wconf 75' lang='lat' dir='ltr'>n.</span> <span class='ocrx_word' id='word_1_924' title='bbox 1430 2515 1581 2538; x_wconf 86' lang='lat' dir='ltr'>Praemiserat</span> <span class='ocrx_word' id='word_1_925' title='bbox 1598 2515 1632 2538; x_wconf 85' lang='lat' dir='ltr'>bis</span> <span class='ocrx_word' id='word_1_926' title='bbox 1649 2515 1740 2544; x_wconf 80' lang='lat' dir='ltr'>verbis,</span> <span class='ocrx_word' id='word_1_927' title='bbox 1757 2515 1822 2544; x_wconf 92' lang='lat' dir='ltr'>quod</span> <span class='ocrx_word' id='word_1_928' title='bbox 1838 2515 1942 2543; x_wconf 81' lang='lat' dir='ltr'>Apostoli</span> <span class='ocrx_word' id='word_1_929' title='bbox 1958 2521 2005 2537; x_wconf 91' lang='lat' dir='ltr'>non</span> <span class='ocrx_word' id='word_1_930' title='bbox 2016 2517 2178 2543; x_wconf 87' lang='lat' dir='ltr'>cognoverunt</span> 
     </span>
     <span class='ocr_line' id='line_1_117' title="bbox 1330 2553 2177 2583; baseline -0.001 -6"><span class='ocrx_word' id='word_1_931' title='bbox 1330 2554 1484 2582; x_wconf 84' lang='lat' dir='ltr'>proditorem,</span> <span class='ocrx_word' id='word_1_932' title='bbox 1502 2554 1596 2583; x_wconf 87' lang='lat' dir='ltr'>quaudo</span> <span class='ocrx_word' id='word_1_933' title='bbox 1613 2555 1675 2577; x_wconf 85' lang='lat' dir='ltr'>lesus</span> <span class='ocrx_word' id='word_1_934' title='bbox 1693 2554 1762 2577; x_wconf 89' lang='lat' dir='ltr'>dixit:</span> <span class='ocrx_word' id='word_1_935' title='bbox 1781 2553 1826 2577; x_wconf 80' lang='lat' dir='ltr'>Cui</span> <span class='ocrx_word' id='word_1_936' title='bbox 1842 2553 1981 2577; x_wconf 72' lang='lat' dir='ltr'>instinctum</span> <span class='ocrx_word' id='word_1_937' title='bbox 1989 2559 2078 2583; x_wconf 84' lang='lat' dir='ltr'>panem</span> <span class='ocrx_word' id='word_1_938' title='bbox 2093 2559 2177 2583; x_wconf 82' lang='lat' dir='ltr'>porre-</span> 
     </span>
     <span class='ocr_line' id='line_1_118' title="bbox 1329 2591 2177 2621; baseline -0.004 -5"><span class='ocrx_word' id='word_1_939' title='bbox 1329 2599 1402 2621; x_wconf 71' lang='lat' dir='ltr'>xero,</span> <span class='ocrx_word' id='word_1_940' title='bbox 1427 2601 1437 2613; x_wconf 74' lang='grc' dir='ltr'><strong><em>κ</em></strong></span> <span class='ocrx_word' id='word_1_941' title='bbox 1448 2593 1491 2615; x_wconf 88' lang='grc'>11151</span> <span class='ocrx_word' id='word_1_942' title='bbox 1509 2594 1566 2615; x_wconf 85' lang='lat' dir='ltr'>sorte</span> <span class='ocrx_word' id='word_1_943' title='bbox 1583 2593 1641 2615; x_wconf 85' lang='lat' dir='ltr'>clam</span> <span class='ocrx_word' id='word_1_944' title='bbox 1659 2593 1753 2621; x_wconf 84' lang='lat' dir='ltr'>dixerit,</span> <span class='ocrx_word' id='word_1_945' title='bbox 1765 2593 1795 2616; x_wconf 82' lang='lat' dir='ltr'>ita</span> <span class='ocrx_word' id='word_1_946' title='bbox 1813 2595 1838 2615; x_wconf 91' lang='lat' dir='ltr'>ut</span> <span class='ocrx_word' id='word_1_947' title='bbox 1849 2598 1917 2615; x_wconf 86' lang='lat' dir='ltr'>nemo</span> <span class='ocrx_word' id='word_1_948' title='bbox 1938 2592 2062 2615; x_wconf 74' lang='lat' dir='ltr'>audiret».</span> <span class='ocrx_word' id='word_1_949' title='bbox 2079 2591 2177 2614; x_wconf 89' lang='lat' dir='ltr'>Bonelli:</span> 
     </span>
     <span class='ocr_line' id='line_1_119' title="bbox 1333 2631 2178 2661; baseline 0 -8"><span class='ocrx_word' id='word_1_950' title='bbox 1333 2633 1420 2654; x_wconf 53' lang='grc'>111-*0110</span> <span class='ocrx_word' id='word_1_951' title='bbox 1439 2635 1516 2654; x_wconf 85' lang='lat' dir='ltr'>tamen</span> <span class='ocrx_word' id='word_1_952' title='bbox 1533 2638 1603 2660; x_wconf 85' lang='lat' dir='ltr'>supra</span> <span class='ocrx_word' id='word_1_953' title='bbox 1620 2638 1664 2660; x_wconf 91' lang='lat' dir='ltr'>pro</span> <span class='ocrx_word' id='word_1_954' title='bbox 1681 2638 1723 2655; x_wconf 82' lang='lat' dir='ltr'>nec</span> <span class='ocrx_word' id='word_1_955' title='bbox 1743 2632 1815 2655; x_wconf 86' lang='lat' dir='ltr'>etiam</span> <span class='ocrx_word' id='word_1_956' title='bbox 1837 2631 1885 2661; x_wconf 80' lang='lat' dir='ltr'>ipse</span> <span class='ocrx_word' id='word_1_957' title='bbox 1909 2632 2011 2654; x_wconf 72' lang='lat' dir='ltr'>loannes</span> <span class='ocrx_word' id='word_1_958' title='bbox 2028 2633 2082 2660; x_wconf 88' lang='lat' dir='ltr'>etc.,</span> <span class='ocrx_word' id='word_1_959' title='bbox 2099 2631 2178 2658; x_wconf 81' lang='lat' dir='ltr'>legen-</span> 
     </span>
     <span class='ocr_line' id='line_1_120' title="bbox 1330 2669 2176 2700; baseline -0.002 -6"><span class='ocrx_word' id='word_1_960' title='bbox 1330 2672 1387 2694; x_wconf 88' lang='lat' dir='ltr'>dum</span> <span class='ocrx_word' id='word_1_961' title='bbox 1403 2677 1451 2694; x_wconf 84' lang='lat' dir='ltr'>non</span> <span class='ocrx_word' id='word_1_962' title='bbox 1463 2672 1542 2694; x_wconf 70' lang='lat' dir='ltr'>tamen</span> <span class='ocrx_word' id='word_1_963' title='bbox 1554 2670 1602 2700; x_wconf 78' lang='lat' dir='ltr'>ipse</span> <span class='ocrx_word' id='word_1_964' title='bbox 1615 2672 1715 2694; x_wconf 75' lang='lat' dir='ltr'>Ioannes</span> <span class='ocrx_word' id='word_1_965' title='bbox 1726 2680 1748 2693; x_wconf 68' lang='grc' dir='ltr'>ι.</span> <span class='ocrx_word' id='word_1_966' title='bbox 1761 2671 1804 2694; x_wconf 83' lang='lat' dir='ltr'>Pro</span> <span class='ocrx_word' id='word_1_967' title='bbox 1816 2677 1863 2700; x_wconf 86' lang='lat' dir='ltr'>qua</span> <span class='ocrx_word' id='word_1_968' title='bbox 1874 2671 1971 2694; x_wconf 87' lang='lat' dir='ltr'>lectione</span> <span class='ocrx_word' id='word_1_969' title='bbox 1987 2670 2053 2693; x_wconf 80' lang='lat' dir='ltr'>affert</span> <span class='ocrx_word' id='word_1_970' title='bbox 2069 2669 2176 2692; x_wconf 83' lang='lat' dir='ltr'>Tirinum</span> 
     </span>
     <span class='ocr_line' id='line_1_121' title="bbox 1331 2709 1465 2733; baseline 0 -1"><span class='ocrx_word' id='word_1_971' title='bbox 1331 2713 1353 2732; x_wconf 92' lang='lat' dir='ltr'>et</span> <span class='ocrx_word' id='word_1_972' title='bbox 1370 2709 1465 2733; x_wconf 83' lang='lat' dir='ltr'>Calmet.</span> 
     </span>
    </p>

    <p class='ocr_par' dir='ltr' id='par_1_24' title="bbox 1332 2747 2177 2857">
     <span class='ocr_line' id='line_1_122' title="bbox 1394 2747 2176 2778; baseline -0.001 -7"><span class='ocrx_word' id='word_1_973' title='bbox 1394 2747 1414 2761; x_wconf 86' lang='lat'>¹⁰</span> <span class='ocrx_word' id='word_1_974' title='bbox 1433 2749 1530 2777; x_wconf 86' lang='lat' dir='ltr'>Vulgata</span> <span class='ocrx_word' id='word_1_975' title='bbox 1548 2749 1613 2772; x_wconf 86' lang='lat' dir='ltr'>addit</span> <span class='ocrx_word' id='word_1_976' title='bbox 1629 2748 1702 2772; x_wconf 83' lang='lat' dir='ltr'>nobis.</span> <span class='ocrx_word' id='word_1_977' title='bbox 1721 2749 1833 2777; x_wconf 86' lang='lat' dir='ltr'>Superius</span> <span class='ocrx_word' id='word_1_978' title='bbox 1850 2755 1892 2778; x_wconf 90' lang='lat' dir='ltr'>pro</span> <span class='ocrx_word' id='word_1_979' title='bbox 1911 2748 2014 2777; x_wconf 80' lang='lat' dir='ltr'>Quidam</span> <span class='ocrx_word' id='word_1_980' title='bbox 2031 2747 2094 2771; x_wconf 83' lang='lat' dir='ltr'>enim</span> <span class='ocrx_word' id='word_1_981' title='bbox 2110 2747 2176 2770; x_wconf 89' lang='lat' dir='ltr'>multi</span> 
     </span>
     <span class='ocr_line' id='line_1_123' title="bbox 1332 2787 2177 2816; baseline -0.002 -5"><span class='ocrx_word' id='word_1_982' title='bbox 1332 2788 1400 2811; x_wconf 81' lang='lat' dir='ltr'>codd.</span> <span class='ocrx_word' id='word_1_983' title='bbox 1419 2788 1522 2816; x_wconf 82' lang='lat' dir='ltr'>Quidam</span> <span class='ocrx_word' id='word_1_984' title='bbox 1541 2790 1629 2812; x_wconf 82' lang='lat' dir='ltr'>autem.</span> <span class='ocrx_word' id='word_1_985' title='bbox 1645 2801 1677 2805; x_wconf 97' lang='lat'><strong>—</strong></span> <span class='ocrx_word' id='word_1_986' title='bbox 1699 2789 1731 2811; x_wconf 87' lang='lat' dir='ltr'>De</span> <span class='ocrx_word' id='word_1_987' title='bbox 1752 2788 1837 2812; x_wconf 77' lang='lat' dir='ltr'>loculis</span> <span class='ocrx_word' id='word_1_988' title='bbox 1862 2789 1902 2811; x_wconf 79' lang='lat' dir='ltr'>cfr.</span> <span class='ocrx_word' id='word_1_989' title='bbox 1919 2793 1990 2816; x_wconf 84' lang='lat' dir='ltr'>supra</span> <span class='ocrx_word' id='word_1_990' title='bbox 2006 2793 2027 2810; x_wconf 91' lang='lat' dir='ltr'>c.</span> <span class='ocrx_word' id='word_1_991' title='bbox 2046 2787 2084 2810; x_wconf 80' lang='grc'>12.</span> <span class='ocrx_word' id='word_1_992' title='bbox 2100 2793 2123 2809; x_wconf 90' lang='grc'>11.</span> <span class='ocrx_word' id='word_1_993' title='bbox 2144 2787 2177 2809; x_wconf 88' lang='grc'>13.</span> 
     </span>
     <span class='ocr_line' id='line_1_124' title="bbox 1332 2826 2177 2857; baseline -0.002 -7"><span class='ocrx_word' id='word_1_994' title='bbox 1332 2828 1354 2850; x_wconf 94' lang='grc'>111</span> <span class='ocrx_word' id='word_1_995' title='bbox 1370 2828 1416 2851; x_wconf 84' lang='lat' dir='ltr'>fine</span> <span class='ocrx_word' id='word_1_996' title='bbox 1432 2831 1454 2850; x_wconf 92' lang='lat' dir='ltr'>et</span> <span class='ocrx_word' id='word_1_997' title='bbox 1471 2828 1514 2857; x_wconf 88' lang='lat' dir='ltr'>Qq.</span> <span class='ocrx_word' id='word_1_998' title='bbox 1530 2828 1616 2857; x_wconf 82' lang='lat' dir='ltr'>disput.</span> <span class='ocrx_word' id='word_1_999' title='bbox 1638 2828 1668 2851; x_wconf 89' lang='lat' dir='ltr'>de</span> <span class='ocrx_word' id='word_1_1000' title='bbox 1693 2828 1835 2851; x_wconf 73' lang='lat' dir='ltr'>perfectione</span> <span class='ocrx_word' id='word_1_1001' title='bbox 1856 2834 1941 2855; x_wconf 81' lang='lat' dir='ltr'>evang.</span> <span class='ocrx_word' id='word_1_1002' title='bbox 1964 2827 2030 2856; x_wconf 90' lang='lat' dir='ltr'>(tom.</span> <span class='ocrx_word' id='word_1_1003' title='bbox 2058 2826 2096 2856; x_wconf 91' lang='lat' dir='ltr'>V.)</span> <span class='ocrx_word' id='word_1_1004' title='bbox 2114 2833 2138 2855; x_wconf 87' lang='lat' dir='ltr'>q.</span> <span class='ocrx_word' id='word_1_1005' title='bbox 2155 2826 2177 2848; x_wconf 83' lang='lat'>2.</span> 
     </span>
    </p>
   </div>
   <div class='ocr_carea' id='block_1_10' title="bbox 1332 2865 2180 2936">
    <p class='ocr_par' dir='ltr' id='par_1_25' title="bbox 1332 2865 2180 2936">
     <span class='ocr_line' id='line_1_125' title="bbox 1332 2865 2180 2896; baseline -0.002 -6"><span class='ocrx_word' id='word_1_1006' title='bbox 1332 2874 1353 2890; x_wconf 90' lang='lat' dir='ltr'>a.</span> <span class='ocrx_word' id='word_1_1007' title='bbox 1372 2868 1394 2891; x_wconf 84' lang='grc'>1,</span> <span class='ocrx_word' id='word_1_1008' title='bbox 1410 2868 1439 2890; x_wconf 81' lang='lat' dir='ltr'>ad</span> <span class='ocrx_word' id='word_1_1009' title='bbox 1457 2869 1478 2890; x_wconf 86' lang='lat'>2.</span> <span class='ocrx_word' id='word_1_1010' title='bbox 1504 2868 1563 2890; x_wconf 90' lang='lat' dir='ltr'>Vide</span> <span class='ocrx_word' id='word_1_1011' title='bbox 1584 2868 1653 2890; x_wconf 84' lang='lat' dir='ltr'>etiam</span> <span class='ocrx_word' id='word_1_1012' title='bbox 1678 2867 1805 2896; x_wconf 69' lang='lat' dir='ltr'>Chrysost„</span> <span class='ocrx_word' id='word_1_1013' title='bbox 1830 2868 1852 2889; x_wconf 90' lang='lat' dir='ltr'>in</span> <span class='ocrx_word' id='word_1_1014' title='bbox 1874 2868 1936 2890; x_wconf 79' lang='lat' dir='ltr'>ioan.</span> <span class='ocrx_word' id='word_1_1015' title='bbox 1961 2867 2042 2890; x_wconf 81' lang='lat' dir='ltr'>homil.</span> <span class='ocrx_word' id='word_1_1016' title='bbox 2058 2866 2096 2889; x_wconf 85' lang='lat'>72.</span> <span class='ocrx_word' id='word_1_1017' title='bbox 2115 2865 2180 2894; x_wconf 83' lang='lat' dir='ltr'>(alias</span> 
     </span>
     <span class='ocr_line' id='line_1_126' title="bbox 1332 2906 1460 2936; baseline 0.008 -8"><span class='ocrx_word' id='word_1_1018' title='bbox 1332 2906 1380 2936; x_wconf 87' lang='grc'>71.)</span> <span class='ocrx_word' id='word_1_1019' title='bbox 1398 2913 1420 2929; x_wconf 88' lang='grc'>11.</span> <span class='ocrx_word' id='word_1_1020' title='bbox 1438 2907 1460 2929; x_wconf 95' lang='grc'>2.</span> 
     </span>
    </p>
   </div>
   <div class='ocr_carea' id='block_1_11' title="bbox 1396 2944 1554 2968">
    <p class='ocr_par' dir='ltr' id='par_1_26' title="bbox 1396 2944 1554 2968">
     <span class='ocr_line' id='line_1_127' title="bbox 1396 2944 1554 2968; baseline 0 0"><span class='ocrx_word' id='word_1_1021' title='bbox 1396 2944 1414 2958; x_wconf 86' lang='lat'>¹¹</span> <span class='ocrx_word' id='word_1_1022' title='bbox 1433 2946 1500 2968; x_wconf 89' lang='lat' dir='ltr'>Vers.</span> <span class='ocrx_word' id='word_1_1023' title='bbox 1518 2946 1526 2968; x_wconf 78' lang='lat' dir='ltr'>i</span> <span class='ocrx_word' id='word_1_1024' title='bbox 1533 2947 1554 2968; x_wconf 87' lang='lat'>2.</span> 
     </span>
    </p>
   </div>
  </div>
 </body>
</html>
