2296 3316
2 459 30 502 td
38 479 105 499 exami-

0 504 50 536 n⁴¹bne
61 503 103 522 duo.

12 707 96 750 'lh-imum.

11 1227 97 1254 'gationis

10 1256 84 1270 '‘ccasio.

9 1479 10 1483 ,
17 1461 97 1480 Iteratio.

3 1742 7 1757 ⁴
16 1745 97 1767 mumma-

720 160 889 190 COMMENT.
912 162 944 190 IN
966 162 1112 191 IOANNEM
1134 163 1161 191 C.
1184 164 1271 192 xvlll.

118 240 219 268 iterum
233 246 403 276 percussuro
417 237 540 275 paravit,
555 238 602 266 sed
617 240 644 267 et
658 241 748 267 totum
762 247 865 276 corpus
878 239 964 276 figen—

117 286 184 315 dum
204 286 233 314 in
254 285 335 322 ligno.
358 285 390 313 Et
410 278 474 313 hinc
495 284 627 319 ostendit,
649 288 797 321 praecepta
817 285 964 322 patientiae

118 341 171 362 non
192 332 376 361 ostentatione
396 331 536 368 corporis,
558 331 607 360 sed
633 331 725 360 cordis
754 333 964 369 praeparatione

118 387 178 409 esse
198 379 322 408 facienda
333 390 359 407 n.

194 426 241 456 43.
264 427 299 454 Ec
319 425 401 454 misit
430 433 497 453 eum
528 426 633 454 Annas
653 428 704 454 etc.
735 425 782 454 Hic
809 426 902 463 agitur
929 426 963 456 de

116 473 320 503 examinatione
349 472 422 501 facta
441 471 495 500 sub
519 471 651 509 Caipha,·
675 475 703 501 et
733 473 866 501 dividitur
895 474 963 502 haec

115 529 181 559 pars
201 520 229 549 in
249 520 334 553 duas,
356 519 423 556 quia
443 519 534 556 primo
554 520 669 556 ponitur
690 519 801 548 Christi
820 521 860 549 ad
886 520 964 549 iudi-

115 576 177 597 cem
196 567 335 596 adductio
342 576 353 600 ;
373 565 511 600 secunde,
533 566 630 603 ipsius
656 575 677 595 a
703 566 847 604 discipulo
875 576 963 604 116911-

116 615 171 649 tz'o,
191 614 268 643 ihi1:
291 614 366 642 Erat
386 616 484 642 autem
506 612 607 642 Simon
628 614 744 642 Petrus.

193 661 283 698 (Vers.
308 660 376 695 24.)
402 660 542 696 Quantum
569 660 601 689 ad
631 660 753 697 primum
782 661 905 690 breviter
933 669 962 690 se

114 708 228 746 expedit
241 707 414 744 Evangelista
426 709 454 736 et
474 706 553 741 dicit,
567 707 642 744 quod
663 707 791 737 Christus
805 708 907 737 missus
920 711 963 737 est

114 756 148 785 ad
168 755 317 792 caipham,
344 754 411 783 nihil
434 762 518 791 agens
545 754 579 783 de
600 755 804 783 examinatione
831 754 903 783 sacta
927 755 962 783 ab

114 811 163 837 eo,
184 802 250 839 quia
270 801 314 830 alii
338 801 526 838 Evangelistae
547 801 718 830 sufficienter
738 801 877 830 dixerant.
900 801 961 830 Ideo

114 849 195 879 dicit:
216 848 296 877 Misit
315 856 382 877 eum
403 849 510 877 Annas
530 848 655 886 liyaturn
670 848 711 877 ad
733 847 875 885 Caipliam
888 856 962 885 pon·

114 896 234 934 tificem‚
255 904 272 924 a
292 903 348 933 quo
371 895 561 932 multipliciter
582 895 774 924 exhonoratus
795 895 848 923 tuit
869 898 896 924 et
917 903 962 924 re-

114 944 261 982 probatus;
293 943 365 972 sicut
393 942 495 971 dicitur
524 942 653 971 Matthaei
681 942 815 979 vigesimo
845 944 926 971 sexto
941 942 961 976 ²„

113 990 189 1029 quod
212 992 418 1027 «exspuerunt
444 990 473 1018 in
497 990 595 1018 faciem
624 989 685 1018 eius
705 992 733 1018 et
753 989 877 1025 colaphis
897 997 961 1018 eum

113 1037 288 1072 ceciderunt,
309 1037 355 1066 alii
383 1039 477 1066 autem
499 1037 604 1074 palmas
631 1036 659 1064 in
680 1036 778 1064 faciem
798 1035 859 1064 eius
880 1035 961 1064 dede-

113 1088 179 1114 runt
193 1096 207 1111 »
233 1088 284 1114 etc.

190 1131 237 1161 [tlt.
259 1131 350 1167 (Vers.
372 1130 440 1166 25).
458 1131 531 1159 Erat
545 1132 652 1158 autem.
674 1129 721 1157 Hic
739 1129 852 1165 ponitur
873 1138 961 1167 nega-

89 1194 94 1199 -
113 1179 151 1208 tio
172 1178 271 1213 Petri,
293 1181 320 1207 et
340 1178 454 1215 ponitur
474 1176 590 1213 negandi
613 1176 728 1204 occasio
748 1176 776 1204 in
797 1176 866 1211 hoc,
886 1177 960 1213 quod

112 1228 172 1255 erat
193 1225 363 1254 commixtus
382 1223 532 1257 ministris;
562 1222 637 1252 unde
655 1223 735 1252 dicit:
760 1224 833 1251 Erat
861 1228 960 1252 autem

112 1272 214 1302 Simon
237 1272 344 1300 Pecus
362 1274 447 1299 stans
467 1274 493 1298 et
513 1269 688 1307 calefaciens
708 1278 755 1304 se,
770 1270 874 1299 scilicet
895 1278 959 1299 cum

112 1318 262 1352 ministris,
293 1319 326 1346 ut
353 1324 441 1353 supra
450 1316 471 1345 ³.
494 1317 525 1345 Et
556 1324 592 1345 ex
620 1317 689 1350 hoc,
711 1316 785 1353 quod
813 1317 885 1346 inter
913 1325 960 1346 eos

111 1368 184 1400 erat,
198 1364 325 1401 contigit,
344 1363 418 1401 quod
433 1365 602 1401 quaererent
618 1363 654 1392 ab
668 1371 709 1392 eo.
733 1364 878 1392 Dimerunt
890 1373 959 1401 erqo

111 1413 154 1441 ei:
176 1411 319 1450 Nunquid
339 1414 363 1439 et
385 1414 416 1439 tu
437 1419 472 1439 ecc
493 1410 648 1447 discipulis
675 1411 739 1439 eius
758 1411 809 1439 es?
831 1411 863 1440 Et
890 1412 959 1440 haec

110 1459 164 1488 fuit
183 1458 297 1487 occasio
310 1458 457 1495 neyandi;
478 1457 540 1486 ideo
561 1458 689 1495 sequitur
703 1458 856 1495 negationis
870 1459 959 1487 itera-

112 1506 164 1534 tio:
187 1504 312 1543 Neyavit
325 1508 423 1533 autem
444 1504 490 1533 ille
509 1508 534 1533 et
548 1504 641 1533 dimit.-
664 1504 728 1533 Non
742 1513 818 1533 sum.
842 1505 959 1541 Expavit

113 1553 209 1581 Petrus
222 1551 257 1580 ad
277 1551 484 1580 multitudinem
499 1551 756 1585 circumstantium;
778 1551 959 1580 Ecclesiastici

111 1599 242 1637 septimo:
269 1612 283 1625 «ι
297 1600 335 1628 Ne
356 1607 453 1636 pecces
467 1598 495 1627 in
516 1598 694 1627 multitudine
715 1599 846 1633 civitatis,
868 1606 918 1627 nec
933 1602 960 1628 te

111 1647 242 1676 immittas
262 1647 291 1675 in
311 1646 447 1683 populum
459 1657 486 1674 ι),

189 1694 236 1723 [15.
259 1693 348 1730 (Vers.
371 1694 439 1729 26).
464 1692 540 1721 Dicit
559 1692 586 1721 ei
606 1701 687 1721 unu-9
702 1701 738 1721 esc
751 1692 845 1721 servis
863 1692 959 1729 ponti-

111 1740 184 1777 ficis.
205 1740 253 1769 Hic
267 1740 380 1777 ponitur
400 1740 565 1777 negationis
580 1739 812 1772 consummatio,-
833 1742 860 1768 et
882 1739 959 1776 poni-

113 1791 159 1817 tur
190 1787 341 1826 inquisitio
368 1787 462 1820 servi,
490 1786 589 1816 deinde
609 1787 725 1824 neyatio
754 1786 838 1815 Petri
866 1789 894 1816 et
919 1787 960 1815 si-

110 1843 220 1873 gnum,
242 1834 317 1872 quod
338 1837 380 1863 est
394 1836 492 1863 cantus
513 1834 585 1871 galli.
608 1833 688 1862 Dicit
707 1833 735 1862 ei
747 1842 827 1862 unus
847 1842 882 1862 ex
899 1842 960 1862 ser-

111 1882 156 1910 vis
174 1881 338 1919 pontificis,
367 1885 509 1919 cognatus
537 1881 616 1915 eiuS,
645 1880 732 1909 cuius
760 1880 885 1910 abscidit
906 1881 960 1910 Pe-

113 1932 177 1957 trus
198 1928 371 1957 auriculam
381 1929 401 1957 4.
424 1928 501 1957 Ratio
528 1928 670 1962 redditur,
691 1936 780 1965 quare
806 1928 894 1965 magis
915 1936 959 1957 ac-

111 1975 226 2005 cusabat
246 1983 310 2004 eum
332 1975 360 2003 in
381 1975 515 2004 ultionem
536 1975 646 2004 fratris:
664 1974 765 2003 Nonne
784 1983 835 2012 eqo
856 1978 881 2003 te
898 1975 961 2004 vidi

173 2169 182 2183 ²
199 2170 266 2193 Vers.
283 2170 321 2193 25.
338 2182 370 2187 -
385 2171 440 2193 Post
454 2168 570 2199 discipulo
586 2170 624 2192 ed.
641 2170 734 2198 supplet
749 2165 823 2199 facta.

172 2208 182 2222 ²
199 2210 268 2233 Vers.
278 2209 315 2232 67.
326 2222 358 2227 -
369 2209 447 2232 Glossa
460 2208 586 2232 ordinaria
598 2209 634 2238 (ex
645 2209 752 2237 August„
763 2209 785 2231 in
798 2211 859 2232 loan.
871 2210 952 2238 Evang

112 2251 140 2271 tr.
155 2248 240 2271 114.ι1.
254 2249 298 2278 1.);
310 2249 375 2271 Dicto
385 2266 390 2276 ,
401 2248 464 2277 quod
478 2248 554 2271 Annas
566 2248 628 2271 misit
640 2249 716 2271 lesum
728 2248 756 2271 ad
770 2248 891 2276 caipham,
900 2249 960 2271 redit

112 2288 141 2311 ad
158 2288 235 2311 locum
251 2288 400 2317 narrationis,
417 2287 456 2310 ubi
474 2287 598 2317 reliquerat
616 2288 707 2310 Petrum
733 2286 785 2317 [cfr.
808 2294 830 2309 v.
855 2287 913 2317 ⁴8.],
934 2290 959 2310 ut

110 2327 219 2355 explicet,
229 2327 287 2356 quid
299 2327 319 2349 in
334 2327 405 2350 domo
416 2326 496 2349 Annae
508 2327 537 2349 de
548 2327 607 2349 trina
619 2327 678 2349 Petri
688 2327 812 2355 negatione
823 2327 957 2355 contigerat.

173 2364 183 2378 ³
201 2366 266 2389 Vers.
284 2367 321 2388 18.
337 2378 370 2383 -
387 2366 482 2389 interius
499 2369 552 2394 post
567 2366 670 2396 Neyavit
693 2366 793 2394 Vulgata
814 2367 898 2389 omittit
917 2373 959 2389 au-

111 2406 170 2433 lem,
187 2405 217 2428 ad
234 2411 305 2434 quem
322 2406 399 2428 locum
416 2406 495 2428 Glossa
520 2405 683 2428 interlinearis
701 2405 737 2434 (ex
754 2406 874 2435 August.):
893 2406 957 2435 Ecce,

109 2443 214 2467 secundo
231 2447 306 2472 negat.
323 2456 355 2461 —
371 2445 480 2473 Sequitur
497 2445 564 2467 Eccli.
581 2444 609 2472 7,
624 2444 647 2467 7.

173 2482 183 2495 ⁴
200 2484 305 2512 August„
323 2483 344 2505 in
364 2484 426 2506 loan.
441 2484 529 2512 Evang.
547 2486 575 2506 tr.
594 2484 682 2506 113.11.
694 2484 722 2506 6;
738 2484 835 2511 Deinde,
852 2486 877 2506 ut
889 2483 959 2507 tertia

111 2522 203 2550 negatio
220 2523 375 2550 compleatur:
391 2522 454 2546 Dicit
469 2522 491 2546 ei
504 2529 569 2546 unus
585 2525 629 2546 etc.
645 2535 677 2539 —-
690 2523 787 2546 Interius
802 2526 856 2551 post
871 2523 957 2553 fratris

111 2560 148 2583 ed.
165 2567 218 2583 cum
235 2561 340 2584 Gorrano
356 2561 421 2584 addit
436 2560 485 2584 sice
500 2561 604 2591 coenati.

174 2598 183 2611 ¹⁵
199 2600 223 2622 ln
240 2600 301 2623 loan.
318 2601 406 2628 Evang.
422 2603 450 2623 tr.
468 2601 520 2623 113.
537 2607 560 2623 n.
578 2601 605 2628 6,
622 2601 644 2623 in
660 2607 706 2630 qua
723 2601 833 2624 sententia
845 2602 957 2629 allegatur

112 2639 174 2662 loan.
193 2640 235 2666 13,
252 2639 290 2662 37.
306 2642 329 2661 et
346 2640 383 2662 38.
401 2639 488 2668 (Matth.
513 2640 555 2668 26,
572 2639 628 2669 34.).
652 2640 726 2663 Codd.
750 2643 774 2663 et
793 2641 912 2663 Gorranus
928 2641 957 2663 le-

111 2680 170 2705 gunt
184 2684 230 2700 non
246 2677 318 2701 bene:
335 2678 390 2702 Non
406 2678 576 2708 enimsaclum
593 2680 628 2702 est
643 2678 707 2709 quod
722 2679 762 2703 ille
775 2679 955 2709 praedixerat...

110 2716 152 2739 sed
168 2716 231 2746 quod
246 2716 286 2740 ille
303 2717 330 2747 [C
346 2717 400 2747 iste]
417 2717 526 2741 divmat:
546 2718 590 2741 Ter
607 2720 651 2741 etr.

173 2753 183 2767 ⁶
200 2756 224 2778 111
240 2756 302 2778 ioan.
321 2756 399 2778 homil.
418 2756 454 2778 83.
472 2755 538 2785 <alias
555 2756 601 2785 82.)
619 2763 642 2779 n.
662 2757 689 2779 3:
709 2766 720 2777 α
732 2757 778 2780 Cur
795 2760 871 2780 autem
885 2758 956 2780 Evan-

112 2794 206 2822 gelistae
222 2795 246 2817 in
263 2796 307 2817 hac
323 2800 348 2817 re
364 2795 486 2818 scribenda
504 2796 631 2818 concordes
647 2798 701 2818 sunt
709 2798 739 2818 »⁴2
756 2796 886 2824 Responsio
903 2797 955 2819 data

112 2833 206 2856 inferius
221 2837 255 2856 est
271 2834 326 2857 ibid.

173 2870 181 2884 ⁷
199 2873 222 2895 ln
240 2874 299 2895 loan.
316 2874 404 2901 Evang.
422 2876 450 2896 tr.
466 2874 519 2896 113.
536 2880 560 2896 11.
577 2874 604 2902 2,
621 2880 650 2896 ex
666 2880 713 2903 quo
731 2877 808 2897 tamen
820 2875 843 2897 in
854 2875 900 2897 ssne
910 2881 955 2897 non

111 2911 190 2940 verba,
207 2913 249 2935 sed
265 2912 379 2935 sententia
397 2915 485 2935 tantum
503 2913 604 2935 affertur.

173 2948 183 2962 ⁸
201 2951 264 2974 Vers.
283 2951 319 2974 57.
337 2951 373 2974 58.
391 2954 414 2974 et
429 2951 468 2974 74.

1813 169 1869 197 485

1022 240 1054 268 in
1075 239 1157 269 horto
1178 249 1246 270 cum
1266 241 1339 271 illo?
1361 243 1439 280 quasi
1461 243 1551 273 dicat:
1573 252 1628 273 non
1654 248 1731 282 potes
1755 248 1781 275 te
1802 247 1869 276 mihi

1021 288 1170 317 occultare.

1100 335 1147 363 [16.
1170 335 1259 371 (Vers.
1283 337 1350 372 27).
1381 338 1492 366 Iterum
1512 347 1582 376 erqo
1608 339 1726 376 negavit
1753 340 1868 368 Petrus.

1021 381 1069 410 Hic
1089 386 1316 411 consummatur
1328 384 1444 421 negatio
1466 385 1565 419 Petri,
1580 385 1646 422 quia
1666 386 1740 414 trina
1760 386 1827 421 fuit;
1843 390 1870 416 et

1020 427 1048 456 in
1067 428 1186 466 signum
1208 430 1454 459 consummationis
1469 430 1614 460 subditur:
1638 433 1672 460 Et
1686 433 1786 461 statim
1805 433 1869 470 9αρ

1021 474 1067 502 lus
1087 475 1227 504 cantavit.
1249 476 1456 513 Augustinus⁵:
1483 489 1497 503 «
1514 478 1596 512 Ecce,
1617 479 1712 508 Medici
1734 480 1869 516 completa

1020 521 1184 557 praedictio,
1216 523 1319 559 aegroti
1346 524 1471 553 convicta
1501 526 1679 562 praesumtio.
1708 527 1766 555 Non
1794 528 1868 556 enirn

1019 568 1124 597 factum
1145 570 1281 606 estquod
1312 570 1365 599 iste
1393 571 1523 600 dixerat:
1555 573 1679 602 Animam
1703 582 1791 603 meam
1820 583 1869 611 po-

1019 623 1084 643 nam
1105 623 1156 652 pro
1178 619 1222 651 te;
1245 617 1293 648 sed
1313 618 1388 654 quod
1402 618 1448 647 ille
1468 619 1659 655 praedixerat:
1682 621 1734 649 Ter
1756 629 1799 650 me
1821 630 1868 650 ne-

1019 662 1097 699 gabis
1110 673 1138 690 ³).

1343 757 1545 793 Quaesrionns.

1097 849 1143 878 47.
1166 850 1276 886 Quaest.
1296 850 1313 878 1.
1330 850 1382 879 Sed
1397 852 1507 888 quaerit
1527 852 1740 889 Chrysostomus
1751 854 1778 883 ⁶:
1794 855 1867 884 unde

1018 898 1061 924 est
1081 896 1147 930 hoc,
1169 897 1243 933 quod
1274 897 1462 934 Evangelistae
1482 898 1520 927 ita
1551 900 1724 929 concorditer
1749 901 1867 937 scripse-

1019 945 1087 971 runt
1107 943 1141 972 de
1162 943 1234 972 Petri
1256 944 1414 980 negatione,
1435 953 1498 974 cum
1521 946 1661 981 videatur,
1676 947 1751 984 quod
1771 956 1867 985 pecca-

1019 991 1079 1017 tum
1100 989 1165 1018 socii
1187 989 1321 1018 deberent
1341 991 1503 1020 occultare?

1098 1037 1267 1073 Respondet:
1289 1038 1343 1067 Hoc
1362 1038 1473 1075 quidem
1489 1039 1632 1075 fecerunt,
1650 1053 1663 1066 «ι
1676 1049 1729 1070 11011
1745 1041 1866 1079 discipu-

1019 1083 1076 1111 lum
1098 1087 1275 1118 accusantes,
1297 1085 1343 1114 sed
1365 1093 1415 1114 nos
1435 1086 1548 1115 erudire
1569 1087 1707 1123 volentes,
1729 1092 1865 1125 quantum

1016 1129 1121 1157 malum
1142 1132 1184 1158 est
1204 1138 1258 1159 non
1280 1130 1337 1160 Deo
1350 1139 1433 1160 omne
1453 1133 1618 1168 concedere,
1641 1134 1688 1162 sed
1709 1134 1736 1163 in
1756 1143 1785 1163 se
1806 1135 1865 1172 ipso

1016 1176 1156 1205 confidere
1167 1188 1195 1205 ».

1095 1224 1143 1252 48.
1169 1224 1279 1260 Quaest.
1308 1225 1337 1253 11.
1367 1225 1433 1255 Item
1461 1227 1607 1263 quaeritur
1637 1228 1671 1256 de
1702 1228 1787 1257 modo
1818 1237 1865 1258 116-

1016 1270 1106 1307 gandi.
1124 1287 1160 1292 —
1175 1272 1310 1301 Dominus
1331 1273 1405 1301 enim
1420 1273 1559 1310 praedixit
1579 1275 1617 1302 ei:
1646 1275 1699 1303 Ter
1713 1283 1758 1303 me
1777 1284 1865 1312 nega-

1017 1317 1077 1350 bis,-
1098 1321 1125 1346 et
1146 1318 1191 1347 hic
1211 1318 1277 1347 dicit
1298 1319 1396 1348 heatus
1417 1320 1545 1354 loannes,
1567 1321 1643 1357 quod
1667 1321 1757 1350 solum
1782 1330 1865 1359 nega-

1016 1364 1067 1399 vit,
1089 1365 1162 1402 quod
1185 1373 1240 1394 non
1260 1368 1321 1394 erat
1341 1366 1403 1395 eius
1422 1366 1596 1403 disciputus.

1095 1412 1250 1449 Respondet
1262 1413 1434 1449 Augustinus
1445 1413 1470 1441 ⁷:
1490 1425 1504 1438 «
1519 1414 1588 1442 Sane
1609 1414 1637 1442 in
1652 1414 1704 1443 hac
1721 1415 1866 1452 negatione

1016 1458 1088 1487 Petri
1109 1458 1244 1488 dehemus
1271 1459 1434 1493 advertere,
1456 1467 1512 1487 non
1541 1460 1630 1489 solum
1652 1460 1688 1489 ab
1718 1469 1752 1490 eo
1771 1462 1866 1498 negari

1015 1504 1173 1539 Cltristum,
1195 1506 1243 1542 11111
1258 1505 1339 1540 dicit,
1362 1513 1426 1534 eum
1441 1514 1496 1534 non
1517 1514 1577 1535 esse
1591 1507 1747 1542 Christum;
1770 1508 1817 1537 sed
1831 1508 1866 1537 ab

1016 1551 1062 1580 illo
1083 1552 1182 1586 etiam,
1199 1552 1260 1589 qui,
1276 1560 1339 1581 cum
1361 1553 1412 1587 sit,
1433 1556 1528 1590 negat,
1544 1561 1573 1582 se
1587 1561 1647 1582 esse
1667 1554 1865 1583 Christianum.

1016 1599 1092 1627 Unde
1106 1599 1217 1635 negavit
1231 1599 1372 1628 Christum
1388 1600 1499 1634 Petrus,
1514 1600 1579 1629 dum
1595 1601 1705 1638 negavit
1720 1609 1749 1630 se
1763 1602 1864 1631 Christi

1015 1645 1183 1682 discipulum
1199 1658 1225 1674 ³).

1096 1692 1143 1721 [19.
1172 1692 1283 1729 Quaest.
1306 1693 1345 1721 ΙΙΙ.
1369 1693 1435 1722 Item
1450 1694 1597 1731 quaeritur
1617 1694 1725 1723 deloco
1746 1696 1854 1732 negatio

1016 1740 1060 1768 nis
1088 1739 1169 1768 Petri.
1194 1755 1231 1760 —
1256 1740 1288 1768 Et
1308 1740 1438 1769 videntur
1469 1740 1515 1769 alii
1545 1741 1734 1778 Evangelistae
1758 1742 1863 1777 dicere,

1016 1786 1092 1824 quod
1113 1787 1198 1815 fuerit
1218 1787 1246 1815 in
1260 1787 1343 1816 domo
1365 1786 1506 1825 Caiphae,
1526 1788 1599 1817 sicut
1618 1788 1721 1817 dicitur
1735 1789 1862 1818 Matthaei

1017 1833 1149 1871 vigesimo
1180 1833 1296 1868 sexto⁸3
1322 1834 1436 1863 loannes
1460 1834 1570 1864 videtur
1597 1835 1701 1870 dicere,
1733 1836 1807 1873 quod
1835 1835 1862 1864 in

1016 1880 1098 1909 domo
1119 1881 1232 1909 Annae.
1603 1874 1606 1876 ’

1096 1928 1259 1957 Rnsronnao
1277 1928 1311 1957 ad
1332 1928 1399 1957 hoc:
1422 1929 1469 1958 Est
1489 1929 1669 1958 contrarietas
1683 1930 1755 1959 inter
1776 1938 1862 1967 expo-

1016 1975 1116 2004 sitoroe
1127 1975 1146 2003 ⁹.
1168 1975 1236 2004 Nam
1255 1975 1326 2004 Beda
1346 1978 1375 2004 et
1394 1976 1576 2013 Hieronymus
1596 1977 1706 2011 dicunt,
1727 1977 1801 2014 quod
1821 1977 1862 2006 in-

1078 2169 1088 2182 9
1109 2171 1168 2193 Petr.
1185 2170 1312 2199 Comestor‚
1329 2171 1413 2193 Histor.
1430 2170 1573 2198 scholastica,
1586 2170 1608 2192 111
1620 2170 1751 2198 Evangelia,
1768 2176 1788 2192 c.
1806 2170 1861 2192 459:

1017 2210 1149 2234 Secundum
1179 2211 1240 2232 hunc
1264 2210 1371 2232 ordinem
1396 2210 1485 2232 loannis
1507 2210 1600 2232 videtur
1616 2210 1674 2231 Petri
1693 2209 1750 2231 trina
1768 2210 1861 2237 negatio

1017 2250 1123 2271 inchoata
1149 2249 1171 2271 in
1197 2249 1255 2271 atrio
1279 2249 1359 2271 Annae
1383 2251 1405 2270 et
1431 2250 1592 2271 consummata
1618 2248 1641 2269 in
1665 2248 1722 2270 atrio
1747 2247 1860 2276 Caiphae;

1017 2288 1148 2312 secundum
1171 2288 1228 2310 alios
1254 2287 1443 2317 (Evangelistas)‚
1468 2287 1508 2316 qui
1537 2293 1583 2310 non
1610 2287 1694 2309 faciunt
1719 2287 1859 2310 mentionem

1018 2328 1048 2350 de
1069 2328 1148 2354 Anna,
1166 2327 1257 2349 videtur
1274 2329 1320 2349 tota
1337 2328 1394 2349 sacta
1411 2326 1435 2348 in
1457 2326 1515 2348 atrio
1537 2325 1645 2353 Caiphae.
1667 2326 1820 2354 Augustinus,
1837 2326 1860 2348 in

1015 2366 1075 2389 libro
1099 2367 1130 2389 de
1154 2366 1282 2389 Concordia
1306 2366 1503 2393 Evangelistarum
1525 2365 1571 2394 [lll.
1589 2371 1609 2387 6.
1631 2365 1653 2387 6.
1674 2372 1697 2387 n.
1720 2365 1757 2387 24.
1779 2371 1859 2394 seqq.;

1015 2407 1056 2428 cfr.
1074 2406 1097 2427 in
1111 2406 1170 2428 loan.
1182 2406 1272 2433 Evang.
1288 2407 1315 2427 tr.
1329 2405 1381 2426 113.
1393 2411 1415 2427 11.
1428 2403 1473 2434 6.],
1485 2404 1577 2431 asserit,
1589 2406 1660 2426 totam
1672 2405 1755 2426 tactam
1768 2404 1791 2425 in
1802 2404 1860 2426 atrio

1015 2445 1105 2472 Annae,
1121 2447 1145 2467 et
1155 2450 1216 2473 quae
1227 2444 1287 2466 dicta
1299 2446 1352 2466 sunt
1364 2443 1417 2465 inde
1428 2445 1480 2471 post
1496 2442 1593 2465 miSsum
1610 2443 1685 2465 lesum
1701 2443 1731 2465 ad
1748 2442 1859 2470 Caipham

1014 2483 1190 2512 recapitulando
1206 2483 1276 2505 dicta.
1287 2483 1440 2509 Hieronymus
1452 2482 1474 2504 in
1492 2482 1631 2504 Matthaeum
1644 2481 1695 2510 [26‚
1705 2480 1753 2511 75.]
1765 2484 1788 2504 et
1798 2481 1859 2504 Beda

1014 2523 1036 2545 in
1058 2523 1144 2545 Lucam
1168 2522 1219 2551 [22‚
1236 2521 1330 2551 54-62.]
1351 2521 1459 2544 videntur
1481 2521 1553 2549 velle,
1574 2520 1638 2549 quod
1661 2521 1740 2543 Petrus
1763 2520 1785 2542 in
1801 2520 1859 2543 atrio

1014 2561 1117 2590 Caiphae
1133 2561 1259 2589 negaverit.
1277 2560 1323 2583 Ctr.
1340 2560 1404 2582 card.
1423 2560 1490 2587 Hugo
1507 2559 1529 2582 in
1546 2560 1607 2582 loan.
1627 2559 1669 2586 18,
1686 2559 1729 2592 27,
1745 2558 1786 2581 ubi
1803 2560 1859 2582 haee

1014 2601 1073 2623 Petri
1090 2600 1218 2623 Comestor.
1235 2599 1306 2622 verba
1324 2599 1418 2621 adducit
1436 2598 1499 2627 [vide
1516 2601 1592 2620 tamen
1609 2598 1678 2626 paulo
1694 2597 1811 2628 interius];
1834 2598 1859 2620 B.

1015 2639 1101 2662 Albert.
1120 2639 1154 2668 (in
1172 2639 1273 2661 eundem
1291 2637 1377 2666 locum)
1393 2640 1469 2660 autem
1488 2637 1533 2659 ait:
1552 2646 1564 2658 κ
1575 2637 1612 2660 Sic
1624 2643 1681 2665 ergo
1697 2637 1788 2665 negatio
1800 2638 1858 2660 Petri

1013 2679 1037 2701 in
1054 2679 1124 2701 domo
1135 2679 1216 2700 Annae
1232 2678 1335 2705 protecto
1351 2679 1400 2699 erat
1417 2677 1522 2699 inchoata
1534 2679 1556 2699 et
1572 2676 1594 2698 in
1607 2676 1678 2699 domo
1694 2676 1796 2704 Caiphae
1806 2682 1859 2699 con-

1014 2719 1138 2740 summata.
1158 2718 1184 2740 Et
1200 2718 1244 2739 hoc
1261 2716 1316 2739 dicit
1332 2716 1487 2744 Hieronymus
1504 2717 1526 2738 et
1543 2716 1604 2738 Beda
1610 2724 1617 2743 ;
1633 2715 1719 2738 veritas
1740 2718 1775 2738 est
1791 2715 1858 2738 histo-

1013 2757 1069 2779 riae.
1085 2756 1228 2784 Augustinus
1245 2758 1321 2777 tamen
1337 2754 1404 2783 dicit,
1422 2754 1484 2783 quod
1498 2757 1542 2776 tota
1559 2754 1673 2782 completa
1689 2754 1730 2776 tuit
1747 2754 1770 2776 in
1786 2754 1857 2776 domo

1012 2796 1104 2822 Annae;
1123 2798 1145 2818 et
1160 2795 1223 2824 quod
1240 2795 1324 2817 dicitur
1336 2794 1406 2816 tuisse
1421 2794 1536 2822 completa
1552 2793 1575 2815 in
1587 2794 1658 2816 domo
1675 2792 1787 2822 Caiphae,
1803 2793 1856 2816 ideo

1013 2835 1109 2863 dicitur,
1126 2835 1180 2863 quia
1198 2837 1292 2862 propter
1309 2833 1470 2861 cognationem
1491 2833 1577 2855 domus
1593 2832 1695 2860 Caiphae
1713 2833 1798 2855 domus
1813 2833 1857 2855 An-

1013 2880 1056 2896 nae
1073 2873 1222 2901 reputabatur
1239 2876 1262 2894 et
1278 2878 1292 2894 e
1306 2878 1420 2895 converso
1435 2881 1458 2894 ιι.
1474 2871 1532 2895 Cum
1551 2872 1594 2894 hac
1611 2871 1752 2900 expositione
1773 2877 1856 2894 conve-

1012 2913 1078 2935 niunt
1094 2912 1162 2934 codd.
1179 2911 1251 2934 nostri
1268 2914 1290 2933 et
1301 2911 1431 2937 GorranuS,
1448 2910 1489 2939 qui
1505 2911 1597 2938 legunt:
1613 2910 1676 2934 Nam
1693 2909 1757 2933 Beda
1773 2911 1796 2932 ct
1805 2909 1855 2932 Hie-

1011 2957 1129 2981 ronymus
1146 2950 1239 2978 diocia,
1251 2949 1314 2979 quod
1324 2949 1435 2972 inchoata
1446 2948 1493 2978 fuit
1503 2948 1529 2972 iu
1539 2948 1609 2972 [torno
1620 2949 1704 2972 Annae
1716 2951 1759 2971 etc.
1770 2960 1801 2965 ——
1812 2947 1856 2971 Ob-

1882 1045 1940 1070 Resp.

1882 1418 1941 1443 neap.

1879 1932 1936 1957 Resp.

1879 1979 1946 2003 opinio
1959 1980 1967 1998 1
