2296 3316
271 461 329 485 nesp.
334 466 374 487 ¹au-

291 487 355 503 CROI'IS.

245 870 337 892 Secundo,
349 870 373 889 de

252 893 375 917 conspiratio-

253 917 282 936 nis
288 917 374 936 corrobo-

252 941 325 960 ratione
330 946 375 964 qua-

253 966 302 983 tuor.

247 1244 379 1268 Expositiolit-

283 1268 375 1310 ‘ssss‘ilffia
391 1290 442 1319 per
463 1289 514 1310 sex
535 1281 608 1315 dies;
630 1280 704 1309 unde
725 1281 808 1309 dicit:
834 1281 913 1308 lesus
934 1288 1002 1317 erqo
1023 1283 1090 1308 ante
1110 1288 1161 1308 sea*
1183 1279 1244 1307 dies

391 144 447 172 [410

391 220 552 254 voluntatis;
574 219 639 256 quia
661 219 789 247 voluutas
810 226 864 247 non
886 217 937 246 suit
959 217 1010 246 nisi
1033 218 1117 250 mala,
1136 216 1239 245 locutio

391 274 444 295 non
466 266 519 294 suit
539 265 591 294 nisi
612 265 692 293 bona.
716 281 752 285 —
774 264 927 293 Dicendum
953 266 1062 297 tamen,
1083 262 1158 300 quod
1179 262 1239 291 Cai-

390 313 460 349 phas
488 320 542 341 non
570 313 678 340 tantum
700 310 816 348 protulit
836 313 868 338 ut
895 310 1005 344 asinus,
1027 309 1075 338 sed
1103 312 1135 338 ut
1156 309 1239 338 homo

390 366 554 395 perversus,
576 357 720 386 intendens
741 365 791 394 per
813 357 865 385 hoc
886 356 1054 393 persuadere
1076 355 1180 384 malum
1193 356 1211 383 ¹.

468 405 544 434 Unde
558 404 704 433 dicendum
714 427 721 438 ‚
737 403 811 441 quod
826 403 906 432 istius
920 402 1056 431 sermonis
1070 402 1238 439 principium

390 451 495 489 duplex
511 451 574 480 fuit:
597 451 721 480 interius
734 449 946 487 formativum‚
968 450 1073 479 scilicet
1090 449 1184 478 divina
1198 449 1239 477 in-

390 498 516 535 spiratio,
544 501 571 527 et
600 498 667 527 haec
696 497 857 534 simpliciter
885 497 972 532 bona3
994 499 1022 526 et
1045 495 1174 533 Caiphae
1194 496 1239 524 in-

390 545 489 580 tentio,
511 548 538 574 et
563 545 631 574 haec
662 544 824 582 simpliciter
855 544 935 573 mala.
968 544 1000 573 Et
1027 543 1181 573 secundum
1207 543 1239 571 il-

1008 139 1178 167 COMMENT.
1201 139 1233 168 IN
1254 138 1401 167 IOANNEM
1421 137 1449 166 C.
1473 137 1525 166 xil.

1296 216 1344 245 lud
1364 215 1470 252 duplex
1498 214 1665 252 principium
1686 214 1792 252 duplex
1820 215 1968 252 respondet
1988 215 2145 244 intellectus

1296 263 1324 291 in
1346 269 1488 291 sermone:
1511 262 1619 299 primus
1642 264 1684 291 est
1704 261 1854 296 carnalis,
1875 264 1903 291 et
1923 262 1975 291 iste
2004 261 2057 290 suit
2086 269 2144 290 ma-

1296 310 1354 343 lus,
1375 308 1408 337 ad
1424 308 1561 337 vitandam
1584 308 1769 337 Romanorum
1790 309 1985 343 offensionem;
2007 308 2146 338 secundus

1295 358 1338 384 est
1366 354 1535 392 spiritualis
1556 358 1584 384 et
1608 355 1714 389 bouus,
1746 357 1860 391 propter
1891 354 2006 383 humani
2037 355 2146 392 generis

1296 402 1485 431 salvationem.
1516 402 1547 430 Et
1567 401 1606 431 sic
1631 401 1853 436 concedendum,
1881 401 1955 438 quod
1983 401 2145 439 peccavit²;

1296 452 1324 478 et
1344 448 1445 486 aliquis
1469 449 1605 486 propheta
1626 451 1715 485 potest
1736 455 1867 485 peccare,
1888 448 1927 477 sic
1948 448 2145 485 praedicendo,

1296 496 1369 525 sicut
1396 495 1531 525 miracula
1551 495 1690 530 faciendo,
1712 495 1822 532 quando
1843 503 1923 524 suam
1950 495 2085 532 pervertit
2105 495 2148 525 in-

1297 542 1456 571 tentionem.

1150 652 1312 681 CAPrrULUM
1333 652 1386 680 ΧΠ.

470 766 493 792 1.
517 765 598 792 Iesus
618 772 687 801 ergo
709 767 775 792 ante
794 772 844 791 sex
866 763 926 791 dies
948 766 999 792 etc.
1022 763 1170 800 Postquam
1192 762 1239 791 de-

389 812 492 848 scripta
512 814 554 840 est
568 811 733 840 Iudaeorum
754 810 934 847 conspiratio,
948 810 1117 839 describitur
1139 810 1184 838 hic
1198 817 1241 838 se-

390 858 481 887 cundo
503 858 598 896 ipsius
622 857 786 890 roboratum
812 857 900 886 robur
921 857 1026 893 accepit
1053 857 1112 893 ipsa
1133 856 1241 893 conspi-

390 905 461 934 ratio
476 913 512 933 ex
527 904 676 941 proditoris
694 903 888 940 indignatione.
908 904 978 932 Haec
992 903 1077 940 igitur
1092 903 1242 940 proditoris

391 952 541 989 indignatio
563 954 656 980 ortum
672 951 769 980 habuit
790 959 826 979 ex
847 950 978 984 avaritia,
1001 950 1048 979 sed
1070 950 1241 979 occasionem

390 1007 426 1027 ex
448 998 582 1027 eflusione
604 998 738 1035 unguenti
753 997 825 1026 sacta
849 997 878 1026 in
899 997 1034 1026 convivio.
1058 997 1119 1025 ldeo
1139 996 1243 1025 descri-

390 1046 466 1074 bitur
482 1053 531 1082 per
553 1045 629 1073 hunc
643 1045 772 1074 modum:
788 1045 879 1082 primo
892 1044 1060 1073 describitur
1076 1044 1243 1072 convivium

391 1092 511 1121 Domini
514 1103 524 1125 ,·
539 1092 674 1126 secundo,
695 1091 797 1130 esfuszo
813 1091 970 1129 angius-nti,-
986 1091 1082 1125 tertio,
1104 1091 1243 1128 indiyna-

391 1140 430 1168 tio
452 1140 560 1172 Iudam
582 1142 695 1176 quarto,
714 1139 863 1168 excusatio
882 1138 1004 1167 Mariae.

470 1186 558 1222 (Vers.
584 1187 630 1221 1.).
661 1186 833 1215 Conuiuium
858 1186 967 1214 Christo
996 1185 1111 1213 Domino
1139 1185 1243 1213 sactum

392 1237 446 1268 est,
468 1233 516 1262 ubi
537 1236 596 1262 erat
621 1233 772 1262 suscitatus
800 1234 935 1266 Lazarus,
957 1235 1020 1261 ante
1040 1231 1113 1260 diem
1142 1232 1243 1260 festum

392 1327 544 1362 Paschae,
566 1327 594 1356 id
614 1331 655 1356 est
677 1330 757 1356 sexto
778 1328 822 1356 die
843 1330 906 1356 ante
928 1327 1030 1356 Pascha
1045 1327 1065 1360 ⁸,
1087 1327 1163 1355 venit
1192 1327 1243 1354 Be-

394 1375 545 1409 thanaim,
567 1375 619 1403 ubi
639 1375 780 1403 Lazarus
800 1373 902 1411 fuerat
921 1377 1074 1407 mortuus,
1096 1382 1180 1411 quem
1194 1381 1244 1401 su—

394 1422 512 1451 scitam't
532 1423 621 1450 Iesus.
644 1422 682 1450 Ibi
703 1421 806 1450 factum
828 1424 870 1449 est
890 1420 1047 1449 convivium
1064 1420 1091 1448 in
1114 1427 1244 1457 praesen-

395 1469 433 1497 tia
453 1469 546 1497 Lazari
569 1468 707 1502 suscitati;
730 1468 804 1496 unde
825 1468 905 1496 dicit:

474 1517 500 1544 Ξ).
524 1516 613 1549 (Vers.
635 1516 683 1551 2).
706 1516 850 1544 Fecerunt
871 1518 967 1543 autem
993 1514 1019 1543 ei
1039 1522 1158 1542 coenam
1183 1513 1244 1547 ibi,-

395 1563 462 1600 quia
489 1562 664 1599 Apocalypsis
691 1562 773 1591 tertio
788 1563 811 1590 4:
838 1573 852 1586 «
868 1562 893 1590 Si
915 1562 978 1598 quis
1005 1561 1149 1598 aperuerit
1176 1561 1244 1589 mihi

396 1609 520 1643 ianuam,
541 1608 661 1637 introibo
689 1608 722 1637 ad
744 1608 823 1637 illum
847 1611 875 1637 et
896 1608 1016 1637 coenabo
1038 1616 1101 1636 cum
1130 1608 1189 1641 illo,
1218 1610 1246 1636 et

395 1656 454 1693 ipse
475 1663 584 1684 mecum
600 1668 626 1683 n.
656 1655 687 1684 Et
709 1655 771 1684 licet
799 1655 826 1683 in
853 1655 1007 1691 praesentia
1035 1655 1127 1683 Lazari
1150 1654 1244 1689 fieret,

396 1703 515 1731 Lazarus
536 1710 590 1731 non
611 1702 801 1737 ministrabat,
822 1702 870 1731 sed
885 1702 1083 1735 manducabat,
1099 1704 1130 1730 ut
1151 1709 1245 1730 resur-

396 1750 527 1779 rectionis
548 1750 650 1778 veritas
671 1749 854 1786 probaretur;
876 1749 959 1778 Marci
981 1749 1079 1786 quinto
1099 1749 1133 1777 de
1155 1748 1247 1785 puella

366 1940 369 1942 .
400 1921 466 1948 citur,
482 1921 547 1950 quod
567 1929 578 1940 a
589 1921 705 1949 profecto,
723 1920 742 1942 si
759 1920 812 1949 quis
837 1921 950 1948 propheta
973 1923 1020 1948 est,
1037 1921 1057 1943 is
1074 1920 1170 1949 quidem
1196 1926 1247 1948 pro-

399 1961 489 1988 phetat;
506 1960 541 1982 sin
558 1966 614 1982 vero
636 1959 688 1988 quis
713 1961 849 1988 prophetat,
870 1966 915 1983 non
933 1960 1042 1982 continuo
1060 1960 1128 1983 etiam
1146 1962 1180 1982 est
1197 1966 1248 1987 pro-

400 2000 480 2027 pheta;
498 2001 608 2027 tanquam
625 1998 643 2021 si
661 1998 690 2020 de
710 2004 735 2020 re
760 1998 804 2020 alia
829 1999 939 2027 quapiam
966 1998 1060 2021 meliore
1085 1998 1201 2021 dicerem:
1224 1998 1248 2020 Si

401 2038 453 2066 quis
465 2041 499 2060 est
510 2038 595 2066 iustus,
608 2038 644 2060 ius
656 2037 724 2060 etiam
737 2037 895 2066 persequitur:
908 2040 930 2059 at
942 2037 961 2059 si
973 2038 1025 2066 quis
1040 2038 1076 2059 ius
1093 2037 1249 2066 persequitur,

401 2083 447 2099 nou
463 2080 540 2099 tamen
557 2077 633 2099 statim
651 2077 724 2099 iustus
740 2079 784 2105 est;
803 2077 826 2099 id
843 2077 907 2105 quod
930 2076 1042 2104 intelliges
1059 2079 1142 2099 notans
1159 2076 1248 2099 dictum

402 2116 457 2138 illud
475 2115 550 2145 [Dent.
568 2116 611 2143 46,
628 2115 692 2146 20.]:
709 2117 772 2139 Iuste
784 2115 847 2146 quod
859 2115 950 2139 iustum
967 2117 1002 2139 est
1015 2115 1189 2146 persequeris»
1206 2119 1249 2138 etc.

403 2154 506 2177 Subinde
517 2155 613 2178 solvitur
629 2155 746 2184 quaestio:
763 2155 797 2178 An
814 2155 855 2184 qui
871 2156 1003 2183 prophetat,
1020 2155 1039 2177 is
1056 2155 1151 2177 omnino
1169 2161 1182 2177 e
1199 2155 1250 2183 Spi-

402 2194 447 2216 ritu
462 2197 539 2217 sancto
556 2195 694 2222 prophetet?
707 2195 733 2216 Et
746 2197 853 2223 respectu
864 2194 957 2216 Balaam
969 2197 1081 2222 urgentur
1094 2194 1161 2216 Num.
1174 2194 1212 2221 23,
1224 2193 1250 2215 5:

404 2233 519 2257 Dominus
536 2235 616 2256 aulem
630 2233 711 2263 posuit
727 2233 826 2257 verbum
844 2233 869 2256 in
886 2239 926 2256 ore
943 2233 993 2256 eius
1011 2236 1054 2255 etc.
1072 2236 1130 2256 etv.
1149 2233 1189 2255 ⁴6:
1207 2232 1252 2256 Cui

404 2277 459 2294 cum
476 2271 592 2295 Dominus
608 2271 755 2295 occurrisset
766 2272 932 2302 posuissetque
943 2271 1042 2295 verbum
1054 2271 1078 2294 in
1090 2277 1132 2294 ore
1143 2271 1195 2295 eius
1207 2274 1250 2294 etc.

405 2310 452 2333 Csr.
469 2311 490 2333 in
507 2311 574 2333 Num.
592 2311 670 2334 homil.
689 2312 724 2334 ¹5.
751 2317 772 2333 n.
792 2313 800 2332 l
812 2329 817 2338 ‚
836 2310 888 2338 ubi,
915 2311 1050 2339 praemissis
1068 2311 1106 2338 iis,
1124 2311 1146 2333 in
1164 2310 1251 2340 quibus

404 2349 592 2377 reprehensibilis
614 2350 741 2372 ostenditur
766 2350 871 2378 Balaam,
890 2357 913 2372 v.
930 2356 954 2377 g.
970 2350 1034 2379 quod
1051 2354 1130 2372 contra
1148 2348 1251 2377 prohibi-

405 2389 492 2411 tionem
509 2389 548 2411 Dei
567 2390 642 2417 pergit
659 2390 687 2412 ad
700 2396 780 2417 regem
792 2392 844 2417 etc„
862 2390 905 2412 ait:
920 2398 931 2409 «
944 2390 1033 2412 Rursus
1044 2389 1166 2412 laudabilis
1178 2392 1251 2411 osten-

406 2427 480 2455 ditur,
497 2434 551 2450 cum
564 2428 663 2451 verbum
679 2428 719 2450 Dei
736 2429 830 2456 ponitur
847 2429 869 2451 in
886 2434 926 2450 ore
943 2429 1004 2455 eius,
1021 2434 1076 2451 cum
1094 2428 1193 2456 Spiritus
1210 2428 1251 2450 Dei

407 2466 432 2488 ῆι
447 2472 516 2494 super
533 2473 598 2494 eum,
616 2473 670 2489 cum
687 2467 716 2489 de
733 2466 822 2490 Christo
839 2468 984 2495 prophetat»
1005 2470 1047 2489 etc.
1059 2480 1089 2483 —
1103 2467 1144 2490 Ed.
1162 2470 1215 2495 post
1230 2468 1253 2490 et

406 2504 469 2527 sicut
484 2505 548 2527 addit
564 2505 677 2535 Anyelus.
694 2506 828 2528 Immediate
845 2509 897 2534 post
914 2506 983 2529 codd.
1001 2512 1054 2528 cum
1066 2507 1170 2529 Gorrano
1188 2506 1253 2529 omit-

408 2546 457 2566 tunt
471 2543 536 2566 illius
553 2543 647 2573 locutio,
667 2547 689 2567 et
705 2552 748 2573 pro
766 2545 844 2569 malae
866 2545 996 2569 voluntatis
1013 2546 1050 2568 ed.
1067 2546 1186 2568 substituit
1202 2545 1252 2569 eius

410 2581 544 2605 voluntatis.

471 2620 478 2633 ²
497 2621 612 2650 Ambros„
629 2623 651 2645 in
668 2624 703 2645 Ps.
723 2624 775 2646 448.
792 2630 861 2646 serm.
880 2624 916 2646 15.
934 2631 957 2646 n.
977 2625 1016 2646 10:
1035 2625 1101 2647 Aliud
1119 2625 1197 2647 dicere
1214 2630 1253 2646 vo-

409 2659 469 2681 lebat
485 2659 620 2690 [Caiphas],
633 2661 693 2683 aliud
710 2662 862 2690 significabat.
878 2662 923 2685 Csr.
940 2669 1010 2690 supra
1028 2669 1082 2691 pag.
1097 2663 1148 2690 408,
1160 2666 1214 2685 nota
1231 2664 1254 2685 2.

409 2697 481 2720 verba
498 2698 615 2726 Chrysost.
632 2712 661 2715 —
679 2700 781 2723 Subinde
806 2704 859 2729 post
880 2701 1028 2731 principium
1045 2701 1135 2731 duplaz=
1152 2701 1200 2731 fuit
1215 2702 1254 2724 ed.

410 2737 569 2766 prosequitur:
588 2737 683 2761 intentio
699 2739 805 2768 formata
831 2742 851 2763 et
867 2739 948 2763 diviua
964 2740 1099 2770 inspiratio.
1117 2740 1204 2764 Divina
1222 2741 1254 2764 in-

410 2776 522 2805 spiratio,
535 2776 624 2800 ethaeo
640 2777 777 2807 simpliciter
794 2782 849 2806 etc.;
867 2780 983 2802 Gorranus
1000 2780 1043 2802 sic:
1057 2779 1165 2807 imerius,
1178 2781 1200 2803 et
1211 2780 1254 2803 hoc

410 2815 457 2845 fuit
469 2815 572 2845 propria
588 2815 699 2839 voluntas
716 2819 739 2840 et
761 2817 840 2841 diuina
866 2818 990 2848 inspiratio
997 2828 1006 2847 ,·
1024 2819 1125 2849 propria
1142 2819 1254 2842 voluntas

410 2853 457 2883 suit
472 2853 609 2883 simpliciter
627 2857 671 2877 etc.

474 2891 483 2904 ²
500 2892 545 2916 Cir.
561 2894 599 2916 IV.
616 2894 679 2916 Sent.
695 2894 717 2917 d.
736 2895 773 2918 ⁴9.
791 2895 846 2918 dub.
866 2897 928 2918 t.—
940 2897 1045 2925 August„
1057 2898 1081 2919 in
1093 2898 1154 2920 loan.
1166 2898 1255 2925 Evang.

413 2934 439 2954 tr.
457 2931 494 2954 49.
513 2938 535 2954 n.
553 2932 595 2954 27:
613 2933 653 2955 Hic
671 2933 789 2963 docemur,
807 2935 876 2957 etiam
888 2942 930 2963 per
944 2936 1049 2958 homines
1067 2937 1139 2959 malos
1157 2938 1255 2965 prophe-

1297 761 1441 796 suscitata,
1468 761 1577 790 «iussit
1598 761 1635 790 illi
1657 761 1715 790 dari
1738 761 1906 791 manducare
1920 773 1934 786 »
1960 764 2011 790 etc.
2034 762 2149 799 Propter

1297 808 1373 846 quod
1393 808 1473 837 dicit:
1498 809 1532 837 Et
1552 807 1672 837 Martha
1692 808 1900 843 ministrabat,
1919 809 2060 837 Lazarus
2080 817 2148 837 vero

1297 864 1377 884 ‘unus
1398 859 1464 884 erat
1484 864 1519 884 eac
1547 854 1795 884 discumbentibus
1817 864 1885 884 cum
1905 855 1969 892 ipso
1983 855 2003 883 ⁶.
2033 855 2148 892 Semper

1298 902 1406 931 Martha
1435 902 1575 931 ministrat
1596 905 1623 931 et
1643 902 1760 931 sollicita
1790 905 1832 931 est
1863 905 1995 939 tanquam
2026 902 2150 940 prudens

1300 950 1418 984 mulier;
1440 950 1514 979 unde
1536 951 1625 978 Lucae
1645 949 1766 978 decimo:
1792 949 1946 984 «Domine,
1968 958 2023 978 non
2044 949 2148 979 esttibi

1299 1004 1399 1031 curae,
1421 996 1496 1034 quod
1518 1005 1597 1025 soror
1618 1004 1679 1025 mea
1704 996 1818 1034 reliquit
1838 1005 1884 1025 me
1904 997 1990 1025 solam
2010 997 2150 1026 ministra-

1300 1051 1331 1071 re
1342 1055 1355 1068 »
1369 1046 1380 1071 2
1395 1043 1457 1072 Ideo
1472 1051 1521 1080 per
1537 1051 1597 1072 eam
1619 1045 1694 1072 recte
1711 1043 1795 1071 vitam
1811 1043 1939 1071 activam
1956 1042 2149 1080 intelligimus,

1299 1097 1371 1127 quae
1392 1089 1626 1118 sollicitudinibus
1646 1089 1788 1118 anxiatur.

1380 1136 1406 1165 3.
1429 1136 1519 1173 (Vers.
1542 1136 1590 1172 3.).
1614 1136 1714 1165 Maria
1728 1145 1796 1175 erqo
1817 1137 1926 1174 accepit
1941 1136 2057 1166 libram.
2080 1137 2150 1166 Tan-

1299 1184 1375 1221 gitur
1397 1184 1442 1212 hic
1462 1183 1632 1218 secundum,
1653 1183 1757 1212 scilicet
1775 1182 1877 1221 effusio
1898 1183 2057 1221 unquenti,
2079 1192 2151 1221 quae

1300 1231 1371 1259 facta
1392 1233 1434 1259 est
1455 1238 1471 1259 a
1492 1230 1591 1265 Maria,
1613 1238 1685 1267 quae
1707 1239 1760 1259 non
1782 1230 1973 1259 discumbebat
2001 1238 2051 1259 nec
2070 1231 2151 1259 mini-

1300 1277 1419 1311 strabat,
1441 1277 1489 1306 sed
1510 1277 1569 1314 ipsa
1590 1277 1738 1305 Dominum
1760 1277 1872 1314 speciali
1887 1277 2036 1306 refectione
2056 1285 2151 1315 pasce-

1300 1324 1362 1358 bat:
1378 1324 1452 1352 unde
1473 1324 1547 1353 circa
1561 1332 1626 1352 eum
1648 1324 1804 1353 vehementi
1819 1324 1964 1353 devotione
1984 1324 2120 1361 flagrabat
2130 1324 2151 1359 ⁶,

1301 1371 1382 1400 cuius
1395 1371 1505 1400 devotio
1520 1371 1690 1408 exprimitur
1711 1371 1739 1399 in
1754 1374 1898 1408 unguento
1915 1371 2011 1400 effuso.
2037 1371 2152 1409 Propter

1301 1418 1376 1456 quod
1396 1418 1477 1447 dicit:
1508 1418 1607 1446 Maria
1634 1427 1702 1455 erpo
1724 1418 1834 1455 accepit
1863 1418 1971 1447 libram
1992 1419 2152 1456 umquem&

1301 1473 1400 1502 magua
1420 1465 1473 1494 fuit
1494 1465 1629 1502 unguenti
1647 1466 1804 1503 quantitas,
1826 1466 1892 1503 quia
1912 1474 2012 1503 magna
2025 1468 2086 1495 erat
2106 1465 2153 1495 de-

1302 1512 1391 1546 votio;
1413 1520 1469 1540 non
1496 1512 1646 1541 cuiuslibet
1666 1512 1755 1546 modi,
1784 1512 1832 1541 sed
1856 1512 1965 1546 nardi,
1994 1512 2022 1541 id
2050 1515 2092 1541 est
2119 1512 2153 1542 de

1301 1559 1397 1588 nardo.
1420 1558 1544 1587 Nardus
1564 1561 1606 1588 est
1628 1559 1715 1587 herba
1741 1559 1905 1594 aromatica,
1928 1559 2000 1588 sicut
2019 1559 2085 1588 dicit
2106 1559 2154 1588 Isi-

1301 1606 1388 1635 dorus
1399 1606 1419 1640 ⁷,
1447 1614 1519 1643 quae
1544 1606 1716 1635 vehementis
1743 1609 1785 1635 est
1805 1606 1913 1641 odoris;
1940 1609 2054 1643 propter
2079 1606 2154 1644 quod

1302 1653 1404 1682 dicitur
1425 1653 1453 1681 in
1481 1653 1599 1682 Canticis
1620 1653 1726 1690 primo:
1754 1665 1767 1679 «
1788 1654 1859 1682 Dum
1880 1656 1952 1683 esset
1980 1661 2032 1683 rex
2060 1653 2088 1682 in
2109 1661 2154 1683 ac-

1302 1700 1398 1729 cubitu
1421 1708 1487 1735 suo,
1510 1700 1614 1729 nardus
1636 1708 1697 1729 mea
1724 1700 1799 1729 dedit
1819 1701 1933 1730 odorem
1954 1708 2037 1730 suum
2058 1712 2086 1729 ».
2115 1700 2154 1730 De

1302 1747 1385 1784 spicis
1405 1747 1484 1776 nardi
1505 1747 1537 1776 fit
1558 1747 1710 1784 pretiosum
1738 1750 1930 1785 unguentum;
1951 1748 2025 1777 unde
2052 1747 2155 1777 dicitur

1304 1919 1349 1942 tiae
1365 1919 1476 1947 Spiritum
1495 1920 1571 1941 sutura
1587 1918 1731 1947 praedicere.
1750 1919 1784 1941 De
1801 1918 1917 1941 miraculis
1934 1919 2048 1941 malorum
2066 1919 2107 1941 cfr.
2118 1925 2154 1941 su-

1304 1965 1346 1986 pra
1363 1965 1418 1986 pag.
1435 1958 1493 1985 279,
1510 1961 1564 1981 nota
1582 1958 1604 1980 4.
1620 1970 1650 1975 -
1668 1958 1780 1986 Superius
1792 1958 1860 1981 codd.
1878 1960 1901 1980 et
1912 1958 2030 1981 Gorranus
2047 1958 2156 1981 omittunt

1305 1998 1339 2020 est
1355 1996 1488 2026 spiritualis
1506 1997 1533 2020 et.
1551 1997 1647 2019 Inferius
1664 2003 1708 2025 pro
1724 1996 1759 2020 sic
1772 1996 1940 2026 praedicendo,
1956 1996 2020 2021 sicut
2035 1996 2156 2021 miracula

1304 2035 1413 2066 faciendo
1431 2036 1471 2065 (ita
1490 2036 1518 2066 A)
1543 2036 1581 2059 alii
1606 2036 1675 2059 codd.
1700 2042 1754 2059 cum
1780 2037 1883 2059 Gorrano
1907 2036 1971 2060 sicut
1991 2035 2154 2066 praedicando

1305 2074 1368 2098 sicut
1383 2074 1502 2099 miracula
1519 2074 1640 2104 faciendo,
1657 2075 1695 2097 ed.
1711 2074 1774 2098 sicut
1787 2074 1960 2105 praedicendo,
1979 2075 2014 2099 sic
2032 2074 2156 2099 miracula

1305 2113 1423 2143 faciendo.

1371 2151 1380 2165 ³
1398 2153 1574 2182 Theophylact.,
1591 2153 1613 2175 in
1638 2154 1701 2176 hunc
1726 2153 1815 2176 locum:
1834 2153 1928 2176 Decima
1951 2153 2047 2182 quidem
2069 2153 2156 2176 mensis

1307 2192 1390 2222 [primi
1406 2193 1454 2215 scil.
1471 2192 1554 2222 Nisan]
1571 2193 1687 2221 accipiunt
1704 2198 1773 2215 ovem
1791 2192 1957 2215 immolandam
1969 2192 1993 2215 in
2004 2193 2090 2215 Pascha
2103 2191 2155 2222 [cfr.

1307 2231 1376 2254 Exod.
1395 2232 1432 2259 42,
1450 2231 1492 2261 3.],
1509 2234 1532 2254 et
1548 2238 1575 2254 ex
1592 2238 1620 2254 eo
1637 2234 1743 2260 tempore
1764 2231 1884 2260 requirere
1909 2231 2022 2260 incipiunt
2037 2237 2099 2261 quae
2115 2238 2158 2254 ne-

1308 2271 1407 2294 cessaria
1423 2272 1453 2294 ad
1479 2272 1572 2294 festum.
1596 2271 1701 2300 Denique
1726 2273 1748 2293 et
1772 2277 1858 2298 coena,
1875 2277 1936 2300 quae
1960 2272 2015 2294 ante
2031 2277 2076 2294 sex
2092 2270 2154 2299 dies,

1307 2317 1368 2340 quae
1379 2313 1414 2333 est
1430 2317 1489 2333 nona
1507 2311 1606 2338 mensis,
1623 2310 1707 2333 lautius
1724 2310 1846 2338 epulantur
1863 2313 1885 2332 et
1902 2310 1964 2332 initia
1981 2310 2108 2333 festivitatis
2118 2310 2157 2333 illo

1307 2350 1345 2373 die
1357 2350 1449 2372 faciunt.
1462 2351 1520 2373 Petr.
1532 2350 1652 2373 Comestor
1661 2367 1668 2378 ‚
1680 2350 1764 2372 Histor.
1776 2349 1923 2377 scholastica,
1935 2350 1958 2372 in
1969 2350 2058 2378 Evang.
2069 2355 2090 2372 c..
2100 2349 2157 2372 ’Μῦς

1308 2389 1370 2412 lesus
1386 2396 1443 2417 ergo
1460 2391 1515 2413 ante
1531 2395 1575 2413 sea:
1591 2389 1640 2413 dies
1665 2388 1792 2413 Paschae...
1812 2388 1913 2412 sabbato
1938 2389 2024 2412 scilicet
2045 2391 2098 2411 ante
2115 2389 2157 2411 Ra-

1308 2434 1359 2451 mos
1376 2428 1520 2456 Palmarum,
1538 2435 1599 2457 quae
1616 2428 1665 2451 dies
1681 2431 1743 2451 sexta
1761 2430 1810 2450 erat
1826 2430 1879 2450 ante
1896 2429 1995 2455 Pascha,
2013 2427 2032 2450 si
2053 2433 2158 2450 numere-

1308 2474 1361 2490 mus
1378 2467 1456 2496 ipsum
1473 2470 1496 2490 et
1512 2467 1575 2490 diem
1592 2468 1693 2490 Paschae
1710 2473 1764 2489 cum
1781 2469 1882 2496 quatuor
1899 2467 2048 2495 interpositis.

1371 2506 1381 2519 ⁴
1399 2507 1465 2530 Vers.
1483 2507 1520 2529 20.
1538 2519 1568 2522 —
1585 2505 1690 2529 Subinde
1707 2506 1819 2534 allegatur
1835 2506 1904 2529 Marc.
1921 2507 1948 2533 5,
1967 2505 2004 2529 43.
2021 2518 2052 2523 -
2064 2506 2159 2529 lnserius

1309 2546 1361 2569 voci
1379 2546 1489 2569 Lazarus
1506 2545 1543 2568 ed.
1560 2551 1614 2568 cum
1632 2545 1649 2568 C
1666 2544 1730 2568 addit
1746 2546 1833 2568 tamen.

1372 2583 1381 2596 ⁵
1399 2585 1511 2613 Vulgata,
1528 2591 1599 2613 quam
1622 2584 1659 2607 ed.
1679 2590 1733 2607 cum
1758 2590 1805 2606 uno
1826 2584 1945 2613 alteroque
1969 2584 2021 2607 cod.
2046 2583 2159 2613 sequitur,

1310 2630 1365 2647 cum
1382 2630 1415 2647 eo.
1432 2636 1463 2641 —
1481 2624 1589 2653 Sequitur
1606 2624 1661 2647 Luc.
1681 2624 1722 2650 10,
1735 2623 1772 2645 40.
1789 2622 1836 2646 Grr.
1855 2629 1925 2651 supra
1939 2623 1976 2650 Μ,
1994 2623 2031 2645 20.
2049 2629 2072 2645 n.
2089 2623 2127 2645 3⁴.

1373 2662 1383 2676 ὃ
1400 2664 1479 2686 Plures
1495 2663 1565 2686 codd.
1581 2662 1716 2693 fragrabat.

1372 2701 1381 2715 '¹
1399 2702 1462 2725 Libr.
1478 2703 1548 2725 XVll.
1564 2702 1693 2730 Etymolog.
1710 2707 1731 2724 c.
1748 2701 1775 2728 9,
1800 2701 1865 2730 quod
1890 2703 1925 2723 est
1948 2700 1976 2723 de
2001 2699 2079 2724 herbis
2103 2705 2160 2723 aro—

1310 2741 1404 2765 maticis
1421 2744 1473 2770 etc„
1491 2741 1531 2764 ubi
1554 2748 1576 2763 n.
1601 2741 1628 2763 3:
1645 2740 1746 2764 Nar-dus
1770 2739 1841 2763 herba
1867 2742 1902 2763 est
1925 2740 2041 2768 spicosa...
2058 2745 2159 2768 quarum

1311 2781 1353 2803 alia
1370 2781 1458 2808 Indica,
1475 2781 1517 2803 alia
1536 2780 1629 2808 Syriaca
1641 2782 1763 2803 vocatur...
1780 2780 1815 2802 Est
1828 2781 1905 2802 autem
1918 2779 1993 2801 lndica
2005 2778 2159 2807 multiformis,

1311 2819 1353 2841 sed
1370 2819 1451 2841 melior
1469 2818 1573 2847 Syriaca,
1590 2818 1655 2846 levis,
1672 2818 1745 2846 fulva,
1763 2823 1869 2845 comosa,
1887 2817 1950 2845 spica
1973 2823 2059 2845 parva,
2076 2816 2160 2839 odora-

1312 2858 1412 2885 tissima,
1429 2864 1541 2886 cyperum
1559 2858 1693 2880 simulans...
1711 2856 1810 2880 Nardus
1828 2856 1914 2880 Celtica
1931 2862 1943 2878 a
1961 2856 2055 2884 reglone
2075 2856 2160 2878 Galliae

1312 2903 1397 2920 nomen
1414 2897 1488 2920 traxit.
1505 2897 1608 2919 Nascitur
1626 2896 1687 2918 enim
1705 2896 1798 2924 saepius
1814 2896 1838 2918 in
1854 2895 1961 2924 Liguriae
1977 2895 2092 2923 alpibus...
2109 2895 2160 2918 Flos

1312 2937 1362 2959 eius
1378 2939 1467 2959 tantum
1484 2939 1579 2965 propter
1596 2936 1692 2959 odorem
1704 2935 1780 2958 bonus
1791 2937 1834 2958 etc.
1846 2947 1877 2952 —
1889 2935 1998 2964 Sequitur
2009 2934 2075 2958 Cant.
2087 2934 2109 2962 ⁴,
2122 2934 2160 2956 Μ.

2167 1144 2261 1165 secundun
2268 1129 2269 1157 ἕ
