2296 3316
275 314 312 333 Res
304 318 331 336 sp
347 317 389 331 cum

269 337 325 356 distin
328 336 377 355 cliuo
380 340 396 354 e.

332 1248 388 1272 Resp.

335 2090 392 2114 Resp.

409 181 466 209 474

484 258 666 286 Resroumzo:
689 254 853 287 Dicendum,
875 252 949 290 quod
963 252 1111 289 dupliciter
1132 254 1173 280 est
1192 259 1254 280 ser-

409 313 493 337 vare,
509 303 612 331 scilicet
626 301 747 339 effective
761 304 788 329 et
809 299 983 337 dispositive.
1005 298 1096 327 Primo
1117 298 1198 326 modo
1212 299 1254 326 est

406 351 466 379 eius
487 357 611 383 servare,
633 348 714 377 cuius
728 350 769 376 est
783 355 843 375 esse
856 346 936 380 dare3
955 345 1077 374 secundo
1097 344 1178 372 modo
1192 346 1252 381 pot-

406 400 447 426 est
474 404 534 425 esse
554 396 669 424 alterius
682 396 699 422 ¹.
730 394 820 422 Primo
840 392 921 421 modo
941 392 1016 421 Deus
1036 393 1182 420 conservat
1203 391 1253 419 ho-

406 444 507 472 minem
530 443 557 471 in
588 442 673 475 bono,
695 440 829 474 secundo,
857 447 932 468 unus
955 439 1040 467 homo
1068 437 1153 466 alium
1181 437 1253 466 bona

408 489 587 519 instructione
608 491 635 517 et
665 487 809 524 exemplo,
832 489 863 515 ut
894 485 1035 523 praelatus
1056 484 1189 513 subditos.
1214 500 1253 504 —

407 537 471 565 Dico
492 536 586 573 igitur,
607 534 682 572 quod
699 534 826 562 Christus
847 533 971 570 loquitur
993 532 1038 560 hic
1052 531 1086 560 de
1107 538 1253 560 conserva-

407 584 494 617 tione,
516 590 587 620 quae
613 582 665 611 suit
685 580 869 618 dispositive,
890 587 941 617 per
971 578 1085 608 modum
1115 577 1253 615 dispositi-

406 638 487 663 vum,
520 629 624 658 scilicet
654 628 783 664 exemplo
817 629 844 655 et
877 625 1072 655 exhortatione
1100 626 1128 653 et
1160 623 1254 653 erudi-

406 676 494 710 tione;
516 679 543 704 et
564 675 631 704 haec
653 673 843 703 subtrahenda
856 675 916 702 erat
937 680 1001 701 cum
1017 670 1172 709 praesentia
1193 678 1254 699 cor-

406 722 523 760 porali?
546 722 603 750 Alio
624 721 705 750 modo
725 720 854 750 servabat
881 719 1006 748 interius
1027 725 1091 747 cum
1118 717 1198 746 Patre
1227 717 1253 745 in

406 772 542 806 quantum
564 769 653 802 Deus;
675 768 722 797 sed
753 767 788 796 de
812 767 864 796 ista
895 774 949 795 non
972 764 1097 802 loquitur
1128 767 1155 793 et
1183 764 1254 792 hanc

406 824 460 844 non
481 815 678 849 subtrahebat,
700 814 747 843 sed
768 814 851 843 simul
872 820 935 842 cum
956 812 1034 841 Patre
1055 811 1213 840 exhibebat.

485 863 530 892 33.
556 863 668 900 Quaest.
690 862 718 890 11.
741 861 891 898 Quaeritur
922 859 956 889 de
984 859 1037 888 hoc
1067 858 1142 897 quod
1169 858 1253 886 dicit:

408 911 485 947 Quos
507 910 612 939 dedisti
631 908 705 938 milti
725 907 869 937 custodivi
875 917 885 941 ;
906 910 932 936 et
952 915 1033 935 nemo
1051 905 1142 943 periit
1161 913 1196 934 ex
1214 905 1255 933 eis

405 957 466 986 nisi
484 956 565 994 silias
582 955 766 993 perditionis.

484 1004 613 1032 CONTRA:
636 1003 726 1038 Supra
747 1000 866 1030 sexto³:
891 1000 997 1034 Omne,
1018 999 1096 1038 quod
1110 999 1161 1027 dat
1182 997 1256 1026 milti

408 1051 506 1083 Pater,
529 1050 569 1078 ad
589 1057 634 1077 me
654 1048 760 1080 venien·
781 1049 808 1076 et
829 1055 915 1084 supra
929 1046 1047 1075 decimo:
1070 1045 1159 1074 Nemo
1174 1044 1256 1082 rapit

406 1106 469 1126 oves
490 1097 523 1125 de
543 1095 683 1124 manibus
702 1094 790 1123 meis.-
813 1102 879 1131 ergo
905 1093 1000 1122 nullus
1026 1092 1122 1121 debuit
1142 1092 1176 1120 de
1197 1091 1255 1120 ovi-

406 1144 459 1172 bus
480 1143 580 1181 perire.

484 1191 662 1219 Resposneo:
684 1188 851 1222 Dicendum,
866 1187 940 1225 quod
963 1187 1041 1216 Pater
1055 1186 1102 1215 dat
1122 1185 1188 1214 Filio
1209 1185 1256 1213 ali-

407 1246 476 1275 quos
497 1237 657 1274 dupliciter,
680 1236 784 1265 scilicet
811 1238 932 1264 aeterna
956 1233 1155 1271 praescientia
1182 1240 1255 1270 quos

406 1284 637 1323 praedestinavit
657 1288 683 1312 et
700 1282 861 1320 praescivit
881 1280 1045 1319 conformes
1062 1280 1129 1317 fieri
1149 1278 1255 1316 imagi—

406 1332 455 1361 nis
477 1331 547 1360 Filii
567 1331 657 1365 sai4;
678 1330 786 1367 aliquos
816 1329 862 1357 dat
893 1328 1054 1357 seeundum
1072 1329 1255 1364 praesentem

408 1378 561 1407 iustitiam.
588 1393 625 1398 -
650 1376 719 1405 Cum
740 1376 825 1413 igitur
846 1374 960 1408 dicitur,
986 1373 1060 1411 quod
1081 1381 1135 1401 non
1164 1372 1255 1409 perdi-

407 1426 448 1454 dit
468 1432 636 1463 quemquam
665 1432 700 1453 ex
722 1423 808 1456 datis;
837 1422 961 1460 loquitur
988 1421 1148 1450 seeundum
1167 1429 1255 1458 prae-

408 1472 646 1505 destinationem
668 1479 730 1500 cum
753 1470 858 1507 excipit
879 1469 987 1503 ludam,
1011 1468 1133 1506 loquitur
1154 1476 1255 1496 seeun-

408 1521 480 1549 dum
501 1519 647 1548 iustitiam
664 1520 855 1556 praesentem.

487 1567 532 1596 34.
555 1566 665 1602 Quaest.
687 1565 727 1593 Ill.
756 1564 906 1601 Quaeritur
931 1563 964 1592 de
992 1563 1057 1596 hoc,
1079 1561 1153 1599 quod
1174 1562 1255 1599 petit,

407 1614 557 1651 discipulos
578 1621 643 1641 suos
664 1611 823 1641 conservari
844 1619 864 1639 a
884 1610 970 1639 malo.
983 1627 1022 1631 -
1036 1609 1160 1643 Videtur,
1182 1609 1256 1646 quod

408 1660 562 1689 inordinate
583 1662 672 1696 petat:

490 1708 513 1734 1.
535 1706 606 1743 Quia
626 1705 677 1742 ipsi
700 1708 779 1734 erant
806 1705 832 1733 in
855 1704 984 1738 caritate;
1009 1703 1056 1732 sed
1077 1711 1113 1732 ex
1136 1705 1256 1740 quantu-

409 1754 556 1790 lacumque
570 1752 659 1789 gratia
680 1752 723 1780 vel
741 1752 855 1781 caritate
869 1753 960 1788 potest
973 1751 1036 1788 quis
1057 1753 1257 1787 quantaecum-

408 1808 463 1838 que
485 1799 626 1829 tentationi
649 1798 817 1827 resistere5:
840 1806 906 1835 ergo
927 1801 979 1826 etc.

487 1849 513 1876 2.
536 1847 619 1881 Item,
640 1846 675 1874 ab
702 1846 749 1874 illa
769 1845 859 1882 gratia
885 1853 939 1873 non
967 1847 1058 1882 potest
1078 1844 1177 1873 cadere
1204 1843 1256 1872 nisi

409 1902 458 1931 per
480 1896 623 1931 peccatum
645 1892 777 1926 mortale;
800 1900 855 1920 non
882 1894 972 1928 potest
993 1898 1108 1928 peccare
1136 1891 1187 1919 nisi
1209 1898 1257 1919 vo-

409 1942 483 1970 lens:
504 1948 571 1977 ergo
591 1939 666 1977 quod
690 1939 885 1976 unusquisque
906 1940 1101 1972 conservetur,
1120 1937 1204 1966 estin
1225 1937 1257 1965 li-

410 1987 515 2015 bertate
536 1988 647 2014 nostrae
668 1985 834 2014 voluntatis:
855 1992 922 2021 ergo
943 1984 1086 2021 superflue
1108 1984 1182 2020 petit.

488 2032 678 2070 Respondetur
699 2032 733 2060 ad
754 2032 820 2066 hoc,
842 2031 929 2069 quod,
951 2032 1023 2060 sieut
1043 2031 1109 2060 dicit
1129 2031 1257 2068 Augusti—

409 2088 462 2109 nus
473 2080 494 2115 ⁶,
512 2088 687 2117 permanere
707 2079 735 2107 in
756 2079 828 2107 bono
849 2081 961 2115 accepto
982 2078 1077 2107 divini
1096 2080 1138 2106 est
1158 2086 1257 2106 mane-

409 2127 453 2155 ris
474 2130 501 2155 et
522 2130 640 2155 nostrae
660 2125 868 2154 sollicitudinis
875 2136 885 2159 ;
907 2125 996 2162 gratia
1016 2125 1089 2153 enim
1111 2132 1258 2153 conserva-

410 2178 457 2203 tur
478 2175 504 2203 in
526 2174 606 2203 nobis
627 2181 677 2210 per
698 2173 857 2202 continuam
873 2172 1059 2206 influentiam;
1081 2176 1108 2201 et
1130 2172 1190 2200 ideo
1210 2180 1258 2208 pe-

412 2221 479 2250 titur
500 2229 516 2249 a
535 2220 665 2254 Domino,
687 2222 719 2248 ut
739 2219 869 2248 continue
890 2219 1009 2247 adiuvet.
1032 2218 1107 2247 Unde
1128 2218 1149 2247 si
1171 2218 1258 2255 possi-

411 2275 473 2296 mus
494 2267 551 2295 sola
572 2267 713 2295 voluntate
727 2266 858 2300 deficere;
880 2265 932 2294 nisi
954 2264 1119 2293 interveniat
1133 2264 1258 2293 divinum

412 2314 581 2348 subsidium,
603 2322 657 2342 non
679 2320 828 2350 possumus
849 2319 1021 2349 permanere.

1010 174 1180 203 COMMENT.
1203 173 1236 202 IN
1257 172 1403 201 ΙΟΑΝΝΕΜ
1425 172 1453 201 C.
1476 170 1553 204 XVII.

1361 250 1387 273 ln
1403 249 1469 280 parte
1486 248 1559 272 tertia.
1576 247 1684 272 christus
1700 247 1761 279 petit
1777 247 1902 272 credituris
1918 248 2102 272 conformitatem

1682 286 1781 317 gratiae.

1389 391 1435 420 35.
1458 390 1523 419 Non
1541 399 1598 428 pro
1612 389 1674 419 eis⁷
1696 398 1768 427 royo
1783 392 1907 419 tantum.
1930 389 2000 419 Haec
2020 392 2062 419 est
2076 389 2158 419 tertia

1309 446 1375 476 pars
1395 437 1524 475 capituli,
1546 437 1572 466 in
1598 445 1654 474 qua
1677 437 1813 466 Dominus
1840 436 1989 466 credituris
2015 444 2065 474 per
2089 436 2159 473 Apo—
2278 435 2280 465 l

1309 485 1395 514 stolos
1414 484 1483 522 petit
1510 482 1746 521 conformitatem
1772 483 1910 521 gratiae,-
1938 486 1965 512 et
1982 483 2035 512 hoc
2062 483 2159 512 ordine
2175 466 2296 531 Dlvisffiiw

1309 531 1441 569 procedit.
1464 531 1556 560 Primo
1576 530 1653 568 ponit
1681 530 1869 568 petitionem,-
1901 530 2036 565 secundo,
2066 538 2158 559 exau·
2195 516 2224 531 ¹⁰⁰
2254 517 2296 545 '⁵³'

1309 579 1409 608 aiendi
1427 578 1589 612 rationem,
1610 577 1648 606 ibi
1663 577 1690 606 ⁸:
1718 578 1753 606 Et
1779 585 1829 615 eyo
1857 576 2039 612 claritatem,
2067 585 2159 616 quam

1310 625 1423 654 dedisti.
2276 644 2278 653 ι

1388 672 1418 700 ln
1438 671 1569 708 petitione
1590 670 1675 708 igitur
1693 670 1762 708 petit
1775 670 1924 700 credituris
1944 670 2083 708 duplicem
2097 670 2159 700 uni·
2178 674 2206 694 ne
2200 663 2281 718 dmm}

1311 721 1408 753 tatem,
1430 718 1534 747 scilicet
1553 717 1714 747 dilectionis
1735 720 1762 746 et
1782 717 1858 754 fidei.
2276 723 2279 741 ι

1391 765 1479 802 (Vers.
1502 765 1571 800 ΞΟ.)
1594 764 1709 801 Propter
1729 764 1864 793 unitatem
1879 763 2054 799 dilectionis,
2075 772 2160 802 quam
2170 767 2271 812 Εκῗξεέῗξο

1310 813 1379 851 petit
1400 821 1450 850 per
1471 812 1613 849 Apostolos
1633 811 1798 846 credituris,
1819 811 1903 840 dicit:
1933 811 1999 840 Non
2023 820 2081 849 pro
2102 797 2271 858 etsist-132&

1311 860 1415 889 scilicet
1440 868 1491 896 pro
1512 858 1661 896 ApostoIis,
1683 867 1755 896 roqo
1777 861 1909 893 tantum,
1929 858 1981 887 sed
2000 861 2025 887 et
2041 866 2100 896 pro
2120 857 2161 887 eis
2228 843 2266 858 ‘'¹'’

1311 907 1363 946 qai
1383 906 1528 935 credituri
1547 909 1617 934 sant
1634 914 1690 943 per
1711 904 1831 934 verbum
1852 913 1955 934 eorum
1975 905 2008 934 in
2027 913 2072 934 me
2079 915 2089 939 ,·
2109 912 2162 942 pro

1311 954 1382 988 illis,
1404 953 1535 990 inquam,
1557 961 1644 990 rogo:

1391 1001 1437 1030 36.
1461 1000 1550 1036 (Vers.
1573 1000 1641 1034 21.).
1669 999 1725 1028 ΠΗ
1745 999 1807 1028 sint
1820 1007 1932 1034 unum,
1947 1007 1998 1036 per
2012 999 2162 1028 conformi-

1312 1050 1396 1076 tatem
1423 1046 1593 1080 dilectionis,
1614 1046 1693 1075 sicut
1712 1048 1744 1074 tit
1766 1046 1857 1074 Pater
1878 1045 1910 1074 in
1931 1054 1992 1080 me,
2013 1049 2039 1074 et
2059 1054 2110 1083 eqo
2130 1045 2163 1074 in

1311 1098 1352 1128 te,
1375 1093 1400 1122 id
1423 1096 1480 1128 est,
1502 1093 1575 1122 sicut
1595 1100 1646 1121 nos
1666 1100 1755 1121 unum
1777 1100 1891 1127 sumus,
1913 1095 1946 1121 ut
1966 1096 1992 1121 et
2018 1092 2077 1130 ipsi
2103 1092 2165 1122 sint

1311 1149 1406 1169 unum
1418 1140 1450 1169 in
1459 1139 1542 1168 nobis
1554 1150 1563 1173 ;
1578 1139 1612 1168 ad
1626 1139 1735 1168 Galatas
1750 1139 1848 1168 tertio:
1865 1151 1878 1165 «ε
1893 1139 1996 1169 Omnes
2009 1147 2059 1169 vos
2072 1148 2163 1168 unum

1311 1187 1377 1216 estis
1397 1187 1425 1215 in
1446 1186 1556 1215 Christo
1578 1186 1639 1215 lesu
1652 1197 1679 1214 ».
1703 1186 1756 1215 lsta
1776 1186 1869 1215 unitas
1883 1188 1925 1215 est
1939 1194 1989 1223 per
2009 1186 2163 1215 adhaeren-

1312 1234 1378 1263 tiam
1406 1233 1547 1267 caritatis;
1576 1233 1682 1270 primae
1709 1232 1743 1262 ad
1771 1233 1928 1269 Corinthios
1956 1236 2055 1262 sexto:
2082 1244 2096 1259 α
2110 1233 2163 1270 Qui

1311 1281 1445 1310 adhaeret
1459 1281 1516 1309 Deo
1531 1288 1605 1309 unus
1619 1280 1736 1317 spiritus
1750 1282 1792 1309 est
1806 1291 1833 1308 n.
1849 1279 1965 1316 Quando
1979 1287 2047 1309 vero
2061 1280 2164 1309 uniun—

1313 1330 1360 1357 tur
1381 1328 1433 1357 sibi
1455 1327 1572 1356 invicem
1595 1328 1621 1356 in
1644 1327 1717 1361 Deo,
1739 1330 1806 1356 tunc
1834 1329 1900 1356 sunt
1927 1335 2016 1356 unum
2037 1327 2064 1355 in
2086 1327 2163 1362 Deo;

1312 1375 1386 1404 unde
1405 1375 1512 1412 primae
1533 1374 1567 1403 ad
1588 1374 1746 1403 Corinthios
1759 1373 1941 1403 duodecimo:
1961 1385 1974 1399 «
1989 1373 2018 1402 In
2032 1382 2090 1403 uno
2104 1373 2163 1411 Spi-

1312 1422 1370 1451 ritu
1391 1422 1419 1450 in
1441 1429 1528 1450 unum
1550 1429 1653 1458 corpus
1673 1421 1803 1458 baptizati
1826 1428 1924 1450 sumus
1937 1432 1965 1449 ».

1392 1469 1438 1498 37.
1461 1469 1504 1497 Sic
1525 1469 1594 1505 petit
1614 1468 1654 1497 eis
1675 1468 1810 1497 unitatem
1831 1468 1970 1502 caritatis,
1992 1467 2061 1505 petit
2080 1468 2164 1497 etiam
2180 1469 2263 1489 Unitasfi

1313 1516 1456 1545 unitatem
1476 1515 1565 1553 fidei;
1587 1515 1648 1544 ideo
1668 1515 1725 1544 ait:
1752 1515 1787 1544 Ut
1806 1515 1938 1544 mundas
1959 1515 2077 1549 eredat,
2092 1514 2165 1553 quia

1314 1566 1345 1591 tu
1366 1571 1411 1590 me
1430 1562 1546 1590 misisti.
1571 1561 1716 1596 Mundus,
1738 1561 1765 1590 id
1786 1564 1828 1591 est
1849 1561 2018 1591 universitas
2040 1561 2164 1590 filiorum

1313 1610 1361 1639 Dei
1383 1610 1574 1646 dispersorum
1595 1617 1645 1646 per
1666 1609 1818 1643 mundum,
1841 1616 1913 1646 quos
1927 1608 2045 1638 debebat
2059 1609 2088 1638 iu
2101 1608 2164 1638 uni-

1314 1660 1399 1686 tatem
1413 1656 1476 1686 fidei
1492 1664 1670 1693 congregare.
1686 1656 1777 1693 Supra
1791 1656 1938 1685 undecimo
1949 1656 1973 1673 ¹⁰
1986 1655 2092 1685 dictum
2106 1658 2163 1690 est,

1313 1704 1388 1742 quod
1409 1704 1565 1732 moriturus
1585 1706 1661 1738 erat,
1687 1714 1700 1728 «
1716 1706 1748 1732 ut
1769 1703 1840 1732 filios
1860 1703 1926 1738 Dei,
1954 1703 2002 1740 qui
2024 1706 2105 1732 erant
2123 1703 2165 1732 di-

1314 1751 1418 1788 spersi,
1447 1753 1629 1787 congregaret
1656 1750 1684 1778 in
1712 1758 1801 1779 unum
1816 1762 1843 1785 1»,
1865 1752 1893 1779 et
1913 1750 1966 1779 hoc
1988 1750 2109 1779 uniendo
2136 1750 2165 1779 in

1313 1797 1367 1825 fide
1395 1796 1514 1825 nominis
1535 1797 1597 1831 sui3
1623 1797 1704 1834 quia,
1727 1805 1813 1834 supra
1833 1796 1939 1834 primo,
1966 1808 1980 1822 α
1994 1796 2069 1826 dedit
2089 1799 2166 1834 pote-

1314 1844 1511 1873 statemwilios
1539 1844 1587 1872 Dei
1616 1844 1677 1873 fieri
1705 1844 1749 1873 his
1776 1844 1824 1881 qui
1853 1843 1972 1873 eredunt
1998 1843 2026 1872 in
2054 1843 2165 1873 nomine

1314 1890 1416 1924 eius»;
1438 1893 1465 1919 et
1486 1891 1604 1919 Actuum
1632 1893 1752 1928 quarto:
1779 1901 1792 1915 «κ
1807 1890 1865 1918 Non
1893 1892 1935 1919 est
1961 1890 2037 1919 aliud
2064 1898 2166 1919 nomen

1314 1937 1367 1966 sub
1395 1937 1471 1966 eaelo
1498 1937 1595 1966 datum
1622 1937 1797 1971 hominibus,
1825 1937 1853 1965 in
1882 1945 1939 1974 quo
1962 1939 2089 1974 oporteat
2115 1944 2166 1966 nos

1314 1984 1405 2013 salvos
1426 1984 1486 2012 fieri
1501 1996 1528 2011 ».

1393 2031 1438 2059 38.
1464 2032 1498 2059 Et
1518 2040 1568 2068 4³90
1589 2031 1763 2060 elai-itatem.
1786 2031 1920 2068 Tangitur
1934 2031 1980 2060 liic
1994 2031 2164 2066 secundum,

1315 2078 1419 2107 scilicet
1439 2078 1619 2107 exaudiendi
1639 2078 1734 2112 ratio,
1755 2078 1822 2115 quia
1842 2078 1903 2107 ideo
1917 2078 2071 2107 claritatem
2085 2086 2166 2108 suam

1314 2125 1568 2154 communicaverat
1590 2125 1745 2162 Apostolis,
1762 2128 1793 2154 ut
1814 2125 1936 2154 mundus
1954 2128 2166 2154 converteretur

1314 2172 1348 2200 ad
1369 2172 1460 2201 fidem.
1483 2172 1630 2209 Triplicem
1652 2175 1745 2201 autem
1767 2172 1920 2201 claritatem
1943 2172 2165 2201 communicave-

1315 2222 1359 2247 rat
1380 2219 1434 2253 eis,
1457 2219 1561 2248 scilicet
1585 2219 1749 2256 potentiae,
1777 2219 1939 2257 sapientiae
1959 2222 1987 2248 et
2008 2219 2164 2248 bonitatis:

1313 2267 1456 2303 potentiae
1471 2267 1496 2294 in
1513 2267 1637 2295 faciendo
1658 2266 1809 2301 miracula,
1831 2269 1946 2304 propter
1967 2274 2039 2304 quae
2050 2274 2166 2296 conver-

1315 2312 1446 2341 tebantur
1461 2313 1494 2341 ad
1511 2313 1591 2342 fidem
1614 2313 1720 2341 Iudaei
1729 2336 1735 2346 ,
1758 2313 1805 2350 qui
1819 2314 1841 2330 ¹¹
1861 2325 1874 2338 «
1889 2316 2031 2351 quaerunt
2044 2314 2122 2351 signa
2136 2324 2164 2348 »;

2182 2031 2210 2051 De
2218 2035 2260 2050 secu
2274 2041 2277 2048 .

2181 2175 2258 2217 *iiia

2181 2268 2250 2288 Prima.

477 2577 483 2590 ¹
500 2578 547 2601 Cir.
565 2580 589 2601 ll.
607 2580 667 2601 sent.
685 2579 708 2601 d.
726 2579 763 2601 37.
783 2585 803 2601 a.
822 2579 842 2601 4.
865 2585 889 2608 q.
906 2579 927 2601 2.
951 2579 980 2601 ad
998 2579 1024 2606 35
1042 2579 1076 2601 ΙΙΙ.
1097 2579 1158 2601 Sent.
1181 2579 1203 2601 d.
1223 2579 1259 2601 40.

414 2624 435 2639 a.
453 2619 473 2639 2.
492 2625 513 2646 q,
533 2619 553 2640 2.
573 2619 594 2640 in
611 2624 674 2646 corp.

477 2655 485 2668 ²
503 2657 562 2679 Vide
585 2663 653 2685 supra
672 2663 692 2679 c.
711 2657 747 2679 46.
764 2663 787 2679 n.
811 2657 848 2684 24,
865 2659 887 2679 et
909 2658 1020 2685 August,
1042 2657 1064 2679 in
1088 2657 1147 2679 loan.
1171 2657 1258 2685 Evang.

415 2698 442 2717 tr.
456 2696 507 2717 406.
526 2702 547 2717 ιι.
565 2697 586 2718 2.
603 2708 634 2712 -—
650 2696 720 2724 Epist.
738 2697 752 2718 l.
770 2695 822 2718 Cor.
839 2696 865 2723 3,
883 2696 910 2718 7:
928 2696 1005 2725 ltaque
1022 2702 1099 2725 neque
1115 2696 1155 2724 qui
1172 2697 1261 2725 plantat

414 2737 448 2756 est
464 2735 565 2763 aliquid,
582 2741 657 2763 neque
674 2735 713 2763 qui
730 2735 802 2763 rigat,
819 2735 860 2757 sed
877 2735 918 2764 qui
934 2735 1107 2758 incrementum
1118 2735 1169 2763 dat,
1182 2735 1260 2763 Deus,-

415 2774 455 2795 cir.
472 2780 540 2801 supra
559 2780 578 2795 c.
598 2774 634 2796 45.
650 2781 673 2796 n.
690 2775 711 2796 2.
730 2777 752 2796 et
769 2774 804 2796 45.

478 2810 487 2823 ³
506 2812 571 2834 Vers.
588 2813 624 2835 37.
642 2825 672 2829 —
690 2813 798 2841 Sequitur
815 2814 875 2836 ioan.
893 2813 934 2842 40,
952 2813 989 2835 29.

477 2850 487 2863 ⁴
504 2852 569 2873 Rom.
588 2853 614 2880 8,
632 2852 668 2873 29.
686 2852 729 2875 cfr.
748 2858 816 2880 supra
834 2859 853 2874 c.
872 2853 893 2874 6.
911 2859 934 2875 n.
951 2853 988 2875 60.
1006 2853 1044 2875 64.
1061 2855 1083 2875 et
1100 2853 1153 2875 400.

478 2888 487 2901 ¹⁵
504 2891 536 2912 De
553 2897 600 2918 quo
618 2891 672 2913 vide
689 2891 721 2913 ΙΙΙ.
740 2891 799 2913 Sent.
817 2891 839 2913 d.
858 2892 894 2913 30.
912 2897 935 2920 q.
955 2891 973 2913 4.

477 2928 487 2941 ⁶
504 2930 536 2951 De
559 2929 707 2958 Correptione
729 2933 751 2952 et
773 2931 859 2958 gratia,
876 2937 895 2952 c.
913 2931 934 2952 6.
953 2937 975 2953 n.
994 2931 1031 2952 40.
1048 2936 1126 2959 seqq.;
1144 2930 1173 2953 de
1196 2931 1261 2952 Dono

416 2969 613 2996 perseverantiae,
630 2975 649 2990 c.
672 2969 689 2990 l.
707 2975 727 2990 n.
747 2969 766 2990 4.
784 2975 848 2997 seqq.
867 2969 955 2996 (plures
972 2969 1040 2991 codd.
1057 2969 1165 2991 omittunt
1186 2969 1261 2988 Avan-

1317 2579 1411 2608 stinus).
1431 2579 1491 2601 Vide
1507 2580 1576 2601 etiam
1594 2585 1664 2607 supra
1682 2586 1704 2601 n.
1721 2580 1759 2602 20.
1771 2592 1802 2596 —
1814 2580 1846 2602 De
1863 2578 1988 2608 influentia
2005 2579 2092 2607 gratiae
2109 2579 2166 2601 eius-

1317 2624 1363 2647 que
1376 2619 1551 2641 conservatione
1564 2619 1603 2641 cfr.
1622 2619 1645 2640 ll.
1664 2619 1725 2641 Sent.
1742 2619 1765 2641 d.
1784 2619 1820 2641 26.
1838 2625 1862 2647 q.
1880 2619 1901 2641 l.
1919 2618 1988 2647 (circa
2004 2618 2073 2641 flnem
2091 2618 2165 2648 corp.)

1318 2657 1340 2679 2.
1358 2659 1380 2678 et
1397 2657 1418 2678 3.
1436 2669 1466 2673 —
1483 2657 1605 2685 Aliquanto
1623 2657 1718 2679 inferius
1734 2663 1777 2685 pro
1795 2656 1860 2679 Unde
1876 2656 1898 2680 si
1913 2656 1929 2679 C
1942 2657 1959 2679 N
1978 2656 2043 2680 Umte
2060 2656 2118 2680 ticet.

1379 2694 1387 2707 ⁷
1406 2696 1504 2723 Vulgata
1522 2696 1586 2718 addit
1602 2697 1689 2718 autem.
1707 2695 1751 2718 Csr.
1769 2702 1839 2724 supra
1857 2702 1879 2718 n.
1898 2696 1918 2718 4.

1380 2733 1389 2746 ¹³
1407 2735 1471 2757 Vers.
1490 2736 1526 2757 22.

1380 2772 1390 2785 ⁹
1408 2774 1518 2802 Vulgata,
1540 2781 1609 2803 quam
1633 2774 1739 2803 sequitur
1755 2774 1800 2801 ed.,
1819 2774 1849 2796 Ut
1864 2780 1953 2797 omnes.
1969 2786 2000 2791 —
2018 2774 2075 2796 Tres
2097 2779 2163 2802 seqq.

1317 2813 1360 2835 loci
1378 2816 1430 2835 sunt
1447 2814 1495 2835 Gal.
1513 2814 1539 2841 3,
1559 2814 1599 2840 is,
1618 2814 1631 2836 1.
1650 2813 1701 2836 Cor.
1720 2814 1746 2841 6,
1765 2814 1801 2836 47.
1819 2815 1842 2836 et
1859 2814 1901 2841 42,
1919 2813 1955 2835 43,

1380 2849 1400 2864 ¹⁰
1419 2852 1484 2874 Vers.
1500 2852 1538 2874 52.
1554 2864 1585 2869 ——
1602 2853 1735 2881 Sequuntur
1751 2853 1811 2874 loan.
1830 2852 1838 2874 4
1849 2869 1855 2879 ,
1873 2852 1910 2874 42.
1926 2854 1949 2874 et
1965 2851 2015 2874 Act.
2032 2851 2058 2879 4,
2077 2851 2113 2874 42.

1380 2891 1398 2903 ¹¹
1417 2892 1444 2913 Ut
1461 2892 1544 2914 dicitur
1557 2893 1570 2914 Ι.
1584 2892 1636 2914 Cor.
1650 2892 1670 2919 l,
1683 2892 1725 2914 22:
1743 2891 1856 2920 Quoniam
1873 2894 1896 2914 et
1906 2891 1983 2913 ludaei
1995 2891 2061 2919 signa
2072 2893 2165 2919 petunt,

1318 2932 1340 2952 et
1357 2930 1437 2952 Graeci
1454 2930 1589 2957 sapientiam
1608 2932 1729 2959 quaerunt.
