2296 3316
726 156 895 185 COMMENT.
918 157 950 185 IN
972 156 1118 185 IOANNEM
1138 157 1167 186 C.
1190 157 1277 186 XVIII.

204 235 359 272 Respondet
378 234 630 272 chrysostomus.
604 235 630 252 ¹·
656 245 671 260 «
684 234 809 263 Ostendit
838 234 972 263 Dominus

5 295 10 338 ¹,
51 292 107 316 neap.
124 282 224 317 omnia,
234 290 307 319 quae
318 281 484 311 sufficientia
495 284 575 310 erant
586 288 633 309 eos
645 288 777 310 revocare
786 292 813 315 »‚
823 280 971 310 detinendo

45 1692 101 1718 neap.

100 664 169 686 ,005
188 655 320 690 detinuit,
342 655 390 684 sed
410 662 443 684 ea
463 654 570 689 virtus,

124 329 228 358 scilicet
248 329 339 358 visum
358 336 473 362 eorum,
494 335 530 356 ne
550 335 616 356 eum
636 330 833 364 agnoscerent,
855 330 883 356 et
902 327 971 356 deii-

123 375 220 405 ciendo
240 382 287 404 eos
307 374 343 403 ad
363 377 468 404 terram
489 374 547 403 solo
561 374 656 403 verbe.
676 385 691 399 «
705 374 774 410 Quia
789 374 897 403 veroin
912 382 970 403 ma-

122 423 181 452 litia
201 421 387 459 persistebant
407 424 436 450 et
455 421 561 450 nullam
583 421 723 450 habebant
742 421 969 457 excusationem,

122 473 190 500 tunc
209 469 309 498 deinde
327 468 459 498 manibus
478 476 578 498 eorum
600 468 713 497 tradidit
733 476 763 497 se
776 480 804 496 n.

200 517 247 545 22.
268 516 380 553 Quaest.
402 515 432 544 11.
454 515 520 544 Item
541 515 702 552 quaeritur:
717 523 782 544 cum
797 515 895 544 Petrus
909 518 970 544 lan-

122 566 182 592 tum
202 563 328 592 irritaret
347 570 410 596 eos,
431 569 520 599 quare
540 570 595 590 non
616 561 797 591 detinuerunt
814 565 900 591 eum?

200 609 356 646 Respondet
376 608 591 645 Chrysostomus
602 608 622 643 2,
643 608 719 645 quod
744 620 757 634 ιι
772 609 868 638 nullus
897 609 970 638 alius

591 663 664 692 quae
686 655 765 692 prius
785 656 903 693 proiecit
923 664 970 685 005

122 703 270 740 resupinos
284 714 311 730 n.

200 749 246 778 23.
269 749 379 786 Quaest.
402 749 444 777 III.
464 748 530 777 Item
546 748 709 786 quaeritur:
725 757 789 777 cum
805 749 913 778 iussum
927 757 970 778 es-

120 799 163 826 set
182 797 277 830 Petro,
299 796 373 833 quod
388 804 443 824 non
458 795 575 824 haberet
585 803 692 832 peram
703 795 735 829 ⁸,·
750 796 889 833 quomodo
904 799 970 825 tunc

120 844 240 873 habebat
259 842 415 881 gladi-um?

198 890 236 919 Ad
257 890 310 919 hoc
330 889 480 927 respondet
500 890 594 918 Victor
604 890 625 924 4,
647 890 722 927 quod
744 890 879 919 Dominus
892 899 970 919 man-

68 958 73 964 .
97 938 215 967 ‚datum
237 937 306 966 illud
334 937 412 966 dedit
441 938 494 972 eis,
515 937 627 974 quando
647 937 723 966 misit
753 937 787 966 ad
809 938 970 974 praedican-

119 984 199 1019 dum;
220 984 340 1013 instante
354 992 422 1013 vero
437 983 639 1021 persecutionis
660 986 800 1020 tempore,
815 984 969 1021 praecepit,

119 1034 152 1061 ut
171 1030 278 1060 ferrent
297 1030 454 1060 necessaria
481 1030 567 1059 victui
595 1033 623 1059 et
650 1030 755 1067 gladios
782 1034 915 1059 emerent.
938 1031 970 1059 Et

119 1078 225 1115 accepit
245 1078 298 1107 hoc
318 1086 335 1106 a
355 1078 445 1107 Lucae
466 1077 599 1114 vigesimo
624 1077 784 1106 secundos’:
808 1078 866 1113 Qui
886 1076 971 1106 habet

119 1125 273 1155 sacculum
303 1125 384 1154 tollat
409 1127 434 1154 et
456 1133 578 1162 peram,
600 1128 626 1153 et
644 1124 698 1163 qui
717 1133 776 1154 non
796 1123 880 1154 habet
905 1125 969 1163 pla-

118 1173 203 1202 dium
226 1173 332 1202 vendat
353 1172 487 1201 tunicam
507 1180 596 1200 suam
616 1175 642 1200 et
661 1175 738 1201 emat
763 1171 907 1209 pladiani.
932 1189 967 1193 —

65 1239 70 1244 -
97 1219 169 1248 -Vel
195 1221 286 1256 potest
310 1218 381 1253 dici,
406 1218 482 1256 quod
503 1218 638 1247 Dominus
660 1218 712 1246 hoc
734 1226 789 1246 non
810 1218 968 1255 praecepit,

119 1266 185 1304 quia
205 1266 288 1295 vellet
308 1273 339 1295 se
357 1265 526 1300 defendere;
547 1265 596 1294 sed
617 1267 648 1293 ut
661 1265 822 1295 ostenderet
842 1273 968 1302 compre-

118 1312 286 1342 hensoribus
314 1312 490 1349 patientiam,
518 1311 601 1349 quia,
631 1319 698 1340 cum
729 1311 846 1340 haberet
872 1319 968 1346 arma,

118 1359 208 1388 noluit
227 1359 268 1388 eis
288 1359 360 1388 uti⁶.

197 1406 243 1435 2lt.
265 1406 377 1443 Quaest.
399 1406 441 1434 IV.
464 1406 548 1440 item,
576 1413 641 1434 cum
670 1405 776 1434 dictum
804 1408 878 1434 esset
899 1406 968 1442 Apo-

118 1453 196 1483 stolis
218 1453 350 1492 Matthaei
378 1452 518 1490 quinto⁷=
549 1453 582 1482 Si
604 1453 672 1491 quis
693 1456 718 1481 te
735 1453 917 1490 percusserit
936 1453 968 1481 in

117 1509 212 1529 unam
241 1500 397 1529 maxiltam
417 1504 519 1534 tuam,
537 1499 646 1537 praebe
665 1499 694 1528 ei
710 1504 739 1528 *et
758 1499 906 1534 alteram,·
927 1500 968 1528 vi-

116 1547 217 1582 detur,
238 1547 314 1584 quod
338 1547 411 1576 male
431 1547 528 1576 fecerit
549 1547 647 1576 Petrus
668 1547 696 1575 in
717 1547 786 1582 hoc,
808 1547 883 1584 quod
905 1555 968 1584 per-

118 1594 212 1624 cussit.

196 1641 351 1679 Respondet
370 1640 626 1678 Chrysostomus⁸:
651 1652 667 1666 «c
681 1641 729 1670 Hic
749 1649 804 1670 11011
826 1649 855 1670 50
875 1642 967 1678 ipsum

117 1689 320 1723 ulciscebatur,
343 1688 391 1718 sed
412 1688 582 1726 Magistrum.
605 1688 718 1722 Deinde,
742 1696 831 1725 neque
852 1688 967 1725 perfecti

117 1735 238 1772 quodam
249 1735 331 1764 modo
341 1738 369 1764 et
379 1735 564 1765 consummati
573 1739 654 1764 erant
666 1747 694 1769 »,
706 1735 779 1763 sicut
790 1735 967 1771 postmodum

117 1782 233 1812 fuerunt
253 1785 316 1820 post
336 1783 486 1811 adventum
508 1782 629 1819 Spiritus
650 1782 756 1816 sancti;
779 1785 807 1811 et
828 1785 895 1811 tunc
917 1782 968 1810 im-

1817 159 1871 189 481

1028 234 1176 271 pleverunt
1197 235 1392 272 perfectionem
1413 236 1465 266 sibi
1491 245 1543 273 pro
1571 239 1695 274 tempore
1722 237 1769 266 illo
1796 244 1876 274 prae-

1028 284 1145 318 ceptam.

1107 329 1152 357 25.
1175 329 1285 365 Quaest.
1301 329 1332 357 V.
1348 329 1414 359 Item
1428 330 1591 367 quaeritur,
1612 334 1710 360 utrum
1730 338 1875 360 successor

1028 375 1099 403 Petri
1121 375 1207 412 possit
1227 375 1350 412 gladium
1378 376 1547 405 materialem
1576 376 1695 406 educere
1724 380 1750 406 et
1775 385 1875 414 percu-

1027 424 1095 450 tere.
1118 438 1155 444 -
1177 422 1208 450 Et
1229 422 1303 459 quod
1325 422 1379 457 sic,
1402 422 1511 452 videtur
1532 424 1661 461 exemplo
1682 424 1763 453 Petri.

1105 468 1142 497 Ad
1164 469 1217 498 hoc
1238 469 1385 506 respondet
1406 469 1564 499 Bernardus
1577 470 1611 499 ad
1627 471 1779 508 Eugenium
1792 471 1819 506 ⁹,
1834 472 1873 500 lo-
1890 476 1947 501 Resp-

1026 522 1115 551 quens
1135 515 1169 544 de
1191 516 1325 545 materiali
1346 516 1455 553 gladio:
1482 528 1496 542 «
1510 517 1587 546 Tuus
1606 520 1649 546 est
1672 518 1796 554 gladius,
1825 521 1874 548 tuo

1026 561 1140 590 forsitan
1162 565 1250 597 nutu,
1270 563 1322 591 etsi
1336 571 1390 591 non
1405 571 1506 598 manu,
1520 564 1716 601 evaginandus.
1732 565 1874 602 Alioquin,

1026 608 1048 637 si
1070 608 1148 637 nullo
1168 609 1250 638 modo
1271 609 1305 638 ad
1326 612 1353 639 te
1374 610 1541 647 pertineret,
1555 611 1711 640 dicentibus
1724 612 1873 648 Apostolis:

1028 655 1110 689 Ecce,
1141 656 1199 684 duo
1225 656 1321 693 yladiz'
1346 655 1410 691 liic,
1431 665 1486 685 non
1507 657 1693 694 respondisset
1721 658 1873 688 Dominus:

1028 702 1123 737 Satis,
1145 703 1209 732 sed:
1230 703 1313 732 nimis
1334 706 1383 733 est.
1412 704 1534 741 Uterque
1561 712 1627 741 ergo
1655 708 1697 734 est
1723 705 1873 740 Ecclesiae,

1026 749 1074 779 sed
1089 750 1239 780 materialis
1253 751 1426 780 exserendus
1440 759 1492 788 pro
1508 751 1638 786 Ecclesia,
1660 752 1812 788 spiritualis
1825 761 1874 781 au-

1027 800 1083 826 tem
1103 797 1139 826 ab
1160 798 1280 827 Ecclesia
1300 798 1473 827 exserendus
1489 809 1515 826 n.

1216 899 1329 931 Secundo,
1347 900 1373 923 de
1391 899 1479 924 Christi
1496 899 1690 923 condemnatione.

1106 986 1152 1015 26.
1177 987 1211 1014 Et
1230 987 1424 1025 adduxerunt
1442 995 1509 1015 eum
1529 987 1570 1016 ad
1592 988 1712 1016 Annam
1730 987 1873 1024 primum.

1026 1032 1074 1061 Hic
1094 1032 1190 1069 incipit
1211 1033 1332 1061 secunda
1352 1041 1417 1070 pars
1441 1033 1617 1070 principalis,
1639 1034 1666 1063 in
1688 1042 1744 1071 qua
1764 1034 1820 1071 agit
1841 1034 1875 1063 de

1028 1078 1140 1108 Christi
1162 1080 1505 1114 condemnationem&
1524 1081 1590 1118 quia
1616 1081 1870 1111 condemnationem

1026 1126 1087 1155 eius
1108 1126 1259 1163 praecessit
1279 1127 1427 1163 multiplex
1448 1127 1632 1162 examinatio,
1652 1127 1786 1157 dividitur
1806 1129 1875 1157 haec
1892 1130 1927 1149 Dw
1916 1130 1963 1149 visio
1976 1136 1994 1149 ¹¹¹
2008 1130 2020 1149 ³

1026 1181 1091 1210 pars
1111 1173 1138 1201 in
1160 1176 1225 1202 tres.
1248 1173 1277 1201 In
1298 1173 1388 1210 prima
1415 1174 1471 1211 agit
1491 1173 1525 1203 de
1546 1174 1763 1202 examinatione
1791 1173 1874 1211 facta
1918 1159 1953 1178 Par
1932 1155 1991 1172 ar'm

1027 1218 1063 1248 ab
1086 1221 1175 1248 Anna
1185 1230 1195 1253 ;
1216 1219 1354 1254 secundo,
1369 1228 1388 1248 a
1405 1219 1534 1257 Caipha,
1554 1220 1591 1249 ibi
1605 1221 1646 1248 ¹¹:
1665 1221 1699 1249 Et
1711 1220 1794 1249 misit
1807 1230 1873 1249 eum

1027 1267 1132 1295 Annas
1152 1267 1298 1304 li9atum,·
1319 1268 1417 1301 tertio,
1430 1267 1486 1296 sub
1504 1267 1612 1301 Pilato,
1634 1268 1690 1296 ibi:
1714 1268 1875 1297 Adducunt

1025 1322 1094 1351 eryo
1115 1314 1211 1342 lesum
1231 1314 1273 1342 ad
1296 1313 1449 1351 Caipkam.

1107 1361 1134 1389 111
1155 1361 1245 1398 prima
1265 1361 1319 1389 tria
1340 1364 1492 1390 notantur:
1514 1360 1642 1398 defectus
1662 1361 1783 1396 iudicii,
1799 1361 1874 1399 defe—
1886 1363 2021 1406 ῡθῐβόῃῖῗφὲζ

1027 1410 1090 1436 ctus
1118 1407 1290 1441 testimonii,
1316 1407 1408 1435 illatio
1430 1407 1573 1440 convicii;
1594 1415 1666 1444 quae
1687 1410 1820 1437 notantur
1846 1408 1874 1437 in

1026 1454 1094 1488 hoc,
1115 1454 1191 1491 quod
1211 1454 1339 1483 Christus
1360 1454 1451 1491 primo
1471 1454 1567 1483 iudici
1586 1454 1686 1492 iniquo
1705 1458 1875 1491 praesentor

1025 1503 1096 1534 tur;
1116 1500 1255 1534 secundo,
1269 1509 1290 1529 a
1304 1501 1392 1529 Petro
1412 1504 1555 1537 necatur,
1577 1501 1669 1529 ibi12:
1693 1501 1873 1539 Sequebatur

1026 1551 1124 1576 autem
1152 1548 1270 1581 Iesum
1298 1548 1396 1582 tertio,
1424 1547 1633 1582 examinatur,
1658 1548 1715 1576 ibi:
1737 1547 1875 1585 Pontifex

1026 1603 1094 1632 eryo
1115 1594 1311 1632 interrogavit
1330 1595 1435 1623 Iesum.

1104 1643 1150 1670 27.
1172 1642 1262 1676 (Vers.
1287 1641 1353 1677 13.).
1375 1642 1516 1678 Quantum
1537 1650 1603 1679 ergo
1617 1642 1651 1670 ad
1663 1643 1874 1679 praesentatz'o-
1887 1644 2020 1686 ffllffliissn*

1024 1697 1090 1716 nem
1110 1688 1231 1717 dicitur:
1258 1688 1291 1716 Et
1310 1687 1503 1716 adduaeerunt
1522 1697 1605 1722 eum,
1634 1688 1739 1717 scilicet
1766 1689 1872 1723 lesum,
1891 1691 1917 1709 De
1930 1692 1999 1715 primo-

1026 1735 1067 1763 ad
1088 1736 1207 1763 Annam
1226 1735 1376 1772 primum,
1398 1735 1464 1772 quia
1486 1735 1577 1763 senior
1597 1738 1626 1764 et
1646 1736 1787 1773 antiquior
1801 1736 1870 1765 etin

1025 1782 1129 1810 malitia
1140 1782 1332 1816 inveteratior;
1345 1782 1465 1810 Danielis
1475 1782 1581 1811 decimo
1593 1782 1675 1811 tertio
1684 1782 1721 1811 ¹³:
1735 1794 1747 1807 «
1758 1783 1873 1820 Egressa

180 1967 188 1981 ¹
206 1970 229 1992 ln
245 1969 306 1992 10311.
324 1969 404 1992 homil.
420 1969 459 1991 83.
477 1969 541 1997 (alias
558 1969 605 1998 82.)
623 1975 645 1992 n.
659 1969 666 1991 i
679 1986 685 1996 ‚
703 1968 742 1992 ubi
760 1972 834 1992 textus
851 1970 969 1998 originalis

115 2008 201 2031 omittit
208 2007 356 2032 detinendo...
363 2007 441 2031 verbo.
448 2008 492 2031 Pro
501 2014 539 2032 eos
545 2014 658 2031 revocare
666 2005 758 2037 (αὖτοὺς
768 2004 968 2039 ἄνακρούσασθαι),

116 2046 182 2076 quod
197 2046 290 2069 exhibet
307 2047 339 2069 Ia
356 2046 458 2069 secunda
475 2053 545 2070 1113113
562 2046 595 2075 (et
612 2047 675 2069 card.
692 2047 752 2075 Hug.
773 2049 795 2070 et
812 2048 835 2070 S.
853 2048 967 2076 Thomas,

116 2085 140 2108 in
156 2084 240 2108 Catena
256 2091 340 2114 aurea,
358 2085 380 2107 in
396 2086 459 2108 hunc
474 2085 562 2115 locum)
581 2088 603 2108 et
619 2086 683 2114 quod
699 2086 736 2108 alii
754 2086 824 2109 codd.
844 2087 967 2114 omittunt,

117 2124 153 2147 ed.
171 2130 225 2147 cum
242 2125 345 2147 Gorrano
361 2124 394 2148 acl
409 2123 592 2148 absterrendum
607 2130 654 2148 eos.

179 2162 188 2176 ²
204 2164 258 2187 Loc.
275 2164 313 2187 cit.

180 2201 190 2215 ³
207 2203 283 2226 Manli.
302 2203 344 2231 lo,
363 2203 399 2225 10.

178 2240 189 2254 ⁴
205 2241 251 2265 (111,
269 2248 339 2270 supra
356 2248 411 2271 pag.
429 2242 487 2269 275,
504 2244 557 2265 11013
575 2242 613 2264 ll.

178 2279 188 2293 ⁵
205 2281 270 2304 Vers.
288 2281 326 2304 36.
343 2293 374 2298 —
388 2281 470 2304 Glossa
487 2280 614 2304 ordinaria
630 2287 657 2304 ex
676 2281 735 2304 Beda
753 2281 776 2303 in
793 2282 856 2304 Luc..
866 2282 910 2309 22,
923 2282 965 2305 35:

115 2319 164 2342 Non
180 2320 262 2342 eadem
279 2321 358 2352 regule
376 2320 472 2343 vivendi
489 2320 655 2348 persecutionis
672 2323 788 2349 tempore,
800 2327 846 2350 qua
859 2321 923 2349 pacis
934 2321 967 2344 di-

116 2359 217 2387 scipulos
235 2359 349 2382 informat.
366 2359 439 2382 Missis
455 2359 571 2388 siquidem
589 2359 708 2388 discipulis
723 2360 754 2382 ad
768 2360 965 2388 praedicandum,

115 2404 144 2421 ‘rw
160 2397 219 2428 ‚quid
234 2398 343 2422 tollerent
358 2398 384 2421 in
396 2399 442 2427 via,
451 2398 574 2428 praecepit
590 2398 671 2428 [Mare.
689 2399 716 2426 6,
731 2399 780 2429 83,
798 2400 908 2422 ordinans
925 2400 965 2423 sci-

115 2437 179 2464 licet,
197 2440 222 2460 ut
243 2438 284 2466 qui
301 2437 458 2467 Evanpelium
480 2437 577 2461 nuntiat
598 2437 625 2461 de
642 2437 771 2468 Evangelio
789 2438 852 2462 vivat
866 2438 895 2468 [Ι.
912 2438 966 2462 Cor.

116 2475 143 2504 9,
161 2475 218 2505 Μ.].
236 2476 334 2499 Instante
351 2482 408 2499 vero
425 2477 506 2500 mortis
522 2477 631 2504 articulo,
648 2479 670 2499 et
687 2480 733 2500 tota
751 2477 786 2500 illa
803 2480 872 2505 gente
888 2480 966 2506 pesto-

114 2520 164 2537 rem
181 2515 250 2538 simul
266 2517 288 2538 et
304 2521 402 2543 gregem
419 2518 586 2545 persequente,
603 2522 731 2544 congruam
749 2516 847 2544 tempori
859 2517 965 2544 reguiam

116 2553 232 2581 decernit,
249 2554 385 2582 permittens
401 2555 529 2577 necessaria
547 2555 630 2583 victui,
648 2555 735 2582 donec,
746 2555 819 2583 sopita
832 2558 966 2583 persecuto-

115 2599 168 2615 rum
184 2593 394 2622 insania„tempus
411 2594 583 2622 evangelizandi
600 2594 688 2617 redeat.

178 2630 189 2644 ⁸
206 2632 285 2655 Glossa
303 2631 430 2655 ordinaria
446 2638 474 2655 ex
490 2632 552 2655 Beda
569 2633 592 2655 in
609 2633 663 2655 Luc.
682 2634 724 2661 22,
742 2633 784 2655 36:
799 2634 907 2656 Gladium
928 2634 964 2656 vel

117 2670 221 2694 habitum
239 2677 339 2699 sumere,
351 2672 388 2695 vel
400 2678 447 2695 non
464 2672 568 2695 habitum
587 2672 651 2695 iubet
668 2679 756 2701 emere,
769 2676 794 2696 ut
804 2674 877 2696 sciant
887 2675 965 2702 legen-

116 2712 157 2738 tes,
168 2717 215 2734 non
228 2712 358 2734 facultatem
376 2711 497 2734 resistendi
513 2711 594 2734 deesse
610 2712 742 2740 discipulis,
754 2713 795 2735 sed
807 2719 911 2735 amorem
922 2713 965 2735 Ma-

115 2749 188 2777 gistro
204 2750 282 2778 potius
299 2750 375 2773 Inesse
391 2747 553 2778 patiendi'etc.
572 2750 618 2774 Ct'r.
634 2757 704 2779 supra
723 2757 777 2779 pag.
796 2751 853 2780 480,
869 2755 925 2774 nota
942 2753 964 2774 8.

116 2787 187 2810 verba
200 2789 294 2811 Glossae
306 2788 476 2812 interlinearis.
493 2789 614 2818 Amin-os,
631 2790 662 2812 X.
678 2790 701 2812 in
718 2791 773 2813 Luc.
786 2791 823 2817 22,
838 2790 875 2813 37.
886 2797 908 2813 11.
921 2790 963 2813 54:

117 2827 160 2855 Qui
170 2826 299 2857 [Christus],
309 2834 362 2850 cum
372 2834 397 2851 se
408 2831 487 2856 posset
498 2828 589 2856 ulcisci,
602 2829 683 2851 maluit
691 2829 811 2852 immolari
826 2830 884 2852 Vide
896 2829 966 2857 Chry-

116 2868 182 2893 sost„
194 2866 217 2888 in
229 2866 290 2889 10311.
302 2867 379 2889 homil.
392 2867 430 2889 83.
443 2866 508 2895 (31135
520 2866 566 2896 82.)
579 2874 604 2890 11.
614 2868 641 2890 2:
659 2876 669 2887 α
678 2868 704 2890 Et
715 2868 846 2896 quomodo,
862 2869 964 2897 inquies,

116 2904 156 2933 qui
165 2904 241 2928 iussus
248 2907 298 2928 erat
306 2912 350 2928 non
360 2912 439 2934 peram
450 2905 543 2933 habere,
552 2912 598 2929 non
608 2907 667 2929 duas
676 2907 765 2930 tunicas
775 2907 964 2937 [Μ31111.10,10],

117 2943 220 2971 gladium
237 2944 334 2968 habuit?
350 2945 379 2967 Ut
395 2945 488 2968 videtur
504 2945 574 2972 mihi,
599 2947 643 2968 hoc
667 2948 771 2969 metuens
793 2953 818 2969 se
841 2947 885 2968 iam
909 2947 963 2969 olim

210 2990 236 3014 S.
253 2991 344 3014 Bonav.
354 3003 385 3008 —
398 2992 465 3014 Tom.
483 2992 520 3014 Vl.

1025 1969 1230 1998 praemunierat».
1255 1968 1387 1992 Secundum
1409 1968 1486 1996 Cyrill.
1509 1968 1642 1996 Alexandr„
1659 1969 1681 1990 in
1704 1970 1766 1991 hunc
1783 1969 1873 1996 locum,

1023 2009 1117 2035 Petrus,
1134 2008 1189 2037 quia
1206 2008 1257 2036 lege
1273 2014 1320 2030 non
1337 2007 1511 2036 prohibebatur,
1528 2008 1630 2035 gladium
1649 2007 1729 2030 habuit
1745 2008 1774 2030 ad
1796 2008 1882 2030 desen--

1024 2048 1113 2070 sionem
1133 2047 1227 2076 (Christi
1242 2049 1265 2069 et
1280 2047 1458 2075 discipulorum)
1476 2050 1554 2069 contra
1572 2047 1685 2069 irruentes
1702 2048 1779 2069 hostes
1801 2050 1823 2069 et

1021 2092 1068 2109 ras.
1082 2086 1215 2109 Secundum
1229 2086 1407 2114 Theophylact.,
1420 2086 1443 2107 in
1455 2087 1516 2108 hunc
1527 2086 1617 2112 locum,
1630 2086 1708 2108 Petrus
1720 2085 1822 2113 gladium
1835 2087 1872 2108 ha<

1023 2125 1074 2148 buit
1085 2126 1123 2148 vel
1134 2132 1160 2148 ex
1171 2131 1212 2154 eo,
1233 2125 1319 2154 «quod
1335 2125 1463 2152 portaverit
1479 2125 1543 2147 illum
1560 2125 1583 2146 in
1601 2131 1669 2147 usum
1687 2125 1741 2153 agni
1758 2124 1872 2152 paschalis

1023 2165 1092 2187 etiam
1110 2167 1162 2193 post
1183 2170 1295 2191 coenam,
1312 2164 1348 2186 vel
1370 2164 1447 2192 quod,
1470 2164 1552 2186 timens
1575 2163 1682 2191 insidias,
1705 2163 1758 2185 olim
1781 2163 1803 2185 111
1827 2164 1871 2186 1100

1023 2204 1197 2232 praeparaverit
1206 2212 1230 2226 2».

1086 2242 1094 2255 '¹
1114 2244 1179 2266 Vers.
1197 2243 1235 2265 39.

1086 2281 1095 2294 Β
1112 2284 1135 2305 111
1152 2283 1213 2305 ioan.
1230 2282 1309 2304 homil.
1326 2281 1364 2304 83.
1381 2280 1447 2309 (31135
1464 2281 1510 2309 82.)
1529 2287 1551 2303 n.
1569 2281 1598 2303 2:
1616 2280 1657 2302 Hic
1680 2282 1742 2302 certe
1760 2286 1806 2302 non
1831 2286 1870 2307 se,

1023 2322 1064 2345 sed
1081 2322 1215 2350 Magistrum
1233 2322 1294 2344 ultus
1304 2323 1347 2343 est.
1359 2320 1393 2343 Ad
1411 2321 1480 2347 haec,
1492 2320 1595 2342 nondum
1613 2319 1709 2347 perfecti
1725 2322 1748 2342 et
1764 2325 1870 2342 consum-

1023 2362 1077 2384 mati
1095 2363 1167 2384 erant.
1185 2361 1220 2383 Tu
1238 2366 1305 2388 vero,
1318 2360 1335 2382 si
1353 2360 1389 2382 vis
1405 2360 1497 2381 Petrum
1515 2359 1716 2387 philosophantem
1734 2358 1826 2386 videre,
1838 2358 1871 2380 vi-

1023 2400 1090 2423 debis
1107 2402 1187 2428 postea
1204 2405 1298 2422 caesum
1314 2401 1337 2421 et
1355 2398 1415 2420 1111110
1431 2399 1537 2420 affectum
1563 2397 1629 2420 maiis
1649 2403 1692 2420 nec
1709 2399 1870 2424 exasperatum

1023 2439 1082 2469 [Act.
1100 2440 1127 2466 3,
1145 2439 1167 2461 3.
1183 2444 1261 2467 seqq.;
1280 2438 1306 2465 4,
1327 2438 1362 2459 18.
1380 2437 1466 2467 seqq.].

1085 2476 1094 2489 ⁹
1112 2477 1174 2500 Libr,
1199 2477 1235 2499 lV.
1260 2477 1289 2499 de
1314 2475 1456 2499 Considerat.
1481 2482 1500 2498 c.
1526 2476 1547 2497 3.
1571 2481 1594 2497 n.
1615 2474 1638 2496 7.
1659 2474 1708 2503 (csr.
1726 2474 1796 2503 Epist.
1814 2474 1867 2497 256.

1022 2525 1044 2540 n.
1058 2517 1097 2546 1.).
1108 2517 1224 2545 Allegatur
1242 2516 1265 2538 in
1282 2517 1324 2538 1130
1342 2515 1451 2538 sententia
1468 2516 1522 2537 Luc.
1541 2515 1583 2543 22,
1595 2514 1640 2536 38:
1654 2514 1724 2541 Ecce,
1735 2513 1783 2537 duo
1795 2513 1871 2543 gladii

1022 2557 1066 2580 hic.
1083 2557 1115 2580 At
1130 2556 1170 2579 ille
1191 2555 1255 2578 dizit
1275 2555 1321 2578 eis:
1339 2554 1403 2578 Satis
1419 2556 1461 2577 est.
1479 2555 1564 2576 Textus
1589 2553 1718 2581 originalis,
1738 2559 1811 2582 quem
1836 2559 1869 2575 50-

1020 2596 1101 2625 quitur
1116 2596 1162 2624 ed„
1179 2595 1283 2618 ultimam
1300 2594 1483 2622 propositionem
1507 2593 1539 2615 sic
1564 2592 1670 2615 exhibet:
1688 2592 1790 2621 Uterque
1811 2598 1868 2621 erqo

1022 2634 1153 2661 Ecclesiae,
1171 2635 1192 2657 el
1208 2633 1342 2663 spiritualis
1358 2632 1447 2656 scilicet
1463 2631 1557 2661 §ladius
1574 2633 1597 2654 et
1618 2630 1750 2654 materialis
1760 2639 1770 2659 ,·
1790 2630 1833 2654 sed
1848 2630 1868 2653 is

1022 2674 1116 2705 quidem
1138 2680 1185 2703 pro
1210 2672 1328 2700 Ecclesia,
1352 2672 1391 2695 ille
1413 2678 1468 2694 vero
1492 2672 1514 2694 et
1538 2670 1568 2693 ab
1593 2670 1699 2694 Ecclesia
1721 2669 1868 2693 emer-endas

1022 2712 1103 2743 [codd.
1120 2712 1193 2735 nostri
1209 2710 1375 2740 exercendus]
1394 2710 1439 2733 Cir.
1457 2713 1513 2732 tom.
1531 2710 1558 2731 V.
1576 2716 1629 2737 pag.
1649 2709 1706 2738 ⁴96,
1721 2712 1776 2732 nota
1795 2709 1831 2731 10.

1085 2751 1105 2764 ¹⁰
1124 2752 1182 2774 Vide
1198 2757 1268 2779 supra
1286 2757 1308 2772 n.
1326 2751 1347 2772 4.

1085 2790 1103 2803 ¹¹
1122 2791 1187 2813 Vors.
1205 2790 1247 2821 243
1265 2797 1287 2812 v.
1305 2790 1343 2812 28.
1358 2789 1439 2817 incipit
1455 2789 1519 2811 tertia
1537 2794 1607 2817 pars:
1625 2787 1754 2812 Adducunt
1763 2794 1820 2817 erqo
1835 2789 1866 2810 le-

1021 2835 1076 2852 sum
1092 2835 1108 2852 a
1126 2828 1230 2858 Caipha-
1247 2829 1287 2850 csr.
1305 2828 1362 2850 infra
1379 2834 1402 2849 n.
1418 2828 1455 2850 52.
1473 2830 1495 2850 et
1512 2827 1549 2850 57.

1084 2867 1103 2880 ¹²
1122 2868 1186 2890 Vers.
1205 2868 1247 2895 ¹l5;
1264 2874 1312 2895 seq.
1329 2873 1383 2894 pars
1400 2867 1479 2894 Incipit
1495 2873 1518 2888 v.
1536 2866 1573 2888 19.

1084 2906 1103 2919 ¹³
1122 2908 1187 2929 Vers.
1204 2907 1226 2928 5.
1243 2906 1289 2929 Csr.
1307 2906 1363 2928 infra
1380 2912 1402 2928 n.
1420 2906 1458 2928 38.
1474 2918 1505 2923 --
1523 2905 1626 2928 Subinde
1642 2911 1685 2933 pro
1702 2905 1763 2928 Erat
1786 2906 1867 2928 auum

1023 2946 1121 2973 Vulgata
1138 2945 1199 2968 Erat
1215 2945 1286 2968 em'm.

1740 2991 1764 3012 fil
