2296 3316
10 0 12 21 1

11 37 12 103 l

4 104 16 152 l

11 178 12 194 l

11 199 12 218 l

11 271 12 282 Ἰ
201 240 280 278 Quod
300 239 409 274 obiicit,
429 239 503 276 quod
535 238 655 267 derideri
676 237 740 266 fecit
760 237 804 266 vel
825 237 965 274 permisit;

7 294 12 312 ε
36 294 105 314 ament.
122 287 199 322 dico,
220 286 295 325 quod
315 286 354 315 sic
382 285 523 323 permisit,
545 284 665 313 derideri
694 292 803 321 regem,
825 284 897 313 sicut
918 283 967 312 ssa-

9 295 25 381 ἸΔ
121 334 216 372 gellari
238 334 427 367 innocentem,
449 335 480 361 ut
500 332 614 361 Iudaeos
634 331 668 360 de
689 331 783 368 poenis
803 331 863 359 eius
878 332 905 359 et
918 338 968 367 op-

121 380 243 418 probriis
263 380 376 409 satiaret
396 381 424 408 et
443 378 477 407 ad
498 378 715 407 misericordiam
737 377 882 406 inclinaret
894 378 912 405 ¹.

200 428 247 456 42.
269 427 379 463 Quaest.
402 425 442 454 lll.
464 425 516 454 Sed
536 428 603 454 tunc
618 427 660 454 est
673 423 814 461 quaestio:
829 423 967 460 quomodo

121 474 175 503 fuit
194 481 281 502 ausus
301 480 365 502 eum
386 472 468 501 morti
490 471 622 500 tradere?

200 519 239 548 Ad
259 519 312 548 hoc
332 518 494 552 dicendum,
509 518 584 555 quod
605 517 657 546 fuit
678 517 776 545 timore
791 516 967 553 perterritus,

122 574 158 596 ue
177 568 358 595 accusaretur
379 565 452 602 apud
473 565 634 598 Caesarem,
655 567 682 593 et
702 571 799 593 errore
819 563 966 600 deceptus,

122 613 189 651 quia
209 613 339 651 putabat,
361 615 447 641 totam
467 611 578 648 culpam
592 618 652 640 esse
667 611 846 644 ludaeorum,
861 617 898 638 ex
911 617 968 646 quo

123 661 158 690 ad
188 660 313 698 ipsorum
346 659 505 696 petitionem
537 658 664 687 mittebat
694 658 722 686 in
745 665 809 686 eum
837 664 967 690 manum;

10 595 11 598 Ἴ
48 573 106 597 Hesp.

123 754 197 792 cepit
215 761 328 792 aquam
354 756 379 781 et
410 752 481 781 lavit
508 760 618 780 manus
647 760 721 780 suas
740 755 768 780 et
797 751 859 779 ait:
882 751 968 779 Inno-

123 809 189 830 cens
215 808 265 838 eqo
292 807 375 833 sum,·
399 802 427 828 et
454 798 544 828 ludaei
577 800 662 827 totam
689 798 798 835 culpam
829 805 913 835 super
939 805 968 826 se

123 847 308 884 accipiebant,
330 846 404 875 unde
424 846 574 875 dixerunt:
590 845 722 883 Sanquis
736 845 799 874 eius
812 853 902 882 saper
915 853 968 873 nos

3 688 13 759 Ἰ
123 707 197 737 unde
217 706 319 735 dicitur
340 706 468 735 Matthaei
489 705 622 742 vigesimo
653 704 769 742 septimo
781 704 802 738 2,
823 703 898 741 quod
919 712 968 732 ae-

12 766 13 785 l

11 822 13 845 l

11 880 13 896 l

11 918 13 938 l

11 948 12 963 l

4 1559 11 1576 t
15 1556 116 1575 imnfirma-

123 897 150 923 et
168 901 258 931 super
278 892 354 929 filios
374 896 498 921 nostros.
521 891 573 921 Sed
593 892 710 926 erravit,
726 892 792 929 quia
806 891 833 920 in
850 894 967 920 mortem

123 940 276 970 innocentis
297 940 445 969 consentiri
466 948 520 968 non
543 942 632 977 potest
653 939 711 968 sine
732 941 852 976 peccato.

202 987 248 1016 43.
270 987 381 1024 Quaest.
403 986 445 1015 IV.
468 986 520 1015 Sed
540 994 604 1015 cum
625 985 753 1014 Matthaei
776 985 909 1022 vigesimo
927 992 969 1013 se-

123 1035 210 1073 ptimo
221 1035 232 1052 ⁵
253 1034 377 1063 dicatur:
402 1033 571 1062 Divis-erunt
583 1033 752 1061 vestimenta
766 1031 842 1065 eius,
864 1034 969 1059 sortem

123 1082 279 1115 mittentes;
300 1081 426 1115 videtur,
447 1080 522 1117 quod
543 1087 597 1108 non
619 1079 708 1108 solum
731 1086 815 1115 super
837 1078 969 1111 tunicam,

124 1128 173 1157 sed
193 1135 278 1164 super
298 1127 391 1155 omnia
411 1126 575 1155 vestimenta
596 1125 733 1154 miserunt
753 1127 872 1158 sortem;
895 1124 970 1152 loan-

124 1181 173 1202 nes
193 1176 286 1202 autem
307 1172 373 1201 dicit
393 1172 482 1201 solum
503 1171 536 1200 de
558 1171 659 1199 tunica.
682 1187 720 1190 —
742 1170 809 1198 lllud
838 1170 909 1198 idem
930 1170 970 1198 di-

124 1221 198 1250 citur
225 1220 307 1248 Marci
328 1219 434 1248 decimo
455 1219 591 1256 quinto&
616 1218 785 1246 Diviserunt
804 1217 867 1245 eius
888 1217 970 1245 vesti-

123 1271 230 1302 menta,
246 1267 386 1295 mittentes
399 1270 506 1294 sortem
520 1273 609 1302 super
624 1265 674 1298 eis,
689 1264 755 1302 quis
769 1264 840 1302 quid
855 1263 969 1292 tolleret.

205 1315 244 1344 Ad
264 1315 316 1343 hoc
343 1313 491 1350 respondet
522 1312 715 1349 Augustinus⁵
737 1314 764 1340 et
794 1311 875 1345 dicit,
897 1311 971 1348 quod

130 1361 226 1391 «illud
247 1360 374 1390 Matthaei
396 1359 560 1396 intelligitur
590 1358 623 1387 de
651 1361 709 1386 tota
735 1357 868 1386 divisione
889 1358 971 1386 vesti-

125 1411 300 1442 mentorum,
321 1415 405 1445 quam
427 1406 539 1443 quidem
560 1405 691 1434 facientes
713 1407 851 1433 venerunt
871 1404 905 1432 ad
928 1406 972 1432 tu-

125 1455 228 1489 nicam,
249 1454 283 1483 de
304 1462 360 1491 qua
380 1455 483 1482 sortem
504 1452 683 1481 miserunt».

204 1502 242 1531 Ad
262 1501 330 1530 illud
352 1501 434 1529 Marci
456 1499 619 1533 dicendum,
641 1498 717 1536 quod
743 1498 767 1527 is
794 1501 836 1527 est
857 1506 970 1527 sensus:

130 1561 145 1575 «
157 1549 312 1578 diviserunt
334 1548 496 1577 vestimenta
516 1546 651 1584 primum,
673 1545 737 1575 dein
758 1546 898 1574 mittentes
913 1554 972 1574 sor-

125 1599 181 1626 tem
203 1603 287 1633 super
313 1595 450 1629 tunicam,
471 1601 543 1631 quae
570 1595 741 1622 remanserat
762 1593 806 1622 vel
827 1593 973 1630 superfue-

125 1646 181 1677 rat,
203 1642 266 1680 quis
286 1641 394 1670 tolleret
415 1640 498 1670 eam⁶
513 1652 539 1668 n.

203 1689 250 1718 44.
272 1689 382 1726 Quaest.
407 1687 438 1716 V.
461 1687 527 1716 Item
549 1686 709 1724 quaeritur,
730 1694 818 1723 quare
839 1686 974 1714 Dominus

126 1737 165 1766 sic
185 1737 300 1765 Matrem
314 1734 563 1769 recommendavit,
585 1741 649 1762 cum
664 1741 749 1770 supra
771 1733 892 1761 secundo
904 1733 914 1750 ⁷
936 1733 974 1761 ita

125 1783 196 1812 dure
217 1782 405 1820 responderit:
428 1781 506 1817 Quid
525 1780 600 1810 milti
620 1783 645 1808 et
666 1780 718 1808 tibi
738 1783 794 1812 est,
816 1779 946 1808 mulier?

50 1369 108 1393 Resp.

12 1579 88 1599 nionsm.

732 159 902 188 COMMENT.
925 159 957 187 ΙΝ
977 158 1123 187 ῙΟΑΝΝΕΜ
1144 158 1171 186 C.
1195 158 1259 186 XIX.

1811 156 1868 184 499

1103 235 1256 273 Respondet
1282 235 1454 273 Augustinus
1467 234 1489 269 ⁸,
1516 237 1543 263 et
1564 234 1683 263 habetur
1711 234 1738 262 in
1759 233 1869 262 Glossa:
1887 239 1943 263 nesi>-

1029 295 1042 309 «
1056 283 1126 320 Quia
1147 285 1226 317 tunc,
1248 282 1341 311 divina
1361 281 1500 315 facturus,
1522 281 1600 318 quasi
1626 281 1746 318 ignotam
1767 279 1869 316 repulit

1023 330 1153 363 Matrem;
1175 329 1229 357 iam
1250 328 1384 362 ostendit,
1406 328 1513 356 venisse
1544 328 1656 362 horam,
1689 334 1772 364 quam
1805 329 1871 355 tunc

1023 376 1175 414 praedixit,
1197 376 1225 404 in
1246 383 1302 413 qua
1321 375 1477 404 moriturus
1498 375 1635 411 agnoscit,
1657 374 1691 403 de
1705 382 1760 411 qua
1780 373 1871 402 fuerat

1023 423 1177 451 mortaliter
1199 425 1297 455 uatus,
1322 424 1349 450 et
1377 421 1499 450 humana
1526 421 1632 458 patiens
1659 421 1759 449 affectu
1783 420 1871 457 ipsam

1024 469 1197 498 commendat
1218 469 1340 497 humano
1367 471 1394 497 et
1415 468 1543 505 exemplo
1570 468 1698 502 instruit,
1720 470 1752 496 ut
1779 476 1795 495 a
1819 467 1871 504 piis

1024 516 1087 544 filiis
1108 516 1284 552 impendatur
1305 523 1374 544 cura
1394 515 1596 552 parentibus».
1613 531 1649 535 -
1665 515 1741 543 Ratio
1761 516 1870 547 autem,
1892 519 1947 561 “³²3⁰
1959 525 1999 546 ,eort—

1024 570 1111 600 quare
1132 570 1191 591 eam
1207 562 1380 591 commendat
1396 561 1503 595 loanni,
1524 569 1560 589 ex
1576 564 1654 598 parte
1676 561 1794 589 Domini
1811 563 1870 589 tan-
1884 548 1926 561 ΜΠ
1941 545 2008 561 ²²¹⁰⁰¹⁵

1024 610 1099 647 gitur
1128 609 1154 637 in
1186 609 1278 638 littera
1289 609 1309 643 ⁹,
1332 608 1397 645 quia
1418 608 1509 645 ipsum
1541 608 1697 645 specialiter
1726 607 1870 644 diligebat;

1025 656 1072 685 sed
1093 664 1129 685 ex
1150 659 1229 692 parte
1260 664 1318 683 sna
1338 658 1462 689 tacetur3
1484 658 1511 683 et
1542 654 1637 683 dicunt
1668 655 1774 689 Sancti,
1796 654 1870 691 quod

1024 704 1089 738 fuit,
1116 715 1130 728 α
1144 706 1176 732 ut
1191 703 1330 740 Virginem
1354 703 1433 740 virgo
1454 702 1646 731 custodiret».

1102 751 1148 779 45.
1167 751 1271 779 Postea
1281 751 1374 779 sciens
1389 751 1471 778 Iesus
1485 753 1535 778 etc.
1552 750 1642 786 Supra
1653 750 1676 766 ¹⁰
1691 749 1746 786 egit
1760 749 1793 778 de
1808 757 1870 786 pas·
1883 753 1909 772 De
1922 753 1940 771 Ξ.
1955 755 2014 780 parte,

1025 798 1113 832 sione,
1136 798 1180 827 hic
1195 798 1250 835 agit
1264 798 1298 826 de
1316 797 1466 834 passionis
1481 796 1743 830 consummatione,
1765 798 1792 824 et
1807 781 1916 824 suntffivse
1930 781 2017 818 οέιῗῖιῗῖιῖἶ

1024 845 1070 874 hic
1093 848 1148 874 tres
1179 849 1280 882 partes.
1313 844 1405 873 Primo
1436 844 1538 872 dicitur
1569 843 1629 872 eius
1660 825 2015 871 consummatiomauffle'ma'

1025 895 1161 929 quantum
1176 892 1209 920 ad
1225 891 1399 928 Scripturae
1414 890 1623 924 testimonium
1638 889 1773 924 secundo,
1785 898 1873 927 quan-

1025 942 1085 968 tum
1107 939 1141 968 ad
1161 938 1292 976 factum,
1314 938 1351 968 ibi
1364 940 1402 967 l¹:
1426 939 1462 967 Et
1482 937 1621 967 inclinato
1643 937 1753 975 capite;
1774 937 1872 971 tertio,

1025 989 1161 1023 quantum
1187 986 1221 1014 ad
1252 985 1395 1023 effectam,
1417 985 1470 1014 ibi:
1493 985 1598 1013 ludaei
1623 993 1705 1022 erqo,
1733 984 1873 1022 quoniam

1025 1041 1183 1070 parasceve
1203 1036 1275 1061 erat.

1105 1079 1311 1108 Consummatio
1337 1080 1421 1116 igitur
1449 1079 1583 1116 passionis
1611 1078 1712 1107 Christi
1737 1080 2009 1123 quantumnggnfflffi

1026 1126 1058 1154 ad
1083 1126 1253 1162 Scripturae
1275 1126 1469 1154 testimonium
1491 1125 1643 1154 attenditur
1661 1125 1688 1153 in
1711 1125 1776 1159 hoc,
1798 1125 1872 1162 quod

1027 1172 1101 1201 circa
1116 1172 1206 1208 ipsum
1227 1172 1318 1200 omnia
1334 1172 1446 1206 fierent,
1468 1180 1539 1208 quae
1554 1179 1603 1208 per
1626 1171 1775 1208 Prophetas
1793 1178 1872 1207 prae-

1027 1219 1099 1248 dicta
1121 1222 1207 1247 erant.
1226 1219 1257 1247 Et
1272 1219 1429 1247 insinuatur
1450 1219 1509 1255 ipsa
1522 1219 1543 1235 ¹2
1565 1219 1616 1247 hoc
1637 1218 1748 1251 ordine,
1770 1217 1873 1246 scilicet

1027 1266 1255 1295 consummandi
1268 1266 1399 1299 intentio,
1416 1266 1482 1302 ipsa
1497 1265 1723 1298 consummatio,
1739 1273 1873 1293 consum—

1026 1313 1166 1341 mationis
1187 1313 1318 1341 assertio.

1107 1360 1152 1388 46.
1176 1360 1264 1393 (Vers.
1281 1360 1349 1394 28.).
1367 1358 1599 1387 Consummandi
1619 1358 1738 1386 intentio
1751 1365 1818 1394 ergo
1833 1357 1874 1385 in-
1887 1361 2022 1403 Exffisgffglit-

1028 1406 1126 1435 nuitur
1141 1406 1168 1434 in
1183 1406 1235 1434 hoc
1250 1405 1324 1443 quod
1338 1405 1420 1434 dicit:
1445 1405 1548 1433 Postea
1568 1404 1661 1433 sciens
1684 1404 1781 1438 lesaii,
1802 1403 1875 1441 quia
1895 1398 1986 1427 Primum-⁸

1028 1454 1090 1482 iam
1103 1453 1125 1469 ¹³
1141 1452 1241 1481 omnia
1255 1455 1460 1481 consummata
1471 1455 1550 1485 sunt,
1562 1451 1675 1488 supple:
1691 1458 1762 1487 quae
1774 1450 1877 1487 scripta

1028 1503 1094 1529 sunt
1107 1500 1141 1528 de
1155 1500 1221 1528 Filio
1242 1499 1376 1534 hominis;
1399 1499 1447 1528 sed
1461 1507 1515 1527 non
1530 1498 1626 1535 plene,
1641 1498 1702 1526 ideo
1716 1498 1782 1526 dicit
1797 1497 1876 1531 iam;

1028 1551 1063 1576 ut
1082 1550 1338 1575 consummaretur
1367 1546 1541 1583 Scriptura,
1564 1545 1591 1573 id
1611 1548 1668 1579 est,
1697 1545 1792 1573 volens
1813 1552 1876 1581 per-

1028 1594 1098 1623 fecte
1112 1601 1305 1622 consummare
1321 1593 1506 1630 Scripturam,
1522 1600 1593 1629 quae
1607 1591 1672 1620 dicit
1683 1591 1710 1620 in
1722 1591 1828 1620 Psalmo
1840 1591 1875 1619 ¹⁴:

1034 1652 1047 1665 «
1062 1640 1090 1668 ln
1112 1640 1156 1668 siti
1178 1647 1239 1668 mea
1259 1642 1426 1676 potaverunt
1447 1647 1490 1667 me
1511 1641 1588 1676 aceto
1602 1649 1632 1672 »;
1648 1637 1731 1666 dicit:
1749 1637 1828 1666 Sitio.
1845 1638 1877 1666 Et

1029 1688 1082 1715 hoc
1096 1686 1147 1715 fuit
1169 1686 1278 1723 signum
1293 1686 1461 1715 infirmitatis
1478 1688 1616 1715 assumtae
1636 1687 1664 1713 et
1684 1684 1807 1713 veritatis
1828 1692 1875 1713 na-

1030 1735 1110 1761 turae
1124 1735 1221 1761 contra
1241 1733 1302 1761 illos
1317 1732 1484 1767 haereticos,
1505 1732 1553 1769 qui
1568 1732 1710 1765 dicebant,
1731 1731 1804 1768 quod
1820 1739 1874 1759 non

1030 1783 1089 1808 erat
1111 1787 1175 1808 vere
1197 1787 1302 1816 passus.
1326 1779 1357 1807 Et
1380 1780 1433 1808 hoc
1454 1779 1564 1816 quidem
1586 1787 1639 1807 non
1669 1781 1775 1807 tantum
1804 1778 1876 1806 dixit

192 1967 199 1980 ¹
217 1967 262 1991 Csr.
279 1973 349 1996 supra
366 1973 389 1989 n.
408 1967 430 1990 1.

190 2006 200 2019 ²
219 2008 283 2029 Vers.
300 2006 342 2033 24;
359 2005 416 2028 ibid.
433 2011 455 2028 v.
474 2005 512 2027 25.
529 2007 564 2028 est
585 2011 635 2034 seq.
652 2005 724 2027 locus.
745 2005 790 2028 Ctr.
807 2012 878 2033 supra
896 2012 918 2028 n.
937 2007 975 2028 12.

128 2053 176 2076 seq.
194 2049 216 2069 et
232 2053 255 2069 n.
274 2046 312 2068 24.
328 2057 359 2062 —
376 2045 487 2073 Superius
504 2050 547 2072 pro
563 2043 629 2074 apud
646 2044 772 2067 Caesarem
794 2045 887 2072 plurimi
905 2045 974 2067 codd.

128 2085 161 2109 ad
177 2085 310 2108 Caesarem.

191 2122 201 2136 ⁸
219 2124 284 2146 Vers.
303 2123 342 2146 35.
357 2135 389 2140 —
405 2123 466 2145 loau.
488 2123 531 2150 19,
557 2122 599 2145 24:
617 2123 745 2145 Sortiamur
761 2123 791 2145 de
809 2123 843 2145 illa
861 2122 973 2152 [tunica],

129 2164 196 2186 cuius
212 2163 249 2186 sit.
824 2161 833 2174 ⁴
853 2163 916 2185 Vers.
935 2162 973 2185 24.

193 2201 203 2215 ⁶
219 2203 242 2225 ln
260 2203 321 2225 loan.
338 2203 428 2230 Evang.
448 2204 475 2224 tr.
493 2202 546 2223 118.
562 2208 585 2224 n.
603 2202 629 2223 3:
647 2202 773 2224 Matthaeus
790 2202 851 2224 euim
863 2201 973 2224 dicendo:

129 2241 267 2266 Divisa-unt
282 2241 421 2265 vestimenta
438 2240 500 2268 eius,
520 2242 609 2264 sortem
634 2240 762 2269 mittentes,
781 2241 811 2263 ad
829 2243 899 2263 totam
917 2240 973 2263 divi-

129 2281 218 2305 sionem
235 2281 425 2304 vestimentorum
442 2280 515 2302 voluit
532 2280 624 2307 intelligi
642 2280 711 2302 etiam
728 2280 829 2302 tunicam
848 2280 973 2308 pertinere,

129 2321 159 2344 de
175 2327 221 2350 qua
238 2323 323 2343 sortem
340 2320 465 2348 miserunt;
481 2319 536 2348 quia
553 2319 633 2348 utique
651 2324 731 2341 omnes
743 2322 820 2341 vestes
836 2318 972 2346 dividendo,

130 2360 153 2382 in
169 2359 255 2389 quibus
271 2361 293 2381 et
311 2359 346 2381 illa
364 2359 417 2386 suit,
435 2359 465 2381 de
482 2359 530 2387 ipsa
549 2358 622 2381 sortiti
639 2361 699 2380 sunt.
717 2370 748 2374 —
764 2358 807 2380 Pro
825 2357 919 2387 quidem
936 2358 973 2380 ed.

130 2405 183 2422 cum
201 2399 305 2421 Gorrano
321 2398 428 2428 quidam.

192 2436 203 2449 ⁶
219 2437 323 2465 August„
340 2438 383 2459 loc.
400 2437 450 2459 cit.:
469 2436 527 2464 Quis
552 2436 609 2466 quid
625 2435 728 2464 tolleret,
745 2436 767 2458 id
786 2438 834 2463 est,
851 2436 904 2464 quis
921 2442 972 2458 earn

130 2477 229 2503 tolleret,
245 2479 355 2505 tanquam
373 2476 393 2498 si
410 2478 482 2498 totum
500 2476 530 2498 ita
548 2475 674 2498 diceretur:
688 2474 826 2498 Diviserunt
835 2474 974 2498 vestimenta

130 2515 193 2543 eius,
210 2514 326 2538 mittentes
341 2516 429 2538 sortem
446 2521 520 2544 super
535 2514 580 2542 eis,
598 2515 650 2544 quis
669 2514 784 2541 tunicam,
795 2520 856 2543 quae
868 2514 974 2542 parubus

131 2553 266 2583 aequalibus
281 2555 439 2582 superfuerat,
456 2553 555 2576 tolleret.
650 2550 652 2552 ’

193 2591 202 2605 ⁷
220 2593 286 2615 Vers.
303 2592 325 2615 4.

193 2630 203 2643 ⁸
221 2632 244 2654 ln
262 2632 321 2654 loan.
339 2632 427 2659 Evang.
444 2634 472 2653 tr.
490 2631 541 2653 119.
560 2638 582 2653 n.
600 2632 621 2653 1.
637 2637 696 2660 seq.,
714 2630 753 2653 ubi
780 2634 855 2653 tamen
873 2631 894 2653 in
914 2633 974 2652 textu

131 2671 237 2699 originali
253 2671 369 2700 quaedam
395 2674 588 2699 transponuntur,
605 2673 628 2692 et
644 2671 710 2699 plura
732 2670 878 2693 adiiciuntur.
896 2670 974 2692 Glossa

131 2709 256 2733 ordinaria
273 2710 295 2732 in
322 2711 381 2732 loan.
401 2710 442 2737 19,
459 2710 496 2732 26.
514 2715 527 2731 a
550 2709 641 2736 verbis,
664 2715 724 2738 quae
741 2709 777 2731 hic
794 2710 934 2737 allegantur,
952 2709 975 2730 in

132 2751 219 2772 tantum
237 2749 346 2777 discedit,
363 2749 427 2777 quod
445 2749 494 2776 ipsa
512 2749 534 2770 in
551 2748 665 2776 principio
683 2754 725 2776 pro
742 2747 802 2776 Quia
820 2750 877 2771 tunc
893 2747 975 2770 substi-

132 2788 175 2811 tuit
192 2787 250 2816 Quz',
268 2787 367 2810 subinde
383 2788 467 2810 omittit
490 2787 624 2810 moriturus
650 2787 689 2816 (ita
714 2787 782 2809 etiarn
804 2787 881 2815 plures
906 2787 974 2809 codd.

132 2832 185 2849 cum
203 2827 329 2855 Gorrano),
346 2833 373 2849 ac
389 2828 411 2849 et
427 2826 534 2849 humana
548 2826 641 2855 patiens
657 2825 743 2856 affectu
761 2825 839 2855 ipsam
861 2831 975 2849 commen-

133 2865 174 2889 dat
189 2865 295 2889 humano
314 2866 401 2895 (plures
417 2865 485 2888 codd.
503 2871 557 2888 cum
574 2865 678 2887 Gorrano
694 2865 804 2887 omittunt
819 2865 894 2887 solum
910 2866 933 2887 et
948 2870 975 2886 ac

132 2904 234 2935 ipsam),
252 2907 274 2927 et
290 2905 385 2927 demum
403 2910 445 2933 pro
461 2905 484 2927 et
499 2904 607 2933 exemplo
624 2903 723 2927 instruit
738 2904 803 2932 ponit
819 2905 841 2926 et
855 2903 928 2927 docet.

195 2942 205 2955 ³
223 2944 288 2966 Vere.
306 2944 348 2966 26:
365 2943 423 2966 Cum
441 2943 536 2966 vidisset
552 2949 610 2971 ergo
632 2943 694 2965 lesus
718 2943 812 2965 Matrem
830 2946 852 2964 et
877 2942 975 2970 discipu-

1030 1967 1077 1989 lum
1094 1969 1204 1994 stantem,
1221 1973 1291 1996 quem
1310 1967 1420 1995 diligebat
1437 1966 1528 1995 [Glossa
1546 1965 1722 1990 interlinearis:
1745 1966 1800 1987 Prae
1817 1968 1875 1987 cete-

1030 2007 1061 2028 ris
1078 2006 1231 2036 familiarius}
1247 2018 1278 2023 --
1296 2007 1328 2029 De
1345 2012 1393 2035 seq.
1411 2006 1510 2034 ratione,
1527 2012 1598 2035 quam
1616 2006 1691 2028 Sancti
1709 2006 1817 2032 afferunt,
1833 2005 1882 2027 cfr.>

1029 2052 1100 2073 supra
1118 2052 1171 2073 pag.
1190 2045 1247 2073 245,
1264 2048 1317 2068 nota
1335 2046 1357 2067 2.
1375 2046 1432 2068 Vide
1449 2045 1517 2067 etiam
1535 2045 1651 2071 Ambros„
1672 2045 1702 2067 de
1719 2044 1813 2066 institut.
1831 2044 1874 2065 vir-

1030 2085 1101 2112 ginis,
1118 2091 1137 2107 c.
1155 2085 1177 2107 7.
1194 2091 1216 2106 n.
1234 2084 1271 2107 46.
1289 2091 1369 2113 seqq.;
1387 2085 1559 2112 Theopnylact„
1577 2084 1598 2106 in
1611 2084 1670 2106 loan.
1691 2083 1731 2111 19,
1749 2083 1793 2105 27:
1811 2083 1870 2105 Puro

1030 2130 1086 2152 pura
1105 2126 1139 2146 est
1154 2124 1286 2146 commissa.

1092 2160 1112 2174 ¹⁰
1129 2162 1173 2185 Cir.
1191 2168 1260 2190 supra
1278 2168 1301 2184 n.
1322 2162 1360 2184 27.

1093 2200 1110 2213 ¹¹
1130 2201 1194 2223 Vers.
1213 2201 1255 2227 30;
1272 2207 1320 2229 seq.
1338 2206 1391 2228 pars
1409 2200 1487 2228 incipit
1505 2206 1526 2222 v.
1545 2200 1581 2221 31.

1093 2238 1112 2251 ¹2
1130 2240 1231 2262 Scilicet:
1245 2239 1413 2262 consummatio
1425 2239 1545 2267 passionis.
1554 2250 1586 2255 -—
1595 2238 1635 2260 Ed.
1647 2237 1802 2261 insinuantur
1815 2237 1873 2267 ipsa.

1093 2276 1112 2290 ¹³
1129 2279 1228 2306 Vulgata
1244 2278 1327 2300 omittit
1344 2278 1400 2300 iam.
1415 2290 1446 2294 —
1463 2278 1575 2305 Superius
1592 2280 1644 2305 post
1659 2276 1735 2299 sciens
1754 2277 1818 2299 lesus
1836 2277 1873 2299 ed.

1030 2319 1093 2341 addit
1118 2318 1178 2341 sicut
1199 2317 1325 2347 praedira
1348 2317 1423 2340 lsaias
1449 2316 1497 2344 40,
1518 2316 1572 2341 25:
1598 2315 1832 2339 Consztmmationem
1849 2317 1872 2339 et

1029 2357 1228 2381 abbreviationem
1252 2357 1321 2387 faciet
1348 2356 1461 2379 Dominus
1486 2356 1549 2379 Deus
1574 2355 1723 2378 eoeercz'taum
1749 2354 1774 2377 in
1796 2354 1872 2378 medio

1030 2397 1107 2420 omnis
1124 2394 1215 2423 terrae,
1233 2396 1296 2425 quod
1319 2396 1501 2418 additamentum
1524 2394 1632 2417 exhibent
1648 2394 1664 2417 C
1675 2394 1692 2416 N
1711 2394 1805 2416 interius
1822 2397 1872 2421 post

1029 2442 1078 2458 non
1094 2435 1161 2464 plene
1178 2435 1255 2463 (etiam
1273 2435 1295 2456 in
1313 2435 1328 2456 E
1346 2434 1455 2460 habetur,
1473 2433 1514 2455 sed
1531 2433 1553 2455 in
1571 2433 1689 2460 margine,
1706 2436 1728 2455 et
1745 2439 1791 2455 non
1803 2435 1872 2460 patet,

1031 2474 1070 2496 ubi
1088 2474 1110 2496 in
1127 2476 1188 2496 textu
1206 2473 1338 2501 ponendum
1355 2473 1400 2501 sit).
1419 2472 1459 2494 Ed.
1473 2476 1495 2494 et
1507 2472 1624 2494 Gorranus
1640 2472 1746 2494 omittunt
1758 2470 1808 2494 ideo
1820 2471 1875 2494 dicit

1031 2513 1094 2541 ianm
1112 2514 1190 2540 plures
1207 2512 1274 2534 codd.
1292 2511 1342 2534 ideo
1359 2510 1414 2534 dicit
1430 2512 1515 2533 auctor
1533 2510 1588 2533 iam.

1093 2550 1113 2564 ¹⁴
1130 2552 1211 2573 Psalm.
1229 2551 1271 2577 68,
1289 2552 1328 2572 22.
1344 2550 1448 2577 August,
1465 2550 1488 2571 in
1505 2550 1566 2572 loen.
1584 2550 1671 2577 Evang.
1693 2552 1719 2572 tr.
1738 2550 1791 2572 119.
1808 2556 1830 2572 n.
1848 2549 1873 2571 4:

1031 2592 1093 2614 Vidit
1112 2597 1181 2618 ergo,
1199 2590 1254 2619 quia
1272 2590 1439 2613 consummata
1455 2591 1512 2612 sunt
1533 2588 1626 2616 omnia,
1655 2595 1715 2618 quae
1739 2588 1873 2617 oportebat,

1031 2634 1055 2652 ut
1065 2630 1151 2658 tierent,
1164 2633 1287 2658 antequam
1300 2629 1414 2656 acciperet
1425 2632 1515 2651 acetum
1529 2631 1551 2650 et
1563 2628 1662 2650 traderet
1673 2628 1792 2656 spiritum;
1805 2631 1873 2656 atque

1031 2673 1056 2692 ut
1073 2671 1115 2692 hoc
1132 2670 1200 2691 etiam
1226 2671 1439 2695 consummaretur,
1456 2668 1517 2697 quod
1536 2668 1653 2695 Scriptura
1672 2668 1827 2695 praedixerat:
1845 2668 1874 2690 Et

1030 2708 1055 2731 in
1072 2708 1112 2731 siti
1127 2714 1179 2731 mea
1194 2709 1338 2737 potaverunt
1361 2713 1398 2729 me
1422 2709 1500 2735 aceto,·
1517 2706 1582 2733 sitio,
1605 2707 1690 2735 inquit3
1716 2709 1824 2735 tanquam
1842 2706 1873 2728 di>

1031 2750 1102 2770 ceret:
1120 2748 1168 2769 Hoc
1185 2747 1262 2768 minus
1280 2746 1375 2774 fecistis,
1392 2746 1445 2768 date
1461 2746 1524 2774 quod
1541 2746 1607 2772 estis,
1626 2745 1702 2767 ludaei
1723 2745 1811 2774 quippe
1829 2745 1872 2773 ipsi

1031 2789 1096 2808 erant
1112 2789 1215 2813 acetum,
1234 2785 1399 2813 degenerantes
1415 2791 1427 2806 a
1445 2785 1499 2807 vino
1525 2785 1708 2806 Patriarcharum
1734 2787 1756 2806 et
1774 2785 1874 2812 Prophe-

1031 2828 1106 2847 tarum
1123 2828 1164 2847 ete.
1177 2837 1208 2841 —
1220 2824 1323 2846 Subinde
1334 2830 1377 2851 pro
1389 2823 1456 2847 dicit:
1474 2823 1533 2847 Sirio
1551 2824 1650 2851 Vulgata
1668 2822 1746 2846 dixit:
1764 2822 1829 2846 Sitio.
1843 2835 1874 2839 —

1032 2865 1064 2886 De
1081 2864 1213 2890 haereticis,
1231 2864 1287 2885 inter
1304 2869 1364 2891 quos
1380 2863 1448 2885 etiam
1467 2862 1585 2890 Saraceni,
1598 2862 1637 2891 qui
1651 2862 1745 2884 interius
1757 2862 1874 2884 nominan—

1031 2906 1080 2930 tur,
1097 2904 1137 2925 csr.
1159 2903 1191 2925 lll.
1215 2903 1275 2924 Seni.
1301 2903 1325 2925 d.
1350 2903 1370 2924 2.
1388 2908 1409 2924 a.
1426 2903 1446 2924 2.
1465 2908 1488 2930 q.
1515 2902 1535 2924 1.
1553 2904 1575 2924 et
1593 2902 1616 2924 d.
1637 2902 1673 2923 16.
1690 2907 1712 2924 a.
1732 2902 1750 2923 l⁴
1769 2907 1792 2929 q.
1812 2901 1831 2923 1.
1850 2901 1871 2922 in

1031 2948 1095 2970 corp.
1112 2954 1143 2958 —
1160 2942 1219 2964 Vide
1237 2942 1293 2963 intra
1311 2948 1333 2963 n.
1350 2941 1388 2963 56.
