2296 3316
0 3011 15 3187 ,pff-*W*
4 2979 10 3004 a-
8 2951 9 2963 „„

7 643 11 692 l

7 716 11 761 'l

10 770 11 790 l

9 864 11 905 Ι

713 115 882 144 COMMENT.
906 116 937 144 ΙΝ
958 115 1103 144 ΙΟΑΝΝΕΜ
1124 116 1152 144 C.
1174 115 1238 144 VIII.

105 198 206 237 globati
225 200 371 231 venerant,
386 199 413 225 et
434 196 556 225 seniores
576 194 656 231 prius
670 193 797 227 exibant,
819 193 884 230 quia
898 193 949 229 ipsi

105 245 186 283 primi
207 245 317 273 fuerant
338 244 366 272 in
387 243 481 280 culpa,
496 242 557 271 ideo
577 244 604 270 et
625 241 653 269 in
668 240 747 277 fuga;
769 239 889 268 Danielis
903 239 950 268 de-

105 292 175 321 cimo
196 290 278 320 tertio
290 291 315 317 ¹:
336 301 350 314 «
365 289 480 326 Egressa
494 291 535 317 est
555 286 687 324 iniquitas
701 294 717 314 a
738 286 894 315 senioribus
907 286 950 314 iu-

105 338 223 372 dicibus,
245 337 293 374 qui
315 336 480 365 videbantur
494 342 591 371 regere
612 333 747 371 populum
762 343 792 366 »3
814 335 842 361 et
855 340 950 361 omnes

106 385 293 417 recesserunt,
320 383 386 420 quia
412 389 509 410 omnes
530 380 635 410 confusi
657 382 744 409 erant.
766 379 842 408 Unde
868 379 948 408 dicit:

107 432 141 460 Et
161 430 305 459 remansit
324 430 406 458 lesus
426 429 506 457 solus
526 433 552 457 ct
571 427 678 456 mulier
698 426 730 455 in
744 426 837 455 medio
858 429 949 454 stans.

106 477 191 506 Solus
204 475 360 510 remansit,
376 476 424 513 qui
445 475 537 504 locum
552 473 707 503 solitudinis
728 473 859 509 requirit;
881 472 951 501 Osee

106 523 264 554 secund02:
290 533 304 547 «
317 522 456 551 Adducam
477 529 536 550 eam
559 521 586 549 in
608 520 784 549 solitudinem
805 522 833 547 et
854 519 891 547 ibi
912 519 951 547 lo-

106 579 176 609 quar
196 570 230 599 ad
257 577 305 598 cor
337 569 442 603 eius»;
463 568 506 597 vel
534 568 600 605 quia
624 567 699 596 solus
726 569 786 595 erat
811 565 950 599 offensus3

106 618 242 647 Psalmus:
262 628 275 642 «
287 616 346 645 Tibi
362 616 412 645 soli
427 615 537 653 peccavi
552 618 579 644 et
592 614 697 643 malum
711 621 804 642 coram
820 615 846 641 te
861 612 911 641 feci
924 624 950 639 υ.

105 663 312 701 Augustinus-⁶²:
338 674 352 688 «
366 663 427 691 Duo
442 664 651 691 remanserunt:
666 660 777 689 miseria
798 662 825 688 et
844 659 952 687 miseri-

107 711 240 745 cordia»;
262 713 289 738 et
302 709 368 746 quia
382 708 570 738 misericordia
584 708 710 736 intuetur
725 706 877 741 miseriam,
892 706 953 734 ideo

106 757 218 787 subdit:

186 805 230 832 11.
253 803 341 839 (Vers.
360 804 425 837 10.).
442 803 566 840 Eriyem
586 806 682 831 autem
697 810 726 830 se
741 802 839 835 Iesus,
855 801 883 829 in
898 809 954 837 quo

10 857 89 879 ‘niniuut
105 853 218 880 notatur
238 850 380 888 quintum,
403 849 506 878 scilicet
525 848 659 877 mulieris
680 851 837 876 accusatae
868 847 953 876 mise-

107 898 202 927 ricors
230 897 370 926 liberatio.
404 897 435 925 Et
466 896 531 933 quia
550 895 740 924 misericordia
770 894 859 924 currit
890 902 953 922 cum

106 944 211 974 iustitia
232 946 259 973 et
279 952 334 972 non
355 947 396 972 est
414 946 510 972 contra
531 942 678 976 iustitiam,
693 941 803 979 quaerit
820 941 954 969 Dominus

107 991 141 1020 ab
162 999 194 1020 ea
208 991 242 1020 de
256 991 482 1019 condemnatione
503 992 530 1018 et
543 989 726 1025 accusatione.
749 988 897 1024 Propterea
911 987 955 1015 di-

108 1039 184 1068 eit4:
206 1038 328 1072 Mulier,
350 1037 401 1066 ubi
421 1041 491 1066 sunt
511 1037 563 1075 qui
590 1040 614 1065 te
635 1035 836 1064 accusabant?
866 1034 954 1063 Nemo

108 1088 133 1114 te
153 1084 377 1114 condemnavit?
399 1085 459 1113 Duo
480 1084 608 1121 quaerit,
637 1085 664 1111 et
685 1082 750 1119 quia
771 1082 889 1110 alterum
914 1085 955 1110 est

107 1132 136 1161 in
157 1131 275 1161 evidenti
297 1131 330 1160 de
358 1139 470 1160 recessu
491 1132 698 1163 accusatorum,
724 1128 872 1165 respondet
893 1136 956 1156 mu-

108 1178 159 1207 lier
177 1178 331 1215 quaestioni
350 1178 383 1207 de
404 1177 639 1206 condemnatione.

190 1226 233 1253 12.
250 1225 338 1261 (Vers.
357 1225 422 1261 ¹11.).
441 1224 623 1260 Q'aaediaeit:
636 1223 735 1258 Nemo,
751 1222 879 1256 Domine,
891 1230 957 1259 sup-

109 1272 168 1309 ple:
189 1279 234 1300 me
256 1271 460 1305 condemnavit,
482 1279 537 1299 non
558 1274 600 1299 est
620 1270 740 1299 hominis
753 1269 955 1302 condemnare;

109 1318 237 1347 Matthaei
266 1318 420 1354 septimo⁵:
455 1318 573 1347 «Nolite
600 1317 811 1346 condemnare»
836 1319 904 1350 etc.;
931 1319 958 1344 et

109 1365 170 1394 ideo
191 1365 240 1393 tibi
263 1365 358 1393 relicta
380 1373 450 1393 sum.
467 1365 499 1393 Et
513 1364 640 1401 sequitur
655 1363 813 1392 misericors
833 1362 959 1391 mulieris

109 1412 252 1445 liberatio;
267 1412 341 1441 unde
356 1412 435 1440 dicit:
453 1412 535 1440 Dixit
548 1415 646 1440 autem
672 1412 769 1439 lesus.-
791 1410 849 1439 Nec
870 1418 919 1447 eqo
934 1413 958 1437 te

110 1459 321 1493 condemnaho;
336 1467 407 1493 ecce,
421 1459 627 1487 misericordia
634 1469 644 1492 ;
655 1458 689 1487 ad
701 1458 835 1486 Romanos
846 1460 957 1485 octavo:

115 1517 129 1532 «
143 1506 218 1535 Deus
232 1506 281 1543 qui
295 1506 438 1541 iustificat,
454 1506 517 1543 quis
531 1508 573 1534 est
586 1505 633 1542 qui
653 1505 815 1534 condemnet
830 1507 862 1532 »2²
883 1504 959 1532 Vade

110 1553 276 1591 etamplius
286 1554 296 1570 ⁶
311 1553 373 1582 noli
383 1561 504 1591 peceare
512 1563 523 1587 ,·
537 1560 613 1586 ecce,
628 1552 757 1586 iustitia,
773 1559 844 1589 qnae
858 1551 897 1580 sic
911 1551 958 1579 ab-

111 1600 192 1629 solvit
206 1608 222 1629 a
236 1600 333 1637 culpa,
355 1603 388 1628 ut
408 1602 498 1628 tamen
514 1607 569 1627 non
590 1599 636 1628 det
656 1599 810 1627 libertatem
826 1597 959 1626 redeundi

110 1647 144 1676 ad
159 1648 283 1685 culpam;
306 1646 484 1676 Ecclesiastici
501 1647 613 1683 quinto:
640 1658 653 1670 «
668 1645 853 1674 Misericordia
873 1648 900 1673 et
918 1644 960 1672 ira

111 1693 146 1722 ab
159 1693 206 1722 illo
222 1693 276 1722 cito
290 1693 465 1730 proximant,
481 1695 508 1721 et
529 1692 556 1720 in
572 1694 730 1729 peccatores
744 1691 857 1728 respicit
872 1691 913 1719 ira
928 1691 959 1718 il-

1795 113 1850 143 355

1007 193 1060 221 lius
1081 205 1108 221 ».
1130 192 1205 222 Unde
1233 192 1443 229 Augustinus⁷:
1478 203 1491 217 «
1512 191 1657 220 Attendant
1684 191 1731 228 qui
1760 194 1854 220 amant

1006 240 1034 268 in
1062 239 1178 267 Domino
1205 239 1463 273 mansuetudinem,
1491 242 1519 267 et
1547 238 1661 267 timeant
1688 238 1851 273 veritatem

1007 286 1109 314 etenim
1130 285 1224 314 dulcis
1244 289 1269 314 ct
1289 289 1385 314 rectus
1406 285 1558 314 Dominus.
1581 286 1674 319 Amas,
1695 285 1769 322 quod
1790 285 1852 314 dul-

1007 332 1046 361 cis
1067 335 1128 361 est?
1149 332 1241 367 Time,
1263 332 1337 369 quod
1357 335 1450 361 rectus
1471 335 1520 361 est.
1535 333 1678 369 Tanquam
1692 334 1853 361 mansuetus

1007 379 1087 408 dicit:
1116 379 1210 407 Tacui
1217 390 1226 412 ,·
1247 379 1295 408 sed
1315 382 1447 416 tanquam
1468 382 1562 407 rectus
1583 378 1663 407 dicit:
1691 379 1726 407 Ut
1747 383 1853 416 partu-

1007 426 1086 454 rz'ens
1111 425 1216 463 loquar
1236 438 1269 460 2»,
1294 426 1377 455 Isaiae
1408 425 1619 463 quadragesimo
1644 425 1772 454 secunde.
1793 425 1854 454 ldeo

1008 472 1116 501 subdit:
1139 472 1275 509 Amplius
1295 473 1356 501 noli
1372 481 1502 510 peccare.

1329 566 1529 602 Quaasrionas.

1091 658 1134 687 13.
1148 659 1257 695 Quaest.
1270 659 1288 687 I.
1301 659 1352 687 Sed
1362 659 1457 687 incidit
1472 659 1516 687 hic
1529 659 1679 688 dubitatio:
1691 667 1755 688 cum
1769 667 1854 697 quae-

1010 706 1062 734 stio
1074 705 1126 734 ista
1136 706 1252 734 faciliter
1267 708 1339 734 esset
1352 705 1534 734 determinata
1545 714 1581 735 ex
1593 707 1661 743 Lege
1671 729 1678 741 ‚
1692 710 1719 735 et
1733 707 1779 743 qui
1796 710 1855 735 teu-

1010 755 1050 781 tat
1070 752 1167 781 debeat
1187 752 1272 781 dubia
1292 760 1442 789 quaerere;
1458 752 1532 781 unde
1546 756 1587 781 est
1602 753 1669 787 hoc,
1684 753 1759 790 quod
1773 753 1855 782 talem

1011 799 1199 836 quaestionem
1221 799 1359 828 Pharisaei
1380 799 1464 828 dolosi
1487 800 1602 828 Domino
1626 802 1855 836 proposuerunt?

1090 846 1263 883 Respondent
1283 846 1408 883 quidam,
1433 846 1508 883 quod
1529 846 1638 875 videtur
1660 849 1748 875 totum
1775 846 1855 875 indu-

1012 893 1079 921 stria
1100 893 1222 922 humana
1241 893 1359 927 factum3
1382 893 1456 922 unde
1476 893 1621 928 dixerunt,
1643 893 1717 930 quod
1738 894 1790 922 hoo
1804 893 1856 921 fuit

1011 940 1172 969 immixtum
1193 940 1337 977 Evangelio
1353 941 1471 975 Ioannis,
1494 941 1565 969 sicut
1580 940 1695 969 historia
1715 941 1855 969 Susannae

1011 987 1116 1015 Danieli
1128 986 1147 1014 8.
1163 987 1192 1015 In
1213 987 1293 1015 cuius
1314 987 1353 1016 rei
1370 987 1557 1016 testimonium
1575 987 1767 1022 adduxerunt,
1782 986 1857 1024 quod

1011 1033 1224 1070 Chrysostomus
1245 1033 1278 1062 de
1301 1034 1351 1062 hoc
1377 1034 1480 1062 nullam
1504 1034 1668 1062 mentionem
1684 1034 1763 1068 facit;
1784 1033 1858 1062 unde

1013 1081 1093 1109 saltat
1113 1080 1147 1109 ad
1176 1080 1243 1109 illud
1258 1081 1284 1111 9;
1313 1081 1422 1109 Iterum
1451 1081 1563 1109 locutus
1583 1084 1623 1109 est
1652 1082 1732 1109 lesus
1753 1083 1804 1109 etc.
1821 1096 1857 1102 —

1013 1128 1064 1157 Sed
1085 1128 1254 1165 Augustinus
1267 1128 1289 1145 ¹⁰
1310 1131 1337 1157 et
1358 1128 1529 1165 expositores
1550 1128 1636 1157 nostri
1658 1131 1802 1165 exponunt
1825 1128 1859 1156 de

1014 1175 1084 1204 serie
1106 1175 1251 1211 Evangelii.
1268 1192 1305 1196 —
1319 1175 1397 1211 Quod
1419 1183 1485 1204 vero
1499 1175 1711 1211 Chrysostomus
1732 1175 1800 1203 nihil
1818 1174 1859 1202 di-

1014 1222 1062 1255 cit,
1084 1229 1194 1250 causam
1216 1222 1316 1250 nescio.
1332 1221 1447 1258 Quidam
1468 1222 1579 1255 dicunt,
1601 1221 1675 1258 quod
1689 1221 1717 1250 in
1738 1216 1863 1258 antiquis

1014 1268 1092 1297 libris
1112 1268 1222 1297 Graecis
1242 1277 1297 1297 non
1318 1268 1520 1303 inveniebatur,
1539 1268 1604 1305 quia
1625 1269 1738 1297 loannes
1758 1268 1861 1296 addidit

1015 1316 1160 1352 Evangelio
1182 1315 1359 1352 completo¹¹.

1093 1363 1241 1399 Propterea
1262 1362 1408 1391 dicendum
1429 1365 1483 1395 est,
1506 1361 1580 1398 quod
1598 1361 1735 1390 Pharisaei
1757 1361 1861 1389 invide-

1015 1410 1081 1438 bant
1102 1409 1218 1437 Domino
1238 1409 1271 1437 de
1296 1409 1363 1443 hoc,
1392 1408 1466 1445 quod
1487 1408 1652 1437 laudabatur
1679 1407 1713 1436 de
1733 1415 1861 1436 mansue-

1016 1456 1110 1485 tudine
1131 1460 1158 1485 et
1185 1456 1289 1485 iustitia
1320 1456 1418 1489 simul,
1449 1455 1602 1484 secundum
1623 1455 1692 1484 illud
1713 1455 1810 1484 Psalmi
1823 1455 1861 1483 ¹²:

1016 1504 1141 1540 Propter
1161 1503 1311 1531 veritatem
1332 1506 1358 1530 et
1377 1502 1633 1530 mansuetudinem
1653 1505 1679 1529 et
1706 1501 1859 1530 iustitiam.

1016 1550 1077 1579 Ideo
1098 1550 1286 1587 quaestionem
1309 1552 1477 1586 proponunt,
1500 1549 1526 1577 in
1542 1557 1598 1585 qua
1607 1556 1725 1577 xnecesse
1747 1548 1862 1578 haberet

1015 1596 1153 1625 declinare
1175 1596 1202 1624 in
1217 1596 1337 1633 rigorem
1358 1595 1478 1624 iustitiae
1496 1598 1593 1624 contra
1608 1595 1861 1629 mansuetudinem,

1016 1647 1048 1672 ut
1070 1643 1220 1671 haberetur
1234 1642 1357 1675 immitis,
1375 1642 1418 1671 vel
1433 1642 1620 1671 contradicere
1642 1642 1761 1670 iustitiae
1776 1642 1860 1679 Legis.

1017 1691 1048 1718 Et
1069 1690 1148 1727 quasi
1170 1689 1315 1718 insolubile
1336 1689 1509 1718 confecerant
1521 1689 1553 1723 ¹³,
1568 1692 1612 1723 ut,
1632 1689 1762 1718 utralibet
1783 1692 1861 1726 parte

175 1850 183 1863 ¹
201 1851 267 1873 Vers.
285 1851 308 1873 5.

174 1889 184 1903 Β
202 1891 268 1913 Vers.
286 1890 323 1912 14.
339 1902 371 1906 -
388 1890 441 1918 Seq.
458 1890 522 1913 locus
538 1892 573 1912 est
589 1889 624 1911 Ps.
643 1889 685 1916 50,
703 1889 723 1910 6.
740 1900 772 1905 -
791 1889 885 1911 Inferius
907 1891 960 1917 post

112 1928 149 1952 vel
165 1929 221 1959 quia
237 1928 302 1953 solus
319 1925 357 1952 cd.
373 1929 466 1957 supplet
479 1930 576 1958 peccato
594 1927 711 1951 mulieris.

175 1967 184 1980 ³
201 1969 224 1991 ln
241 1969 302 1991 Ioan.
320 1969 407 1996 Evang.
424 1971 452 1990 tr.
470 1968 508 1990 33.
526 1974 548 1990 n.
566 1967 597 1990 ὅς
615 1967 681 1990 Unus
701 1968 756 1997 post
778 1973 855 1990 unum
878 1973 959 1990 omnes

112 2009 268 2031 recesserunt.
284 2007 362 2030 Relicti
379 2009 432 2030 sunt
448 2007 508 2030 duo:
526 2006 614 2030 misera
631 2009 674 2028 etc.
693 2006 732 2034 (ita
745 2006 783 2029 ed.
796 2006 915 2035 Maurina).
928 2018 959 2023 --

113 2047 146 2069 De
162 2053 212 2075 seq.
222 2047 381 2075 propositione
397 2047 438 2069 cir.
456 2052 526 2074 supra
544 2052 598 2074 pag.
617 2046 673 2074 306,
692 2048 745 2068 nota
762 2046 784 2068 2,

175 2084 186 2098 ⁴
203 2086 301 2114 Vulgata
319 2085 387 2109 Divit
403 2085 430 2108 ei.

175 2123 185 2137 ⁵
201 2125 269 2147 Vers.
286 2125 307 2147 tl.
326 2124 379 2153 (Cir.
396 2125 452 2147 Luc.
469 2125 496 2151 6,
514 2124 570 2153 37.).
590 2136 618 2139 -
639 2123 742 2147 Subinde
764 2124 875 2151 allegatur
892 2124 958 2146 Rom.

115 2165 141 2193 8,
158 2164 195 2186 33.
207 2171 256 2193 seq.
267 2177 298 2181 —
314 2164 454 2187 Auctoritate
471 2163 539 2187 CEN
556 2163 718 2192 supplevimus
736 2163 788 2186 Non
805 2164 840 2186 est
856 2162 959 2186 hominis

115 2202 145 2233 [B
161 2203 215 2227 Non
231 2205 266 2226 est
282 2202 382 2231 bonum,
399 2203 490 2225 AHIK
501 2203 546 2225 LM
563 2203 618 2226 Non
635 2201 686 2232 est]
704 2201 870 2225 condemnare.

176 2239 186 2253 ⁵
203 2241 301 2269 Vulgata
318 2242 339 2264 et
355 2241 405 2264 iam
421 2240 533 2270 amplius.
550 2253 582 2257 —
604 2240 711 2269 Sequitur
734 2240 802 2263 Eccli.
827 2240 854 2267 5,
871 2240 899 2267 7,
920 2239 959 2262 ubi

114 2280 143 2310 [B
155 2280 209 2304 Non
220 2282 254 2303 est
265 2280 360 2308 bonum,
372 2280 453 2303 codd:
472 2280 626 2303 Misericordia
639 2279 668 2302 ab
680 2280 718 2302 illo
730 2280 774 2302 cito
787 2280 903 2308 proximat
915 2282 958 2303 etc.

176 2317 185 2331 ⁷
202 2320 225 2342 In
243 2320 303 2342 Ioan.
319 2320 407 2347 Evang.
430 2322 459 2342 tr.
476 2320 513 2341 33.
535 2325 557 2341 n.
575 2319 598 2342 7.
620 2319 752 2347 Allegantur
769 2319 805 2341 Ps.
828 2319 870 2347 24,
894 2320 915 2341 8.
939 2321 961 2341 ct

114 2358 163 2381 lsai.
181 2358 223 2385 42,
241 2358 282 2385 44,
300 2358 339 2381 ubi
357 2359 454 2386 August.
471 2358 501 2380 ita
517 2358 584 2386 legit:
602 2358 643 2380 sed
660 2360 771 2386 tanquam
789 2357 874 2380 iustus:
892 2358 960 2381 Nim-

115 2396 172 2427 quid
194 2403 286 2427 semper
312 2396 409 2421 tacebo?
433 2397 574 2425 [secundum
597 2396 759 2426 Septuaginta]
782 2396 920 2420 Misericors
940 2398 961 2420 et

114 2435 241 2459 miserator
259 2436 375 2459 Dominus
392 2435 445 2465 [Ps.
462 2436 504 2463 85,
522 2435 578 2466 45.].

178 2472 187 2486 Β
204 2474 259 2502 Cap.
278 2475 315 2497 13.
331 2486 363 2491 --
379 2474 470 2497 Hieron.
488 2473 593 2502 pluribus
610 2474 633 2496 in
650 2474 705 2497 locis
723 2474 755 2503 (ll.
768 2474 866 2502 Apolog.
878 2474 961 2501 adver-

115 2519 155 2536 sus
171 2513 241 2536 libros
257 2514 346 2541 Rufini,
363 2520 384 2536 n.
403 2514 441 2536 33.
458 2516 480 2536 et
496 2514 586 2541 Prolog.
604 2513 732 2536 Commeat.
748 2514 772 2536 in
784 2513 880 2542 Daniel.)
894 2513 960 2541 dicit,

115 2552 234 2575 historiam
251 2553 368 2575 Susannae
377 2557 430 2575 'non
447 2553 557 2575 contineri
574 2553 597 2574 in
614 2553 733 2576 volumine
750 2552 870 2575 Hebraico.

178 2589 188 2603 ⁹
205 2591 270 2614 Vers.
289 2592 326 2613 42.
343 2591 402 2614 Vide
419 2591 549 2619 Chrysost.,
567 2591 590 2613 in
606 2592 667 2614 loan.
685 2592 763 2614 homil.
781 2591 817 2614 52.
836 2592 900 2620 (alias
913 2591 960 2619 5⁴.)

115 2636 137 2652 n.
156 2631 178 2653 2.
194 2631 225 2652 Ex
242 2631 321 2653 homil.
337 2631 375 2653 60.
393 2630 457 2659 (alias
474 2631 521 2660 59.)
539 2637 562 2653 n.
579 2631 601 2653 5.
620 2631 723 2653 nonnulli
745 2630 879 2657 coniiciunt,
902 2632 962 2653 hanc

116 2669 234 2691 historiam
251 2675 305 2691 eum
327 2670 446 2696 laudasse,
465 2668 504 2692 ubi
527 2669 596 2692 dicit:
619 2669 685 2692 Certe
707 2670 819 2692 Dominus
841 2672 894 2692 tuus
916 2676 961 2691 non

116 2708 188 2731 iustos
196 2708 267 2731 modo
276 2708 456 2737 alloquebatur...
469 2709 510 2731 sed
522 2711 544 2731 et
555 2708 742 2731 chananaeam...
753 2709 864 2737 excepit...
876 2708 962 2731 aliam-

116 2746 161 2770 hue
177 2747 337 2775 meretricem,
354 2747 418 2776 quod
435 2747 512 2770 ludaei
529 2747 710 2775 exprobrarunt,
726 2748 815 2776 excepit
827 2750 849 2770 et
860 2747 961 2776 curavit,

117 2790 247 2814 passusque
258 2788 302 2814 est,
315 2789 340 2808 nt
356 2786 462 2813 impurae
478 2786 580 2808 mulieris
597 2786 704 2814 lacrymis
721 2786 793 2814 pedes
810 2786 844 2809 sui
862 2786 963 2813 rigaren-

117 2826 161 2851 tur,
179 2827 203 2847 ut
218 2830 262 2847 nos
278 2824 371 2847 doceret
388 2825 489 2847 humane
506 2827 639 2853 peccatores
656 2825 769 2853 excipere.

180 2861 199 2875 ¹⁰
216 2864 239 2885 In
263 2864 324 2886 ioan.
348 2864 436 2891 Evang.
461 2867 489 2886 tr.
511 2864 547 2886 33.
572 2870 595 2886 n.
612 2863 634 2886 4.
651 2870 716 2893 seqq.
742 2863 786 2886 Csr.
813 2864 884 2892 Epist.
910 2864 963 2886 153.

118 2901 183 2931 >alias
200 2901 246 2931 54.)
264 2908 283 2924 c.
302 2901 323 2924 4.
340 2908 362 2924 n.
380 2902 401 2924 9.

1080 1848 1097 1860 ¹¹
1117 1848 1213 1876 Enseu,
1230 1848 1262 1870 lli.
1280 1848 1362 1870 Histor.
1380 1848 1460 1870 eccles.
1477 1847 1520 1874 39,
1537 1850 1641 1870 recenset
1656 1847 1727 1870 libros
1744 1847 1827 1875 Papiae
1838 1850 1860 1869 et

1017 1888 1040 1910 in
1057 1888 1101 1910 sine
1119 1888 1161 1910 ait:
1179 1887 1252 1910 Aliam
1270 1893 1364 1916 quoque
1381 1887 1473 1915 exponit
1490 1887 1607 1909 historiam
1624 1886 1653 1908 de
1676 1886 1784 1915 muliere,
1801 1892 1861 1915 quae

1017 1927 1141 1950 multorum
1159 1927 1282 1949 criminum
1299 1932 1378 1949 coram
1396 1926 1494 1948 Domino
1511 1929 1616 1948 accusata
1634 1928 1676 1948 est.
1692 1926 1754 1954 Quae
1766 1925 1861 1954 quidem

1017 1958 1111 1989 historia
1128 1966 1153 1989 in
1169 1965 1298 1995 Evanqelz'o
1315 1965 1446 1989 secundum
1463 1965 1579 1988 Hebraeos
1602 1965 1686 1993 scripta
1709 1964 1813 1987 habetur.
1830 1976 1861 1981 -

1872 848 1930 873 Reap.
1944 849 1961 868 ί.

1876 1132 1919 1151 Nou
1931 1131 1998 1155 proba-

1911 1157 1948 1174 tur.

1877 1365 1934 1389 Hesp.
1948 1364 1966 1382 2.

1012 2006 1077 2037 <Licet
1093 2006 1117 2027 in
1134 2006 1204 2028 variis
1216 2004 1383 2027 recentioribus
1401 2004 1539 2027 editionibus
1557 2007 1630 2026 textus
1646 2004 1727 2026 Graeci
1744 2003 1863 2031 Evangelii
1880 2025 1881 2028 ,

1017 2045 1106 2068 Ioannis
1123 2051 1135 2066 a
1153 2044 1334 2072 protestantibus
1351 2043 1472 2072 publicatis
1490 2043 1582 2065 historia
1595 2044 1651 2065 haec
1662 2043 1746 2065 omissa
1758 2042 1799 2070 sit,
1811 2042 1861 2070 ipsa

1017 2087 1093 2106 tamen
1111 2084 1159 2106 iuro
1177 2090 1189 2105 a
1207 2083 1322 2106 ca'iolicis
1340 2086 1364 2105 ut
1381 2083 1481 2111 genuina
1504 2082 1642 2105 vindicatur.
1664 2081 1780 2104 Invenitur
1799 2081 1861 2103 enim

1017 2124 1040 2146 in
1057 2122 1166 2145 omnibus
1183 2123 1284 2151 antiquis
1300 2121 1445 2144 versionibus
1461 2124 1483 2144 et
1500 2120 1673 2149 manuscriptis,
1686 2120 1786 2148 exeeptis
1797 2119 1862 2142 dum-

1017 2165 1077 2185 taxat
1094 2162 1213 2184 codicibus
1229 2161 1333 2189 Graecis,
1351 2161 1390 2189 qui
1408 2159 1539 2183 serviebant
1556 2166 1598 2187 pro
1616 2159 1708 2187 publica
1725 2159 1822 2181 lectione
1838 2159 1861 2181 in

1017 2201 1128 2229 Ecclesia3
1145 2207 1205 2230 quae
1222 2200 1316 2223 omissio
1334 2200 1398 2222 facile
1415 2199 1522 2227 explicari
1539 2200 1620 2226 potest.
1639 2198 1692 2221 Inde
1709 2198 1777 2220 etiam
1800 2200 1863 2225 patet

1016 2240 1087 2267 ratio,
1104 2246 1176 2269 quare
1193 2239 1371 2267 chrysostomus
1388 2238 1506 2261 historiam
1524 2238 1585 2259 illam
1601 2243 1647 2259 non
1665 2236 1803 2264 exposuerit.
1814 2236 1861 2259 Cir.

1017 2279 1121 2306 Hieron.,
1138 2280 1163 2301 ΙΙ.
1180 2278 1268 2306 Dialog.
1285 2278 1398 2300 adversus
1415 2276 1528 2305 Pelagian.
1545 2283 1567 2299 n.
1586 2276 1628 2298 47:
1645 2277 1668 2298 In
1686 2275 1810 2303 Evangelio
1827 2281 1863 2297 se-

1017 2318 1119 2341 cundum
1138 2319 1245 2340 loannem
1262 2317 1284 2339 in
1302 2316 1378 2339 multis
1395 2318 1417 2338 et
1433 2316 1525 2338 Graecis
1541 2317 1564 2337 et
1585 2314 1671 2337 Latinis
1692 2313 1812 2337 codicibus
1832 2314 1863 2336 in-

1017 2357 1108 2379 venitur
1125 2356 1155 2379 de
1171 2356 1274 2378 adultera
1291 2355 1398 2382 muliere,
1415 2360 1475 2383 qnae
1492 2356 1597 2376 accusata
1610 2356 1644 2376 est
1655 2353 1717 2381 apud
1730 2353 1862 2375 Dominum.

1017 2396 1128 2424 August.,
1145 2396 1168 2418 ll.
1186 2395 1216 2417 de
1232 2394 1350 2422 Coniugiis
1366 2394 1461 2416 adulter.
1478 2399 1498 2416 c.
1514 2393 1576 2416 7..n.
1593 2393 1621 2415 6:
1638 2392 1684 2415 Sed
1701 2393 1745 2415 hoc
1756 2391 1863 2414 videlicet

1018 2435 1145 2457 infidelium
1163 2440 1244 2456 sensus
1260 2435 1376 2461 exhorret,
1393 2433 1423 2455 ita
1436 2435 1461 2455 ut
1472 2432 1571 2454 nonnulli
1584 2431 1689 2454 modicae
1700 2431 1765 2459 ndei,
1777 2432 1814 2453 vel
1826 2437 1865 2459 po-

1018 2475 1063 2497 tius
1079 2474 1165 2496 inimici
1177 2479 1245 2495 verae
1255 2473 1321 2500 fidei,
1338 2472 1415 2498 credo,
1428 2474 1562 2498 metuentes,
1579 2471 1690 2499 peccandi
1703 2471 1864 2499 impunitatem

1018 2513 1068 2535 dari
1086 2511 1220 2534 mulieribus
1237 2512 1296 2539 suis,
1313 2511 1369 2533 illud
1386 2510 1450 2539 quod
1467 2510 1496 2532 de
1518 2510 1634 2532 adulterae
1656 2509 1798 2537 indulgentia
1820 2509 1865 2531 Do-

1019 2552 1096 2574 minus
1114 2551 1178 2577 secit,
1195 2551 1309 2572 auferrent
1325 2550 1355 2572 de
1371 2548 1491 2572 codicibus
1507 2549 1555 2571 suis
1572 2551 1615 2571 etc.
1632 2560 1663 2565 —
1685 2548 1796 2576 Superius
1819 2543 1864 2570 non

1019 2590 1086 2618 pauci
1104 2590 1172 2612 codd.
1189 2589 1296 2611 omittunt
1314 2587 1419 2612 Graecis.

1083 2628 1102 2641 ¹²
1119 2629 1202 2651 psalm.
1220 2628 1262 2655 44,
1279 2628 1301 2650 5.

1082 2666 1101 2680 ¹⁸
1119 2668 1160 2690 Ed.
1177 2667 1268 2695 supplet
1283 2667 1460 2695 arcumentum.
1478 2664 1580 2688 Subinde
1598 2671 1641 2693 pro
1658 2664 1769 2688 utralibet
1791 2665 1864 2687 maior

1019 2714 1074 2736 pars
1091 2707 1160 2729 codd.
1177 2707 1296 2735 utraquc,·
1313 2705 1398 2727 deinde
1415 2704 1576 2727 substituimus
1596 2710 1638 2732 pro
1661 2703 1810 2727 obiectionem
1827 2710 1864 2726 au-

1020 2746 1123 2768 ctoritate
1134 2746 1152 2767 A
1163 2745 1178 2767 F
1187 2745 1206 2767 H
1216 2745 1222 2766 l
1232 2745 1247 2766 L
1265 2743 1398 2766 orationem
1404 2752 1413 2772 ,·
1430 2749 1490 2772 quae
1506 2743 1572 2765 lectio
1584 2742 1750 2771 correspondet
1761 2742 1864 2770 Aristot.‚

1020 2786 1045 2808 11.
1062 2786 1152 2807 Elench.
1169 2790 1188 2806 c.
1206 2784 1226 2806 3.
1246 2784 1275 2809 (c.
1291 2782 1351 2811 22.):
1369 2783 1395 2805 Hi
1413 2788 1494 2805 omnes
1511 2788 1555 2804 non
1572 2782 1602 2805 ad
1620 2782 1747 2805 orationem
1761 2778 1797 2811 [ὄυ
1810 2779 1865 2811 πρὸς

1021 2822 1059 2846 τὸν
1076 2823 1161 2853 λόγον’,
1188 2822 1225 2845 ed.
1249 2821 1429 2844 Firmin-Didot:
1455 2821 1485 2843 ad
1509 2820 1754 2850 argumentationem,
1777 2820 1818 2842 sed
1834 2820 1864 2843 ad

1021 2862 1137 2885 hominem
1155 2862 1253 2883 solvunt.
1270 2860 1316 2883 Csr.
1336 2863 1389 2883 tom.
1407 2861 1422 2883 1.
1440 2866 1494 2888 pag.
1512 2860 1569 2888 431,
1585 2862 1637 2882 nota
1654 2860 1675 2881 6.
