2296 3316
314 369 406 389 Secundo.

338 555 407 574 Tertio.

281 1209 308 1227 De
322 1208 411 1230 secundo,

294 1232 313 1250 in
325 1232 356 1250 via
370 1237 413 1250 con-

293 1255 414 1274 5111011111]πί-

293 1279 374 1302 pliciter.

338 1302 408 1321 Primo.

315 1395 409 1415 Secundo.

339 1629 409 1648 Tertio.

304 1911 332 1930 De
345 1910 408 1932 tertio,

281 1934 300 1953 in
307 1935 337 1953 via
346 1938 410 1958 super-

281 1963 313 1977 ero
326 1958 410 1976 ationum

280 1982 318 2005 trip
326 1981 388 2000 iciter.

340 2004 410 2023 Primo.

314 2146 409 2165 Secundo.

428 188 484 217 584

425 265 459 294 ad
480 264 627 301 populum:
648 274 661 289 ιτ
676 263 825 300 Usquequo
846 260 1005 291 claudicatis
1025 260 1053 289 in
1067 259 1137 289 duas
1158 260 1270 297 partes?

426 312 452 341 Si
473 311 607 340 Dominus
621 313 662 339 est
679 310 766 343 Deus,
789 308 935 346 sequimini
951 316 1031 341 eum;
1047 308 1068 336 si
1086 310 1180 336 autem
1195 306 1270 341 Baal,

425 357 570 395 sequimini
592 356 671 384 illum
687 367 713 383 n.
729 371 767 376 —
782 354 832 383 Per
853 354 1008 383 caritatem
1022 354 1049 382 in
1064 353 1180 386 affectu;
1197 353 1270 381 tertii

425 405 528 441 Regum
550 403 655 432 decimo
682 404 799 439 quarto,
827 401 912 430 verba
942 400 1024 429 Ahiae
1045 400 1079 429 ad
1110 400 1270 428 leroboam:

431 463 443 476 a.
458 451 516 479 Non
536 449 612 479 fuisti
640 449 712 478 sicut
732 456 831 477 servus
858 455 937 477 meus
958 446 1061 482 David,
1082 446 1130 484 qui
1158 448 1272 475 secutus

425 501 466 527 est
481 505 524 526 me
544 497 571 525 in
586 499 643 525 toto
664 495 746 524 corde
760 503 825 528 suo,
846 494 948 523 iaciens
962 493 1037 531 quod
1052 493 1182 531 placitum
1200 496 1272 522 esset

425 545 453 574 in
473 546 621 580 conspectu
642 550 704 571 meo
718 553 731 567 n
757 544 808 570 etc.
825 557 861 562 —
873 542 923 570 Per
944 541 1134 577 obedientiam
1155 540 1182 569 in
1207 540 1272 570 effe-

426 595 488 625 ctu;
511 590 556 619 lob
573 589 706 627 vigesimo
727 589 809 618 tertio
822 589 844 616 ¹:
865 588 1009 625 «Vestigia
1030 588 1090 617 eius
1104 590 1217 617 secutus
1231 590 1274 617 est

425 646 473 675 pes
493 645 580 666 meus.
602 636 681 665 Viam
708 636 769 665 eius
790 635 925 664 custodivi
947 638 974 664 et
998 643 1052 663 non
1074 634 1207 664 declinavi
1235 642 1272 663 ex

425 693 464 714 ea.
496 686 515 713 Α
543 683 678 713 mandatis
709 683 846 712 labiorum
869 683 930 711 eius
961 690 1016 711 non
1048 681 1177 711 recessi»
1203 685 1272 715 etc.;

424 731 531 760 loannis
551 730 672 760 decimo:
699 742 712 756 (ι
727 730 796 759 Cum
818 729 946 767 proprias
959 737 1025 758 oves
1046 729 1184 763 emiserit,
1199 728 1274 757 vadit

424 781 487 807 ante
518 786 579 813 eas,
611 780 639 807 et
665 785 731 806 oves
762 785 827 806 eum
855 779 1027 813 sequuntur,
1059 776 1125 812 quia
1155 775 1273 805 audiunt

425 833 519 854 vocem
550 825 610 854 eius
631 836 658 852 »i
688 840 724 845 -
753 824 915 861 Sequuntur
946 831 1012 860 ergo
1044 823 1191 851 Dominum
1223 830 1273 860 per

423 872 526 909 fidem,
548 880 598 909 per
619 871 772 900 caritatem
794 874 820 899 et
835 878 885 907 per
906 869 1114 904 obedientiam,-
1128 870 1194 907 quia
1215 870 1274 899 sine

425 920 468 948 his
488 919 583 948 nullus
604 919 747 956 sequitur;
769 917 802 946 ad
824 917 933 946 Galatas
953 917 1069 954 quinto:
1095 917 1149 945 «111
1164 916 1274 946 Christo

424 966 497 995 enim
530 966 589 995 Iesu
620 973 711 1002 neque
743 964 916 993 circumcisio
948 964 1052 1001 aliquid
1079 964 1152 992 valet
1184 971 1274 1001 neque

424 1012 618 1050 praeputium,
647 1011 694 1040 sed
722 1011 802 1045 fides,
831 1018 903 1048 quae
925 1019 974 1048 per
1002 1011 1145 1039 caritatem
1177 1018 1274 1048 opera-

425 1063 471 1088 tur
487 1071 512 1087 ».
535 1074 572 1080 —
598 1058 684 1087 Fides
712 1058 824 1095 quidem
852 1060 994 1094 aspectum
1020 1057 1129 1094 dirigit,
1161 1057 1274 1085 caritas

424 1106 552 1134 affectum
572 1105 703 1139 attrahit,
725 1104 855 1141 operatio
875 1104 1003 1133 effectum
1025 1104 1144 1133 deducit.

504 1152 530 1181 3.
553 1152 715 1189 Sequuntur
730 1159 796 1188 ergo
816 1151 962 1180 Dominum
978 1159 1042 1179 cum
1057 1150 1210 1188 discipulis
1225 1158 1275 1187 per

425 1203 567 1228 *montana
588 1198 796 1232 consiliorum,
819 1201 846 1227 et
867 1198 919 1227 hoc
948 1198 1093 1234 tripliciter
1121 1197 1274 1226 secundum

427 1247 529 1283 triplex
545 1246 706 1276 consilium:
729 1254 778 1282 per
793 1245 896 1274 caruis
910 1244 1165 1281 mortificationem
1179 1247 1276 1273 contra

426 1293 676 1330 concupiscentiam
691 1293 795 1327 carnis;
817 1292 945 1321 Matthaei
959 1292 1066 1321 decimo
1078 1292 1100 1320 2:
1128 1304 1141 1317 «
1153 1292 1204 1328 Qui
1221 1299 1275 1320 non

426 1341 524 1378 accipit
545 1348 657 1369 crucem
679 1348 758 1369 suam
773 1343 800 1369 et
821 1339 949 1377 sequitur
970 1346 1014 1367 me
1035 1347 1089 1367 non
1110 1341 1152 1367 est
1173 1346 1217 1367 me
1235 1338 1275 1366 di-

426 1396 498 1425 gnus
512 1400 539 1416 ».
552 1404 589 1408 -
605 1388 654 1416 Per
669 1387 873 1425 temporalium
891 1386 1077 1415 dimissionem
1101 1389 1197 1415 contra
1211 1393 1276 1414 con-

427 1435 625 1472 cupiscentiam
645 1434 806 1468 oculorum;
822 1433 949 1462 Matthaei
971 1433 1077 1462 decimo
1091 1441 1176 1467 nono,
1192 1432 1275 1461 Marci

427 1482 548 1516 decimo,
570 1482 659 1511 Lucae
672 1481 778 1510 decimo
793 1484 904 1509 octavo:
925 1492 938 1505 «
950 1480 975 1508 Si
992 1480 1033 1508 vis
1047 1479 1187 1517 perfectus
1201 1487 1274 1513 esse,

428 1528 495 1557 vade
516 1532 543 1557 et
564 1528 651 1557 vende
670 1528 777 1561 omnia,
798 1535 870 1564 quae
885 1527 983 1561 habes,
998 1530 1025 1555 et
1038 1526 1073 1555 da
1088 1526 1274 1563 pauperibus,

428 1579 454 1604 et
482 1575 596 1603 habebis
624 1575 787 1603 thesaurum
816 1575 842 1602 in
865 1574 955 1607 caelo,
977 1576 1004 1601 et
1029 1573 1089 1601 veni
1109 1576 1136 1601 et
1157 1580 1275 1609 sequere

427 1629 471 1650 me
486 1634 512 1649 2.
529 1637 565 1642 —
589 1622 639 1650 Per
657 1621 800 1658 propriae
821 1620 979 1649 voluntatis
1001 1619 1187 1648 abiectionem
1209 1627 1273 1647 con-

427 1670 470 1696 tra
491 1668 649 1704 superbiam
671 1667 758 1701 vitae;
781 1667 908 1695 Matthaei
937 1666 1043 1695 decimo
1063 1669 1143 1695 sexto
1158 1666 1184 1693 ³:
1212 1677 1226 1691 <r
1248 1665 1274 1694 Si

426 1714 489 1751 quis
504 1715 564 1743 vult
578 1717 639 1751 post
653 1722 697 1742 me
719 1714 828 1748 venire,
849 1714 966 1750 abneget
980 1713 1159 1750 semetipsum
1182 1716 1209 1741 et
1224 1713 1275 1741 tol-

426 1761 463 1789 lat
491 1769 602 1790 crucem
633 1768 712 1789 suam
741 1764 768 1789 et
799 1763 933 1797 sequatur
963 1767 1056 1793 me»;
1088 1762 1115 1788 et
1146 1759 1274 1788 Matthaei

427 1811 532 1837 octavo.

504 1855 530 1883 ιί.
553 1855 715 1892 Sequuntur
736 1854 837 1883 iterum
861 1854 1007 1883 Dominum
1028 1861 1092 1883 cum
1113 1853 1274 1890 Apostolis,

426 1909 476 1939 per
497 1901 688 1930 excellentiam
717 1901 1007 1938 supererogationum,
1029 1904 1056 1929 et
1084 1901 1136 1929 hoc
1161 1900 1275 1937 triplici-

427 1952 486 1978 ter:
508 1957 557 1986 per
578 1949 770 1978 excellentiam
789 1949 933 1986 puritatis
955 1956 1017 1977 cum
1040 1947 1223 1985 virm-nibus,
1241 1947 1275 1976 de

427 1996 530 2033 quibus
551 1996 725 2033 Apocalypsis
744 1995 850 2024 decimo
871 1997 1009 2032 quart0⁴:
1036 2006 1049 2019 «
1069 1994 1098 2022 Hi
1121 1997 1201 2028 sunt,
1226 1993 1275 2031 qui

427 2051 492 2072 cum
513 2043 678 2072 mulieribus
699 2051 754 2071 non
775 2046 839 2071 sunt
861 2042 1043 2079 coinquinati,
1066 2042 1186 2079 virgines
1200 2041 1274 2070 enim

427 2092 507 2125 sunt;
530 2090 558 2119 hi
586 2093 743 2127 sequuntur
771 2090 892 2126 Agrium,
914 2097 1092 2126 quocumque
1114 2089 1214 2117 ierit».
1238 2104 1274 2109 —-

427 2137 478 2166 Per
491 2137 684 2166 excellentiam
695 2136 852 2174 probitatis
866 2144 929 2165 cum
947 2137 966 2164 Α
971 2136 1103 2173 postolis,
1122 2136 1170 2173 qui
1187 2147 1199 2160 α
1212 2143 1276 2172 pro-

426 2183 488 2212 fecti
511 2183 614 2220 ubique
642 2183 888 2220 praedicaverunt,
910 2182 1027 2210 Domino
1054 2185 1220 2218 cooperante
1248 2184 1276 2210 et

426 2238 581 2260 sermonem
610 2230 790 2259 confirmante
818 2229 998 2267 sequentibus
1024 2229 1150 2266 signis».
1176 2229 1276 2258 Huius-

426 2277 500 2306 modi
513 2277 596 2315 sequi
613 2277 764 2314 figuratum
779 2280 820 2305 est
839 2276 920 2313 primi
940 2277 1044 2313 Regum
1065 2276 1171 2304 decimo
1192 2284 1276 2312 quar-

427 2324 492 2358 105,
523 2324 630 2353 dicente
656 2335 670 2349 «
694 2324 807 2352 Ionatha
837 2323 871 2352 ad
899 2323 1068 2360 armigerum
1097 2331 1200 2352 suum:
1230 2324 1276 2351 Se-

912 180 1138 211 COLLATIONES
1161 180 1193 209 ΙΝ
1214 180 1361 209 ΙΟΑΝΝΕΜ
1381 179 1450 208 CAP.
1472 179 1503 208 X.
1526 178 1619 208 COLL.
1642 179 1693 208 XL.

1327 265 1414 295 quere
1441 264 1485 286 me
1504 267 1535 291 »ς
1564 261 1591 286 et
1621 257 1749 294 sequitur
1777 257 1895 292 ibidem,
1923 258 1989 295 quia
2023 259 2180 288 «ascendit

1327 305 1454 334 Ionathas
1468 307 1565 333 contra
1579 304 1724 333 stationem
1739 304 1983 340 Philisthinorum,
2004 305 2133 335 manibus
2153 309 2181 336 et

1328 350 1444 387 pedibus
1459 353 1584 386 reptans,
1599 353 1626 379 et
1639 350 1761 387 armiger
1775 350 1835 379 eius
1856 353 1918 388 post
1938 359 2003 380 eum
2021 363 2048 380 ».
2071 368 2108 373 —-
2130 353 2180 382 Per

1327 397 1519 426 imitationem
1531 397 1681 434 passionis
1695 405 1760 426 cum
1775 397 1977 435 Martyribus;
1990 399 2096 435 primae
2108 400 2179 429 Petri

1329 444 1488 473 secundo⁶:
1515 444 1668 473 «Christus
1688 452 1787 482 passus
1807 447 1849 473 est
1869 452 1920 482 pro
1934 445 2022 481 nobis,
2043 446 2122 476 vobis
2136 455 2180 476 re-

1329 491 1457 528 linquens
1478 492 1655 528 exemplum,
1670 494 1702 520 ut
1724 491 1877 528 sequamini
1892 491 2007 529 vestigia
2027 492 2088 522 eius
2102 504 2133 528 »;
2152 496 2180 523 et

1329 538 1436 567 loannis
1460 538 1592 575 vigesimo
1616 538 1708 575 primo
1734 538 1806 567 dixit
1832 538 1965 568 Dominus
1985 539 2080 569 Petro:
2107 552 2121 565 «
2132 541 2179 570 Se-

1329 593 1416 622 quere
1431 592 1516 619 me»;
1537 587 1565 613 et
1585 585 1657 614 infra.
1677 585 1711 615 de
1732 585 1844 614 loanne:
1871 586 1940 615 «Sic
1958 594 2022 616 eum
2037 587 2099 616 volo
2121 596 2179 616 ma-

1329 640 1409 666 nere,
1424 632 1510 661 donec
1525 632 1649 666 veniam;
1665 632 1732 670 quid
1746 633 1779 661 ad
1796 636 1840 662 te?
1855 634 1896 662 Tu
1911 641 1955 663 me
1969 641 2087 671 sequere
2101 646 2129 664 ι».
2142 651 2179 656 -

1329 680 1491 716 Sequuntur
1512 686 1579 716 ergo
1600 679 1747 708 Dominum
1769 688 1819 717 per
1840 680 2023 709 obedientiam
2039 681 2180 710 mandato-

1330 733 1394 754 rum
1415 733 1479 754 cum
1501 725 1612 760 turbis,
1635 733 1684 763 per
1705 726 1884 756 eminentiam
1908 727 2087 757 consiliorum
2113 735 2177 757 cum

1329 772 1502 809 discipulis,
1524 780 1574 810 per
1595 773 1788 802 excellentiam
1810 775 2088 812 supererogationurn
2115 783 2179 804 cum

1332 818 1485 856 Apostolis.

1410 867 1435 894 5.
1452 866 1535 901 Nota,
1550 866 1624 904 quod
1645 870 1712 896 sunt
1726 867 1854 904 quidam,
1875 868 1923 905 qui
1938 869 2016 906 sequi
2032 869 2180 898 Dominum

1330 912 1433 941 nolunt
1460 929 1496 933 —
1521 916 1587 942 sunt
1614 914 1662 951 qui
1688 914 1838 951 myliyum
1862 931 1898 936 -
1921 918 1948 944 et
1969 919 2034 945 sunt
2055 916 2103 953 qui
2125 924 2180 945 non

1327 963 1460 997 possunt.
1476 961 1595 989 —Sunt
1609 964 1702 989 autem
1723 960 1779 989 duo
1793 961 2003 998 impedimenta,
2025 970 2097 999 quae
2118 963 2180 992 red-

1329 1007 1400 1035 dunt
1428 1007 1553 1036 homines
1583 1007 1716 1036 nolentes.
1746 1008 1867 1036 Primum
1899 1016 1985 1036 amor
2012 1009 2178 1046 praesentis

1329 1054 1553 1091 prosperitatis,
1582 1054 1629 1091 qui
1651 1055 1752 1083 avertit
1780 1055 1875 1090 illum,
1903 1054 1937 1084 de
1965 1063 2021 1093 quo
2049 1056 2177 1085 Matthaei

1331 1100 1437 1129 decimo
1457 1101 1561 1135 1101107,
1583 1102 1666 1130 Marci
1686 1101 1805 1136 decimo,
1827 1102 1916 1131 Lucae
1943 1101 2050 1131 decimo
2070 1105 2180 1137 octavo,

1331 1155 1394 1176 cum
1416 1147 1487 1176 dixit
1509 1148 1657 1177 Dominus:
1684 1159 1696 1173 α
1713 1148 1786 1177 Vade
1807 1151 1834 1177 et
1856 1149 1944 1178 vende
1964 1152 2031 1184 etc.‚
2053 1152 2081 1178 et
2101 1150 2180 1184 veni,

1331 1202 1449 1232 sequere
1463 1202 1515 1223 me.
1532 1196 1563 1223 At
1577 1195 1622 1224 ille
1637 1195 1704 1224 abiit
1720 1195 1822 1230 tristis;
1838 1198 1898 1225 erat
1912 1196 1985 1225 enim
2001 1196 2103 1225 multas
2117 1204 2180 1233 pos-

1332 1242 1467 1271 sessiones
1488 1242 1594 1271 habens
1608 1254 1635 1270 »i
1655 1259 1692 1263 —
1714 1242 1871 1271 Secundum
1893 1246 1934 1272 est
1956 1243 2044 1272 timor
2057 1242 2181 1281 futurae

1332 1289 1535 1323 adversitatis,
1557 1289 1604 1326 qui
1626 1289 1726 1318 avertit
1748 1289 1808 1318 illos
1836 1290 1938 1327 quibus
1966 1289 2068 1318 iuravit
2089 1290 2181 1319 Domi-

1332 1343 1385 1364 nus
1407 1336 1591 1365 Numerorum
1614 1336 1755 1373 trigesimo
1776 1336 1934 1365 secundo⁸2
1961 1348 1975 1362 α
2000 1337 2025 1365 Si
2048 1336 2180 1366 videbunt

1332 1382 1458 1411 homines
1480 1382 1536 1417 isti,
1558 1383 1606 1420 qui
1637 1383 1822 1412 ascenderunt
1849 1392 1885 1412 ex
1908 1384 2027 1421 Aegypto
2047 1392 2064 1412 a
2085 1383 2179 1421 viginti

1331 1429 1410 1457 annis
1430 1432 1457 1457 et
1478 1437 1579 1466 supra,
1602 1432 1718 1464 terram,
1733 1438 1816 1467 quam
1832 1430 1885 1459 sub
1899 1430 2056 1459 iuramento
2076 1431 2181 1468 pollici-

1332 1478 1377 1504 tus
1398 1483 1461 1504 sum
1482 1476 1636 1510 Abraham,
1659 1477 1731 1506 Isaac
1752 1479 1780 1506 et
1801 1477 1894 1512 Iacob;
1916 1480 1943 1506 et
1963 1477 2115 1507 noluerunt
2139 1486 2181 1507 se-

1332 1523 1378 1560 qui
1411 1531 1454 1552 me
1482 1526 1593 1560 praeter
1621 1524 1718 1557 Caleb,
1744 1524 1833 1553 filium
1865 1524 2001 1561 lephone,
2027 1528 2055 1554 et
2086 1525 2180 1560 losue,

1331 1569 1419 1598 filium
1434 1569 1508 1604 Nun;
1523 1569 1568 1598 isti
1583 1570 1770 1607 impleverunt
1784 1571 1954 1599 voluntatem
1970 1579 2059 1600 meam
2071 1583 2098 1601 ι»,
2114 1571 2182 1600 Nota

1331 1624 1442 1645 causam
1465 1617 1491 1645 111
1514 1617 1638 1646 historia.

1410 1664 1435 1691 6.
1459 1664 1528 1692 Sunt
1549 1664 1675 1693 similiter
1702 1664 1758 1693 duo
1779 1664 1989 1702 impedimenta,
2018 1673 2090 1703 quae
2117 1666 2180 1695 red-

1330 1711 1400 1739 dunt
1421 1711 1547 1740 homines
1567 1712 1748 1749 ueyliyentes.
1771 1712 1893 1741 Primum
1916 1715 1958 1741 est
1978 1711 2091 1751 affectio
2112 1721 2180 1742 car-

1330 1757 1425 1792 nalis,
1447 1766 1519 1795 quae
1546 1762 1658 1787 notatur
1681 1759 1707 1787 in
1736 1759 1798 1793 illo,
1819 1759 1853 1788 de
1881 1767 1937 1796 quo
1965 1760 2054 1789 Lucae
2075 1768 2148 1789 nono
2159 1760 2179 1795 ⁹,

1331 1805 1375 1834 cui
1397 1805 1469 1834 dixit
1489 1806 1638 1835 Dominus:
1665 1817 1678 1831 «
1694 1807 1816 1843 Sequere
1836 1814 1888 1835 me.
1914 1806 1958 1836 ille
1979 1810 2072 1836 autem
2092 1807 2179 1836 dixit:

1332 1852 1459 1887 Domine,
1473 1853 1591 1887 dimitte,
1603 1861 1648 1882 me
1660 1853 1780 1890 primum
1797 1854 1914 1890 sepelire
1925 1857 2032 1891 patrem
2046 1862 2140 1884 meum
2152 1867 2179 1883 ».

1332 1899 1363 1927 Et
1384 1902 1464 1933 nota,
1486 1899 1553 1936 quid
1575 1900 1710 1929 Dominus
1730 1900 1802 1929 dixit
1823 1900 1870 1929 illi.
1894 1917 1930 1921 —
1953 1901 2110 1930 Secundum
2139 1905 2181 1931 est

1330 1946 1493 1974 sollicitudo
1515 1947 1700 1983 temporalis,
1723 1955 1794 1984 quae
1815 1951 1928 1976 notatur
1949 1948 1977 1977 in
1996 1949 2055 1983 illo,
2077 1949 2111 1978 de
2124 1957 2181 1987 quo

1331 1993 1426 2021 eodem
1449 1993 1537 2022 Lucae
1558 2002 1646 2028 nono,
1668 1994 1715 2031 qui
1736 1994 1808 2022 dixit
1829 1994 1961 2023 Domino:
1989 2006 2003 2021 «
2018 1996 2123 2032 Sequar
2138 1998 2180 2029 te,

1332 2040 1459 2074 Domine;
1482 2040 1529 2069 sed
1558 2041 1681 2077 primum
1709 2042 1854 2078 permitte,
1877 2050 1920 2071 me
1949 2043 2110 2072 renuntiare
2137 2042 2181 2071 his

1331 2096 1403 2125 quae
1423 2088 1496 2116 domi
1525 2091 1598 2117 sunt.
1627 2089 1668 2117 Ait
1689 2089 1723 2117 ad
1745 2089 1823 2118 illum
1846 2089 1936 2118 Iesus:
1959 2090 2042 2119 Nemo
2069 2090 2181 2119 mittens

1333 2142 1446 2163 manum
1468 2135 1501 2163 ad
1522 2138 1648 2164 aratrum
1664 2148 1678 2161 »
1703 2138 1755 2165 etc.

1412 2183 1437 2209 7.
1459 2182 1529 2210 Sunt
1550 2182 1676 2211 similiter
1704 2182 1760 2211 duo
1787 2183 1998 2220 impedimenta,
2020 2191 2092 2220 quae
2117 2183 2181 2212 red-

1332 2229 1402 2257 dunt
1431 2229 1557 2258 homines
1586 2230 1761 2267 impotentes.
1784 2230 1906 2259 Primum
1935 2233 1976 2259 est
2000 2230 2181 2267 perversitas

1333 2276 1513 2310 intentionis,
1546 2284 1618 2313 quae
1652 2276 1765 2313 impedit
1799 2285 1978 2314 progressum
2010 2275 2179 2315 affectionis.

1334 2323 1490 2352 Secundum
1523 2326 1565 2352 est
1600 2323 1761 2360 infirmitas
1795 2323 1928 2358 virtutis,
1959 2331 2031 2361 quae
2066 2323 2181 2361 impedit

490 2540 497 2553 ¹
518 2541 582 2563 Vers.
608 2542 642 2563 ll.
666 2547 714 2570 seq.
732 2554 762 2558 —
779 2541 883 2564 Subinde
907 2542 1034 2569 allegantur
1060 2542 1120 2564 loan.
1144 2542 1184 2570 10,
1207 2541 1229 2564 4.
1252 2544 1274 2564 et
1301 2542 1304 2595 ι

429 2580 476 2603 Gal.
495 2581 521 2608 5,
539 2581 560 2603 6.

490 2618 499 2631 ²
519 2620 584 2642 Vers.
601 2620 638 2642 38,
656 2632 687 2636 —
704 2621 837 2649 Sequuntur
862 2621 938 2643 Matth.
963 2621 1003 2647 19,
1021 2621 1063 2648 21;
1082 2621 1148 2643 Marc.
1176 2620 1213 2647 10,
1236 2620 1275 2642 21.

428 2661 450 2680 et
466 2659 521 2681 Luc.
539 2658 581 2685 18,
599 2659 636 2680 22.

490 2695 500 2709 ³
518 2698 584 2720 Vers.
604 2697 649 2725 24;
666 2698 772 2727 sequitur
789 2699 815 2725 8,
835 2699 919 2726 19-22,
936 2698 977 2721 11111
993 2698 1083 2721 scribae
1105 2698 1221 2721 Christum
1239 2704 1275 2721 se-

429 2736 469 2764 qui
494 2736 580 2758 volenti
604 2736 674 2759 dicit:
699 2737 781 2767 Vulpes
798 2737 879 2767 foreas
903 2737 989 2761 habent
1004 2740 1055 2766 etc.,
1072 2740 1094 2760 et
1116 2737 1192 2766 alteri,
1209 2741 1275 2765 patre

428 2775 557 2803 insepulto,
574 2775 620 2798 ait:
638 2775 740 2805 Sequere
756 2782 804 2804 me,
825 2778 846 2800 et
863 2775 954 2800 dimitte
970 2778 1078 2800 mortuos
1095 2779 1140 2799 etc.

492 2812 502 2825 ⁴
520 2815 585 2836 Vers.
598 2814 619 2837 4.
631 2826 661 2831 —-
674 2814 776 2837 Subinde
793 2816 905 2844 allegatur
922 2816 991 2839 Marc.
1005 2816 1048 2844 16,
1060 2816 1102 2838 20:
1117 2815 1221 2845 Profecti
1231 2818 1273 2838 etc.

491 2851 501 2864 ⁵
520 2854 584 2875 Vers.
602 2854 639 2876 12.
656 2856 678 2876 et
699 2854 731 2876 13.

490 2889 501 2903 ⁸
518 2892 584 2914 Vers.
602 2892 639 2914 21.
656 2904 687 2909 —
705 2892 807 2915 Subinde
824 2893 935 2921 allegatur
952 2895 1012 2917 ioan.
1030 2894 1068 2922 2l,
1086 2894 1122 2922 19,
1140 2896 1162 2916 et
1179 2894 1216 2916 22.

492 2929 501 2942 ²
518 2931 584 2953 Vers.
602 2932 643 2958 21,
660 2937 722 2960 seq.;
739 2932 807 2954 Marc.
829 2933 866 2959 10,
884 2933 922 2955 21.
938 2939 1000 2961 seq.;
1018 2933 1072 2955 Luc.
1092 2933 1133 2960 18,
1151 2933 1187 2955 22.
1205 2933 1243 2955 23.

491 2969 501 2982 ⁸
518 2971 584 2993 Vers.
600 2971 635 2993 11.
647 2973 669 2993 et
684 2971 718 2993 12.
727 2984 757 2987 -
768 2970 858 2994 Causas
870 2971 983 2995 historiae
995 2972 1048 2995 vide
1060 2972 1116 2994 ibid.
1129 2979 1151 2994 v.
1165 2972 1185 2994 1.
1198 2978 1275 3001 seqq.‚

1331 2540 1370 2563 ubi
1389 2545 1506 2569 narratur,
1524 2540 1582 2563 filios
1594 2541 1676 2563 Ruben
1688 2544 1710 2563 et
1727 2541 1776 2563 Gad
1794 2543 1816 2563 et
1833 2541 1954 2563 dimidiam
1966 2540 2052 2563 tribum
2065 2541 2179 2569 Manasse,

1331 2579 1455 2608 pecoribus
1471 2579 1629 2608 abundantes,
1641 2580 1671 2602 ad
1683 2580 1776 2608 Moysen
1796 2580 1933 2607 accessisse,
1951 2580 2113 2608 deprecantes,
2132 2588 2143 2599 α
2156 2583 2181 2602 111

1331 2619 1372 2642 des
1389 2619 1457 2642 nobis
1474 2620 1564 2641 famulis
1581 2619 1626 2642 tuis
1642 2625 1693 2642 eam
1713 2619 1808 2649 [terram
1825 2620 1885 2641 iazer
1902 2622 1924 2642 et
1940 2619 2038 2649 Galaad]
2054 2620 2077 2642 111
2092 2625 2181 2648 posses-

1331 2659 1419 2681 sionem
1431 2664 1474 2681 nec
1485 2658 1555 2681 facias
1567 2665 1608 2681 nos
1620 2659 1716 2681 transire
1733 2659 1861 2681 lordanem.
1879 2658 1969 2687 Quibus
1982 2659 2102 2687 respondit
2118 2658 2181 2686 Moy-

1330 2704 1383 2720 ses:
1401 2697 1509 2726 Nunquid
1524 2698 1604 2720 iratres
1621 2698 1691 2720 vestri
1709 2697 1776 2720 ibunt
1792 2698 1822 2720 ad
1838 2704 1951 2726 pugnam,
1968 2700 1991 2720 et
2007 2704 2050 2720 vos
2064 2697 2100 2720 bic
2117 2696 2180 2719 sede-

1332 2736 1400 2759 bitis?
1412 2736 1458 2759 Cur
1469 2736 1603 2759 subvertitis
1615 2739 1704 2759 mentes
1716 2737 1815 2759 filiorum
1833 2737 1913 2764 lsrael,
1924 2743 1954 2759 ne
1971 2736 2068 2759 transire
2079 2735 2180 2758 audeant

1331 2776 1355 2798 in
1372 2776 1461 2803 locum,
1478 2781 1549 2805 quem
1561 2776 1594 2798 eis
1606 2776 1702 2798 daturus
1719 2778 1753 2798 est
1765 2776 1877 2798 Dominus
1886 2776 1920 2798 ἶ)...
1937 2774 2044 2804 Cumque
2064 2774 2180 2797 venissent

1333 2820 1407 2843 usque
1429 2814 1459 2837 ad
1485 2815 1572 2837 Vallem
1595 2814 1667 2841 botri,
1688 2815 1781 2837 lustrata
1798 2814 1862 2837 omni
1879 2814 1988 2842 regione,
2014 2813 2179 2836 subverterunt

1333 2859 1372 2876 cor
1394 2853 1494 2876 filiorum
1517 2854 1598 2881 lsrael,
1615 2856 1640 2876 ut
1656 2860 1703 2876 non
1721 2854 1832 2876 intrarent
1849 2853 1919 2881 flues,
1936 2859 1995 2882 quos
2017 2853 2051 2876 eis
2068 2852 2180 2875 Dominus

1332 2893 1395 2915 dedit
1407 2902 1428 2915 n.

1394 2930 1404 2944 9
1423 2933 1486 2955 Vers.
1510 2932 1548 2955 59.
1569 2932 1615 2955 Csr.
1638 2938 1708 2961 supra
1731 2935 1784 2955 nota
1803 2933 1824 2955 3.
1844 2945 1872 2948 -
1891 2932 1999 2961 Sequitur
2017 2932 2070 2954 Luc.
2094 2931 2119 2959 9,
2141 2931 2178 2953 61.

1332 2974 1354 2994 et
1371 2972 1409 2994 62.

2195 357 2265 380 Tertio.

2200 873 2243 893 Tria
2254 868 2295 898 genis

2196 902 2233 916 non
2246 902 2296 922 seque.

2196 920 2249 940 1111111.

2209 967 2277 991 Primo,
2287 977 2290 984 .

2197 990 2262 1010 nolunt
2268 995 2295 1011 se»

2196 1014 2220 1032 ob
2238 1014 2250 1033 2
2264 1013 2296 1034 111111

2196 1037 2284 1058 dimeuia.

2225 1669 2270 1689 item
2283 1674 2290 1688 ε

2196 1693 2266 1716 cundo,
2279 1697 2290 1717 11

2197 1717 2292 1741 negligunt

2205 2185 2251 2204 leem
2262 2185 2293 2204 ten

2197 2208 2293 2251 :ew
