2296 3316
1 443 3 447 ¹
31 417 127 458 kQuomodo

31 477 32 482 ¹
39 456 122 483 Christus

30 481 119 512 laevem.

30 550 31 559 l

24 561 96 595 d’rimo,
110 572 130 591 in

27 596 130 626 {aedicatio-

29 627 40 640 i.

26 1131 91 1154 cundo,
104 1131 124 1150 in

25 1159 107 1175 musione.

19 1785 89 1808 ‘Tei-tio,
96 1785 123 1813 ¹iu

21 1811 122 1828 isurrectio-

30 2287 123 2311 Quomodo

14 2310 124 2330 Christianus

13 2334 77 2354 debeat
86 2340 125 2355 cre-

14 2362 68 2377 zuei-e.

623 159 849 189 COLLATIONES
870 160 902 188 IN
924 159 1070 188 IOANNEM
1091 159 1160 188 CAP.
1183 159 1223 188 111.
1244 159 1336 188 COLL.
1360 160 1424 189 Xlll.

144 239 261 269 dicitur:
273 239 360 268 Illum
371 242 481 276 oportet
491 247 626 268 creseere.
640 255 675 259 —
688 238 813 267 Secundo
825 237 990 275 proponitur
1017 237 1020 278 Ι

144 286 223 315 nobis
242 286 367 314 minutio
382 285 503 314 loannis
525 285 552 314 in
567 285 726 322 exemplum
745 283 939 318 numilitatis,
958 286 991 312 ut

144 333 282 362 discamus
302 340 362 361 esse
382 332 539 361 humilitate
560 332 647 369 parvi.

223 380 249 408 2.
276 379 346 407 Dicit
373 386 455 416 ergo:
483 378 570 407 Illum
599 381 709 416 oportet
739 386 873 406 crescere.
905 378 989 412 Nota,

143 425 218 463 quod
238 425 326 454 crevit
339 424 467 454 Christus
488 425 516 453 in
535 425 617 453 bonis
631 424 839 461 spiritualibus
853 427 990 461 quantum

142 472 177 501 ad
204 471 369 501 evidentiam
395 471 482 508 magis
507 479 591 508 quam
605 472 615 488 1
643 473 780 508 quantum
805 470 839 498 ad
867 470 990 499 existen-

143 519 222 553 tiam,
243 518 331 547 crevit
345 518 373 546 in
389 519 623 555 praedicatione,
646 518 674 546 in
692 517 831 555 passione
855 520 883 546 et
897 517 923 545 in
945 526 990 545 re-

141 565 328 594 surrectione.
345 581 381 585 —
398 565 425 593 ln
443 565 664 602 praedieatione
685 564 773 593 crevit
794 566 930 600 quantum
956 563 990 592 ad

141 611 325 640 ostensionem
339 611 471 639 veritatis
479 622 489 644 ;
501 611 589 639 Lucae
604 610 758 639 secundo2:
775 622 788 635 «
800 610 871 638 Puer
883 618 990 639 cresce-

142 658 189 687 bat
202 661 230 687 et
244 657 461 691 confortabatur,
482 657 581 694 plenus
603 657 745 694 sapientia,
760 659 788 685 et
802 657 921 693 Spiritus
941 657 989 685 Dei

142 708 202 734 erat
230 705 256 733 in
285 704 380 738 illo»;
409 704 500 741 primo
527 704 632 740 Regum
662 703 762 732 tertio:
793 703 913 732 «Crevit
943 704 990 732 Sa-

141 752 229 786 muel,
251 754 278 780 et
299 751 434 780 Domlaus
464 753 524 780 erat
555 758 618 779 cum
641 758 689 784 eo,
711 753 738 779 et
759 758 812 779 non
835 750 933 780 cecidit
956 750 991 780 de

141 798 270 827 omnibus
290 798 384 827 verbis
405 798 465 826 eius
486 798 514 826 in
536 799 656 831 terram,
678 800 705 826 et
725 797 854 834 cognovit
877 797 990 826 univer-

141 853 189 874 sus
210 845 308 874 Israel.
330 845 405 882 quod
427 844 537 873 Samuel
566 843 654 873 fidelis
681 847 753 873 esset
780 844 917 882 propheta
936 845 990 873 Do-

140 891 207 920 mini
222 902 250 926 »3
271 891 369 920 Esther
390 891 512 920 decimo:
536 902 550 916 «
564 891 634 919 Fons
654 899 759 928 parvus
780 891 867 920 crevit
888 892 917 920 in
937 891 990 920 flu-

140 939 217 967 vium
238 946 368 976 magnum
384 949 411 973 »;
430 938 505 975 quod
524 938 578 966 fuit
598 938 625 966 in
647 938 850 975 praedicatione
872 938 990 973 Christi,

141 984 294 1014 secundum
316 985 384 1013 illud
406 984 585 1014 Ecclesiastici
608 985 740 1021 vigesimo
761 988 880 1022 quarto:
907 996 920 1010 «
936 985 991 1022 Ego

141 1027 274 1069 sapientia
294 1032 377 1061 effudi
399 1032 517 1060 flumina
531 1043 557 1060 n.

219 1078 245 1107 3.
267 1078 360 1108 Crevit
381 1079 408 1107 in
427 1079 566 1116 passione
586 1081 722 1116 quantum
744 1079 778 1107 ad
803 1079 989 1108 ostensionem

141 1125 286 1154 bonitatis.
309 1126 387 1154 Tunc
408 1126 480 1154 enim
504 1128 655 1162 patuerunt
679 1137 692 1150 «
707 1126 814 1155 viscera
834 1126 990 1156 misericor-

141 1171 201 1200 diae
222 1171 270 1200 Dei
293 1171 396 1205 nostri,
418 1171 446 1200 in
470 1171 573 1208 quibus
604 1172 725 1201 visitavit
756 1180 815 1212 nos·
834 1172 927 1201 oriens
953 1182 990 1202 ex

140 1218 195 1247 alto
209 1218 220 1235 ³
235 1229 263 1253 »3
289 1218 361 1247 sicut
381 1218 448 1247 dicit
468 1218 566 1247 beatus
587 1218 741 1248 Matthaeus
761 1219 868 1248 decimo
889 1220 989 1249 tertio:

145 1266 266 1294 «Simile
296 1268 338 1295 est
369 1273 487 1303 regnum
518 1265 701 1300 caelorum»,
723 1266 749 1294 id
778 1270 819 1295 est
847 1267 989 1303 Christus,

145 1325 159 1338 «
173 1320 259 1350 grano
274 1312 391 1349 sinapis,
407 1311 480 1348 quod
502 1312 639 1349 accipiens
662 1312 744 1341 homo
755 1324 783 1347 »,
799 1313 903 1342 scilicet
916 1314 990 1343 Deus

140 1360 235 1394 Pater,
262 1370 276 1384 «
290 1358 435 1388 seminavit
457 1358 484 1386 in
505 1366 573 1395 agro
596 1366 648 1387 suo
663 1370 690 1393 2»,
712 1358 739 1387 id
760 1362 802 1388 est
823 1359 989 1395 inmundo,

144 1418 158 1432 «
173 1405 247 1443 quod
267 1405 414 1434 minimum
436 1405 548 1442 quidem
575 1407 617 1434 est
644 1405 775 1434 omnibus
795 1406 947 1435 seminibus
962 1418 990 1441 »,

140 1453 333 1490 reputatione;
358 1452 420 1481 talis
451 1452 524 1481 enim
552 1452 604 1481 suit
635 1452 763 1481 Christus
791 1453 818 1481 in
847 1453 988 1490 passione;

144 1511 158 1525 «
173 1508 236 1529 cum
266 1502 360 1528 autem
391 1500 539 1528 creverit»
565 1507 615 1536 per
646 1499 831 1528 ostensionem
860 1500 990 1530 bonitatis

140 1554 221 1581 suae,
248 1558 261 1571 «
276 1546 365 1575 maius
385 1549 427 1575 est
447 1546 577 1575 omnibus
604 1546 728 1575 oleribus
743 1558 770 1581 ι),
793 1546 819 1575 id
845 1550 887 1576 est
911 1547 989 1584 plan-

140 1593 206 1622 tulis
235 1593 441 1630 spiritualibus,
468 1605 481 1618 «
496 1595 523 1622 et
550 1592 581 1621 fit
608 1593 702 1627 arbor,
731 1593 769 1621 ita
799 1597 830 1622 ut
861 1593 990 1626 volucres

140 1640 248 1675 caeli»,
270 1640 297 1668 id
318 1643 359 1669 est
380 1640 487 1668 animae
508 1639 679 1676 spirituales,
703 1651 717 1664 «
732 1640 842 1668 veniant
863 1643 890 1669 et
911 1640 989 1669 habi-

140 1689 199 1716 tent
219 1687 246 1715 in
268 1687 353 1715 ramis
374 1687 434 1716 eius
449 1698 476 1720 »,
499 1686 525 1715 id
546 1690 588 1715 est
608 1686 635 1715 in
657 1686 779 1715 brachiis
806 1687 898 1716 crucis
919 1687 988 1716 eius.

218 1733 244 1761 li.
266 1733 359 1762 Crevit
378 1733 406 1761 in
427 1733 639 1762 resurreetione
669 1736 806 1770 quantum
837 1733 871 1762 ad
897 1737 989 1763 osten-

140 1780 245 1809 sionem
262 1780 421 1817 potestatis.
443 1779 519 1808 Unde
540 1782 603 1817 post
621 1779 856 1809 resurrectionem
871 1780 908 1808 ait
923 1780 989 1808 Mat-

140 1827 213 1856 thaei
242 1827 379 1856 ultim04:
405 1838 418 1852 «
434 1827 503 1855 Data
530 1831 571 1855 est
599 1827 667 1855 mihi
696 1826 785 1855 omnis
813 1830 934 1864 potestas
961 1828 989 1856 in

140 1873 215 1902 caelo
235 1876 263 1902 et
283 1874 311 1902 in
332 1876 408 1902 terra
422 1884 449 1907 »;
471 1873 544 1910 quod
567 1873 719 1910 figuratum
740 1876 782 1902 est
806 1873 927 1902 Danielis
948 1882 990 1903 se-

140 1919 245 1954 cundo,
267 1919 379 1957 quando
393 1920 474 1956 lapis,
494 1931 508 1944 «
522 1919 570 1957 qui
590 1919 730 1956 ,percussit
750 1922 883 1954 statuam,
903 1920 990 1949 crevit

139 1969 167 1995 et
189 1966 283 1996 factus.
306 1969 347 1995 est
374 1974 453 1995 mons
480 1974 598 2003 magnus
625 1969 652 1995 et
679 1966 803 2003 implevit
830 1966 989 1995 universam

140 2015 243 2042 terram
256 2024 282 2040 ».
296 2012 395 2050 Lapis,
407 2012 547 2047 Christus;
562 2016 672 2047 statua,
684 2012 818 2041 diabolus.
832 2013 910 2050 Lapis
924 2021 990 2050 ergo

139 2063 270 2088 statuam
288 2059 436 2096 percussit
466 2059 493 2087 in
523 2059 664 2095 passione,
690 2059 780 2088 erevit
806 2060 834 2088 in
863 2068 990 2089 resurre—

140 2107 242 2141 ctione,
263 2105 364 2144 faetus
384 2110 424 2134 est
452 2114 535 2134 mons
563 2115 691 2144 magnus
713 2107 741 2135 in
767 2107 944 2141 ascensione,
965 2111 990 2135 et

140 2153 269 2190 implevit
288 2153 459 2182 universam
490 2156 602 2182 terram
622 2154 650 2182 in
672 2154 792 2190 Spiritus
813 2155 899 2183 sancti
924 2155 989 2183 mis-

140 2201 223 2229 sione.

219 2248 245 2275 5.
269 2247 355 2275 Illum
378 2250 487 2284 oportet
508 2255 642 2276 erescere.
659 2247 735 2276 Sicut
750 2248 837 2276 crevit
851 2247 989 2283 Christus,

141 2294 179 2322 ita
199 2294 281 2323 debet
301 2302 427 2323 crescere
447 2294 630 2323 Christianus.
654 2294 739 2323 Debet
761 2302 895 2329 crescere,
917 2295 989 2324 sicut

141 2341 234 2375 arbor,
256 2341 283 2369 in
299 2340 469 2375 altitudine,
486 2341 513 2369 in
527 2340 717 2378 fortitudine,
733 2341 761 2369 in
777 2341 938 2370 latitudine.
952 2358 988 2362 —

202 2511 209 2524 ¹
229 2512 339 2535 Contextu
351 2513 467 2542 exigente,
480 2513 643 2541 supplevimus
660 2520 744 2543 quam,
761 2514 824 2543 quod
838 2515 859 2537 in
872 2515 940 2537 codd.
953 2515 990 2537 de-

140 2552 261 2574 sideratur.

202 2589 211 2602 ²
229 2591 296 2613 Vers.
313 2591 351 2613 40.
368 2603 398 2608 —
415 2591 520 2614 Subinde
545 2592 673 2620 allegantur
699 2593 713 2615 l.
732 2593 788 2621 Reg.
807 2593 834 2620 3,
854 2593 889 2615 19.
907 2600 989 2622 seqq,

140 2630 220 2652 Esther
238 2630 280 2656 110,
299 2630 321 2652 6.
338 2632 360 2652 et
377 2630 444 2653 Eccli.
463 2630 506 2658 24,
525 2631 563 2653 40.

203 2666 212 2679 ²³
230 2669 284 2690 Luc.
303 2669 324 2695 l,
340 2668 377 2690 78.
396 2681 425 2684 —
444 2669 552 2697 Sequitur
569 2670 646 2692 Matth.
664 2670 706 2697 43,
725 2670 763 2693 31.
782 2676 830 2700 seq.

203 2705 212 2718 ⁴
229 2707 296 2729 Vers.
314 2707 352 2729 ts,
363 2719 394 2723 —
406 2708 515 2736 Sequitur
532 2708 618 2731 Daniel.
638 2709 665 2736 2,
683 2709 720 2731 35.
733 2722 761 2725 —
775 2709 881 2732 Subinde
893 2709 910 2733 C
922 2710 989 2732 omit-

140 2745 166 2768 tit
183 2745 267 2775 Lapz's,
286 2745 419 2769 Christus...
436 2748 538 2769 terram.

203 2783 212 2796 ⁵
230 2785 295 2807 Vers.
314 2786 336 2807 8.
353 2797 384 2802 -
402 2784 506 2808 Subinde
524 2786 652 2813 allegantur
670 2788 694 2809 ll.
711 2787 807 2815 Paralip.
830 2787 869 2815 ¹7,
886 2789 925 2810 12:
938 2788 990 2811 Cre-

140 2822 173 2845 vit
190 2828 246 2851 ergo
263 2824 369 2851 losaphat
386 2827 409 2846 et
426 2824 587 2852 magnificatus
604 2827 639 2847 est
656 2831 730 2855 usque
746 2826 770 2848 in
787 2825 899 2854 sublime;
917 2827 987 2849 Exod.

144 2862 163 2889 i,
181 2863 218 2884 20.
235 2865 257 2884 et
274 2863 329 2885 Luc.
348 2863 374 2889 l,
393 2863 430 2885 80.

203 2899 212 2912 ⁰
229 2901 296 2924 Vers.
314 2902 351 2924 28.
367 2914 399 2918 —
416 2902 466 2924 Duo
484 2902 540 2930 loci,
552 2903 591 2931 qui
609 2906 750 2932 sequuntur,
762 2906 815 2926 sunt
826 2904 882 2927 Gen.
895 2905 937 2933 26,
951 2905 988 2927 22.

141 2942 164 2962 et
180 2939 226 2962 Col.
249 2941 253 2962 1
267 2958 271 2968 ,
291 2940 328 2963 10,

235 2986 261 3010 S.
280 2987 370 3010 Bonae.
381 2999 412 3004 -
423 2988 489 3010 Tom.
508 2988 543 3010 Vl.

1840 162 1896 191 553

1048 237 1076 265 In
1088 237 1242 266 altitudine
1253 245 1302 275 per
1313 238 1498 267 eminentiam
1514 239 1649 273 virtutis‚·
1663 240 1746 268 Marci
1761 240 1894 277 quarto⁵:
1912 244 2020 287 grtiiffiigg·

1052 295 1066 310 «t
1080 284 1177 313 Semen
1199 284 1297 313 cecidit
1318 285 1345 313 in
1367 288 1470 314 terram
1499 285 1598 314 bonam
1620 289 1648 315 et
1668 286 1750 315 dabat
1773 286 1895 316 fructum

1047 331 1239 360 ascendentem
1257 334 1284 360 et
1305 334 1473 361 crescentem
1488 344 1515 367 »3
1537 333 1649 362 secundi
1672 333 1896 371 Paralipomenon

1046 377 1153 407 decimo
1174 378 1305 415 septimo:
1332 390 1345 404 «
1360 379 1548 416 Magnificatus
1569 383 1610 409 est
1628 380 1754 417 Iosaphat
1768 383 1796 409 et
1810 381 1897 409 crevit

1047 433 1136 461 usque
1158 425 1185 453 in
1207 425 1326 454 sublime
1340 438 1367 454 ».
1393 442 1427 446 —
1450 426 1476 454 ln
1498 425 1672 464 fortitudine
1693 435 1742 464 per
1761 431 1896 456 constan-

1047 471 1120 499 tiam
1141 471 1277 505 virtutis;
1297 472 1382 501 Exodi
1398 473 1502 509 primo:
1522 485 1536 498 «
1551 473 1643 502 Crevit
1657 474 1777 511 populus
1790 477 1818 503 et
1832 482 1896 503 con-

1047 517 1165 546 fortatus
1186 522 1227 547 est
1248 519 1330 547 nimis
1343 530 1370 553 »3
1394 520 1482 548 Lucae
1503 520 1593 556 primo
1614 520 1648 549 de
1663 521 1776 550 Ioanne:
1796 532 1810 546 α
1825 521 1896 550 Puer

1047 564 1188 593 crescebat
1208 569 1235 593 et
1256 565 1464 594 confortabatur
1485 567 1585 603 spiritu
1600 579 1627 595 ».
1646 584 1679 587 —
1696 568 1723 596 ln
1743 568 1896 597 latitudine

1047 618 1097 647 per
1107 611 1377 648 multiplicationem
1390 613 1523 646 virtutis;
1534 613 1646 643 Genesis
1660 615 1751 651 primo
1762 615 1786 643 ⁶:
1806 626 1819 640 «ι
1831 615 1895 644 Cre-

1047 657 1114 686 scite
1135 660 1162 686 et
1186 658 1407 695 multiplicamini
1429 662 1457 688 et
1485 660 1588 696 replete
1617 663 1719 689 terram
1735 672 1762 696 »3
1784 661 1896 690 Genesis

1047 704 1179 741 vigesimo
1201 708 1296 733 sexto:
1323 717 1337 730 «
1352 705 1480 734 Dilatavit
1501 714 1551 734 nos
1572 706 1706 735 Dominus
1726 711 1753 736 et
1771 716 1896 737 crescere

1047 750 1111 779 fecit
1131 759 1216 787 super
1238 754 1341 780 terram
1357 763 1384 786 »3
1406 752 1439 780 ad
1454 752 1628 781 Colossenses
1643 754 1747 790 primo:
1767 766 1780 779 «
1795 754 1895 783 Ambu-

1047 797 1109 826 letis
1129 797 1210 834 digne
1235 798 1292 827 Deo
1320 799 1458 835 placentes
1485 802 1512 827 et
1540 799 1739 829 fructificantes
1766 801 1793 829 in
1821 802 1895 829 omni

1047 851 1131 880 opere
1152 843 1224 873 bono
1238 856 1265 872 n.

1128 892 1153 919 6.
1175 891 1243 920 Nota
1264 892 1332 926 tria,
1348 900 1419 929 quae
1434 893 1597 929 impediunt
1611 893 1821 922 incrementum
1835 895 1895 931 spi-

1047 937 1169 966 rituale:
1201 939 1375 967 nutrimenti
1405 938 1540 977 (lefectio‚
1570 948 1654 977 quam
1683 941 1828 977 patiuntur
1856 941 1894 970 illi

1047 984 1095 1021 qui
1127 992 1182 1013 non
1214 985 1317 1014 habent
1349 986 1496 1015 humorem
1527 986 1651 1023 gratiae;
1675 987 1720 1015 lob
1750 990 1848 1016 octavo
1864 988 1894 1016 ⁷:

1052 1042 1065 1056 «
1080 1031 1210 1068 Nunquid
1230 1035 1321 1068 potest
1342 1033 1435 1061 vivere
1464 1033 1572 1070 scirpus
1600 1033 1658 1062 sine
1687 1034 1820 1068 humore,
1848 1038 1897 1063 aut

1047 1086 1172 1108 crescere
1186 1082 1326 1107 carectum
1342 1080 1400 1108 sine
1415 1088 1486 1116 aqua
1498 1091 1511 1105 »
1520 1083 1532 1107 ‘t
1547 1080 1663 1109 Econtra
1676 1081 1778 1110 dicitur
1789 1081 1823 1110 de
1837 1082 1898 1110 viro

1047 1125 1120 1154 iusto
1141 1126 1167 1154 in
1191 1125 1312 1154 Psalmo:
1339 1138 1352 1151 «
1368 1126 1425 1155 Erit
1446 1129 1578 1164 tanquam
1594 1127 1714 1164 lignum,
1730 1128 1804 1165 quod
1819 1128 1896 1165 plan-

1047 1175 1135 1201 tatum
1166 1176 1208 1202 est
1238 1181 1319 1202 secus
1349 1173 1485 1202 decursus
1515 1182 1653 1211 aquarum
1668 1187 1694 1203 ».
1727 1191 1765 1195 —-
1795 1175 1896 1204 Nutri-

1046 1220 1136 1248 menti
1156 1219 1334 1254 subtractio,
1356 1228 1440 1257 quam
1456 1221 1601 1257 patiuntur
1620 1221 1658 1250 illi
1687 1222 1735 1258 qui
1757 1230 1787 1251 se
1807 1222 1896 1251 effun-

1046 1266 1117 1295 dunt
1144 1270 1221 1295 etse
1249 1267 1391 1303 implicant
1411 1267 1529 1296 diversis
1558 1269 1796 1305 occupationibus.
1828 1270 1894 1298 Nam

1047 1314 1152 1350 gratiae
1172 1313 1314 1342 fatuorum
1337 1314 1533 1349 effunduntur3
1563 1315 1742 1344 Ecclesiastici
1764 1316 1897 1353 vigesimo

1047 1360 1137 1397 primo
1149 1360 1175 1388 8:
1202 1371 1215 1385 α
1230 1360 1283 1388 Cor
1304 1360 1371 1389 fatui
1394 1361 1472 1397 quasi
1495 1368 1543 1389 vas
1561 1361 1732 1390 confractum
1747 1364 1775 1390 et
1788 1370 1897 1391 omnem

1047 1407 1208 1444 sapientiam
1237 1415 1291 1435 non
1319 1407 1423 1436 tenebit
1437 1418 1464 1442 »;
1493 1410 1520 1436 et
1547 1407 1659 1437 Genesis
1686 1408 1898 1446 quadragesimo

1047 1462 1135 1482 nono:
1168 1453 1293 1482 «Ruben
1321 1454 1523 1491 primogenitus
1550 1462 1671 1489 meus»;
1699 1458 1727 1484 et
1754 1455 1897 1492 sequitur:

1052 1512 1065 1526 «
1080 1500 1189 1529 Effusus
1204 1508 1233 1529 es
1247 1501 1319 1529 sicut
1333 1508 1417 1537 aqua,
1433 1509 1487 1529 non
1502 1508 1610 1530 crescas
1625 1513 1651 1529 ».
1666 1518 1704 1522 —
1720 1501 1899 1531 Nati-inventi
1915 1506 2006 1526 Tertium-

1047 1547 1090 1576 vel
1112 1547 1233 1576 nutritae
1252 1548 1290 1576 rei
1306 1546 1476 1585 suffocatio,
1492 1556 1575 1585 quam
1591 1548 1736 1585 patiuntur
1750 1549 1797 1586 qui
1814 1550 1897 1578 suffo—

1046 1598 1146 1623 cantur
1174 1603 1190 1623 a
1224 1595 1300 1623 curis
1332 1595 1416 1623 huius
1448 1596 1549 1624 saeculi
1587 1598 1615 1624 et
1648 1596 1895 1630 sollicitudinibus3

1046 1642 1173 1670 Matthaei
1203 1642 1310 1670 decimo
1338 1642 1458 1671 terti0⁹:
1485 1655 1498 1667 «
1512 1643 1582 1671 Cum
1603 1643 1736 1672 crevisset
1763 1643 1850 1673 herba
1870 1646 1898 1672 et

1046 1688 1169 1717 fructum
1204 1688 1327 1722 fecisset,
1358 1692 1550 1726 apparuerunt
1580 1690 1663 1718 simul
1693 1693 1720 1719 et
1751 1690 1895 1724 zizania»;

1046 1735 1135 1764 Lucae
1155 1739 1267 1764 octavo:
1294 1747 1308 1760 (ι
1324 1736 1443 1765 Exortae
1458 1737 1552 1773 spinae
1566 1737 1772 1766 suffocaverunt
1787 1738 1854 1766 illud
1869 1749 1896 1772 »;

1046 1782 1173 1811 Matthaei
1195 1782 1301 1811 decimo
1322 1783 1418 1811 tertio:
1443 1794 1456 1808 a
1471 1783 1625 1812 Creverunt
1649 1784 1743 1821 spinae
1763 1787 1791 1813 et
1813 1785 1896 1813 sulio-

1047 1832 1181 1857 caverunt
1202 1836 1234 1857 ea
1250 1841 1275 1857 ».

1126 1877 1151 1903 7.
1174 1875 1212 1903 Ad
1233 1876 1442 1912 procurandum
1466 1879 1560 1905 autem
1588 1877 1791 1906 incrementum
1813 1878 1895 1914 spiri-

1047 1922 1121 1951 tuale
1156 1922 1209 1950 tria
1240 1925 1305 1951 sunt
1336 1923 1499 1951 necessaria.
1535 1923 1651 1960 Oportet
1682 1924 1756 1953 enim
1785 1928 1895 1953 terram

1046 1977 1177 1997 exercere
1184 1979 1195 2002 ;
1223 1968 1309 1997 Exodi
1340 1969 1430 2006 primo
1442 1969 1480 1997 1⁰:
1513 1981 1527 1995 (ι
1541 1970 1650 2006 Quanto
1672 1971 1735 2007 plus
1759 1971 1897 2007 opprime-

1047 2015 1149 2044 bantur
1164 2015 1211 2043 filii
1225 2015 1316 2049 lsrael,
1332 2019 1408 2044 tanto
1423 2016 1510 2053 magis
1524 2017 1684 2045 crescebant
1699 2029 1725 2045 ».
1743 2034 1777 2037 -
1795 2017 1896 2046 Nutri-

1046 2065 1175 2090 mentum
1196 2060 1333 2090 adhibere
1341 2072 1351 2095 ,·
1376 2062 1524 2091 Ezechielis
1552 2062 1658 2091 decimo
1686 2071 1774 2091 nono:
1800 2075 1814 2088 «ι
1829 2064 1897 2092 Fru-

1047 2111 1109 2137 ctus
1129 2108 1190 2137 eius
1209 2111 1237 2137 et
1251 2108 1363 2137 frondes
1377 2109 1437 2137 eius
1451 2112 1601 2138 creverunt
1614 2118 1650 2138 ex
1665 2110 1745 2147 aquis
1759 2110 1855 2139 multis
1870 2121 1896 2144 »;

1047 2155 1153 2192 primae
1174 2155 1246 2184 Petri
1269 2155 1405 2184 secundo:
1433 2167 1445 2180 «
1461 2156 1512 2184 Lac
1533 2156 1735 2192 concupiscite,
1756 2160 1788 2185 ut
1816 2157 1842 2185 in
1865 2164 1897 2185 eo

1047 2202 1177 2231 crescatis
1189 2202 1216 2230 in
1228 2202 1346 2230 salutem
1358 2214 1385 2230 ».
1398 2218 1435 2222 —
1447 2202 1606 2239 Superslua
1617 2207 1774 2240 amputare
1789 2203 1831 2232 vel
1847 2211 1897 2240 per

1046 2251 1267 2285 paupertatem,·
1281 2248 1394 2277 Genesis
1409 2248 1621 2286 quadragesimo
1637 2249 1726 2285 primo
1738 2250 1776 2278 ¹¹:
1804 2261 1817 2274 «
1832 2250 1896 2279 Cre-

1047 2303 1124 2324 scere
1145 2303 1189 2323 me
1209 2295 1273 2324 fecit
1293 2296 1368 2324 Deus
1389 2296 1416 2324 in
1438 2298 1514 2324 terra
1534 2297 1705 2333 paupertatis
1721 2305 1796 2326 meae
1810 2308 1837 2332 »;
1854 2297 1896 2326 vel

1046 2350 1096 2379 per
1111 2342 1359 2380 eleemosynarum
1372 2342 1566 2379 laryitionem,
1578 2342 1611 2371 de
1623 2343 1726 2379 quibus
1737 2343 1774 2372 ait
1785 2344 1896 2380 Aposto-

1111 2514 1119 2527 ⁷
1139 2516 1204 2537 Vers.
1225 2516 1258 2537 ll.
1277 2527 1307 2531 —
1325 2515 1433 2543 Sequitur
1451 2515 1487 2537 Ps.
1507 2516 1531 2542 l,
1548 2515 1575 2542 3,
1592 2521 1663 2544 quem
1681 2517 1698 2538 A
1716 2516 1807 2538 omittit.

1111 2553 1120 2566 ⁸
1137 2555 1202 2577 Vers.
1222 2555 1257 2576 47.
1276 2566 1307 2570 —
1325 2553 1428 2576 Subinde
1445 2553 1557 2581 allegatur
1573 2554 1630 2576 Gen.
1650 2554 1691 2580 49,
1710 2555 1732 2577 3.
1748 2557 1771 2577 et
1788 2554 1808 2577 4.

1110 2592 1120 2604 ⁹
1138 2593 1204 2615 Vers.
1224 2593 1262 2615 26.
1279 2605 1309 2609 —
1327 2593 1377 2614 Duo
1395 2592 1437 2614 loci
1455 2598 1521 2621 seqq.
1539 2594 1592 2615 sunt
1605 2593 1659 2614 Luc.
1679 2593 1704 2620 8,
1722 2593 1744 2616 7.
1765 2593 1845 2622 (quem
1864 2594 1895 2616 lo-

1047 2639 1100 2655 cum
1114 2632 1182 2655 codd.
1195 2632 1264 2654 citant
1277 2631 1447 2660 diversimode;
1464 2632 1494 2654 A:
1506 2638 1583 2661 snpra
1594 2631 1687 2660 eodem,
1700 2633 1730 2654 B:
1744 2633 1773 2656 Et
1784 2634 1850 2661 ante,
1866 2633 1895 2656 C:

1046 2672 1077 2695 El
1093 2671 1182 2699 simul,
1200 2671 1256 2693 ibid.
1274 2677 1316 2698 pro
1333 2669 1514 2699 suffocaverunt
1531 2669 1592 2693 illud
1609 2671 1625 2693 Α
1636 2671 1653 2693 Β
1664 2670 1844 2701 suffocaverunt
1856 2671 1896 2695 tri-

1047 2710 1131 2738 ticum,
1149 2709 1165 2732 C
1182 2709 1363 2739 suffocaverunt
1380 2708 1488 2736 verbum)
1507 2711 1529 2731 et
1546 2709 1622 2731 Matth.
1636 2710 1679 2737 43,
1690 2710 1718 2737 7,
1736 2716 1806 2739 quern
1818 2711 1894 2733 locum

1046 2749 1131 2772 omittit
1147 2748 1172 2772 C.

1110 2786 1129 2799 ¹⁰
1147 2788 1212 2810 Vers.
1235 2788 1311 2809 12-—
1324 2787 1456 2816 Sequuntur
1474 2787 1554 2810 Ezech.
1573 2788 1615 2815 ⁴9,
1634 2788 1671 2810 iO.
1687 2791 1709 2811 et
1721 2789 1736 2811 l.
1750 2789 1810 2811 Petr.
1828 2790 1854 2818 2,
1873 2790 1894 2811 2.

1046 2839 1075 2842 —
1094 2825 1196 2849 Vocibus
1214 2825 1393 2848 Nutrimentum
1418 2825 1529 2849 adhibere
1546 2826 1562 2848 C
1581 2826 1693 2849 interserit
1715 2826 1808 2856 gloriae
1827 2829 1895 2856 (qra-

1046 2865 1109 2888 tz'ae?
1126 2866 1167 2887 cfr.
1184 2865 1254 2892 paulo
1273 2864 1386 2893 inferius).

1110 2903 1127 2915 ¹¹
1147 2904 1210 2926 Vei-s.
1235 2903 1272 2925 52.
1292 2915 1322 2919 —
1345 2902 1448 2926 Subinde
1473 2904 1601 2931 allegantur
1628 2905 1652 2927 ll.
1676 2904 1729 2928 Cor.
1758 2906 1784 2932 9,
1814 2906 1846 2927 10.
1873 2909 1895 2927 et

1046 2944 1124 2965 Matth.
1142 2943 1169 2970 6,
1188 2943 1225 2965 28.

1770 2992 1799 3014 70

1913 431 2008 453 Secundo,
2023 432 2041 450 in

1913 455 1977 474 fortitu
1981 456 2032 474 diue.

1912 572 1983 594 Tertio,
1998 572 2017 590 in

1912 595 2019 614 latitudine.

1926 898 1970 917 Tria
1983 898 2042 921 impe-

1912 921 1996 940 dimenta
2003 926 2043 940 cre-

1912 945 1984 964 scendi.

1912 968 2003 987 Primum.

1913 1178 2029 1197 Secundum.

1913 1881 1976 1908 Media
1991 1881 2028 1908 tria

1912 1907 2030 1924 Incrementa.
