2296 3316
10 872 12 916 i
27 893 121 917 Quaestio.

10 917 11 957 l

64 987 120 1011 Resp,

10 1081 121 1108 dissimilitu-

10 1108 19 1123 ἡ
31 1106 80 1124 vitae
89 1105 121 1123 tri-

10 1133 44 1157 [ex.

18 1832 87 1855 Tertio,
99 1837 120 1851 ex

20 1858 47 1875 rte
72 1856 123 1875 locu-

18 1884 65 1898 inum
86 1880 122 1899 tria

17 1905 100 1927 aguntur.

32 2066 121 2086 Primum.

17 2394 123 2415 3ecundum.

741 153 911 182 COMMENT.
934 153 966 181 lN
988 152 1180 181 SAPIENTIAM
1201 152 1229 180 C.
1252 152 1280 181 II,

141 231 288 260 vestris»?
313 230 356 259 Sic
383 230 517 267 accipitur
545 230 699 259 traducere
722 231 849 259 Matthaei
879 230 985 267 primo,

140 270 243 307 scilicet
264 286 314 315 pro
333 273 539 314 manifestare,
565 277 612 305 ubi
634 277 750 305 dicitur:
777 289 791 302 «
805 277 897 305 Noluit
925 284 984 305 eam

140 325 285 354 traducere
299 337 325 353 ».

218 372 306 405 (Vers.
332 372 397 407 15.).
423 370 533 399 Gravis
553 374 595 398 est
614 371 701 398 etiam
721 370 803 399 nobis
828 370 868 398 ad
888 370 985 398 vitlen-

139 419 224 453 dum,
246 418 349 447 scilicet
373 420 486 454 propter
514 415 779 453 manifestationem
807 420 984 453 peccatorum

140 466 278 503 ipsorum;
311 464 517 502 Augustinus¹z
544 475 557 488 «
579 463 673 492 Oculis
702 465 791 501 aegris
822 463 916 491 odiosa
944 466 985 491 est

140 513 189 541 lux
205 523 235 546 »;
259 511 364 540 loannis
386 511 480 539 tertio:
507 522 520 535 «
534 510 585 546 Qui
608 510 678 539 male
698 511 753 547 agit
774 510 831 538 odit
852 509 942 538 lucem
957 521 983 537 ».

139 559 193 588 Hoc
206 563 312 593 autem,
327 557 400 595 quod
416 558 506 594 ipsum
528 557 621 586 videre
636 565 689 585 non
712 559 853 594 poterant,
875 556 984 593 signum

139 609 198 634 erat
219 605 350 639 invidiae;
382 604 455 633 unde
483 604 565 641 primi
598 604 701 641 Regum
733 604 839 632 decimo
870 606 984 631 octavo:

143 665 157 679 «
177 654 235 682 Non
266 653 348 681 rectis
378 652 465 680 oculis
495 651 559 680 Saul
587 651 736 688 aspiciebat
766 650 852 679 David
877 662 904 684 »,
934 650 985 678 sci-

138 701 202 730 licet
234 700 301 737 quia
334 699 473 728 invidebat
506 699 539 727 ei.
576 698 723 734 Quoniam
758 697 911 726 dissimilis
945 700 985 725 est

138 748 207 777 aliis
226 747 288 776 vita
309 747 405 780 illius,
427 747 531 775 scilicet
552 746 607 774 vita
628 748 684 774 tota
704 745 828 774 exterior
850 753 899 773 seu
921 752 985 773 con-

139 795 265 824 versatio.

216 841 345 869 Con‘rna:
367 840 401 868 ad
429 840 564 869 Hebraeos
592 839 751 869 secund021
778 851 791 864 «
806 839 908 868 Debuit
935 847 984 876 per

138 888 230 917 omnia
250 887 384 916 fratribus
405 887 518 916 similari
535 900 559 915 ».

217 934 383 969 Dicendum,
415 934 489 972 quod
520 934 664 971 Apostolus
689 934 813 971 loquitur
833 933 867 962 de
889 933 984 961 simili-

138 982 233 1011 tudine
253 982 389 1019 passibilis
410 985 541 1015 naturae;
564 982 608 1010 hic
629 981 662 1009 de
684 980 864 1009 similitudine
878 980 984 1016 culpae.

216 1028 369 1057 Notandum
390 1031 498 1062 autem,
521 1027 595 1065 quod
622 1027 763 1056 dissimilis
784 1026 837 1054 fuit
858 1026 913 1054 vita
942 1025 984 1054 vel

138 1075 309 1104 conversatio
330 1075 390 1104 eius
410 1075 470 1103 aliis
491 1077 518 1103 et
538 1070 674 1111 quantum
696 1073 729 1101 ad
761 1073 898 1106 initium,
920 1072 985 1109 quia

138 1123 196 1151 sine
217 1125 328 1159 peccato
349 1125 499 1158 conceptus
513 1124 540 1150 et
560 1124 655 1155 natus;
677 1120 760 1149 Isaiae
775 1120 890 1148 sexto³:
914 1120 985 1148 «Se-

138 1177 201 1198 men
221 1172 347 1198 sanctum
372 1169 425 1197 erit
453 1169 480 1197 id
507 1168 582 1205 quod
603 1167 710 1196 steterit
739 1167 765 1195 in
787 1174 819 1195 ea
840 1178 867 1200 »‚
890 1166 915 1195 id
944 1170 986 1195 est

138 1217 165 1245 in
187 1217 285 1250 Maria;
307 1216 434 1244 Matthaei
456 1216 560 1252 primo:
588 1226 601 1240 «
616 1214 694 1251 Quod
715 1214 741 1242 in
768 1222 800 1243 ea
820 1217 916 1242 natum
945 1217 985 1243 est
1012 1234 1014 1238 .

137 1264 171 1293 de
191 1263 296 1300 Spiritu
323 1266 417 1291 sancto
444 1266 485 1291 est
505 1275 532 1290 ».
556 1262 586 1290 Et
614 1265 749 1298 quantum
777 1261 811 1289 ad
840 1262 984 1296 medium,

138 1310 203 1348 quia
223 1310 282 1339 sine
296 1313 407 1346 peccato
426 1312 618 1342 conversatus;
638 1309 742 1346 primae
765 1309 834 1337 Petri
851 1309 984 1337 secundo:

143 1369 157 1383 (ε
171 1358 315 1386 Peccatum
336 1365 390 1385 non
412 1356 490 1390 fecit,
512 1364 561 1385 nec
584 1356 712 1385 inventus
733 1359 774 1385 est
795 1356 875 1385 dolus
894 1368 919 1397 »¹
933 1360 984 1385 etc.

139 1405 170 1433 Et
190 1404 281 1442 quoad
309 1404 482 1437 terminum,
509 1403 574 1440 quia
595 1407 722 1432 mortuus
743 1407 784 1432 est
805 1404 863 1432 sine
888 1404 986 1433 mortis

137 1451 248 1486 debito;
276 1452 416 1480 Psalmus:
442 1451 552 1487 «Quae
584 1459 637 1479 non
667 1451 762 1487 rapui,
796 1453 862 1479 tunc
893 1451 985 1479 exsol-

139 1499 235 1529 vebam
250 1511 276 1528 ».

221 1547 254 1575 Et
274 1546 446 1575 immutatae
459 1550 528 1574 sunt
542 1546 606 1574 viae
627 1545 722 1579 illlus;
743 1545 874 1574 Glossa4:
901 1556 913 1570 «
926 1545 986 1574 Dis-

139 1593 241 1622 similes
260 1592 347 1622 factae
368 1595 433 1622 sunt
448 1604 474 1627 »‚
496 1592 598 1621 scilicet
620 1592 689 1620 facta
704 1594 731 1620 et
744 1591 889 1628 disciplina
909 1591 985 1625 eius;

139 1641 221 1670 Isaiae
248 1640 477 1677 quinquagesimo
501 1639 613 1676 quinto:
640 1650 653 1664 «
668 1639 726 1667 Non
747 1638 819 1667 enim
846 1638 986 1675 cogitatio-

138 1695 187 1716 nes
200 1695 277 1716 meae
298 1687 476 1724 cogitationes
496 1689 621 1719 vestrae,
643 1693 733 1722 neque
754 1685 813 1713 viae
836 1692 911 1713 meae
926 1685 986 1713 viae

139 1737 261 1768 vestrae,
282 1734 348 1762 dicit
368 1733 502 1762 Dominus
514 1745 539 1760 ».

224 1781 378 1819 Tanquam
398 1788 526 1817 nuyaees
547 1782 598 1808 etc.
618 1779 663 1807 Hic
686 1778 808 1815 tangitur
829 1785 913 1806 causa
928 1786 986 1806 mo-

138 1835 206 1857 vens
226 1835 262 1856 ex
284 1830 362 1864 parte
390 1826 581 1859 locutionum,
609 1829 636 1854 et
657 1826 747 1862 primo
775 1825 888 1862 ponitur
909 1825 985 1862 ipso-

138 1883 207 1904 rum
227 1874 411 1912 reprobarem
426 1873 559 1907 secundo,
581 1872 710 1901 aliorum
725 1872 912 1909 approbatio,
932 1872 984 1901 ibi:

141 1923 175 1951 Et
190 1920 323 1959 praefert
343 1920 504 1949 novissima
525 1923 592 1954 etc.;
615 1919 712 1954 tertio,
733 1919 783 1947 sui
802 1919 985 1947 commenda-

139 1969 193 2003 tio,
215 1968 269 1997 ibi:
293 1969 328 1997 Et
345 1967 505 2005 moriatur,
524 1971 641 2005 patrem
661 1976 691 1995 se
712 1966 815 1995 habere
837 1967 936 1995 Deum.

216 2016 305 2052 (Vers.
330 2016 394 2052 16.).
423 2016 577 2053 Tanquam
591 2015 675 2051 igitur
690 2022 817 2052 nugaces
838 2014 986 2042 aestimati

138 2072 243 2092 sumus
264 2055 386 2096 abillo,
409 2062 435 2091 id
463 2065 504 2091 est
525 2062 615 2090 inania
636 2061 766 2090 facientes
793 2064 820 2090 et
847 2061 984 2096 dicentes;

140 2110 292 2147 Sophoniae
313 2109 431 2138 tertio⁵:
458 2120 471 2134 «
487 2109 590 2145 Nugas,
611 2108 658 2145 qui
680 2116 695 2137 a
717 2108 775 2145 lege
797 2111 984 2142 recesserant,

139 2157 311 2194 congregabo
325 2168 351 2185 ».
375 2157 410 2185 Et
430 2156 553 2196 abstinet
572 2164 601 2184 se
622 2164 642 2184 a
656 2155 712 2184 viis
732 2155 857 2188 nostris‚·
877 2154 984 2183 Gtossa:

143 2216 157 2230 «
168 2204 196 2233 Id
210 2207 252 2233 est
265 2203 419 2232 actionibus
433 2206 461 2232 et
475 2202 669 2231 traditionibus
680 2202 782 2230 nostris
797 2212 827 2236 »3
843 2205 985 2239 tanquam

139 2251 176 2280 ab
197 2250 408 2284 immunditiis,
424 2253 451 2278 et
472 2249 583 2286 quidem
598 2249 683 2283 iuste,
705 2249 771 2285 quia
785 2256 849 2277 vere
864 2248 986 2277 immun—

139 2298 221 2327 ditiae
235 2300 326 2332 erant;
348 2297 421 2326 unde
436 2296 584 2325 Ezechielis
605 2295 746 2333 trigesimo
761 2298 853 2324 sexto:
880 2306 894 2320 «
906 2295 987 2324 quta

139 2344 341 2374 immunditiam
361 2346 549 2372 menstruatae
570 2342 641 2371 facta
661 2345 702 2371 est
716 2342 761 2371 via
775 2350 873 2370 eorum
892 2350 984 2371 coram

139 2400 183 2421 me
195 2404 221 2419 n.
238 2392 273 2420 Et
290 2389 425 2428 praefert
437 2390 598 2419 novissima
612 2390 773 2423 iustorum,
792 2389 819 2417 id
833 2391 875 2418 est
889 2389 985 2423 finem,

140 2441 167 2467 et
188 2438 287 2467 merito
314 2437 439 2475 quidem,
460 2437 527 2474 quia
558 2448 571 2461 ιι
593 2444 668 2465 mors
695 2438 873 2473 peccatorum
901 2436 987 2472 pessi-

1831 155 1884 185 123

1042 229 1109 257 ma‘5
1125 241 1152 264 »,
1173 230 1221 258 sed
1242 238 1317 259 mors
1338 231 1476 260 iustorum
1498 233 1629 269 pretiosa,
1651 233 1803 262 secundum
1818 233 1886 262 illud

1042 277 1156 305 Psalmi:
1176 288 1189 301 «
1205 277 1326 305 Pretiosa
1346 278 1373 306 in
1387 282 1536 315 conspectu
1557 279 1664 308 Domini
1681 288 1754 308 mors
1775 280 1886 309 Sancto-

1042 331 1106 351 rum
1127 323 1187 352 eius
1202 334 1228 358 »;
1244 323 1304 352 ideo
1325 325 1510 353 Numerorum
1525 326 1655 362 vigesimo
1677 327 1758 355 tertio
1778 327 1886 356 dicebat

1043 369 1165 399 Balaam:
1192 382 1205 395 <1
1220 371 1353 399 Moriatur
1374 372 1465 400 anima
1486 380 1546 401 mea
1567 376 1655 401 morte
1676 373 1829 408 iustorum,
1859 377 1886 403 et

1042 416 1109 445 fiant
1130 417 1278 446 novissima
1299 426 1359 446 mea
1381 418 1481 446 horum
1502 419 1602 447 similia
1616 431 1642 447 n.
1664 420 1712 448 Vel
1734 420 1885 449 secundum

1042 462 1199 491 Glossam⁷:
1229 464 1365 502 Praefert
1392 465 1552 493 nouissima
1579 466 1740 500 iustorum,
1767 478 1780 491 a
1795 466 1821 494 id
1845 469 1887 495 est

1042 509 1125 537 vitam
1147 513 1286 540 aeternam
1308 511 1441 548 voluptati
1457 524 1482 539 ».
1508 512 1541 539 Et
1556 512 1716 549 plot-tatur,
1730 516 1845 549 patrem
1858 521 1888 541 se

1042 555 1145 584 habere
1162 557 1270 591 Deum;
1292 558 1397 587 loannis
1411 561 1525 587 octavo.-
1548 570 1561 584 «
1578 559 1621 588 Est
1637 559 1715 588 Pater
1729 568 1821 595 meus,
1839 560 1886 597 qui

1042 602 1177 639 glorificat
1198 611 1241 632 me
1256 616 1282 631 ».

1116 704 1230 736 Secundo,
1248 706 1374 736 persecutio
1393 705 1480 730 christi
1498 706 1635 730 describitur
1653 707 1724 738 quoad
1740 707 1813 731 finem.

1128 792 1280 821 Videamus
1301 802 1383 831 eryo,
1398 794 1425 822 si
1438 802 1583 822 sermones
1596 798 1647 823 etc.
1667 795 1713 823 Hic
1728 795 1754 823 in
1770 803 1887 832 persona

1042 839 1205 868 ludaeorum
1226 840 1316 877 primo
1338 841 1424 878 tangit
1444 841 1531 877 finem
1542 842 1751 878 persecutionis
1771 842 1886 877 Christi,

1041 887 1087 923 qui
1110 890 1182 921 erat,
1204 888 1279 924 quod
1299 888 1332 916 de
1353 888 1463 917 Christo
1484 889 1628 917 veritatem
1653 889 1722 917 scire
1744 889 1871 918 volebant
1879 901 1886 924 ;

1041 934 1162 962 secundo
1183 934 1322 968 subditur,
1343 934 1469 972 qualiter
1490 934 1542 962 hoc
1562 935 1637 963 seire
1658 939 1805 972 poterant,
1831 935 1886 964 ibi:

1042 980 1075 1008 Si
1095 980 1170 1008 enim
1191 984 1231 1008 est
1251 989 1339 1008 verus
1360 981 1456 1009 Filius
1478 981 1530 1009 Dei
1550 984 1600 1009 etc.

1121 1027 1209 1061 (Vers.
1235 1028 1278 1055 17.
1311 1028 1376 1063 18.).
1405 1027 1559 1056 Videamus
1587 1031 1651 1063 etc,
1674 1029 1752 1066 quasi
1780 1029 1886 1058 dicant:

1041 1082 1077 1102 ex
1099 1082 1155 1110 quo
1177 1074 1214 1102 ita
1234 1074 1378 1111 gloriatur,
1400 1074 1554 1109 videamus,
1575 1075 1688 1112 quasia
1702 1077 1833 1110 remotis,
1854 1076 1887 1105 de

1041 1124 1131 1149 morte
1152 1120 1212 1149 eius
1234 1120 1391 1155 tractando;
1414 1121 1520 1149 Ioannis
1535 1121 1714 1150 undecimoss:
1741 1134 1754 1147 ι(
1769 1123 1889 1160 College-

1042 1170 1109 1196 runt
1130 1167 1273 1196 Pontifices
1294 1170 1321 1196 et
1342 1168 1479 1196 Pharisaei
1502 1169 1672 1197 concilium»
1697 1169 1830 1198 adversus
1851 1170 1890 1198 Ie-

1042 1222 1114 1243 sum.
1145 1214 1312 1248 Videamus,
1328 1215 1467 1251 inquam,
1495 1215 1523 1243 si
1549 1224 1693 1244 sermones
1721 1216 1800 1244 illius
1828 1216 1891 1244 veri

1041 1262 1113 1296 sint,
1135 1262 1253 1296 scilicet,
1275 1262 1350 1298 quod
1371 1262 1406 1291 sit
1427 1270 1491 1291 vere
1513 1263 1595 1291 Filius
1620 1263 1677 1292 Dei.
1700 1264 1753 1292 Hoc
1776 1264 1841 1292 vidit
1862 1265 1890 1292 et

1042 1309 1169 1345 cognovit
1191 1309 1235 1337 ille
1257 1309 1396 1343 centurio,
1412 1309 1472 1346 qui,
1496 1310 1590 1338 videns
1604 1318 1668 1338 eum
1683 1310 1825 1339 clamando
1839 1318 1889 1339 ex-

1042 1356 1149 1393 spirare
1170 1360 1197 1385 et
1220 1359 1324 1385 motum
1342 1359 1432 1385 terrae
1456 1357 1564 1394 aliaque
1585 1357 1676 1394 signa,
1696 1358 1733 1386 ait
1761 1358 1888 1388 Matthaei

1043 1403 1175 1440 vigesimo
1196 1403 1312 1440 septimo
1324 1403 1350 1430 ⁹:
1378 1415 1391 1428 α
1406 1403 1476 1432 Vere
1498 1403 1580 1432 Filius
1595 1404 1643 1432 Dei
1664 1407 1723 1432 erat
1741 1403 1792 1432 iste
1806 1415 1832 1431 ».
1855 1404 1890 1432 Et

1043 1454 1195 1484 cente-mus,
1226 1450 1259 1479 de
1288 1459 1395 1487 prope,
1426 1458 1491 1479 eum
1519 1450 1621 1479 scilicet
1650 1450 1836 1487 crucifigendo
1863 1453 1890 1479 et

1042 1497 1124 1526 morti
1147 1496 1322 1533 exponendo;
1344 1505 1419 1535 quae
1438 1501 1564 1526 ventura
1584 1501 1655 1526 sunt
1668 1497 1725 1532 illi,
1747 1497 1850 1526 scilicet
1868 1497 1889 1526 si

1042 1544 1144 1581 poterit
1159 1551 1188 1573 se
1203 1544 1334 1577 liberare;
1356 1544 1484 1573 Matthaei
1499 1544 1630 1581 vigesimo
1646 1545 1774 1581 septimo:
1794 1556 1807 1569 «
1819 1544 1890 1573 Alios

1043 1591 1133 1619 salvos
1154 1590 1229 1624 fecit,
1251 1598 1280 1619 se
1295 1590 1385 1627 ipsum
1400 1599 1455 1619 non
1470 1594 1560 1628 potest
1580 1592 1687 1620 salvum
1702 1592 1791 1620 facere
1806 1604 1832 1620 ».
1855 1592 1891 1620 Et

1042 1638 1183 1671 sciemus,
1205 1637 1261 1666 vel:
1276 1640 1308 1666 ut
1322 1638 1456 1672 sciamus,
1479 1646 1553 1676 quae
1574 1642 1660 1666 erunt
1674 1639 1835 1667 novissima
1856 1638 1889 1667 il—

1043 1684 1117 1717 tius,
1139 1684 1242 1712 scilicet
1263 1684 1284 1713 si
1307 1687 1442 1721 resurget.
1466 1684 1497 1713 Et
1518 1685 1570 1713 hoc
1585 1685 1703 1713 sciemus
1724 1685 1783 1714 eius
1798 1685 1889 1722 sepul-

1043 1739 1122 1760 crum
1144 1731 1336 1765 custodiendo;
1359 1731 1432 1760 unde
1453 1731 1581 1760 Matthaei
1602 1732 1733 1769 vigesimo
1754 1732 1887 1769 septimo:

1047 1789 1060 1803 «
1075 1778 1202 1812 Domine,
1225 1777 1361 1806 recordati
1383 1786 1493 1812 sumus,
1515 1779 1588 1815 quod
1609 1778 1737 1807 seductor
1752 1779 1796 1807 ille
1817 1778 1888 1807 dixit

1042 1825 1133 1853 adhuc
1154 1825 1263 1853 vivens:
1279 1824 1341 1853 Post
1362 1827 1418 1853 tres
1432 1825 1489 1854 dies
1511 1833 1654 1862 resurgam
1669 1837 1695 1853 ».
1712 1842 1748 1846 —
1764 1825 1798 1854 Si
1810 1826 1887 1854 enim

1041 1881 1128 1901 verus
1142 1875 1182 1900 est
1196 1872 1292 1900 Filius
1312 1872 1381 1906 Dei,
1403 1875 1435 1901 ut
1456 1872 1608 1909 praedixit,
1631 1881 1684 1900 non
1706 1880 1755 1909 per
1769 1873 1886 1910 gratiam

1041 1919 1209 1956 adoptionis,
1232 1922 1263 1947 ut
1284 1927 1348 1953 nos,
1371 1919 1418 1948 sed
1439 1927 1488 1956 per
1515 1920 1668 1948 naturalem
1690 1919 1887 1956 proprietatem

1041 1969 1169 1995 aeternae
1190 1966 1386 2003 generationis3
1401 1966 1538 2003 suscipiet
1552 1966 1648 2000 illum,
1671 1966 1773 1995 scilicet
1788 1966 1815 1994 in
1830 1966 1888 2003 glo-

1041 2014 1097 2047 ria;
1120 2013 1202 2041 Isaiae
1227 2012 1437 2050 quadragesimo
1458 2013 1578 2041 secundo
1591 2013 1628 2041 ¹⁰:
1655 2024 1668 2038 «
1684 2013 1764 2047 Ecce,
1789 2020 1888 2041 servus

1041 2068 1135 2094 meus,
1157 2060 1304 2097 suscipiam
1326 2068 1389 2089 eum
1405 2072 1431 2088 ».
1450 2061 1482 2088 Et
1504 2059 1637 2088 liberabit
1653 2068 1733 2094 eum,
1755 2059 1888 2088 sciliceta

1042 2115 1143 2144 poena3
1165 2109 1192 2136 et
1212 2107 1264 2135 hoc
1286 2110 1328 2135 est
1348 2106 1422 2144 quod
1443 2107 1586 2143 sequitur:
1609 2107 1649 2135 De
1663 2106 1802 2135 manibus
1822 2115 1888 2135 eon-

1042 2154 1224 2187 trariorum,
1246 2153 1273 2182 id
1300 2156 1342 2182 est
1363 2153 1579 2187 crucifixorum,
1602 2154 1649 2190 qui
1679 2153 1702 2182 ei
1724 2156 1803 2182 erant
1824 2161 1888 2181 con-

1042 2201 1129 2230 trarii,
1152 2201 1306 2237 Utrumque
1321 2200 1384 2229 fecit
1405 2200 1428 2228 ei
1443 2200 1532 2234 Deus;
1554 2200 1645 2237 ipsum
1660 2200 1733 2228 enim
1755 2199 1889 2228 liberavit

1042 2256 1062 2276 a
1073 2255 1182 2284 poena,
1197 2246 1350 2275 secundum
1369 2246 1437 2275 illud
1451 2246 1549 2275 Psalmi
1561 2247 1597 2275 ¹1:
1623 2258 1636 2272 α
1653 2247 1795 2275 Liberator
1810 2254 1888 2275 meus

1041 2294 1075 2323 de
1104 2294 1220 2322 inimicis
1247 2294 1315 2322 meis
1342 2293 1524 2327 iracundis»,
1547 2294 1650 2322 scilicet
1677 2294 1736 2330 ipsa
1762 2293 1806 2322 die
1826 2301 1888 2331 pas-

1042 2341 1138 2375 sionis,
1164 2343 1310 2378 postquam
1339 2341 1518 2377 temporalem
1547 2344 1663 2370 mortem
1688 2341 1836 2375 sustinu'it;
1861 2344 1888 2370 et

1042 2389 1133 2426 ipsum
1158 2388 1316 2422 suscitavit,
1345 2388 1390 2417 sed
1413 2396 1467 2416 non
1489 2388 1596 2423 statim,
1617 2391 1645 2416 at
1667 2388 1748 2417 tertia
1768 2388 1824 2422 die,
1846 2395 1888 2416 se-

1043 2435 1165 2464 cundum
1196 2434 1264 2463 illud
1291 2434 1444 2471 Sophoniae
1470 2434 1566 2463 tertio:
1592 2446 1605 2459 «
1628 2434 1763 2471 Exspecta
1785 2442 1829 2463 me
1859 2434 1887 2462 in

203 2606 212 2620 ¹
229 2606 292 2630 Libr.
313 2607 360 2630 Vn.
381 2606 482 2630 Confess.
504 2613 525 2630 c.
547 2607 587 2630 46.
611 2613 634 2629 u.
656 2607 695 2629 22.
716 2619 747 2624 —
768 2607 901 2636 Sequuntur
925 2607 985 2629 loan.

141 2647 169 2676 3,
186 2647 225 2670 20.
241 2649 263 2669 et
279 2647 295 2669 l.
311 2647 369 2675 Reg.
387 2647 429 2674 18,
446 2647 469 2669 9.
838 2644 848 2658 ²
866 2647 932 2669 Vers.
949 2645 986 2668 ⁴7.

202 2685 212 2698 ³
229 2686 296 2709 Vers.
311 2686 350 2708 113.
366 2697 398 2702 —
414 2686 547 2714 Sequuntur
571 2685 648 2708 Matth.
670 2685 692 2714 4,
715 2685 760 2713 205
779 2686 797 2708 l.
819 2685 878 2708 Petr.
895 2686 922 2714 2,
940 2686 985 2713 22;

140 2725 175 2748 Ps.
192 2725 235 2752 68,
253 2725 275 2747 5.

202 2763 212 2776 4
229 2764 317 2792 Nempe
333 2763 504 2791 interlinearis,
521 2769 582 2792 quae
602 2763 694 2791 exponit
715 2762 787 2785 verba
804 2762 856 2786 viae
872 2762 922 2786 eius
939 2763 984 2785 ita:

140 2804 222 2826 Sancta
239 2803 368 2831 disciplina.
383 2815 415 2820 —
432 2803 485 2832 Seq.
502 2803 566 2825 locus
582 2805 617 2825 est
632 2802 682 2825 lsai.
699 2802 742 2829 55,
759 2803 782 2825 8.

201 2840 211 2854 ⁵
228 2842 294 2865 Vers.
314 2842 352 2865 48.
367 2854 399 2859 —
416 2842 549 2871 Sequuntur
571 2842 650 2864 Glossa
674 2840 843 2869 interlinearis,
859 2844 882 2864 et
905 2842 984 2864 Ezech.

140 2882 182 2909 36,
198 2881 238 2904 ⁴7.

201 2918 211 2932 ὅ
228 2920 311 2943 Psalm.
328 2920 371 2949 33,
388 2921 431 2948 223
448 2919 504 2943 ibid.
515 2920 574 2948 ¹1⁴5,
587 2920 625 2943 115.
641 2922 676 2942 est
692 2926 741 2948 seq.
757 2920 836 2947 Iocus;
854 2919 934 2942 tertius
950 2922 985 2942 est

138 2959 206 2982 Num.
224 2959 266 2987 23,
282 2959 321 2981 40.

1105 2604 1114 2618 ⁷
1132 2606 1222 2628 Scilicet
1233 2604 1422 2628 interlinearem:
1435 2605 1467 2627 De
1479 2605 1553 2627 sutura
1569 2604 1615 2627 vita
1632 2610 1679 2627 non
1696 2604 1809 2632 cogitant,
1821 2610 1886 2632 spem

1043 2646 1133 2668 suturae
1148 2645 1208 2667 vitae
1225 2644 1335 2672 praeferri
1356 2649 1412 2666 suae
1433 2643 1544 2671 voluptati
1563 2643 1654 2671 dolent,
1672 2643 1733 2665 unde
1750 2643 1771 2665 ei
1788 2645 1886 2664 mortem

1043 2684 1203 2707 machinantur
1221 2683 1360 2711 (secundum
1377 2682 1515 2711 Rabanum).
1534 2683 1552 2705 Α
1568 2683 1663 2705 alteram
1685 2683 1743 2705 hanc
1760 2682 1886 2710 explicatio-

1043 2730 1096 2746 nem
1113 2723 1203 2746 omittit.
1220 2736 1251 2739 -
1268 2722 1375 2751 Sequitur
1393 2722 1452 2745 loan.
1471 2723 1497 2750 8,
1515 2722 1553 2745 54.

1105 2761 1114 2774 ¹³
1132 2763 1198 2786 Vers.
1215 2762 1253 2785 47,

1104 2800 1114 2813 ⁹
1130 2802 1196 2824 Vers.
1214 2801 1256 2829 54;
1273 2801 1320 2823 duo
1337 2807 1401 2830 seqq.
1418 2801 1460 2823 loci
1478 2803 1531 2823 sunt
1548 2800 1603 2823 ibid.
1621 2800 1658 2827 27,
1677 2799 1712 2822 42.
1730 2802 1752 2822 et
1770 2799 1807 2821 63.

1105 2840 1125 2853 ¹⁰
1142 2841 1208 2864 Vers.
1224 2841 1247 2863 t.

1105 2878 1124 2892 ¹¹
1141 2880 1223 2902 Psalm.
1240 2879 1277 2906 47,
1296 2879 1331 2901 48.
1344 2891 1375 2895 —
1386 2879 1519 2907 Sequuntur
1537 2878 1608 2905 Soph.
1627 2878 1653 2904 3,
1666 2878 1687 2899 8.
1700 2879 1722 2899 et
1737 2877 1772 2898 Ps.
1786 2876 1829 2904 72,
1847 2875 1883 2897 24.

1041 2931 1072 2936 —
1084 2919 1177 2941 Inferius
1193 2924 1207 2940 e
1223 2918 1292 2941 codd.
1308 2917 1468 2946 supplevimus
1485 2918 1507 2940 et
1522 2916 1600 2946 ipsum
1617 2915 1746 2939 suscitavit.

1904 519 1995 538 Tertium.

1903 801 1982 820 Divisio.

1903 1035 1973 1054 Primo.

1903 1831 1997 1851 Secundo.

1906 2206 2020 2225 Notandum.
