2296 3316
264 586 357 605 Secundo.

286 960 355 979 Tertio.

235 1383 323 1406 Epilogus
338 1384 357 1401 et

263 1407 327 1429 figura.

226 1853 307 1872 Deducit
317 1857 360 1877 pro-

234 1877 319 1896 ficientes
328 1876 360 1895 tri-

234 1900 315 1924 pliciter.

290 2372 359 2390 Primo.

380 176 435 205 630

378 253 537 291 patientiam
558 251 592 280 ad
614 250 787 288 propositum
809 249 889 278 nobis
909 251 1065 283 certarnen,
1092 248 1226 285 aspicien-

378 304 419 329 tes
439 300 466 328 in
488 302 630 328 auctorem
653 297 714 326 fidei
737 300 764 325 et
782 298 1033 325 consummatorem
1050 296 1139 324 lesum
1155 307 1181 324 ».
1198 295 1226 324 ln

377 346 468 382 ipsum
489 347 660 382 aspexerunt
680 344 829 379 Martyres,
852 342 899 379 qui
925 342 1016 379 ipsum
1046 341 1132 370 secuti
1161 344 1228 371 sunt

377 400 426 429 per
448 395 600 426 tormenta;
621 391 655 420 de
676 389 778 428 quibus
798 389 901 418 dicitur
923 388 950 417 in
972 388 1094 417 Psalmo:
1118 400 1131 413 «
1146 388 1226 417 Vide-

377 441 443 467 runt
464 438 606 474 ingressus
628 441 706 472 tuos,
727 437 802 466 Deus
816 448 830 462 ι»
855 439 924 470 etc.;
940 436 1092 473 inyresszts
1113 435 1227 472 quidem

376 486 466 519 illius,
487 484 534 522 qui
561 496 575 509 «
591 492 641 521 per
662 484 824 521 sanguinem
846 491 929 513 suum
950 482 1075 511 introivit
1095 481 1180 511 semel
1198 481 1225 510 in

376 532 473 560 Sancta
488 541 514 565 »;
536 530 688 565 viderant,
717 531 847 568 inquam,
869 533 896 559 et
917 529 978 558 ideo
998 532 1060 566 post
1081 529 1160 558 illum
1185 529 1226 557 in—

374 578 461 616 gressi
483 580 548 606 sunt
569 584 618 614 per
640 580 786 606 tormenta.
808 594 847 598 —
868 577 982 607 Videant
1004 577 1106 606 iterum
1134 576 1226 606 Salva-

374 629 463 654 torem
485 627 627 652 certantes
647 623 680 652 ad
701 623 890 653 adiuvandum
911 624 1100 659 assistentem,
1122 627 1154 653 ut
1172 623 1227 653 sint

376 671 473 700 viriles
494 671 537 700 vel
558 673 729 704 constantes;
751 671 872 708 qualiter
887 672 955 700 vidit
969 680 1033 701 eum
1048 672 1147 701 beatus
1168 672 1225 700 Ste-

373 720 483 757 phanus
494 719 521 747 in
533 718 683 747 certamine
693 717 815 754 positus,
827 719 946 747 Actuum
958 719 1076 756 septimo
1089 720 1115 747 ¹:
1131 731 1145 744 «
1156 719 1225 748 Cum

374 769 446 796 esset
466 765 622 802 Stephanus
637 765 735 802 plenus
749 764 854 801 Spiritu
869 768 977 799 sancto,
996 765 1109 795 intuens
1123 774 1150 795 in
1165 775 1225 795 cae-

374 813 449 847 lum,
470 812 538 841 vidit
559 812 675 849 gloriam
697 811 745 841 Dei
766 814 794 841 et
815 811 904 840 lesum
926 814 1044 841 stantem
1065 820 1082 841 a
1102 813 1226 842 dexteris

373 859 486 889 virtutis
506 859 554 888 Dei
571 871 596 887 n.
619 858 693 888 Vidit
713 859 786 888 enim
808 858 901 887 caelos
922 862 1040 895 apertos
1067 860 1146 896 quasi
1176 860 1226 888 ho-

374 906 486 944 spitium
501 906 551 935 sibi
566 908 695 944 paratum
710 905 744 934 ad
759 904 971 942 hospitandum,
987 908 1014 934 et
1029 905 1126 934 Iesum
1144 909 1225 935 stan-

374 957 427 982 tem
449 953 527 991 quasi
549 950 678 990 paratum
697 953 730 981 ad
745 952 942 981 adiuvandum.
959 968 995 972 —
1011 952 1127 981 Videant
1142 952 1224 981 etiam

369 1003 588 1037 perseverantes
615 999 707 1036 ipsum
735 1002 893 1028 servantem
918 1001 945 1028 et
964 1002 1171 1036 protegentem,
1194 1002 1225 1028 ut

373 1047 427 1075 sint
447 1046 578 1075 victores.
605 1057 618 1071 «κ
633 1046 732 1075 Fidelis
753 1047 825 1075 enim
848 1049 889 1076 est
911 1047 1000 1080 Deus,
1022 1046 1069 1083 qui
1091 1054 1146 1075 non
1161 1054 1225 1083 per-

371 1094 476 1128 mittet,
490 1102 539 1123 vos
552 1093 653 1123 tentari
674 1094 750 1122 ultra
767 1094 843 1131 quod
857 1094 987 1131 potestis,
1002 1093 1050 1123 sed
1063 1093 1144 1123 faciet
1159 1102 1223 1122 cum

372 1141 522 1170 tentatione
552 1144 720 1178 proventum
735 1153 767 1175 ι»,
795 1141 902 1178 primae
930 1141 964 1170 ad
992 1141 1149 1170 Corinthios
1176 1141 1223 1170 de-

372 1188 481 1222 cimo2;
503 1191 531 1217 et
551 1187 617 1216 dicit
644 1187 746 1216 David:
780 1199 794 1213 <t
809 1188 988 1217 Providebam
1017 1188 1166 1217 Dominum
1195 1188 1222 1216 in

372 1238 521 1272 conspectu
541 1242 604 1263 meo
624 1242 750 1271 semper;
772 1235 903 1272 quoniam
926 1243 942 1263 a
962 1235 1071 1264 dextris
1085 1238 1127 1264 est
1141 1234 1223 1269 mihi,

372 1289 406 1310 ne
428 1289 603 1310 commovear
615 1293 641 1309 ».

454 1329 497 1357 19.
520 1328 563 1357 Sic
581 1336 647 1366 ergo
661 1328 815 1365 spiritualis
829 1329 899 1358 visio
914 1329 1063 1358 Salvatoris
1078 1328 1225 1367 confortat

370 1379 545 1413 pzcynantes.
570 1376 628 1413 lpse
643 1376 717 1405 enim
731 1379 773 1405 est
793 1376 854 1404 dux
875 1376 1019 1406 exercitus
1040 1377 1123 1411 caeli,
1139 1384 1222 1413 quem

373 1422 440 1451 vidit
458 1423 557 1452 beatus
572 1423 684 1451 loannes
698 1422 874 1459 Apocalypsis
895 1423 1002 1452 decimo
1024 1431 1096 1452 nono
1108 1423 1135 1457 ³3
1150 1422 1224 1451 unde

372 1469 474 1499 dicitur
495 1470 549 1499 ibi:
576 1482 590 1495 «
604 1470 664 1498 Vidi
686 1470 793 1499 caelum
814 1473 959 1507 apertum,
981 1474 1009 1500 et
1029 1478 1108 1505 ecce,
1133 1478 1224 1507 equus

372 1517 468 1551 albus,
490 1520 517 1546 et
538 1517 586 1554 qui
608 1516 720 1546 sedebat
747 1525 832 1554 super
861 1525 925 1546 eum
955 1517 1107 1546 vocabatur
1130 1516 1224 1554 fidelis

372 1568 399 1593 et
420 1572 529 1599 verax,
550 1567 578 1593 et
599 1572 662 1593 cum
684 1564 789 1593 iustitia
816 1565 919 1593 iudicat
947 1568 974 1593 et
1002 1567 1114 1602 pugnat.
1144 1564 1223 1593 Oculi

372 1612 432 1641 eius
453 1612 525 1641 sicut
545 1612 656 1641 flamma
677 1612 763 1650 ignis,
785 1615 813 1641 et
834 1612 861 1640 in
883 1612 972 1649 capite
991 1612 1051 1641 eius
1071 1611 1225 1640 diademata

372 1659 461 1688 multa
482 1662 550 1694 etc.;
572 1663 599 1688 et
620 1659 763 1688 exercitus
784 1659 850 1688 caeli
873 1659 1045 1696 sequebatur
1066 1667 1131 1688 eum
1147 1670 1174 1687 ι».
1187 1674 1224 1679 -

371 1706 440 1735 Nota
468 1706 630 1744 exemplum
658 1706 692 1736 de
720 1706 837 1743 Ange10,
866 1706 912 1743 qui
938 1706 1013 1734 visus
1033 1710 1088 1740 est,
1110 1705 1223 1735 secundi

372 1753 602 1782 Machabaeorum
626 1754 746 1788 tertio⁴‚
768 1753 816 1790 qui
838 1752 975 1790 percussit
996 1753 1183 1781 Heliodorum.

455 1801 499 1830 13.
529 1801 604 1830 Visio
632 1801 735 1830 iterum
764 1800 918 1838 spIritualis
939 1800 1089 1829 Salvatoris
1109 1800 1225 1829 deducit

369 1848 555 1886 proficientes
575 1848 603 1877 in
625 1848 755 1877 omnibus
775 1847 908 1884 operibus
932 1847 1069 1881 iustitiae,
1095 1848 1164 1876 visio
1185 1848 1224 1876 vi-

373 1895 473 1925 delicet
493 1895 582 1932 ipsius
600 1894 809 1924 conversantis.
826 1894 962 1931 Quoniam
976 1896 1070 1922 autem
1085 1894 1119 1922 ad
1134 1894 1225 1931 perfe-

373 1944 446 1971 ctam
465 1942 598 1971 virtutem
614 1942 668 1970 tria
689 1941 844 1971 necessaria
864 1941 971 1970 sunt⁵:
991 1942 1067 1970 scire
1088 1945 1224 1979 quantum

374 1989 408 2018 ad
422 1989 593 2018 intellectum
603 2012 610 2023 ‚
625 1989 693 2017 velle
708 1992 845 2026 quantum
860 1989 893 2018 ad
908 1989 1050 2023 affectum,
1066 1988 1225 2026 impermu-

375 2036 502 2065 tabiliter
523 2036 645 2073 operari
665 2040 802 2073 quantum
824 2036 858 2065 ad
886 2036 1034 2070 effectum;
1056 2035 1224 2070 notandum,

375 2083 449 2121 qnod
464 2083 492 2112 in
507 2083 716 2112 conversatione
731 2083 855 2112 eiusdem
870 2083 964 2118 videre
978 2090 1137 2120 possumus,
1151 2082 1225 2112 unde

376 2131 547 2159 instruatur
567 2130 725 2159 intellectus
745 2130 780 2159 ad
801 2130 961 2164 sciendum,
984 2133 1136 2158 moveatur
1157 2129 1225 2168 affe-

375 2181 439 2206 ctus
459 2177 493 2206 ad
514 2177 679 2211 volendum,
708 2177 863 2215 dirigatur
887 2176 1003 2215 effectus
1023 2176 1055 2205 ad
1078 2176 1225 2213 proficien-

375 2224 451 2254 dum.
474 2225 502 2253 ln
524 2224 733 2253 conversatione
754 2223 815 2253 eius
833 2224 992 2252 invenimus
1012 2222 1117 2257 verba,
1138 2223 1226 2260 siyna

376 2276 403 2302 et
434 2271 585 2309 exempta:
616 2271 703 2300 verba
733 2271 883 2305 veritatis,
916 2271 994 2308 signa
1021 2270 1172 2308 potestatis
1199 2274 1226 2299 et

377 2319 505 2356 exempla
526 2318 701 2347 sanctitatis,
729 2318 815 2347 Docet
842 2318 916 2347 enim
940 2317 1053 2352 verbis,
1074 2321 1167 2346 movet
1186 2317 1226 2346 si-

375 2367 459 2404 gnis,
487 2366 582 2403 dirigit
608 2365 753 2403 exemplis.
784 2382 821 2386 —
850 2365 967 2394 Videant
992 2373 1059 2402 ergo
1080 2364 1226 2402 proficien-

378 2417 419 2442 tes
440 2413 531 2450 ipsum
554 2413 715 2446 docentem,
738 2415 769 2440 ut
791 2412 997 2445 instruantur,
1019 2414 1051 2440 ut
1072 2411 1227 2440 instructus

444 2584 451 2596 ¹
472 2584 537 2606 Vers.
554 2584 593 2607 55.
608 2596 639 2600 —
656 2583 769 2612 Superius
786 2590 829 2612 pro
845 2582 927 2606 viriles
944 2585 961 2606 A
980 2582 1082 2611 habiles,
1099 2583 1139 2612 qui
1159 2582 1229 2605 etiam

379 2623 475 2646 inferius
492 2629 545 2646 cum
563 2623 580 2645 B
597 2622 668 2652 quasi
683 2624 787 2646 erectum
803 2629 847 2651 pro
864 2622 935 2652 quasi
946 2623 1072 2652 paratum.

443 2660 452 2674 ²
471 2662 536 2684 Vers.
556 2661 593 2684 ⁴3.
609 2674 640 2678 —
657 2662 766 2690 Sequitur
790 2662 826 2684 Ps.
844 2661 886 2690 ¹15,
904 2662 925 2683 8.
944 2674 973 2677 —
990 2660 1048 2684 Cod.
1072 2660 1089 2683 C
1114 2666 1126 2682 a
1152 2659 1231 2682 verbis

386 2700 483 2724 Videant
499 2700 571 2724 etiam
584 2702 765 2730 perseverantes
782 2707 856 2730 usque
877 2700 976 2723 Videant
991 2699 1079 2723 iterum
1090 2705 1144 2723 eum
1157 2698 1230 2722 mira-

382 2740 437 2764 cula
454 2740 579 2770 facientem
597 2741 628 2769 (in
645 2747 668 2763 n.
690 2740 734 2769 13.)
753 2741 830 2763 omnia
848 2741 939 2763 omittit.

445 2778 455 2792 ³
472 2780 539 2803 Vers.
556 2779 635 2802 1144,

446 2818 456 2831 ⁴
473 2819 540 2842 Vers.
560 2820 598 2842 25.
614 2825 680 2848 seqq.

447 2856 456 2870 ⁵
474 2858 607 2881 Secundum
625 2858 729 2885 Aristot,
747 2858 771 2880 ll.
788 2858 861 2880 Ethic.
872 2864 893 2880 c.
907 2857 927 2879 4.
940 2856 985 2880 Csr.
999 2860 1054 2880 tom.
1067 2857 1096 2880 V.
1107 2862 1162 2885 pag.
1174 2855 1232 2883 548,

384 2901 438 2920 nota
455 2898 478 2920 7.
495 2910 525 2913 —
542 2897 636 2920 inferius
652 2903 696 2925 pro
712 2896 936 2927 impermutabiliter
950 2895 1049 2926 operari
1064 2897 1082 2918 A
1099 2902 1180 2926 posse,
1192 2895 1231 2924 qui

385 2937 453 2960 etiam
472 2936 572 2959 subinde
588 2942 631 2965 pro
649 2936 786 2960 instruatur
802 2936 920 2959 substituit
935 2935 1087 2966 informetur.

448 2974 458 2988 ⁶
475 2976 542 2998 Vers.
565 2970 584 2998 i.
600 2979 622 2998 et
639 2976 661 2998 2.
678 2988 708 2992 —
727 2976 835 3005 Sequitur
852 2976 877 2998 ll.
891 2975 949 2998 Petr.
968 2976 976 2997 i
988 2993 993 3003 ,
1012 2974 1048 2997 46.

906 171 1132 200 COLLATlONES
1154 171 1185 200 lN
1207 171 1356 200 lOANNEM
1377 170 1470 200 COLL.
1493 170 1603 200 LXXIX.

1284 248 1336 277 suit
1357 248 1455 277 heatus
1476 248 1605 282 loannes,
1626 248 1732 285 primae
1752 248 1859 278 loannis
1874 249 2003 287 primoss:
2024 261 2037 275 «
2052 250 2130 287 Quod

1283 294 1441 323 audivimus
1461 297 1489 323 et
1503 294 1623 323 vidimus
1634 306 1648 319 ι»
1666 298 1734 329 etc.;
1755 306 1768 320 «
1783 297 1811 324 et
1828 303 1926 325 manus
1940 299 2051 326 nostrae
2067 304 2131 326 con-

1284 344 1474 370 trectaverunt
1488 341 1521 370 de
1536 341 1628 370 Verbo
1642 341 1714 370 vitae
1729 353 1742 367 »
1762 344 1830 377 etc.;
1850 354 1863 368 «
1880 343 1931 371 hoc
1946 342 2131 373 testificamur
2283 352 2287 374 i

1283 391 1310 416 et
1331 387 1531 417 annuntiamus
1552 388 1630 417 vobis
1645 399 1671 422 »;
1693 391 1721 417 et
1745 388 1843 418 beatus
1871 389 1968 418 Petrus
1995 390 2131 420 secundae

1284 434 1355 463 Petri
1377 434 1486 471 primo:
1514 446 1528 460 α
1542 434 1600 463 Non
1622 434 1716 464 doctas
1730 435 1837 465 fabulas
1858 436 1959 471 secuti,
1980 439 2072 465 notam
2093 437 2132 466 fe-

1283 480 1373 510 cimus
1392 481 1470 510 vobis
1491 481 1599 510 Domini
1620 482 1708 510 nostri
1730 482 1790 511 Iesu
1815 482 1916 512 Christi
1945 483 2077 513 virtutem
2105 487 2132 513 et
2264 481 2288 520 !

1283 527 1477 564 praesentiam,
1492 527 1539 557 sed
1554 528 1743 565 speculatores
1757 528 1819 558 facti
1836 529 1923 566 ipsius
1939 530 2090 559 maiestatis
2104 542 2130 558 ».
2285 542 2290 564 ·,

1283 574 1360 603 Valet
1381 574 1454 603 enim
1475 574 1509 603 ad
1531 574 1742 604 instructionem
1763 583 1817 604 non
1839 576 1928 605 solum
1950 576 2063 611 audire,
2085 577 2132 606 sed

1283 621 1376 651 videre
1405 622 1569 659 magistrum
1597 629 1701 656 suum;
1730 622 1805 651 unde
1832 623 1879 660 qui
1908 623 1969 652 vult
1996 623 2088 653 doceri
2116 632 2133 653 a

1282 669 1392 698 Christo
1420 671 1563 698 convertat
1583 669 1679 698 oculos
1700 677 1765 698 suos
1787 669 1946 706 spirituales
1966 670 2000 699 ad
2021 671 2131 708 ipsum;

1283 717 1356 746 tertii
1385 717 1489 753 Regum
1518 715 1665 745 decimo⁷z
1700 727 1713 741 «
1732 715 1829 745 Omnis
1857 719 1933 745 terra
1959 717 2133 747 desiderabat

1283 764 1376 793 videre
1388 763 1497 792 vultum
1509 763 1674 797 Salomonis,
1689 765 1721 791 ut
1734 763 1845 792 audiret
1856 763 2018 801 sapientiam
2033 764 2093 793 eius
2105 776 2130 793 ».

1283 828 1319 833 —
1340 811 1457 840 Videant
1478 811 1579 840 iterum
1595 818 1660 839 eum
1673 810 1824 839 miracula
1842 810 2010 848 facientem,
2026 815 2058 841 ut
2071 820 2131 841 mo-

1281 861 1415 887 veantur.
1438 857 1505 886 Nam
1532 869 1545 882 a
1560 856 1710 886 multitudo
1731 865 1831 894 magna
1852 858 2023 895 sequebatur
2050 866 2131 893 eum,

1282 905 1346 942 quia
1362 904 1491 933 videbant
1505 904 1595 941 signa,
1617 911 1689 941 quae
1710 903 1826 932 faciebat
1838 904 1849 920 ⁸
1863 915 1890 939 »ς
1905 904 1979 934 unde
1999 905 2133 934 Deutero-

1283 952 1365 980 nomii
1395 952 1541 981 undecimo
1569 951 1671 980 dicitur
1696 951 1760 979 filiis
1782 951 1884 980 lsrael:
1910 951 2018 981 «Oculi
2047 953 2131 982 vestri

1283 998 1413 1027 viderunt
1433 998 1525 1027 omnia
1545 1006 1631 1035 opera
1652 997 1761 1026 Domini
1782 1005 1898 1035 magna,
1919 1006 1991 1035 quae
2006 998 2085 1034 fecit,
2100 1002 2132 1028 ut

1282 1045 1443 1074 custodiatis
1456 1045 1588 1074 universa
1604 1044 1732 1073 mandata
1746 1044 1807 1073 eius
1821 1056 1835 1070 »
1854 1047 1905 1074 etc.
1919 1056 1926 1080 ;
1942 1045 2016 1082 quod
2037 1048 2131 1075 autem

1281 1092 1398 1121 faciebat
1420 1093 1446 1121 in
1468 1093 1508 1121 eis
1529 1092 1598 1121 visio
1619 1091 1802 1129 corporalis,
1818 1092 1871 1121 hoc.
1891 1092 1973 1121 debet
1995 1093 2022 1121 in
2044 1093 2131 1122 fideli-

1281 1139 1334 1168 bus
1355 1139 1445 1168 facere
1467 1139 1535 1168 visio
1555 1139 1731 1177 spiritualis.
1755 1155 1791 1160 —
1814 1139 1930 1168 Videant
1950 1140 2052 1169 iterum
2067 1148 2131 1169 eum

1280 1190 1449 1223 operantem
1470 1190 1498 1216 et
1525 1187 1685 1224 exemplum
1707 1186 1795 1215 bonae
1816 1187 1984 1223 operationis
2005 1187 2131 1222 dantem,

1280 1236 1312 1261 ut
1334 1233 1503 1267 intuentum
1524 1233 1598 1263 unde
1619 1233 1725 1262 loannis
1739 1233 1846 1262 decimo
1860 1233 1984 1262 tertio⁹:
2004 1245 2017 1259 α
2034 1234 2132 1263 Exem-

1281 1280 1357 1316 plum
1379 1280 1441 1309 dedi
1464 1281 1542 1310 vobis
1557 1293 1583 1309 ».
1608 1281 1722 1318 Propter
1737 1280 1811 1318 quod
1826 1279 1929 1309 dicitur
1944 1280 2131 1310 Hebraeorum

1280 1330 1377 1355 octavo
1390 1337 1396 1355 ε
1408 1344 1412 1347 ⁴
1423 1338 1436 1351 «
1453 1327 1519 1356 Vide
1540 1331 1568 1356 et
1588 1328 1629 1356 iac
1649 1327 1802 1357 secundum
1818 1327 1978 1364 exemplar,
1994 1328 2068 1364 quod
2083 1328 2132 1356 tibi

1282 1374 1308 1402 in
1330 1377 1424 1402 monte
1452 1378 1638 1403 monstratum
1668 1378 1709 1404 est
1725 1385 1751 1409 »;
1778 1377 1805 1403 et
1834 1374 1955 1403 sumitur
1983 1374 2017 1403 de
2040 1368 2131 1403 ‘Exodi

1281 1421 1414 1458 vigesimo
1435 1421 1543 1458 quinto.

1363 1468 1406 1497 14.
1429 1468 1472 1497 Sic
1493 1476 1560 1505 ergo
1581 1469 1650 1498 visio
1671 1469 1824 1506 spiritualis
1845 1469 1994 1497 Salvatoris
2015 1469 2131 1498 deducit

1281 1518 1308 1543 et
1327 1519 1476 1552 promovet
1500 1515 1686 1552 proficientes
1694 1527 1704 1550 ;
1725 1515 1799 1553 qnod
1821 1515 2006 1552 significatum
2028 1518 2070 1544 est
2092 1515 2131 1544 lo-

1281 1569 1331 1590 sue
1355 1562 1435 1590 tertio
1448 1561 1485 1595 ¹⁰,
1502 1561 1550 1590 ubi
1565 1562 1721 1591 clamabant
1735 1569 1886 1599 praecones
1907 1561 1942 1590 ad
1962 1561 2033 1596 tilios
2048 1562 2131 1591 Israel

1281 1609 1405 1637 volentes
1427 1608 1564 1645 proficisci
1586 1608 1614 1637 in
1630 1612 1734 1637 terram
1749 1608 1959 1646 promissionis:
1978 1602 1993 1634 ἀ
2007 1608 2077 1648 Cum
2091 1609 2131 1638 vi-

1280 1655 1376 1684 deritis
1396 1663 1489 1684 arcam
1511 1655 1629 1684 foederis
1650 1656 1757 1684 Domini
1780 1656 1827 1685 Dei
1848 1656 1934 1685 nostri
1956 1660 1983 1685 et
2005 1656 2131 1685 sacerdo-

1282 1707 1322 1732 tes
1343 1703 1438 1739 stirpis
1465 1703 1600 1732 Leviticae
1622 1706 1765 1740 portantes
1785 1711 1861 1738 eam,
1884 1711 1933 1732 vos
1955 1711 2068 1741 quoque
2089 1711 2131 1733 se-

1280 1750 1397 1788 quimini
1420 1750 1657 1787 praecedentes».
1682 1752 1764 1780 Area
1791 1750 1918 1789 foederis
1946 1751 2049 1780 dicitur
2079 1751 2132 1779 hu-

1281 1797 1398 1826 manitas
1419 1797 1537 1831 Christi,
1560 1797 1587 1826 in
1609 1805 1665 1834 qua
1685 1801 1765 1826 erant
1786 1798 1859 1832 tria,
1881 1797 2034 1827 secundum
2057 1797 2131 1835 quod

1281 1845 1384 1874 dicitur
1412 1844 1446 1873 ad
1475 1844 1612 1873 Hebraeos
1632 1853 1721 1879 nono,
1744 1845 1788 1874 tex
1809 1845 1949 1880 veritatis,
1974 1845 2063 1882 virya
2083 1853 2132 1882 po-

1282 1892 1388 1922 testatis
1408 1895 1436 1921 et
1456 1900 1570 1920 manna
1585 1892 1753 1926 sanctitatis;
1773 1900 1845 1929 quae
1868 1892 1948 1921 modo
1969 1892 2132 1921 dicebantur

1282 1940 1309 1969 in
1331 1939 1442 1968 Christo
1469 1938 1576 1973 verba,
1603 1939 1693 1976 siqna
1720 1942 1747 1967 et
1774 1939 1913 1976 exempla.
1940 1950 1954 1964 «
1969 1939 2038 1968 Cum
2066 1946 2132 1976 ergo

1282 1986 1407 2016 videritis
1428 1994 1520 2014 arcam
1549 1988 1577 2014 et
1605 1985 1762 2014 sacerdotes
1790 1986 1884 2023 stirpis
1910 1985 2045 2015 Leviticae
2069 1991 2133 2022 por-

1283 2037 1372 2063 tantes
1393 2041 1453 2062 eam
1468 2045 1496 2067 »‚
1519 2032 1545 2061 id
1567 2035 1609 2062 est
1637 2033 1712 2061 viros
1733 2033 1913 2069 apostolicos,
1933 2032 2133 2070 glorificantes

1282 2084 1307 2109 et
1324 2084 1477 2118 portantes
1501 2080 1591 2108 Deam
1606 2080 1638 2108 in
1652 2088 1774 2117 corpore
1787 2088 1842 2108 suo
1855 2081 1877 2097 ¹¹
1887 2103 1895 2114 ,
1923 2091 1937 2105 «
1952 2087 2000 2108 vos
2021 2087 2134 2117 quoque

1284 2127 1431 2165 sequimini
1453 2127 1649 2164 praecedentes
1663 2139 1690 2155 ».

1365 2176 1409 2204 15.
1431 2175 1506 2204 Visio
1527 2174 1629 2203 iterum
1651 2174 1804 2211 spiritualis
1826 2174 1975 2203 Salvatoris
1996 2173 2135 2209 laetificat
2147 2175 2274 2223 mulgggffiiffl

1284 2221 1524 2259 contemplantes,
1546 2229 1610 2250 cum
1633 2221 1736 2250 scilicet
1757 2221 1852 2250 vident
1866 2221 1994 2259 yloriam
2008 2229 2134 2259 regnan·
2147 2224 2183 2265 {gg
2196 2221 2275 2246 ffitffiffi·

1284 2270 1337 2304 tis,
1359 2277 1431 2307 quae
1453 2269 1522 2298 visio
1543 2269 1663 2298 ostendit
1684 2277 1748 2297 eum
1771 2268 1977 2297 admirabilem
2004 2268 2135 2298 acceden-

1285 2317 1359 2345 tibus
1380 2316 1413 2345 ad
1435 2316 1709 2353 contemplationem,
1731 2315 1923 2345 delectabilem
1941 2316 2136 2345 commoranti—

1284 2364 1337 2392 bus
1359 2364 1387 2392 in
1411 2363 1657 2400 contemplatione,
1686 2362 1865 2391 laudabilem
1894 2362 2100 2392 revertentibus
2120 2371 2136 2392 a

1285 2410 1525 2447 contemplatione.
1548 2410 1709 2439 Huiusmodi
1725 2410 1798 2438 enim
1814 2409 1919 2439 visione
1940 2409 2100 2438 excitantur
2113 2410 2136 2427 ¹²

2148 814 2239 835 Secundo.

2148 1143 2218 1162 Tertio.

2147 1471 2236 1496 Epilogus
2249 1473 2268 1490 et

2176 1495 2240 1519 ligura.

1350 2580 1358 2593 ⁷
1378 2582 1443 2604 Vers.
1463 2581 1500 2603 24.

1351 2619 1361 2632 ⁸
1378 2621 1437 2643 ioan.
1456 2620 1483 2647 6,
1501 2620 1523 2642 2.
1540 2632 1571 2636 —
1588 2619 1693 2642 Subinde
1709 2620 1822 2647 allegatur
1839 2619 1905 2642 Deut.
1926 2620 1965 2647 ti,
1982 2619 2004 2642 7.
2022 2625 2087 2648 seqq.

1351 2658 1361 2672 ¹³
1378 2660 1444 2682 Vers.
1466 2659 1499 2681 15.
1516 2670 1548 2675 -
1565 2659 1615 2681 Duo
1632 2664 1698 2687 seqq.
1714 2658 1758 2681 loci
1775 2661 1828 2681 sunt
1845 2657 1915 2680 Hebr.
1933 2658 1959 2686 Β,
1977 2659 1998 2681 5.
2022 2660 2044 2680 et
2067 2657 2137 2681 Exod.

1289 2699 1330 2727 25,
1349 2698 1385 2721 40.

1353 2736 1372 2750 ²⁰
1390 2737 1456 2759 Vers.
1474 2737 1495 2759 3.
1513 2749 1544 2753 —
1562 2737 1671 2766 Sequitur
1688 2736 1758 2759 Hebr.
1775 2737 1802 2765 9,
1821 2736 1841 2758 4.

1353 2776 1371 2789 ¹¹
1389 2776 1460 2804 Epist.
1478 2777 1493 2799 Ι.
1510 2775 1562 2799 Cor.
1582 2776 1609 2803 6,
1628 2776 1665 2798 20.

1354 2814 1372 2828 ¹²
1389 2815 1463 2839 Codd.
1481 2814 1525 2838 AC
1542 2817 1729 2844 prosequuntur:
1751 2814 1784 2838 ad
1800 2812 2018 2844 comtemplandam
2035 2813 2064 2843 [C
2082 2814 2139 2836 haec

1290 2854 1362 2878 verba
1380 2854 1474 2884 omittit]
1492 2853 1643 2883 meditantes,
1661 2853 1694 2877 ad
1715 2853 1858 2877 imitandum
1880 2852 2017 2880 sentientes,
2033 2851 2066 2875 ad
2082 2858 2139 2882 qaa-

1290 2894 1394 2918 dendum
1409 2893 1583 2924 praedicantes.
1599 2893 1645 2916 Cir.
1661 2894 1717 2916 infra
1735 2900 1759 2916 n.
1776 2894 1813 2916 46.
1830 2893 1888 2916 Cod.
1904 2893 1934 2920 B,
1946 2892 1986 2922 qui
1999 2891 2091 2915 exhibet
2101 2898 2139 2915 no-

1291 2937 1362 2957 stram
1385 2934 1519 2961 lectionem,
1536 2933 1589 2956 voci
1606 2934 1749 2956 revertentes
1773 2932 1879 2961 praefigit
1902 2931 2069 2962 praedicantes
2094 2931 2140 2961 fait

1293 2973 1352 3002 [sive
1363 2972 1394 3002 ?].
