2296 3316
20 340 24 414 l

18 415 24 471 l

0 518 59 556 Animo
70 530 103 549 de-

21 556 82 575 rantur

0 576 59 625 “ff
63 577 102 596 son-

20 670 101 690 Primus.

18 733 102 786 1611011113.

24 950 103 971 Tertius.

19 1089 103 1116 Quartus.

22 1231 103 1256 Quintus.

13 1371 104 1394 1130111101.

7 1592 40 1630 in.
53 1606 107 1631 quin-

16 1631 29 1649 '3
40 1635 106 1654 aquae.

39 1653 107 1673 Prima.

4 1800 6 1804 ’
18 1794 107 1814 Semnda.

37 1935 106 1954 Tertia.

30 2077 106 2101 Quarta.

32 2218 106 2243 Quinta.

597 162 823 191 COLLATIONES
844 163 876 191 IN
898 161 1044 190 IOANNEM
1066 162 1134 192 CAP.
1157 163 1198 191 lV.
1220 162 1314 191 COLL.
1337 161 1392 191 XV.

117 243 293 272 Canticorum
307 244 408 279 quarto
420 242 446 269 ¹:
465 252 479 266 «
491 241 560 269 Fons
582 241 745 274 hortorum,
761 243 863 277 puteus
881 248 965 277 aqua-

118 298 182 320 rum
193 289 355 322 viventium,
367 296 439 326 quae
454 288 546 316 fluunt
556 287 663 324 impetu
673 287 707 315 de
719 287 821 315 Libano
831 299 859 315 ».
874 287 966 323 Quan-

119 341 178 367 tum
193 337 227 365 ad
242 335 462 365 humanitatem.
479 334 606 363 Christus
617 333 731 363 6311003
745 334 779 362 de
793 334 851 362 imo
866 342 966 363 ascen-

118 385 188 414 dens
195 395 205 418 ;
226 383 339 412 Genesis
353 383 493 412 secundo:
519 394 532 407 «
547 382 617 410 Fons
638 381 802 412 ascendebat
823 381 856 410 de
878 384 966 415 terra,

118 431 238 468 irrigans
258 430 419 459 universam
441 429 618 466 superficiem
640 431 733 457 terrae
748 440 774 455 ».

196 479 222 506 2.
239 477 332 506 Latius
352 479 445 505 3016111
460 475 659 504 considerando
677 475 760 503 fontis
781 474 866 503 huius
887 482 967 511 aper-

120 525 234 558 tionem,
256 523 444 556 inveniemus,
465 531 481 551 3
502 522 576 551 fonte
590 522 700 550 Christo
720 521 823 550 fontem
846 520 967 550 derivari

118 571 296 609 sapientiae,
317 569 421 599 fontem
446 569 680 602 misericordiae,
703 568 805 597 10016111
833 568 967 605 gratiae,

119 619 222 648 fontem
243 617 412 656 spiritualis
434 616 573 650 laetitiae,
594 616 698 644 fontem
726 615 802 643 vitae
823 618 966 643 aeternae.

121 682 156 686 —
178 665 248 694 Fons
268 664 430 702 sapientiae
452 666 552 700 purgat
581 662 763 699 ignorantiam
793 661 968 695 intellectus;

119 713 152 742 de
173 720 229 750 quo
251 711 431 741 Ecclesiastici
453 710 581 747 primo2:
608 721 622 734 a
636 709 706 738 Fons
734 709 883 746 sapientiae
907 716 970 737 ver-

119 759 186 789 bum
201 759 250 788 Dei
264 759 293 787 in
307 758 426 787 excelsis
441 770 466 785 ».
483 773 519 778 -—-
535 757 604 785 Fons
618 756 839 784 misericordiae
859 756 969 792 culpam

120 809 236 844 purgat,
258 813 330 843 quae
345 808 386 834 est
401 805 428 833 in
443 804 559 838 affectu;
581 803 730 832 Zachariae
751 803 858 832 decimo
872 802 969 831 tertio:

125 865 139 879 a
154 853 211 882 Erit
232 853 293 881 fons
314 855 411 889 patens
431 851 525 880 domui
554 851 641 879 David
668 853 695 879 et
722 850 911 879 habitantibus
932 849 971 878 le—

121 899 241 929 rusalem
265 899 292 927 in
313 898 483 927 ablutionem
512 897 665 935 peccatoris
686 900 713 926 et
740 899 929 926 menstruatae
942 908 969 925 ».

122 964 157 967 —
179 947 249 975 Fons
268 946 386 984 gratiae
407 946 496 974 reficit
524 945 656 973 virtutem
685 947 822 981 quantum
844 944 877 972 ad
899 944 971 972 acti-

119 1002 188 1027 vos;
201 993 236 1022 de
250 1001 306 1030 quo
320 993 394 1021 fonte
410 992 539 1021 Ieremiae
554 991 675 1020 seeundo
686 991 710 1019 ³:
731 1002 744 1016 «
756 991 972 1028 Dereliqueriint

120 1047 180 1074 me,
201 1039 304 1068 sontem
325 1047 414 1076 aquae
429 1039 508 1067 vivae
523 1051 550 1073 »‚
565 1038 592 1067 id
607 1041 648 1067 est
663 1038 842 1072 vivificantis,
863 1049 877 1062 «
891 1041 919 1066 et
932 1037 972 1065 fo-

120 1086 222 1115 derunt
243 1086 294 1115 sibi
315 1086 450 1114 cisternas
470 1085 615 1122 dissipatas
630 1096 656 1112 ».
678 1101 717 1105 —
738 1084 807 1113 Fons
827 1083 972 1121 spiritua-

120 1132 156 1161 lis
177 1132 303 1161 laetitiae
323 1132 441 1161 delectat
462 1135 583 1161 mentem
598 1134 733 1169 quantum
749 1131 782 1160 ad
797 1130 972 1168 contempla-

121 1179 211 1213 tivos;
232 1187 316 1216 quem
338 1179 448 1207 sitiebat
466 1178 608 1207 psalmista
621 1178 730 1207 dicens:
750 1189 763 1203 α
778 1178 868 1207 Sitivit
882 1178 974 1206 anima

120 1234 182 1255 mea
205 1226 240 1255 ad
267 1226 372 1260 Deum,
394 1226 496 1254 fontem
518 1225 613 1254 vivum
628 1237 655 1253 ».
677 1241 717 1245 —
737 1226 806 1254 Fons
827 1225 904 1254 vitae
925 1234 972 1254 ae-

121 1277 220 1302 ternae
240 1272 379 1301 beatificat
400 1272 539 1306 animam;
561 1272 595 1300 de
616 1280 672 1309 quo
698 1272 836 1300 Psalmus:
867 1284 881 1297 «
895 1272 972 1309 Apud

122 1324 148 1350 te
162 1323 204 1350 est
217 1320 279 1349 fons
292 1320 378 1354 vitae,
393 1322 420 1348 et
435 1320 462 1348 in
476 1319 581 1348 lumine
596 1323 645 1348 tuo
660 1319 816 1348 videbimus
836 1319 929 1348 lumen
944 1331 971 1347 ».

121 1385 160 1388 —
181 1368 224 1397 Sic
246 1375 312 1405 ergo
333 1367 419 1396 habes
440 1367 564 1404 quinque
586 1366 690 1400 fontes,
706 1374 776 1403 quos
791 1366 812 1395 si
827 1366 973 1403 diligenter

122 1415 296 1449 consideras,
317 1414 477 1451 duo>primi
499 1417 564 1442 sunt
592 1417 689 1442 contra
711 1413 833 1448 malum,
854 1414 910 1442 duo
931 1421 973 1442 36-

122 1465 239 1500 quentes
260 1464 424 1499 promovent
444 1461 471 1489 in
494 1461 582 1494 bono,
598 1461 714 1497 quintus
729 1468 795 1489 vero
809 1460 870 1489 fons
884 1461 973 1489 effun-

122 1509 162 1538 dit
182 1509 346 1546 praemium.

205 1555 231 1585 3.
248 1555 419 1589 Notandum,
440 1555 514 1592 quod
536 1555 723 1584 diversitatem
738 1554 867 1592 fontium
881 1555 973 1591 sequi-

124 1606 171 1632 tur
191 1603 337 1632 diversitas
358 1611 518 1640 aquaram.
541 1602 678 1631 Habemus
699 1610 820 1639 namque
841 1602 875 1631 de
896 1602 971 1631 fonte

123 1646 284 1688 sapientiae
304 1658 391 1687 aquas
413 1649 630 1682 instructionis;
657 1649 837 1678 Ecclesiastici
866 1648 973 1678 decimo

123 1697 221 1734 quinto
232 1697 259 1725 ⁴:
287 1709 300 1722 α
314 1696 421 1726 Cibavit
435 1697 513 1725 illum
528 1704 598 1733 pane
619 1696 691 1725 vitae
712 1700 739 1725 et
761 1696 931 1730 intellectus,
947 1698 975 1724 et

123 1752 196 1782 aqua
217 1744 366 1782 sapientiae
381 1744 511 1773 salutaris
525 1743 630 1781 potavit
644 1744 722 1772 illum
738 1755 764 1771 ».
787 1760 824 1764 -—
845 1743 885 1772 De
899 1743 974 1772 fonte

123 1791 361 1825 misericordiae,
382 1798 469 1828 aquas
489 1790 689 1824 remissionis,
717 1790 750 1819 de
778 1790 882 1827 quibus
910 1790 974 1818 Eze-

124 1839 221 1868 chielis
241 1838 383 1875 trigesimo
397 1840 494 1867 sexto:
517 1849 531 1863 «
546 1837 690 1866 Effundam
711 1845 796 1874 super
811 1845 860 1866 vos
873 1845 974 1874 aquam

124 1885 273 1919 mundam,
295 1888 322 1914 et
343 1884 543 1913 mundabimini
565 1885 600 1913 ab
625 1884 754 1913 omnibus
782 1884 975 1921 inquinamen*

124 1933 159 1962 tis
173 1933 273 1962 vestris
288 1944 314 1960 ».
330 1949 367 1953 -—
382 1932 422 1961 De
436 1932 510 1961 fonte
530 1932 658 1970 gratiae,
674 1939 774 1968 aquam
792 1930 975 1969 refectionis,-

123 1980 208 2009 lsaiae
234 1979 413 2008 duodecimo:
446 1990 459 2004 «
475 1979 612 2008 Haurietis
639 1987 726 2016 aquas
754 1978 781 2007 in
813 1978 914 2015 gaudio
941 1978 975 2007 de

123 2027 246 2056 fontibus
267 2026 415 2055 Salvatoris
430 2037 456 2060 »;
479 2026 618 2055 Psalmus:
645 2037 658 2051 «
673 2026 762 2063 Super
781 2034 882 2063 aquam
905 2025 975 2054 refe-

124 2074 222 2103 ctionis
242 2073 370 2103 educavit
383 2081 427 2102 me
442 2086 468 2101 ».
490 2090 530 2093 —
550 2073 589 2102 De
610 2073 684 2102 fonte
704 2072 874 2110 spiritualis
895 2072 975 2101 laeti-

125 2121 198 2156 tiae,
226 2128 313 2158 aquas
343 2120 567 2154 consolationis;
599 2120 811 2149 Proverbiorum
844 2120 976 2157 vigesimo

124 2168 260 2206 quinto-⁹¹:
286 2179 300 2195 «
315 2169 391 2205 Aqua
412 2167 511 2204 frigida
531 2167 640 2195 animae
662 2167 781 2201 sitienti,
796 2167 912 2195 nuntius
926 2166 976 2195 bo-

124 2224 177 2245 nus
197 2215 232 2245 de
253 2218 329 2244 terra
349 2214 500 2252 longinqua
515 2226 541 2242 ».
564 2230 602 2234 —-
623 2214 662 2243 De
687 2214 762 2243 fonte
783 2214 860 2243 vitae
885 2217 976 2242 aeter-

123 2271 193 2297 nae,
214 2270 302 2300 aquas
322 2264 456 2291 aeternae
476 2260 641 2298 felicitatis,
663 2261 697 2290 de
718 2261 821 2298 quibus
836 2261 974 2290 Psalmus:

129 2322 143 2336 a
158 2310 196 2346 De
218 2312 341 2339 torrente
362 2309 512 2346 voluptatis
535 2311 597 2338 tuae
618 2309 726 2346 potabis
746 2317 793 2338 eos
808 2320 835 2343 »;
857 2311 885 2337 et
906 2310 975 2346 Apo-

124 2357 242 2394 calypsis
262 2357 394 2394 septimo:
422 2356 508 2385 «Non
533 2356 658 2385 esurient
684 2363 775 2393 neque
804 2356 897 2384 sitient
917 2363 975 2384 am-

124 2403 211 2441 plius,
232 2411 282 2433 nec
303 2403 381 2432 cadet
402 2411 486 2440 super
507 2403 569 2432 illos
589 2403 630 2431 sol
657 2410 748 2440 neque
769 2403 844 2431 ullus
865 2406 974 2437 aestus;

125 2450 256 2488 quoniam
277 2450 385 2487 Agnus,
407 2450 455 2487 (101
478 2450 505 2478 10
525 2449 616 2478 medio
637 2449 729 2478 throni
751 2452 808 2485 est,
824 2453 900 2487 reget
914 2450 975 2479 illos

1022 244 1050 270 et
1070 241 1188 270 deducet
1215 248 1262 270 eos
1290 240 1323 269 ad
1352 240 1440 269 100163
1470 241 1540 269 vitae
1568 248 1748 277 aquarum».
1771 258 1809 262 —
1830 242 1872 271 Sic
1891 249 2005 268 Notandum.

1023 296 1089 326 ergo
1113 288 1199 316 habes
1220 288 1248 316 in
1270 288 1410 316 Salvatore
1431 288 1556 325 quinque
1578 295 1679 324 genera
1697 286 1825 325 fontium
1846 292 1874 317 et

1023 334 1147 372 quinque
1169 342 1271 371 genera
1292 343 1459 373 aquarum,
1481 334 1515 363 de
1535 334 1639 372 quibus
1659 335 1743 363 Isaiae
1770 335 1873 364 duode—

1024 382 1110 410 cimo:
1137 392 1150 406 <x
1165 381 1303 410 Haurietis
1327 389 1415 418 aquas
1436 381 1462 409 in
1491 381 1591 418 gaudio
1612 381 1645 410 de
1673 381 1795 410 100111103
1817 382 1873 410 831-

1024 428 1128 456 vatoris
1142 440 1169 456 n.

1103 475 1129 503 [ι.
1152 475 1270 504 Possunt
1289 477 1383 503 autem
1404 474 1527 511 adaptari
1559 475 1603 504 isti
1635 476 1759 513 quinque
1784 476 1872 505 1011163
1902 483 2019 510 aptatu-1&

1025 522 1149 559 quinque
1172 521 1341 550 vulneribus
1361 521 1478 555 Christi,
1511 530 1632 559 quorum
1655 526 1776 560 quatuor
1801 523 1872 552 111111-
1890 507 2020 549 ggii-‘1¹3⁶'

1026 571 1069 596 cta
1089 572 1155 597 sunt
1176 568 1285 597 Christo
1313 571 1376 596 ante
1409 571 1541 602 mortem,
1563 569 1692 605 quintum
1721 578 1788 599 vero
1812 574 1874 607 post

1026 618 1153 644 mortem.
1175 615 1218 644 Sic
1239 619 1266 644 et
1287 615 1404 643 istorum
1427 615 1544 644 fontium
1565 619 1686 653 quatuor
1707 618 1874 654 aperiuntur

1026 662 1105 690 nobis
1126 662 1154 690 in
1176 662 1232 690 vita
1252 662 1319 696 ista,
1341 662 1470 699 quintum
1493 670 1559 690 vero
1579 666 1641 699 post
1663 663 1689 692 in
1711 664 1798 700 gloria
1808 664 1828 692 θ.

1359 765 1487 786 ,1113011110
1507 764 1543 786 12.

1107 850 1196 887 (Vers.
1219 851 1267 886 8.).
1300 850 1445 888 Discipuli
1474 851 1537 879 eius
1564 851 1718 886 abierant,
1744 855 1777 880 ut
1799 852 1876 881 cibos

1028 901 1160 926 emerent.

1107 944 1278 979 Notandum,
1300 945 1373 982 quod
1403 945 1555 974 secundum
1588 945 1760 982 scripturam
1783 946 1876 974 multi-
1894 951 2012 993 sgssogrznne'ra

1028 992 1094 1029 plex
1115 991 1296 1029 distinguitur
1317 992 1407 1021 cibus.
1431 993 1477 1025 Est
1503 993 1576 1021 enim
1598 993 1677 1021 cibus
1708 993 1875 1027 naturalis,
1994 989 1998 993 “

1029 1038 1143 1076 legalis,
1172 1038 1321 1073 carnalis,
1347 1039 1533 1076 spiritualis,
1562 1039 1806 1074 sacramentalis,
1828 1048 1876 1068 ac—

1029 1085 1159 1114 ternalis.
1187 1102 1224 1106 —
1252 1086 1336 1114 Cibus
1356 1085 1508 1114 naturalis
1539 1086 1713 1115 ministratur
1742 1086 1820 1115 nobis
1851 1087 1879 1115 in
1896 1092 1986 1110 Primum-

1029 1140 1124 1162 mensa
1144 1137 1283 1167 naturae,
1298 1133 1332 1162 de
1352 1141 1408 1170 quo
1430 1133 1557 1162 Matthaei
1580 1133 1686 1162 decimo
1698 1133 1724 1161 ⁷:
1745 1145 1758 1158 (ι
1773 1133 1879 1170 Dignus

1029 1182 1071 1208 est
1091 1180 1237 1216 operarius
1258 1179 1319 1208 cibo
1341 1187 1392 1208 suo
1407 1192 1432 1208 ».
1449 1197 1487 1201 ——
1505 1180 1589 1209 Cibus
1611 1180 1726 1217 legalis,
1742 1180 1770 1208 in
1785 1188 1880 1209 mensa
1896 1185 2010 1204 seeundum-

1029 1234 1213 1264 synagogae,
1241 1234 1324 1264 quem
1353 1227 1492 1255 interdicit
1523 1227 1668 1264 Apostolus
1688 1227 1721 1255 ad
1744 1227 1880 1255 Romanos

1029 1272 1135 1302 decimo
1157 1276 1273 1310 quarto:
1293 1273 1344 1301 «Si
1360 1276 1475 1310 propter
1489 1273 1581 1302 cibum
1603 1276 1683 1302 tuum
1706 1273 1792 1302 frater
1813 1276 1880 1302 tuus

1030 1320 1220 1354 contristatur,
1252 1320 1304 1349 iam
1337 1329 1392 1349 non
1423 1320 1576 1349 secundum
1608 1321 1752 1350 caritatem
1783 1320 1880 1349 ambu-

1030 1366 1070 1395 las
1082 1378 1107 1394 ».
1124 1383 1162 1387 -
1176 1367 1260 1396 Cibus
1280 1367 1431 1401 carnalis,
1454 1367 1481 1395 in
1500 1375 1596 1396 mensa
1616 1367 1865 1404 concupiscentiae
1871 1377 1881 1400 ;
1898 1373 1988 1392 Tertium-

1030 1413 1244 1442 Proverbiorum
1268 1414 1424 1451 trigesimo:
1443 1425 1457 1439 «ι
1470 1414 1520 1442 Ρ61
1541 1414 1595 1442 1113
1615 1416 1745 1442 movetur
1766 1416 1880 1448 terra»,

1030 1469 1151 1498 quorum
1183 1468 1272 1490 unum
1294 1464 1352 1495 est,
1377 1468 1441 1490 cum
1467 1472 1481 1486 «
1496 1461 1600 1490 stultus
1627 1464 1770 1490 saturatus
1797 1460 1881 1490 fuerit

1030 1508 1091 1537 cibo
1103 1520 1129 1536 ».
1142 1524 1179 1528 —
1190 1508 1274 1536 Cibus
1288 1507 1467 1545 spiritualis,
1481 1508 1508 1536 111
1524 1515 1619 1536 mensa
1633 1507 1833 1542 conscientiae,
1847 1507 1881 1536 de
1898 1515 1995 1539 Quartum.

1030 1563 1086 1592 quo
1101 1555 1209 1584 Ioannis
1223 1558 1316 1584 sexto:
1336 1566 1350 1579 «
1361 1554 1520 1592 Operamini
1536 1563 1590 1583 non
1605 1555 1714 1589 cibum,
1730 1555 1777 1592 qui
1794 1555 1881 1592 perit,

1031 1602 1078 1631 sed
1099 1602 1147 1639 qui
1169 1605 1313 1639 permanet
1334 1602 1361 1630 in
1378 1602 1461 1631 vitam
1480 1604 1622 1630 aeternam
1637 1614 1664 1630 ».
1681 1619 1718 1623 -—
1732 1602 1816 1631 Cibus
1833 1610 1881 1631 sa—
1899 1608 1995 1633 Quintum·

1030 1649 1231 1684 eramentaliS,
1249 1650 1275 1678 in
1290 1657 1386 1678 mensa
1400 1648 1614 1683 eucharistiam
1636 1650 1743 1679 loannis
1764 1650 1880 1679 sext0'3:

1035 1708 1048 1721 «
1059 1696 1129 1725 Caro
1150 1704 1211 1725 mea
1233 1704 1297 1725 vere
1312 1699 1353 1725 est
1367 1696 1446 1725 cibus
1457 1708 1471 1722 »
1490 1699 1541 1726 616.
1560 1713 1595 1716 —
1610 1697 1694 1725 Cibus
1708 1696 1879 1731 aeternalis,
1897 1703 1983 1722 sextum.

1031 1743 1058 1772 in
1080 1751 1176 1772 mensa
1195 1743 1318 1781 gloriae,
1339 1744 1372 1772 de
1394 1752 1450 1781 quo
1471 1744 1572 1773 Tobiae
1592 1744 1769 1773 duodecimo:
1796 1756 1809 1769 α
1825 1744 1880 1781 Ego

1031 1790 1092 1819 cibo
1113 1790 1242 1819 invisibili
1264 1794 1291 1819 et
1312 1794 1396 1827 potu,
1412 1791 1459 1828 (101
1481 1791 1517 1820 ab
1538 1791 1697 1820 hominibus
1719 1791 1803 1820 videri
1827 1800 1880 1820 non

1031 1841 1137 1875 potest,
1159 1841 1224 1866 11101·
1239 1850 1265 1866 ».

1347 1939 1490 1963 COLLATlO
1508 1940 1558 1963 XV.

1112 2026 1200 2063 (Vers.
1217 2026 1285 2059 32).
1300 2027 1358 2064 E90
1373 2026 1471 2055 cibum
1486 2025 1575 2055 habeo
1586 2027 1781 2061 manducare,
1796 2036 1880 2065 quem

1032 2081 1082 2101 vos
1103 2073 1228 2101 nescitis.

1114 2121 1138 2148 1.
1160 2120 1194 2149 Ut
1215 2120 1350 2155 sciamus,
1372 2129 1428 2158 quo
1449 2121 1521 2149 vesci
1544 2120 1642 2149 debeat
1668 2122 1750 2150 homo
1775 2122 1884 2156 iustus,
1899 2125 1994 2168 Ngbisuzv
2021 2136 2027 2140 -

1032 2166 1198 2201 notandum,
1213 2167 1287 2204 quod
1303 2167 1406 2204 triplex
1427 2171 1469 2196 est
1490 2167 1584 2202 cibus,
1606 2168 1653 2205 qui
1675 2168 1754 2197 nobis
1768 2169 1881 2206 apponi·
1898 2154 1961 2192 {iffi}
1976 2155 2026 2174 ’ω

1033 2217 1080 2244 101
1101 2215 1129 2243 10
1151 2215 1309 2252 praesenti:
1331 2215 1411 2244 cibus
1431 2215 1582 2243 naturalis
1597 2232 1634 2235 —
1649 2215 1727 2244 cibus
1748 2216 1882 2245 carnalis

1033 2278 1070 2283 —
1085 2265 1112 2291 et
1126 2262 1206 2291 cibus
1227 2261 1404 2298 artificialis.
1427 2262 1535 2290 Primus
1555 2265 1698 2291 sustentat
1718 2266 1881 2298 naturam,

1032 2308 1172 2337 secundus
1192 2308 1287 2336 nutrit
1308 2308 1590 2345 concupiscentiam,
1613 2308 1712 2337 tertius
1733 2308 1882 2346 confortat

1033 2355 1175 2384 animam.

1112 2404 1138 2432 2.
1154 2403 1233 2431 Circa
1254 2403 1346 2431 cibum
1369 2402 1537 2431 naturalem
1557 2405 1636 2437 nota,
1652 2403 1726 2440 quod
1741 2403 1882 2441 condique
1897 2407 1926 2426 De
1939 2407 1982 2426 cibo
1996 2412 2027 2426 ¹2³-

1032 2453 1074 2478 est
1096 2450 1312 2487 promerendus
1319 2460 1329 2483 ,·
1354 2449 1482 2478 Matthaei
1509 2449 1655 2478 decimo⁹:
1683 2462 1696 2475 «
1711 2450 1816 2487 Dignus
1840 2454 1881 2479 est
1899 2431 2018 2474 fflsshlssrssf'a‘

188 2647 196 2659 ¹
216 2647 281 2670 Vers.
301 2647 337 2669 15.
353 2659 386 2663 -
403 2647 511 2676 Sequitur
528 2647 586 2670 Gen.
606 2648 633 2676 2,
650 2648 673 2670 6.
684 2660 715 2664 -
727 2648 849 2677 Aliquanto
865 2648 974 2676 superius

125 2692 168 2714 pro
186 2685 285 2709 delectat
300 2685 317 2708 C
334 2684 459 2713 dulcescat,
479 2688 502 2711 et
518 2686 617 2709 subinde
629 2693 657 2709 ex
670 2687 686 2708 B
703 2686 803 2709 vocibus
813 2687 869 2717 sons
880 2686 973 2710 descen-

125 2724 182 2748 dens
200 2725 375 2747 interseruimus
392 2724 419 2747 de
435 2731 537 2748 summo.

188 2763 197 2776 ²
216 2764 282 2787 Vers.
298 2764 319 2786 5.
337 2776 369 2781 —
386 2763 490 2787 Subinde
507 2764 619 2792 allegatur
637 2765 705 2787 Zach.
725 2765 766 2792 13,
785 2766 806 2787 i.

188 2802 198 2815 ⁹
215 2804 282 2826 Vers.
300 2804 337 2826 13.
353 2815 385 2820 -
401 2803 452 2826 Duo
468 2809 533 2832 seqq.
552 2803 594 2826 loci
612 2807 666 2826 sunt
683 2804 718 2827 Ρ3.
736 2804 778 2833 41,
796 2805 818 2827 3.
835 2807 857 2827 61
874 2805 917 2832 35,
939 2805 974 2827 10.

125 2855 156 2860 -
172 2843 269 2866 Inferius
291 2849 334 2871 pro
356 2837 508 2872 praemium,
531 2843 594 2871 qnod
620 2842 717 2871 praebet
741 2843 771 2872 C,
796 2845 814 2866 A
841 2843 935 2872 lumen,
957 2844 973 2866 Β

123 2882 241 2913 primum.

188 2919 198 2933 ¹¹
216 2921 282 2944 Vers.
299 2921 321 2944 3.
338 2933 370 2938 —
387 2922 521 2950 Sequuntur
546 2922 626 2944 Ezech.
652 2922 695 2949 36,
713 2922 754 2950 253
780 2922 829 2944 lsai.
857 2922 895 2949 ¹2,
914 2922 935 2944 3.
952 2924 975 2944 et

127 2960 163 2983 Ps.
181 2961 218 2988 22,
237 2962 258 2983 2.

1093 2647 1103 2659 ⁵
1122 2648 1185 2671 Vers.
1204 2647 1242 2669 25.
1258 2659 1289 2664 —-
1306 2647 1363 2669 Tres
1380 2653 1445 2676 seqq.
1464 2646 1507 2669 loci
1524 2649 1577 2669 sunt
1602 2647 1637 2669 Ps.
1656 2647 1698 2674 35,
1716 2647 1743 2674 9;
1762 2647 1832 2675 Apoc.
1850 2647 1880 2675 7,

1032 2688 1068 2710 16.
1085 2690 1107 2709 61
1126 2687 1176 2709 lsai.
1194 2687 1237 2714 12,
1253 2687 1273 2708 3.

1093 2724 1102 2738 ⁶
1121 2726 1179 2748 Vide
1196 2725 1314 2753 Bernard.,
1332 2725 1405 2748 861111.
1424 2725 1444 2747 i.
1463 2725 1484 2747 in
1502 2725 1623 2748 Nativitate
1640 2725 1744 2754 Domini,
1761 2731 1783 2747 11.
1801 2726 1823 2747 8.

1093 2764 1101 2777 ⁷
1121 2766 1186 2788 Vera.
1207 2765 1243 2787 10.
1258 2777 1287 2780 -
1300 2764 1404 2787 Subinde
1415 2765 1544 2792 allegantur
1557 2765 1624 2787 Rom.
1638 2764 1679 2792 14,
1694 2764 1734 2791 ⁴5,
1751 2764 1818 2787 Prov.
1836 2765 1879 2793 30,

1031 2805 1068 2827 21.
1087 2811 1137 2834 seq.
1154 2807 1176 2826 et
1193 2805 1254 2826 ioan.
1271 2804 1298 2832 6,
1316 2803 1354 2825 27.

1093 2842 1102 2856 ⁸
1120 2844 1186 2866 Vers.
1204 2843 1242 2865 56.
1259 2855 1290 2860 -
1306 2843 1415 2872 Sequitur
1432 2841 1493 2865 Tob.
1511 2843 1552 2871 ⁴2,
1573 2843 1608 2865 19.

1093 2881 1103 2894 ⁹
1121 2883 1187 2905 Vers.
1208 2882 1245 2904 ⁴0.
1262 2894 1293 2899 -—-
1310 2883 1443 2911 Sequuntur
1465 2882 1488 2904 11.
1512 2882 1593 2905 Thess.
1612 2883 1640 2909 3,
1660 2882 1698 2909 10;
1716 2883 1773 2905 Gen.
1791 2883 1817 2910 3,
1837 2883 1878 2911 i9;

1032 2923 1112 2945 Ezech.
1130 2922 1156 2951 4,
1176 2922 1211 2944 10.
1230 2921 1280 2951 (ubi
1297 2927 1340 2949 pro
1356 2920 1441 2951 viginti
1456 2922 1555 2944 stateres
1572 2921 1640 2944 codd.
1659 2922 1731 2944 nostri
1743 2921 1822 2945 decem
1834 2924 1879 2945 sta—

1031 2963 1100 2990 teres,
1114 2964 1137 2984 et
1148 2961 1217 2989 paulo
1235 2964 1286 2983 ante
1303 2967 1346 2989 pro
1363 2959 1465 2983 modeste
1482 2960 1498 2983 C
1516 2960 1615 2990 modice)
1633 2963 1655 2983 et
1666 2961 1734 2983 Eccli.
1746 2961 1789 2990 37,
1808 2964 1846 2987 32,
