2296 3316
41 330 96 349 natio
108 329 141 348 tri-

60 353 109 377 plex.

70 423 140 442 Prima.

46 797 139 817 Secunda.

67 1549 139 1568 Tertia.

733 147 904 176 COMMENT.·
925 147 958 176 IN
980 147 1216 175 ECCLESIASTEN
1236 147 1264 176 C.
1286 148 1328 176 Vl.

158 231 185 257 et
200 227 382 257 circumdedit
396 235 461 257 eum
481 227 556 255 Deus
571 226 692 255 tenebris
703 228 737 255 »2
752 226 783 254 Et
798 225 875 263 quod
885 224 1005 262 frustra

158 275 249 304 veniat
263 275 291 303 in
312 275 387 303 hunc
402 274 538 303 mundum
553 273 614 303 talis
634 281 737 302 avarus
751 276 778 301 et
792 275 889 306 tenax,
914 274 1005 301 osten-

157 322 212 356 dit,
243 325 271 350 et
295 324 409 358 propter
440 321 605 349 deletionem
635 319 763 348 nominis
794 319 820 347 in
853 322 942 347 morte
978 321 1006 347 et

157 372 271 406 propter
292 367 533 405 inexperientiam
554 367 622 395 boni
641 367 669 395 in
690 366 746 395 vita
774 370 801 395 et
825 369 940 403 propter
960 366 1004 394 in-

156 415 341 453 expletionem
361 414 500 443 desiderii
519 414 547 443 111
568 417 690 451 utroque
711 416 793 442 statu.
817 414 931 450 Propter
959 413 1006 441 de-

158 463 286 491 letionem
306 462 434 490 nominis
458 461 542 490 dicit:
566 462 600 490 Et
620 461 760 490 oblivione
787 460 927 489 delebitur
954 469 1007 488 110-

157 518 221 539 men
235 509 312 543 eius,
328 509 353 537 id
369 512 423 541 est,
444 517 499 537 non
514 508 686 545 permanebit
700 515 750 536 nec
765 515 795 536 re
816 515 867 535 nec
881 507 1004 540 nomine⁷

156 556 308 586 secundum
323 556 398 593 quod
411 556 597 584 comminatur
615 555 749 583 Dominus
771 554 899 590 Babyloni
923 554 1005 582 Isaiae

155 604 261 633 decimo
282 604 420 640 quarto¹:
447 614 460 627 «
475 602 588 631 Perdam
610 602 754 638 Babylonis
775 609 874 629 nomen
893 604 921 629 et
942 601 1005 629 reli-

156 651 235 688 quias
256 655 283 679 et
310 658 422 688 germen
454 654 481 678 et
501 649 677 686 progeniem,
709 649 747 677 ait
778 648 911 677 Dominus
926 659 957 682 »3
979 651 1006 676 et

155 697 308 735 Sapientiae
339 696 459 726 secundo
490 696 518 724 in
538 704 658 733 persona
687 695 841 724 malorum:
869 707 882 719 ι(
902 695 1006 723 Nomen

155 748 282 774 nostrum
304 744 469 773 oblivionem
500 743 616 780 accipiet
647 751 695 780 per
717 746 843 779 tempus,
867 745 894 770 et
925 749 1006 770 nemo

156 792 210 821 erit
229 799 336 820 memor
357 799 473 828 operum
489 793 650 819 nostrorum
665 801 691 818 ».
707 805 745 810 —
761 789 876 826 Propter
891 789 1005 826 inexpe-

155 839 293 867 rientiam
315 837 382 866 boni
403 837 561 874 subiungit:
586 845 645 865 non
665 836 742 865 videt
767 835 870 870 solem,
900 836 927 864 in
949 844 1006 873 quo

155 885 258 914 scilicet
278 887 320 913 est
339 884 483 913 delectatio
504 887 531 912 et
552 883 725 921 experientia
749 883 829 915 boni,
851 882 1005 911 secundum

155 931 229 969 quod
259 931 361 960 dicitur
393 931 463 959 infra
495 930 679 959 undecimo2:
706 941 719 955 «
741 930 827 958 Dulce
855 929 950 958 lumen
978 932 1006 958 et

154 979 314 1009 delectabile
335 982 376 1008 est
397 978 484 1008 oculis
505 978 599 1007 videre
620 978 705 1006 solem
720 989 747 1005 ».
770 977 846 1005 Hunc
868 985 922 1005 non
937 976 1005 1005 vidit

154 1026 197 1055 vir
217 1033 335 1060 avarus,
356 1025 422 1062 quia
443 1028 532 1059 errat;
555 1024 709 1061 Sapientiae
727 1024 839 1061 quinto:
868 1035 880 1048 «
895 1023 1005 1051 Erravi-

153 1080 217 1102 mus
237 1081 253 1101 a
274 1072 318 1101 via
339 1072 474 1106 veritatis,
490 1074 518 1100 et
531 1071 651 1100 iustitiae
674 1071 767 1100 lumen
788 1079 843 1099 non
865 1071 938 1099 luxit
956 1079 1005 1099 no-

154 1120 211 1155 bis;
232 1122 260 1148 et
280 1120 320 1148 sol
342 1119 536 1156 intelligentiae
564 1126 619 1147 non
647 1121 689 1147 est
715 1121 795 1146 ortus
816 1117 894 1146 nobis
909 1129 922 1142 »
952 1120 1003 1146 etc.

154 1168 186 1196 Et
206 1168 244 1196 ita
267 1175 326 1196 non
346 1166 419 1195 vidit
439 1166 543 1200 solem,
565 1166 618 1194 hoc
639 1168 695 1200 est,
718 1173 772 1194 non
794 1165 892 1194 habuit
912 1165 1004 1202 cogni-

154 1215 235 1243 tionis
263 1214 373 1248 lumen;
402 1222 491 1252 neque
519 1213 650 1250 cognovit
681 1212 855 1241 (testantium
886 1212 954 1241 boni
980 1215 1005 1240 et

152 1262 241 1296 mali,
263 1261 329 1299 quia
359 1261 463 1290 scilicet
494 1268 548 1289 non
573 1263 615 1289 est
644 1263 788 1296 expertus.
812 1275 848 1280 -
872 1259 933 1287 Ideo
964 1259 1005 1287 (11-

153 1309 205 1338 cit:
234 1308 330 1337 Etiam
350 1308 378 1336 si
397 1307 511 1336 duobus
532 1306 661 1335 millibus
682 1307 770 1335 annis
789 1306 913 1340 vixerit,
940 1307 1006 1343 quia

153 1364 208 1384 non
239 1355 374 1384 habemus
408 1354 591 1391 cognitionem
618 1361 668 1390 per
702 1353 929 1387 diuturnitatem,
958 1353 1005 1381 sed

153 1410 203 1440 per
231 1402 447 1439 experientiam;
481 1400 661 1430 Ecclesiastici
690 1400 830 1437 trigesimo
861 1403 962 1437 quarto
977 1400 1004 1428 ³:

160 1462 173 1476 «
194 1449 246 1486 Qui
267 1457 322 1478 non
340 1451 382 1477 est
402 1451 537 1485 expertus
561 1456 650 1485 pauca
674 1448 884 1485 recognoscit»,
907 1455 1005 1476 secun-

155 1497 223 1526 dum
256 1496 330 1534 quod
364 1496 430 1525 dicit
464 1496 665 1532 Philosophus:
699 1507 712 1520 «
736 1495 912 1532 Experientia
942 1495 1006 1524 fecit

155 1547 261 1578 artem,
294 1543 497 1580 inexperientia
528 1551 622 1572 casum
647 1555 673 1570 ».
707 1543 822 1579 Propter
853 1542 1005 1579 incomple-

156 1591 260 1619 tionem
288 1590 426 1619 desiderii
453 1589 561 1619 subdit:
592 1589 691 1618 Nonne
721 1589 761 1617 ad
792 1597 887 1617 unum
911 1589 1006 1618 locum

153 1641 316 1675 properant
343 1637 464 1666 omnia?
492 1637 571 1674 quasi
599 1637 690 1665 dicat:
716 1632 752 1665 ex
781 1639 859 1673 parte
881 1636 1006 1673 corporis

155 1684 253 1714 cedent
282 1684 311 1713 in
339 1687 462 1717 terram;
495 1683 674 1712 Ecclesiastici
706 1683 918 1720 quadragesimo
949 1683 1005 1720 pri-

156 1739 201 1760 mo
216 1732 243 1759 4:
273 1743 287 1756 «
301 1731 412 1765 Omnia,
434 1739 506 1768 quae
536 1731 570 1759 de
592 1733 667 1759 terra.
696 1730 765 1759 facta
788 1733 867 1764 sunt,
900 1730 928 1758 in
950 1732 1005 1758 ter-

156 1786 216 1807 ram
243 1781 442 1807 convertentur
456 1789 487 1812 »;
507 1781 535 1807 et
562 1786 648 1815 supra
662 1778 762 1806 tertio:
790 1777 922 1806 «Cuncta
939 1777 1005 1806 sub-

156 1826 247 1855 iacent
270 1825 397 1859 vanitati,
419 1828 446 1854 et
467 1825 559 1854 omnia
576 1827 696 1862 pergunt
710 1824 744 1853 ad
766 1825 856 1853 locum
876 1832 963 1852 unum
977 1835 1002 1851 ».

158 1873 198 1901 Ex
218 1875 297 1910 parte
326 1873 410 1910 igitur
437 1873 570 1910 eorporis
590 1875 632 1901 est
659 1871 833 1905 incineratio,
862 1879 898 1899 ex
927 1874 1005 1908 parte

156 1923 249 1949 autem
271 1920 389 1948 animae
413 1919 540 1948 desiderii
563 1919 606 1948 sui
627 1918 810 1955 incompletio.
825 1934 861 1938 —
877 1918 1004 1955 Propter-

157 1975 189 1996 ea
216 1967 297 1996 dicit:
321 1966 422 1995 Omnis
451 1966 532 1994 labor
563 1964 690 1994 hominis·
718 1965 749 1993 z'n
778 1974 827 1993 ore
848 1965 946 1998 z'ttz‘us;
974 1973 1005 1993 os

157 2014 259 2043 dicitur
280 2013 394 2042 inhiatio
408 2013 549 2046 desiderii;
565 2013 612 2050 qui
628 2013 702 2041 enim
723 2012 861 2041 desiderat
879 2013 957 2049 quasi
974 2021 1005 2041 os

157 2061 260 2098 aperit;
282 2060 411 2089 laborem
431 2060 517 2097 igitur
537 2068 596 2088 esse
610 2060 642 2088 in
662 2068 725 2093 ore,
749 2060 800 2088 hoc
815 2063 856 2088 est
878 2059 1006 2088 laborare

156 2108 191 2137 ad
209 2108 338 2137 desiderii
366 2107 591 2144 completionem;
614 2106 687 2135 unde
716 2106 931 2135 Proverbiorum
958 2106 1005 2135 de-

157 2155 228 2184 cimo
250 2155 367 2184 sexto⁵z
394 2155 518 2189 «Anima
545 2154 696 2193 laborantis
716 2153 823 2182 laborat
844 2153 911 2187 sibi,
940 2153 1006 2190 quia

158 2202 291 2239 compulit
311 2210 376 2230 eum
390 2209 421 2230 os
442 2209 525 2230 suum
540 2213 567 2229 ».
590 2201 622 2229 Et
636 2201 699 2230 licet
714 2201 766 2229 hoc
780 2200 814 2229 ad
835 2200 1005 2229 desiderium

157 2249 351 2286 complendum
372 2248 467 2283 saciat,
489 2257 543 2277 non
572 2251 663 2277 tamen
684 2248 854 2284 completur;
877 2247 938 2276 ideo
965 2247 1005 2276 di-

158 2295 209 2324 cit:
232 2295 287 2324 Sed
308 2295 412 2324 anima
437 2295 533 2330 illim,
555 2295 659 2324 scilicet
685 2294 778 2324 divitis
801 2295 918 2328 tenaciS,
947 2303 1005 2322 non

158 2342 324 2379 implebitur
345 2342 441 2377 bonis,
473 2342 545 2371 sicut
576 2342 681 2371 dictum
712 2344 753 2370 est
775 2349 860 2378 supra
891 2341 1004 2378 quinto:

163 2401 176 2414 «
191 2390 296 2418 Avarus
316 2397 371 2417 non
402 2389 563 2426 implebitur
590 2389 708 2425 pecunia
722 2399 752 2422 »;
774 2388 848 2417 unde
880 2388 1005 2417 Habacuc

158 2435 291 2465 secundo:
318 2447 331 2461 «
347 2435 475 2464 Dilatavit
488 2436 567 2473 quasi
589 2435 714 2464 infernus
729 2435 847 2464 animam
869 2443 962 2468 suam,
978 2437 1005 2463 et

222 2596 229 2609 ¹
250 2598 314 2620 Vers.
332 2599 370 2620 2⁶2.
385 2610 417 2615 —
433 2598 542 2627 Sequitur
559 2599 613 2626 Sap.
636 2599 662 2625 ⁶2,
681 2597 707 2625 t,
726 2597 765 2620 ubi
788 2604 830 2626 pro
852 2598 896 2620 erit
919 2604 1008 2621 memor
1040 2605 1042 2609 ·

159 2636 261 2664 Vulgata
275 2637 416 2660 memormm
434 2636 531 2660 habebit.

221 2674 230 2687 ²
248 2676 314 2698 Vers.
330 2675 352 2698 7.
368 2688 399 2692 —
416 2676 524 2704 Sequitur
541 2677 596 2704 Sap.
612 2676 638 2704 5,
656 2676 678 2698 6.

222 2713 231 2726 ¹³
248 2715 313 2737 Vers.
331 2715 368 2737 10.
385 2727 416 2732 -
432 2715 547 2737 Sententia
564 2715 655 2738 Aristot.
672 2718 706 2738 est
724 2716 745 2737 in
762 2716 776 2737 l.
789 2716 887 2743 Metaph.
899 2721 920 2738 r.
934 2716 1009 2737 l:Ex-

158 2753 269 2781 perientia
287 2753 362 2781 enim,
380 2757 404 2776 ut
420 2757 481 2776 recte
498 2755 529 2776 nit
549 2755 629 2782 Polus,
647 2757 719 2776 artem
741 2755 827 2781 effecit,
845 2754 1010 2782 inexperientia

159 2799 215 2815 vero
231 2794 353 2815 fortunam.

221 2831 231 2843 ⁴
249 2832 314 2854 Vers.
335 2832 368 2854 13.
386 2832 484 2860 Vulgata
501 2834 558 2855 sunt
574 2838 616 2860 pro
633 2832 696 2861 sacta
714 2833 777 2855 sunt.
795 2844 825 2848 —
843 2832 951 2861 Sequitur
969 2832 1009 2854 Ec-

160 2871 201 2893 cle.
219 2872 245 2898 3,
265 2871 301 2893 19.
318 2871 356 2893 20.

222 2908 232 2921 ³
249 2908 315 2932 Vers.
332 2910 369 2932 26.
388 2922 417 2927 —·—
435 2911 567 2938 Sequuntur
584 2911 657 2932 Eccle.
675 2910 701 2938 ὅ,
718 2911 745 2937 9;
763 2909 849 2933 Habac.
867 2911 894 2938 2,

161 2948 222 2971 Titn.
239 2949 265 2976 3,
282 2948 304 2971 7.

911 2910 932 2932 ὅ.
950 2913 972 2932 et
985 2911 1008 2932 ΙΙ.

1871 151 1903 178 51

1061 224 1120 261 ipse
1140 225 1219 261 quasi
1242 233 1317 254 mors
1345 233 1399 254 non
1420 225 1615 262 adimplebitur
1630 238 1656 254 ι).
1684 227 1721 255 lta
1741 235 1839 256 verum
1868 231 1909 256 est

1061 271 1095 300 de
1115 272 1219 306 avaris,
1241 272 1275 300 de
1296 272 1425 308 pecunia;
1448 272 1485 301 ita
1505 273 1588 301 etiam
1608 273 1642 302 de
1663 274 1788 307 scientia:
1811 281 1909 303 secun-

1061 317 1111 346 dae
1142 317 1175 346 ad
1208 318 1384 348 Timotheum
1412 319 1509 347 tertio:
1537 320 1678 356 «Semper
1702 320 1850 354 discentes,
1882 324 1907 349 et

1062 372 1205 401 nunquam
1228 364 1261 392 ad
1283 365 1424 393 scientiam
1446 366 1569 395 veritatis
1590 367 1821 403 pervenientes».

1381 459 1584 495 Qufflsrtoues.

1143 552 1159 580 l.
1182 553 1332 588 Quaeritur
1353 553 1386 581 de
1415 554 1467 582 hoc
1488 554 1561 590 quod
1582 554 1662 583 dicit:
1693 554 1757 583 Νοη
1781 555 1857 583 dedit
1885 556 1910 584 ei

1062 600 1140 628 Deus
1152 603 1333 637 potestatem,
1349 604 1382 628 ut
1395 600 1520 637 fruatur
1543 601 1632 629 bonis.
1649 619 1686 622 —
1700 602 1824 630 Contra:
1841 603 1909 631 Haec

1062 650 1104 676 est
1125 647 1245 675 liberum
1267 647 1428 681 arbitrium;
1451 648 1498 676 sed
1519 647 1592 677 dedit
1608 648 1725 677 liberum
1747 649 1909 678 arbitrium:

1062 702 1128 731 ergo
1150 697 1177 722 et
1199 696 1371 731 potestatem.

1142 741 1314 778 Respondeo:
1328 741 1489 776 dicendum,
1514 742 1587 779 quod
1604 744 1751 779 potentiam
1774 743 1856 772 habet
1877 744 1910 772 ad

1061 787 1227 822 fruendum,
1250 788 1354 816 scilicet
1375 796 1430 825 qua
1440 792 1533 825 potest
1553 789 1623 823 frui3
1647 789 1692 818 sed
1712 790 1784 818 iusto
1805 790 1852 819 Dei
1868 791 1910 818 iu-

1061 834 1132 863 dicio
1153 834 1304 871 impeditur
1318 835 1412 872 aliqua
1432 843 1535 871 poena,
1557 836 1622 873 quia
1643 836 1761 865 incurrit
1779 838 1909 866 sollicitu-

1061 880 1153 909 dinem
1176 880 1350 917 superfluam
1370 884 1398 909 et
1426 881 1553 910 timorem
1574 885 1601 910 et
1628 882 1769 917 dolorem;
1791 887 1818 912 et
1846 885 1910 921 quia

1059 931 1186 965 potestas
1213 927 1280 956 dicit
1300 928 1451 965 potentiam
1479 929 1669 966 expeditamss,
1698 933 1725 959 et
1751 931 1816 960 haec
1839 931 1910 960 iusto

1062 975 1163 1004 iudicio
1185 975 1315 1012 impedita
1335 979 1391 1004 est:
1414 975 1474 1004 ideo
1499 981 1549 1004 etc.

1141 1022 1169 1050 ΙΙ.
1200 1022 1266 1051 ltem
1297 1023 1443 1059 quaeritur
1474 1023 1508 1052 de
1540 1024 1591 1052 1100
1619 1024 1693 1061 quod
1724 1025 1804 1059 dicit,
1838 1026 1909 1062 quod

1061 1069 1136 1098 nihil
1162 1070 1237 1098 deest
1264 1070 1382 1098 animae
1412 1079 1485 1098 suae
1511 1079 1546 1099 ew
1577 1071 1727 1105 omnibus,
1759 1081 1834 1110 quae
1864 1073 1911 1101 de-

1061 1117 1181 1145 siderat.

1141 1163 1269 1192 CONTRA:
1292 1164 1381 1201 Supra
1403 1165 1539 1201 quinto⁷:
1564 1166 1683 1193 Avarus
1704 1174 1762 1194 non
1785 1166 1911 1203 implebi-

1063 1214 1113 1239 tur
1131 1211 1279 1248 pecuina,-
1300 1214 1328 1240 et
1348 1219 1449 1240 rursus
1477 1212 1672 1249 Hieronymus:
1700 1224 1713 1237 «
1728 1214 1814 1241 Avaro
1835 1213 1912 1241 deest

1063 1261 1119 1287 tam
1134 1258 1208 1295 quod
1230 1258 1325 1292 habet,
1347 1266 1430 1295 quam
1446 1258 1520 1296 quod
1541 1267 1595 1287 non
1610 1259 1693 1288 habet
1708 1270 1738 1287 »ς
1761 1259 1911 1296 male—ergo

1062 1304 1141 1339 dicit,
1163 1313 1228 1333 cum
1250 1305 1302 1333 ait:
1327 1306 1362 1333 Et
1381 1304 1455 1333 nillil
1475 1305 1557 1334 deest.

1142 1352 1317 1389 Respondeo:
1339 1352 1486 1381 dicendum
1496 1375 1503 1387 ,
1518 1353 1592 1389 quod
1607 1353 1700 1382 deesse
1715 1354 1844 1392 aliquid,
1860 1354 1912 1382 hoc

1063 1402 1152 1436 potest
1176 1407 1236 1428 esse
1256 1399 1417 1436 dupliciter:
1440 1400 1482 1429 vel
1507 1403 1643 1437 quantum
1665 1400 1698 1429 ad
1720 1401 1911 1429 sufficientiam

1063 1445 1217 1474 secundum
1244 1455 1305 1475 rem
1326 1450 1353 1475 et
1374 1450 1520 1481 naturam,
1550 1447 1592 1475 vel
1622 1447 1774 1476 secundum
1802 1448 1912 1485 opinio-

1062 1501 1135 1521 nem.
1158 1493 1224 1522 Dico
1246 1501 1324 1530 ergo,
1353 1493 1427 1531 quod
1450 1494 1519 1522 bene
1542 1497 1631 1530 potest
1659 1502 1718 1523 esse
1746 1503 1848 1523 avarus
1876 1495 1913 1523 ita

1062 1539 1151 1573 dives,
1167 1540 1242 1577 quod
1263 1540 1331 1569 1111111
1345 1540 1416 1569 desit
1430 1541 1454 1569 ei
1470 1540 1623 1569 secundum
1646 1550 1706 1569 rem
1721 1544 1748 1570 et
1770 1545 1911 1574 naturam:

1063 1587 1111 1616 sed
1132 1590 1223 1616 tamen
1244 1595 1387 1624 nunquam
1411 1588 1448 1616 ita
1469 1588 1558 1622 dives,
1580 1588 1647 1625 quin
1669 1588 1772 1625 aliquid
1794 1589 1818 1617 ei
1843 1589 1913 1617 desit

1063 1634 1216 1662 secundum
1236 1643 1325 1663 suam
1350 1635 1598 1669 aestimationem,
1619 1635 1686 1672 quia
1713 1643 1821 1672 semper
1850 1636 1912 1672 plus

1063 1681 1139 1718 cupit
1161 1681 1276 1715 habere;
1299 1684 1326 1710 et
1347 1682 1385 1710 ita
1399 1682 1450 1711 sibi
1471 1682 1556 1711 deest.

1142 1728 1181 1756 Ill.
1205 1728 1271 1757 {tem
1292 1728 1326 1757 de
1347 1729 1399 1758 hoc
1420 1730 1579 1766 quaeritur,
1605 1730 1677 1766 quod
1707 1730 1863 1758 abortivum
1887 1730 1910 1759 ei

1063 1775 1192 1811 praefert.
1215 1775 1340 1810 Videtur,
1362 1776 1436 1813 quod
1457 1777 1543 1805 male:

1145 1823 1168 1850 1.
1191 1822 1261 1858 Quia
1274 1822 1418 1851 abortivus
1432 1823 1573 1851 nullarum
1594 1832 1687 1852 rerum
1704 1824 1801 1852 habuit
1819 1824 1911 1860 cogni-

1063 1868 1181 1902 tionem,
1204 1868 1255 1897 iste
1275 1872 1368 1897 autem
1391 1869 1502 1901 habuit:
1526 1870 1604 1903 item,
1627 1878 1740 1904 avarus,
1762 1878 1825 1898 cum
1847 1878 1910 1906 pec-

1062 1918 1106 1943 cat
1126 1916 1289 1957 mortaliter,
1312 1916 1415 1944 fruitur
1437 1916 1547 1945 utendis
1558 1917 1578 1944 ⁸.

1141 1964 1167 1991 ⁴2.
1201 1963 1279 1997 item,
1312 1963 1451 2000 quomodo
1482 1964 1563 1997 dicit,
1592 1964 1665 2001 quod
1694 1973 1752 1992 non
1780 1965 1912 2001 eoqnovit

1062 2010 1236 2039 distantiam
1251 2010 1319 2039 bom’
1332 2014 1358 2039 et
1370 2011 1458 2045 mali,
1475 2011 1525 2040 nisi
1542 2011 1626 2040 tuerit
1647 2011 1801 2048 perfruitus
1815 2011 1911 2039 bonis?

1063 2058 1133 2095 Ergo
1147 2058 1271 2092 videtur,
1287 2058 1360 2095 quod
1375 2058 1518 2087 abortivus
1533 2059 1567 2087 sit
1588 2059 1685 2087 melior
1706 2059 1847 2093 omnibus,
1863 2059 1909 2095 qui

1062 2113 1116 2133 non
1131 2105 1304 2133 delectantur
1320 2106 1346 2133 in
1369 2106 1447 2134 bonis
1462 2106 1655 2142 praesentibus
1669 2109 1696 2134 et
1710 2106 1757 2143 qui
1777 2114 1831 2134 non
1847 2109 1912 2134 sunt

1062 2153 1201 2186 carnales;
1224 2152 1277 2181 hoc
1298 2156 1392 2181 autem
1413 2156 1454 2182 est
1475 2153 1656 2182 haereticum.

1141 2199 1318 2235 Respondeo:
1350 2199 1513 2233 dicendum,
1546 2200 1620 2237 quod
1652 2200 1804 2229 secundum
1837 2200 1909 2228 illam

1062 2246 1151 2280 viam,
1165 2246 1262 2283 quodsi
1278 2246 1330 2274 1100
1345 2246 1453 2275 dicatur
1469 2247 1495 2275 in
1507 2255 1636 2283 persona
1657 2247 1803 2281 earnalis,
1827 2247 1911 2275 facilis

1062 2296 1104 2322 est
1119 2293 1275 2330 responsio;
1292 2293 1452 2322 sustinendo
1468 2298 1567 2327 tamen,
1579 2293 1652 2331 quod
1665 2294 1716 2322 hoc
1731 2293 1911 2322 (11οη1500011-

1062 2340 1130 2369 dum
1151 2340 1315 2374 veritatem,
1336 2340 1410 2374 dico,
1432 2340 1506 2377 quod
1529 2341 1574 2369 tali
1596 2340 1671 2369 diviti
1695 2341 1782 2369 tenaci
1810 2341 1912 2369 aborti-

1062 2396 1129 2416 vum
1151 2387 1310 2424 praeponit,
1331 2387 1397 2424 quia
1418 2387 1478 2421 ille,
1500 2388 1628 2424 quamvis
1649 2396 1703 2416 non
1725 2388 1760 2416 sit
1777 2391 1912 2424 expertus

1064 2435 1147 2469 bona,
1176 2438 1268 2463 tamen
1295 2443 1349 2463 non
1379 2435 1511 2463 sustinuit
1531 2434 1617 2468 mata:
1644 2435 1688 2462 1110
1716 2438 1808 2463 autem
1831 2436 1912 2463 susti-

1127 2596 1137 2609 θ
1155 2598 1179 2619 B.
1196 2597 1294 2624 Albert.‚
1311 2597 1333 2619 in
1352 2597 1379 2619 V.
1392 2597 1488 2624 Mempli.
1501 2599 1527 2618 tr.
1541 2597 1562 2618 Ξ.
1574 2602 1593 2619 c.
1610 2597 1648 2618 12:
1660 2596 1756 2624 Oportet
1768 2596 1836 2623 scire,
1849 2596 1910 2624 quod

1064 2637 1140 2659 differt
1154 2638 1258 2665 poteslas
1280 2643 1291 2658 n
1307 2635 1410 2665 potentia
1429 2636 1451 2657 in
1475 2636 1530 2657 hoc:
1546 2637 1648 2664 potestas
1671 2639 1705 2657 ost
1724 2635 1829 2664 potentia
1852 2638 1913 2657 stans

1065 2675 1110 2698 sub
1126 2676 1296 2703 complemento
1313 2675 1408 2697 actualis
1425 2674 1529 2701 habitus,
1546 2677 1568 2696 et
1586 2674 1637 2696 idco
1654 2674 1728 2696 activa
1747 2678 1778 2695 est
1795 2675 1897 2703 potestas
1905 2683 1912 2697 ,-

1063 2714 1168 2743 potentia
1190 2717 1267 2736 autem
1285 2717 1319 2736 est
1341 2714 1482 2735 interminat-1
1507 2713 1583 2735 adhuc
1605 2716 1627 2736 et
1649 2714 1799 2741 incompleta,
1817 2716 1838 2735 et
1861 2713 1912 2735 ideo

1065 2754 1159 2781 proprie
1181 2753 1304 2775 materialis
1325 2753 1424 2780 potentia
1444 2752 1547 2781 potentia
1571 2755 1675 2774 vocatur.
1691 2764 1722 2768 —
1739 2752 1849 2779 Superius
1871 2758 1912 2779 pro

1064 2792 1145 2821 aliqua
1161 2798 1237 2821 poena
1255 2792 1272 2815 C
1288 2792 1367 2814 aliena
1381 2797 1471 2820 poeno,
1490 2793 1506 2813 Α
1517 2792 1586 2813 DEF
1603 2790 1650 2813 alid
1667 2797 1750 2819 poena.

1128 2830 1136 2843 ⁷
1155 2832 1220 2854 Vers.
1237 2832 1259 2853 9.
1277 2844 1306 2847 —
1324 2830 1400 2853 verba
1418 2830 1510 2852 Hieron.
1527 2830 1581 2852 vide
1598 2836 1667 2858 supra
1686 2835 1739 2857 pag.
1757 2829 1796 2857 46,
1817 2833 1869 2851 nota
1890 2830 1912 2851 3.

1127 2868 1137 2882 ⁰
1154 2871 1262 2898 August..
1280 2870 1307 2891 83
1326 2870 1370 2898 Qq.
1386 2876 1409 2897 q.
1427 2870 1468 2891 30:
1486 2869 1566 2891 Omnis
1583 2869 1659 2897 itaque
1676 2870 1775 2890 humanu
1793 2868 1911 2896 perversio

1065 2912 1111 2936 est,
1128 2909 1192 2937 quod
1209 2909 1277 2931 etiam
1295 2908 1377 2930 vitium
1394 2911 1498 2935 vocatur,
1517 2908 1618 2930 fruendis
1635 2908 1666 2929 uti
1683 2908 1742 2929 velle
1764 2910 1832 2935 atque
1850 2909 1911 2928 1111111Α

1065 2949 1101 2971 dis
1119 2949 1169 2971 frui.

1929 1356 1986 1380 Resp.

1930 1403 2037 1423 Distinetio.

1929 1826 1957 1844 Ad
1971 1827 2045 1849 opposi-

1964 1851 2001 1867 tum

1929 2202 1982 2249 1101ξῇ
1982 2216 1994 2243 ‚x
2001 2202 2034 2220 du-
