2296 3316
392 170 445 199 1οΞ

387 1754 409 1807 Pars
387 1713 409 1736 ll.
386 1584 409 1696 Probatur
387 1477 409 1567 vanitas
387 1380 415 1461 culpae
387 1216 416 1362 (aste-723.)

492 2054 496 2064 ι
512 2038 558 2058 tem

711 664 800 687 vanitas
817 663 916 687 malitiae

507 962 634 985 ostenditur
641 969 679 985 va-

529 994 587 1017 nitas
607 994 679 1022 tripli-

530 1026 562 1048 cis
579 1026 660 1054 culpae
711 1024 800 1047 vanitas
811 1024 921 1047 avaritiae

727 1166 815 1188 vanitas
830 1166 915 1194 impru-

706 1197 804 1224 dentiae,
813 1204 873 1226 quae
882 1203 915 1220 re-

706 1228 818 1256 probatur

710 1505 755 1524 tem
776 1502 874 1524 malitiae
891 1505 914 1524 et

710 1533 760 1556 eius
800 1533 913 1561 triplicem

725 1474 805 1493 contra
824 1470 913 1493 vanita-

685 1482 694 1621 ἓ
710 1565 902 1587 inordinationem

528 1878 622 1901 Ponitur
639 1878 675 1900 tri—

512 1910 563 1937 plex
603 1916 675 1932 reme
706 1904 784 1923 contra
794 1901 919 1924 vanitatem

512 1941 577 1963 djum
597 1944 677 1964 Gonu-a
737 1933 847 1955 avaritiae
871 1939 921 1961 pel·-

512 1972 606 2000 triplicis
631 1973 675 1995 cul-
737 1964 858 1987 Sfladendo
867 1971 921 1987 ⁰⁰¹¹·

512 2010 556 2032 pae
591 2005 676 2027 vanna
738 1998 851 2023 temptum
864 1996 920 2018 divi-

736 2027 820 2049 tiarum

703 2389 783 2408 contra
793 2393 806 2408 v
810 2386 917 2408 anitatem

684 2364 869 2510 {imprudentiae
877 2423 919 2445 per

684 2364 871 2510 {acquisitionem
884 2455 919 2471 sa-

699 2480 798 2507 pientiae

931 1156 940 1273 i

1019 168 1188 198 COMMENT.
1211 168 1243 197 lN
1264 168 1508 198 ECCLESIASTEN.

1167 294 1288 328 Senam
1314 294 1365 326 111.

969 509 973 512 -
982 477 1006 499 in
1018 477 1156 505 rectoribus,
1174 477 1207 500 in—

957 514 1051 531 smuans

956 790 978 813 in
995 790 1093 814 subditis
1115 793 1207 813 notatur

951 963 1103 986 consideratio
1112 963 1223 986 avaritiae

955 995 1127 1018 commendatio
1138 994 1209 1018 socie-

972 1026 1023 1048 tatis
1031 1026 1118 1049 alienae
1130 1032 1209 1049 secun-

971 1057 1028 1080 dum
1051 1057 1131 1086 triplex
1148 1064 1209 1080 emo-

970 1089 1099 1112 Iumentum

949 1155 1043 1180 propter
1055 1152 1142 1174 malum
1153 1158 1217 1180 prae-

966 1189 1019 1206 sens
1027 1187 1050 1206 et
1059 1184 1216 1206 concomitans

948 1218 1043 1243 propter
1063 1215 1149 1237 malum
1168 1221 1217 1237 suc-

966 1246 1052 1269 cedens

954 1312 1031 1332 contra
1058 1309 1205 1332 inordinatio-

985 1347 1038 1363 nem
1056 1347 1078 1363 m
1095 1346 1165 1369 opere

954 1500 1034 1520 contra
1064 1497 1212 1520 inordinatio-

970 1535 1023 1551 nem
1042 1529 1146 1557 loquelae
1159 1529 1212 1551 stul-

970 1563 1006 1583 tae
1024 1560 1046 1582 in
1064 1566 1104 1583 ore

1246 399 1346 421 malitiae
1362 398 1570 421 considerationem

1247 431 1315 453 futuri
1338 430 1416 453 ludicii
1443 430 1595 458 praemedita-

1279 462 1363 484 tionem

1247 493 1374 521 praesentis
1398 495 1470 515 status
1492 492 1594 515 conside-

1279 524 1390 547 rationem

1248 556 1460 583 praecipitationem
1484 555 1505 577 in
1533 561 1593 578 erro-

1279 593 1346 609 neam
1364 586 1497 615 opinionem

1248 681 1331 703 malitia
1349 680 1477 703 calumniae
1634 680 1741 703 miseriae
1758 681 1895 709 aggravatio

1633 651 1725 671 notatur
1742 649 1871 672 calumniae
1887 649 2043 672 consideratio

1609 649 1618 739 ῗ
1634 712 1716 740 culpae
1732 712 1862 735 detestatio.

1633 759 1684 781 eius
1700 759 1853 782 consideratio

1248 790 1332 813 malitia
1350 790 1452 813 invidiae
1609 758 1618 851 ἓ
1650 799 1661 810 »
1700 791 1785 813 malitia

1650 831 1662 842 ι)
1702 828 1776 850 poena

1248 900 1332 924 malitia
1349 900 1452 923 accidiae
1634 901 1769 924 sustinentIa
1786 901 1896 929 penuriae

1634 872 1714 898 torpor
1731 869 1833 892 accidiae

1609 868 1618 962 ἐ
1633 933 1749 955 excusatio
1767 932 1910 961 ignorantiae

1249 1026 1411 1049 conservando

1250 995 1273 1017 in
1289 995 1415 1017 relevando

1249 1057 1396 1080 defendendo

1245 1308 1362 1331 all'erendo
1379 1309 1561 1331 exhortationem

1293 1348 1304 1359 1,
1379 1340 1542 1363 exhortationis
1558 1340 1671 1363 rationem

1247 1424 1288 1447 per
1304 1418 1442 1441 locutionem
1464 1418 1592 1441 inconside-

1278 1454 1350 1472 ratam
1633 1434 1755 1458 subdendo
1772 1434 1885 1457 rationem

1633 1402 1780 1431 prohibendo
1797 1402 2011 1431 praecipitationem

1608 1405 1617 1495 ἓ
1633 1465 1741 1489 addendo
1757 1465 1888 1494 exemplum

1633 1591 1779 1614 dehortando

1633 1622 1757 1645 subdendo
1775 1622 1886 1645 rationem

1633 1654 1803 1676 manifestando
1820 1654 1905 1676 erroris
1921 1653 2025 1677 radicem

1222 1529 1230 1651 ξ
1247 1535 1288 1557 per
1305 1528 1445 1551 locutionem
1464 1529 1543 1551 salsam

1247 1629 1288 1651 per
1305 1622 1443 1645 locutionem
1460 1628 1581 1645 erroneam
1609 1590 1617 1682 ξ

955 1720 1035 1740 contra
1050 1717 1244 1740 inordinationem
1260 1716 1405 1745 cogitationis
1421 1717 1494 1739 malae
1510 1716 1533 1739 in
1550 1716 1628 1744 corde,
1646 1717 1813 1739 manifestando
1830 1716 1924 1739 divinae
1940 1716 2104 1745 providentiae

986 1749 1125 1777 aequitatem

956 1827 1009 1856 quia
1018 1833 1065 1849 non
1075 1827 1147 1849 ditant
1156 1833 1207 1855 pos—

987 1864 1089 1881 sessores

956 1937 1010 1965 quia
1028 1943 1074 1959 non
1095 1937 1208 1959 transmit

965 1972 1043 2021 tugltur
1055 1968 1086 1990 adv
1094 1971 1207 1996 posteros,

966 2006 980 2022 u
1000 2006 1006 2022 1

956 2063 1010 2091 quia
1027 2063 1158 2091 frequenter
1170 2062 1207 2084 de-

964 2100 978 2115 v
980 2094 1087 2116 olvuntur
1096 2093 1126 2116 ad
1135 2096 1208 2116 extra-

964 2131 1027 2152 neos,
1045 2125 1085 2147 ubi

954 2188 1049 2211 docetur
1066 2188 1149 2210 modus
1166 2187 1204 2210 tri-

985 2220 1035 2247 plex
1050 2219 1204 2248 acquirendae

986 2251 1113 2279 sapientiae
1130 2254 1152 2273 et

953 2658 1094 2686 explicantur
1116 2658 1205 2685 sapien-

983 2689 1028 2711 tiae
1046 2689 1185 2712 documenta

1247 1811 1301 1840 quia
1319 1817 1365 1833 non
1383 1811 1499 1834 sufficiunt

1264 1851 1274 1862 »γ
1335 1851 1346 1862 »
1382 1845 1479 1870 prosunt

1247 1874 1288 1896 sed
1306 1874 1359 1903 quia
1382 1875 1486 1902 affligunt

1249 1937 1408 1959 consideratur
1424 1939 1515 1964 egestas
1533 1938 1608 1959 sutura
1626 1937 1647 1959 in
1665 1936 1729 1964 prole
1745 1936 1823 1959 divitis

1247 1968 1386 1996 reprobatur
1403 1968 1531 1991 sollicitudo
1548 1967 1661 1991 laboriosa
1679 1968 1790 1996 pecuniae
1807 1967 1962 1997 acquirendae

1247 2000 1424 2022 commendatur
1442 2000 1518 2022 [tuitio
1536 1999 1662 2028 praesentis
1679 1999 1777 2022 laetitiae

1223 2062 1231 2153 ἑ
1249 2061 1360 2089 probatur
1372 2069 1398 2085 ex
1411 2062 1544 2085 divitiarum
1562 2065 1750 2085 conservatarum
1770 2061 1915 2085 translatione
1926 2061 2036 2084 avaritiae
2047 2061 2138 2085 vanitas

1248 2097 1344 2121 ungetur
1361 2094 1487 2116 tenacitatis
1503 2094 1623 2116 detestatio

1248 2124 1397 2153 subiungitur
1413 2125 1570 2147 detestationis
1586 2125 1644 2147 ratio
1661 2125 1740 2153 triplex

1247 2191 1360 2215 monetur,
1377 2190 1402 2210 ut
1419 2187 1567 2210 addiscantur
1584 2187 1645 2210 utilia

1377 2222 1402 2241 ut
1418 2219 1578 2248 relinquantur
1595 2218 1730 2241 abscondita

1377 2256 1436 2273 neve
1453 2250 1598 2279 inquirantur
1615 2249 1721 2272 sublimia

1627 2313 1804 2340 praeferendum
1818 2314 1940 2335 honestum
1958 2312 2024 2335 suavi

1245 2360 1384 2383 documenta
1398 2361 1500 2390 quinque
1512 2361 1541 2383 ad
1554 2361 1590 2383 ha-
1710 2353 1722 2364 '²
1820 2347 1891 2366 ”²³¹⁰
1906 2345 2006 2366 summm
2021 2348 2136 2372 ''mesen‘'

1497 2392 1501 2396 .
1710 2385 1721 2395 'l

1277 2392 1542 2446 ggffldomodesuam
1569 2399 1591 2414 0·
1710 2416 1721 2427 „
1820 2375 2095 2442 z'fflttgssssffssuffl'a?

1278 2442 1285 2446 ”
1710 2447 1721 2458 n
1820 2441 1966 2461 severltatem
1983 2438 2092 2460 mollitiae
2114 2442 2138 2460 et

1851 2469 1978 2492 adulationi

1632 2532 1725 2555 vitanda
1743 2532 1857 2554 calumnia

1632 2563 1731 2586 amanda
1748 2563 1920 2591 perseverantia

1632 2594 1747 2617 servanda
1765 2595 1872 2623 patientia

1632 2626 1743 2654 fugienda
1760 2626 1877 2649 iracundia

1246 2564 1385 2586 documenta
1401 2566 1501 2593 quatuor
1512 2564 1540 2587 ad
1554 2565 1590 2586 lia-

1278 2595 1377 2618 bendam
1397 2595 1546 2618 constantiam

1246 2720 1384 2743 documenta
1402 2722 1501 2749 quatuor
1512 2720 1542 2742 ad
1554 2721 1591 2742 ha-

1278 2751 1377 2774 bendam
1395 2751 1542 2779 prudentiam

1854 2720 1987 2742 divinorum
2004 2725 2103 2748 operum

1854 2754 1985 2779 temporum

1855 2782 1989 2805 meritorum

1631 2844 1767 2873 prohibetur
1783 2845 1801 2867 ri
1805 2851 1847 2873 gor
1864 2845 1993 2867 severitatis

1783 2876 1944 2904 praecipitium
1963 2876 2086 2904 impietatis

1631 2907 1806 2930 commendatur
1836 2907 1945 2930 exhibitio
1962 2907 2132 2930 misericordiae

1835 2938 1987 2961 dissimulatio
2025 2938 2135 2966 propriae

1851 2970 1948 2992 iniuriae

1245 2892 1383 2914 documenta
1400 2894 1500 2920 quatuor
1512 2891 1542 2914 ad
1553 2893 1591 2914 ha-

1606 2689 1651 2805 {3
1631 2688 1661 2711 ad
1677 2688 1840 2712 discretionem
1858 2689 1948 2711 utilium

1277 2923 1376 2945 bendam
1395 2923 1503 2945 iustitiam
1606 2760 1761 2986 ἓξ
