2296 3316
52 758 108 782 Resp.

13 945 107 965 tutandum.

734 107 903 136 COMMENT.
926 108 958 136 IN
979 107 1125 136 IOANNEM
1146 108 1173 136 C.
1196 108 1260 136 VIII.

124 197 189 219 cum
210 196 239 217 se
269 188 382 217 deberet
412 194 534 224 purgare
563 188 591 214 et
620 185 775 219 discutere,
803 185 916 222 negligit
943 188 971 213 et

125 235 282 266 contemnit.
305 234 380 263 Unde
401 234 439 262 ita
466 232 673 269 intelligendum
701 234 742 260 est
769 231 886 260 verbum
918 231 972 260 Do-

125 283 208 317 mini;
229 285 257 311 et
277 281 316 310 sic
337 283 412 318 patet
433 279 576 316 responsio
596 278 630 307 ad
651 277 720 306 illud
732 279 750 305 1.

206 329 249 357 16.
271 328 381 364 Quaest.
403 327 445 355 IV.
474 326 541 355 ltem
565 324 711 362 quaeritur
738 324 773 352 de
799 324 971 353 absolutione

124 375 257 405 mulieris.

206 424 230 450 1.
253 421 377 455 Videtur,
399 420 473 457 quod
494 419 627 448 Dominus
644 418 748 447 directe
766 418 861 447 fecerit
875 420 972 447 contra

126 470 239 506 Legem:
261 468 327 505 quia
347 474 431 504 quam
452 467 508 495 Lex
523 465 693 494 damnabat²
714 465 773 502 ipse
794 464 923 499 absolvit,
945 467 972 493 et

125 516 216 544 adhuc
237 518 346 551 tempus
368 514 445 550 Legis
463 516 491 541 et
511 512 686 542 observantia
706 512 833 541 durabat.

204 563 230 590 Ξ,
253 561 318 590 Item
341 561 459 594 videtur,
481 560 555 597 quod
576 559 677 588 iniuste
692 559 802 588 fecerit:
825 558 890 595 quia
910 558 972 586 nul-

125 610 180 638 lam
201 615 316 645 poenam
345 607 487 644 imposuit,
509 606 631 641 videtur,
653 605 728 643 quod
748 606 887 634 licentiam
910 613 972 643 pec-

127 655 204 685 candi
226 654 364 684 dederit³.

204 702 381 730 Responneo:
407 698 541 728 Dominus
565 707 619 728 non
642 699 705 728 fecit
730 702 830 727 contra
854 699 971 736 Leqem,

126 749 191 786 quia
205 748 263 785 ipse
284 750 344 776 erat
358 755 453 784 supra
472 747 573 784 Leqem
594 749 621 775 et
642 748 750 783 poterat
770 746 929 783 dispensare
945 745 972 774 in

125 798 272 833 praecepto
293 794 378 831 Legis.
401 794 453 823 Nec
475 797 565 822 tamen
586 793 656 831 fecit
667 797 785 826 eontra,
805 792 869 829 quia
892 800 972 821 accu-

126 846 231 872 satores
252 850 306 870 non
337 841 519 878 perstiterunt
542 841 570 868 in
592 840 759 873 accusando,
788 842 815 868 et
835 839 893 868 sola
913 842 973 867 erat

125 890 226 918 mulier
247 892 275 918 et
295 889 353 918 sine
367 891 540 922 accusatore,
563 890 590 916 et
611 887 692 916 tale'm
714 887 770 915 Lex
785 895 839 915 non
861 886 972 914 damna-

126 936 181 965 bat.
203 936 278 965 Unde
293 935 372 972 prius
393 935 495 971 repulit
509 933 683 963 adversarios
704 933 807 970 lin9aa
829 932 971 966 iustitiae,

126 986 154 1012 et
173 982 362 1020 postmodum,
384 981 494 1018 quando
519 980 569 1009 sibi
592 980 687 1008 relicta
708 982 762 1013 est,
784 979 855 1007 levat
876 979 973 1007 oeulos

125 1030 345 1059 misericordiae
355 1030 375 1057 4.
392 1029 445 1057 Nec
467 1032 559 1057 tamen
574 1035 632 1056 eam
652 1026 874 1060 condemnasset,
890 1026 911 1055 si
926 1026 973 1054 ad-

125 1077 240 1107 versarii
263 1076 461 1113 perstitissent,
484 1077 515 1104 ut
535 1075 602 1103 dicit
622 1073 827 1111 Augustinus⁵z
855 1073 972 1107 «Absit,

126 1127 158 1154 ut
178 1124 231 1153 ille
244 1124 399 1158 damnaret,
421 1123 469 1160 qui
491 1122 566 1151 venit
587 1122 694 1151 salvare
709 1133 735 1149 n.

204 1173 230 1200 -Ξ,
253 1171 290 1199 Ad
312 1170 386 1199 aliud
407 1169 567 1203 dicendum,
595 1168 670 1206 quod
691 1168 825 1196 Dominus
846 1170 918 1201 erat,
947 1170 974 1195 et

89 1232 107 1245 ·.
127 1219 187 1248 ideo
201 1221 290 1246 totum
313 1220 420 1254 poterat
435 1216 602 1250 condonare3
624 1223 674 1244 nec
689 1218 780 1243 tamen
795 1213 974 1243 condonando

127 1265 194 1293 favit
213 1263 348 1301 peccatis,
371 1263 437 1300 quia
458 1262 614 1299 prohibuit,
636 1264 668 1290 ut
688 1261 808 1298 amplius
828 1268 883 1288 non
911 1268 974 1297 pec-

128 1314 218 1345 caret;
244 1313 272 1339 et
293 1311 360 1344 hoc,
382 1310 462 1347 quia,
484 1309 556 1338 sicut
575 1309 640 1337 dicit
671 1308 840 1344 Augustinus
851 1307 872 1341 θ,
898 1319 912 1332 «
925 1307 973 1336 da-

127 1357 231 1385 mnavit
251 1357 327 1385 Deus
347 1364 401 1384 non
424 1355 578 1384 hominemv
602 1355 648 1384 sed
670 1358 812 1391 peccatum
829 1366 855 1382 ».

192 1526 199 1538 ¹
217 1526 261 1549 Csr.
279 1526 315 1548 lV.
333 1527 394 1548 Sent.
411 1526 433 1548 d.
453 1526 490 1548 49.
506 1524 562 1548 dub.
581 1525 603 1548 4.

191 1564 200 1577 ²³
218 1565 277 1588 Vide
294 1571 363 1593 supra
382 1571 404 1587 v.
422 1564 444 1587 5.

191 1602 201 1616 ⁸
218 1604 327 1632 August,
345 1604 367 1626 in
385 1605 444 1626 loan.
462 1604 549 1631 Evang.
567 1606 593 1625 tr.
606 1604 643 1626 33.
656 1609 678 1626 n.
692 1604 718 1625 6:
731 1602 791 1632 Quid
803 1606 849 1631 est,
862 1603 974 1625 Domine?

129 1645 202 1666 Faves
218 1650 274 1671 ergo
291 1643 409 1671 peccatis?

191 1682 201 1694 ⁴
217 1683 327 1710 August,
343 1683 365 1704 in
384 1682 444 1704 ioan.
463 1683 551 1710 Ex'ang.
568 1685 594 1704 tr.
614 1682 650 1704 33.
662 1688 684 1704 11.
698 1682 724 1704 G:
742 1682 778 1704 llle
790 1684 874 1710 autem,
886 1681 925 1710 qui
937 1681 975 1704 ad-

129 1723 244 1745 versarios
262 1722 311 1744 eius
328 1721 446 1749 repulerat
462 1721 539 1749 lingua
556 1721 666 1749 iustitiae,
684 1721 762 1743 levans
777 1721 802 1743 >in
823 1726 873 1742 eam
896 1720 976 1742 oculos

129 1760 325 1787 mansuetudinis,
343 1760 493 1788 interrogavit
510 1766 576 1782 eam:
595 1760 668 1783 Nemo
692 1761 712 1783 te
735 1758 916 1786 condemnavit?
933 1759 975 1781 Re-

130 1799 223 1828 spondit
239 1799 290 1821 illa:
308 1798 419 1826 Domine,
436 1804 512 1821 nemo.
530 1799 556 1821 Et
573 1799 624 1821 ille:
647 1799 695 1822 Nec
712 1805 753 1828 eqo
771 1800 792 1821 te
809 1797 976 1822 condemnabo.

193 1837 203 1850 ⁵
220 1840 273 1861 Loc.
292 1839 313 1860 in
332 1838 439 1866 praeced.
457 1840 509 1860 nota
527 1839 637 1866 allegato,
650 1844 670 1860 n.
685 1838 711 1860 5:
729 1837 793 1860 Absit
809 1841 894 1865 autem,
907 1840 931 1860 ut
943 1837 977 1860 di-

131 1880 204 1901 ceret:
222 1878 348 1906 lapidetur3
366 1877 428 1900 venit
444 1877 505 1899 enim
523 1883 571 1899 non
588 1878 687 1905 perdere
703 1878 766 1906 quod
787 1878 918 1904 invenerat,
935 1877 975 1899 sed

131 1923 245 1947 quaerere
261 1916 324 1946 quod
337 1916 445 1946 perierat
461 1916 528 1946 [Luc.
546 1917 588 1943 49,
607 1916 655 1946 ta]

194 1954 203 1967 Β
221 1956 274 1978 Loe.
292 1956 328 1978 cit.
346 1962 369 1981 n.
387 1956 415 1978 ὃς
437 1955 511 1984 Vade,
529 1955 635 1985 deinceps
652 1956 701 1979 iam
720 1956 771 1980 noli
788 1962 895 1986 peccare.
916 1957 976 1984 Ergo

132 1999 154 2018 et
170 1995 282 2019 Dominus
299 1995 430 2025 damnavit,
447 1995 489 2018 sed
510 1998 645 2024 peecatum,
662 2002 708 2018 non
730 1996 856 2018 hominem.
878 1996 935 2018 Nam
958 1996 976 2018 si

132 2037 279 2063 peccatorum
298 2035 372 2056 fautor
389 2037 460 2062 esset,
479 2034 581 2057 diceret?
595 2035 640 2056 Nec
657 2040 701 2062 ego
718 2037 740 2057 te
757 2034 885 2062 damnab03
904 2034 975 2063 vade,

1817 108 1872 137 3⁸57

1109 187 1152 214 17.
1168 186 1277 213 Iterum
1293 194 1361 223 erqo
1376 186 1488 214 locutus
1499 189 1540 214 est
1552 186 1593 214 eis
1608 186 1723 214 lesiffl:
1737 187 1795 224 Eyo
1806 195 1873 214 sam
1885 193 2017 235 domsgggreiffi,

1029 232 1080 260 lum
1100 232 1213 260 nzandi.
1235 232 1380 261 Confutata
1394 232 1559 261 Iudaeorum
1574 233 1764 270 perversitate,
1779 233 1807 261 in
1822 233 1874 261 hac
1885 240 1947 267 tutes
1958 242 2020 267 φειςη-

1028 279 1149 307 secunda
1173 281 1251 315 parte
1281 279 1437 308 manifestat
1467 279 1601 308 Dominus
1629 287 1696 308 suae
1724 279 1873 308 doetrinae
1883 264 2020 305 fflsswnpl'm'

1028 325 1199 362 diynicatem
1219 329 1246 354 et
1265 325 1450 354 nobilitatem.
1472 325 1603 354 Nobilitas
1624 329 1717 355 autem
1732 326 1872 355 doctrinae

1029 378 1095 400 suae
1117 371 1240 400 consistit
1260 372 1287 400 in
1309 372 1377 407 hoc,
1399 372 1473 409 quod
1495 372 1593 401 liberat
1606 380 1622 401 a
1636 373 1773 401 caecitate
1793 381 1873 402 erro-

1029 417 1093 451 ris,
1125 425 1141 446 a
1168 418 1304 447 servitute
1331 419 1461 456 peceati,
1493 427 1509 447 a
1539 419 1728 448 damnatione
1760 420 1871 448 mortis.

1029 464 1120 492 Primo
1141 472 1207 501 ergo
1228 465 1398 500 ostenditur,
1420 466 1558 502 quomodo
1579 466 1678 494 liberat
1698 474 1714 494 a
1739 466 1874 495 caecitate

1029 511 1141 539 erroris
1161 514 1188 539 et
1214 511 1389 540 infidelitatis.
1419 512 1559 547 Secundo,
1581 513 1718 549 quomodo
1740 513 1838 541 liberat
1859 521 1875 541 a

1029 558 1164 585 servitute
1174 558 1293 591 peccati,
1305 558 1342 586 ibi
1351 558 1375 586 ⁸:
1389 558 1471 587 Dixit
1481 567 1548 596 erqo
1560 559 1601 587 eis
1611 559 1717 587 iterum
1729 560 1810 587 Iesus
1822 563 1872 588 etc.

1030 605 1137 638 Tertio,
1152 604 1291 641 quomodo
1312 605 1410 634 liberat
1431 614 1447 633 a
1468 606 1655 634 damnatione
1675 606 1791 640 mortis,
1813 606 1849 634 ibi
1867 617 1873 634 :

1030 653 1139 685 Amen,
1161 659 1245 680 amen
1267 652 1330 680 dieo
1345 652 1439 680 vobi-3:
1463 653 1495 681 Si
1514 653 1580 691 qais
1601 655 1873 681 sermonem'meum

1029 699 1206 733 seruaverit,
1228 703 1346 727 mortem
1367 708 1428 727 non
1447 699 1578 736 yztstaba
1598 700 1629 728 in
1650 703 1808 728 aeternum.

1109 746 1199 774 Primo
1220 746 1305 782 igitur
1320 745 1492 774 commendat
1508 752 1586 774 suam
1601 746 1754 775 doctrinam
1770 747 1798 775 in
1813 746 1874 781 hoc,
1893 753 1962 780 ramo,
1976 754 2020 777 quia

1030 793 1104 829 quod
1125 792 1222 821 liberat
1245 801 1265 821 a
1286 792 1627 827 tenebrositate'ei-roris,
1642 796 1669 822 et
1690 793 1742 821 hoc
1763 793 1875 830 quidem
1886 777 2021 827 1εὲῗὲἷέηοῖἶῖ

1029 839 1093 867 facit
1114 847 1163 876 per
1185 840 1260 868 hunc
1280 840 1409 868 modum:
1432 840 1521 876 primo
1548 840 1705 868 insinuatur
1726 824 1970 870 (loetrz'naefflfau‘ssss.
1984 829 2019 848 ‘³¹¹⁰

1030 886 1240 914 commendatio
1249 897 1259 919 ‚·
1271 886 1400 920 secundo,
1416 889 1529 923 propter
1545 886 1708 915 ludaeorum
1724 886 1874 923 reprehen-

1030 932 1134 961 sionem
1157 933 1414 961 commendationis
1440 933 1631 970 approbatio;
1653 933 1750 967 tertio,
1778 933 1874 961 mani-

1030 978 1145 1016 festatio
1167 980 1307 1008 Iudaicae
1328 980 1531 1017 &noi-antia&
1552 983 1652 1017 quarto
1674 988 1755 1014 vero,
1777 980 1874 1008 evasio

1028 1025 1179 1063 perfidiae.

1113 1073 1155 1100 18.
1178 1073 1266 1108 (vers.
1292 1073 1356 1109 12).
1380 1073 1537 1102 Insinuatur
1558 1074 1643 1110 igitur
1665 1074 1754 1110 primo
1769 1074 1875 1103 doetri-
1888 1081 2021 1108 Expositiolit-

1031 1127 1087 1147 nae
1107 1119 1317 1147 commendatio
1348 1119 1374 1147 in
1398 1120 1465 1154 hoc,
1487 1120 1561 1156 quod
1588 1119 1722 1148 Dominus
1742 1127 1771 1149 se
1792 1120 1875 1149 comi-
1894 1105 1984 1147 pfffflffi'.

1032 1168 1120 1193 tantes
1142 1167 1169 1193 et
1189 1165 1330 1194 doctrinae
1350 1173 1417 1194 suae
1437 1165 1618 1194 adhaerentes
1639 1165 1704 1194 dicit
1725 1174 1741 1194 a
1756 1166 1876 1195 tenebris

1032 1212 1157 1247 liberam
1179 1215 1293 1249 propter
1321 1213 1395 1249 quod
1423 1212 1503 1241 dicit:
1533 1213 1643 1241 lterum
1671 1221 1738 1250 erqo
1765 1213 1876 1241 loeutus

1032 1263 1073 1288 est
1092 1260 1133 1288 eis
1155 1260 1253 1293 lesus‚-
1274 1260 1339 1297 quia
1367 1268 1463 1289 eorum
1495 1260 1683 1289 confutaverat
1711 1261 1876 1297 perversita-

1031 1310 1102 1341 tem,
1124 1315 1225 1336 rursus
1246 1308 1378 1336 resumsit
1399 1315 1569 1342 sermonem,
1585 1310 1616 1336 ut
1630 1307 1770 1336 doctrinae
1785 1311 1875 1337 osten-

1031 1354 1077 1382 dat
1098 1354 1268 1383 nobilitatem
1280 1355 1300 1382 ⁹.

1032 1525 1093 1553 vive,
1111 1527 1135 1547 ut
1152 1525 1187 1547 xis
1205 1527 1247 1547 etc.
1265 1524 1311 1547 Csr.
1335 1530 1405 1553 supra
1430 1529 1485 1552 pag.
1502 1524 1561 1551 3555,
1584 1526 1636 1546 nota
1654 1524 1677 1546 7.
1696 1536 1726 1541 —
1744 1524 1877 1552 Divisionis,

1032 1570 1092 1592 quae
1109 1564 1225 1592 sequitur,
1242 1563 1375 1586 membrum
1396 1564 1415 1585 l.
1432 1563 1486 1585 vide
1503 1569 1522 1585 c.
1540 1562 1561 1585 7.
1580 1569 1602 1584 n.
1621 1562 1658 1586 27.

1095 1601 1103 1614 ⁷
1124 1603 1218 1630 Vulgata
1237 1602 1301 1625 addit
1317 1601 1403 1625 dicens.

1095 1640 1104 1653 ⁸
1121 1642 1187 1664 Vers.
1204 1641 1229 1664 21
1242 1649 1246 1670 ;
1263 1648 1287 1663 v.
1304 1641 1340 1663 54.
1359 1644 1392 1663 est
1409 1647 1457 1670 seq.
1469 1641 1545 1668 locus,
1558 1639 1598 1663 ubi
1611 1647 1653 1668 pro
1665 1639 1768 1670 qustabii
1781 1641 1877 1668 Vulgata

1032 1680 1124 1704 videbit.

1095 1718 1104 1732 ⁹
1122 1720 1254 1742 Secundum
1267 1719 1396 1748 chrysost„
1409 1719 1461 1747 (loe.
1475 1718 1521 1747 cit.)
1533 1719 1572 1748 qui
1585 1725 1631 1741 non
1643 1719 1708 1747 ponit
1719 1719 1836 1742 historiam
1848 1719 1878 1741 de

1033 1759 1135 1781 adultera
1143 1776 1150 1786 ‚
1161 1759 1193 1782 sic
1206 1759 1350 1783 continuatur
1361 1758 1391 1781 ad
1404 1758 1472 1780 tinem
1483 1758 1641 1786 praecedentis
1652 1757 1756 1786 capituli,
1768 1757 1808 1780 ubi
1819 1757 1878 1780 dice-

1034 1798 1088 1821 baut
1098 1798 1220 1824 Pharisaei,
1230 1798 1284 1827 quia
1294 1804 1324 1821 ea·
1332 1797 1439 1821 Galilaea
1449 1797 1566 1826 Propheta
1576 1803 1623 1820 non
1633 1796 1724 1826 serait:
1734 1805 1745 1816 <r
1753 1797 1812 1825 Quid
1822 1803 1877 1824 ergo

1033 1837 1136 1860 Christus
1145 1839 1155 1859 ἰ)
1168 1838 1225 1865 Qum
1237 1837 1358 1859 Galilaeam
1372 1839 1394 1859 et
1405 1836 1542 1864 Prophelam
1555 1842 1646 1864 semper
1658 1835 1678 1857 in
1692 1841 1731 1858 ore
1742 1835 1877 1862 versabant,

1033 1883 1113 1899 onmes
1131 1876 1160 1898 ab
1177 1877 1250 1899 aliena
1268 1876 1376 1903 opinione
1392 1881 1515 1897 removens
1532 1878 1553 1897 et
1575 1875 1708 1903 ostendens,
1725 1881 1749 1897 se
1765 1881 1811 1897 non
1828 1880 1877 1896 esse

1034 1923 1104 1939 unum
1123 1922 1149 1939 ex
1171 1916 1303 1944 Prophetis,
1321 1915 1362 1938 sed
1382 1915 1462 1938 mundi
1480 1914 1616 1941 Dominum,
1634 1914 1676 1936 ait:
1694 1914 1744 1943 Epo
1761 1920 1815 1937 sum
1833 1913 1877 1936 lux

1033 1955 1149 1980 mundi».
1168 1956 1246 1978 Glossa
1265 1954 1389 1978 ordinaria
1407 1955 1429 1977 in
1446 1955 1506 1976 loan.
1524 1954 1550 1981 8,
1569 1954 1612 1975 42:
1635 1954 1741 1981 llepulsis
1764 1953 1878 1975 tentatori-

1034 1995 1089 2024 bus⁷
1107 1998 1184 2019 sanata
1202 1995 1268 2022 culpa
1283 1994 1400 2021 mulieris,
1418 1993 1518 2021 apertius
1535 1992 1625 2019 subdit,
1643 1990 1698 2021 quid
1717 1992 1789 2020 possit
1803 1998 1831 2014 ex
1842 1992 1877 2014 Di-

1033 2034 1140 2061 vissitate,
1152 2039 1180 2055 ne
1191 2033 1310 2061 ambigant
1322 2033 1350 2055 de
1363 2038 1389 2055 eo
1402 2032 1508 2058 homine.
1522 2038 1550 2053 an
1563 2031 1634 2059 possit
1648 2033 1739 2058 peccata
1752 2027 1880 2053 dimitteres

195 2109 246 2132 Sola
264 2109 301 2132 ed.
319 2108 402 2131 habet:
420 2109 476 2131 Nota
496 2112 572 2132 autem
590 2116 632 2137 pro
649 2109 802 2132 declaratione
819 2110 887 2132 liuius
904 2112 984 2138 textus,
1002 2109 1064 2138 quod

344 2163 386 2184 per
404 2157 591 2185 imaginationem
610 2160 756 2185 nocturnam,
775 2157 841 2179 Num.
863 2158 900 2184 12,
918 2157 944 2178 6:
965 2165 976 2176 «
989 2156 1012 2178 Si
1029 2156 1081 2185 quls
1100 2156 1165 2178 suerit
1189 2156 1246 2177 inter
1271 2161 1313 2177 vos
1338 2155 1451 2181 Propheta
1473 2153 1576 2179 Domini,
1602 2153 1622 2174 iu
1648 2152 1735 2174 visione
1760 2151 1878 2179 apparebo

392 2196 425 2223 ei,
442 2197 479 2218 iel
496 2202 537 2224 per
555 2196 670 2219 somnium
688 2197 768 2225 loquar
784 2197 813 2219 ad
831 2196 894 2219 illum
906 2205 928 2218 ι».

345 2241 387 2263 per
404 2235 579 2263 inspirationem
596 2236 722 2263 occultam,
735 2235 764 2257 (le
775 2236 856 2264 quain
868 2235 957 2258 Psalmo
975 2234 1022 2263 (84,
1040 2234 1071 2263 9.)
1090 2234 1176 2256 David:
1197 2242 1207 2253 ιι
1221 2233 1331 2259 Audiam,
1348 2232 1402 2260 quid
1422 2232 1528 2260 loquatur
1545 2231 1617 2252 inme
1630 2230 1741 2252 Dominus
1753 2230 1845 2256 Deus»;
1856 2234 1878 2252 et

392 2274 451 2296 Osee
468 2275 494 2301 2,
516 2274 554 2296 14:
575 2283 585 2294 «
598 2274 684 2296 Ducam
703 2280 754 2296 eam
772 2274 794 2296 in
811 2274 971 2300 solitudinem,
989 2277 1010 2295 et
1028 2273 1059 2295 ibi
1077 2274 1158 2301 loquar
1176 2273 1203 2295 ad
1223 2278 1261 2294 ror
1279 2272 1328 2293 eius
1340 2280 1360 2292 ›>.

347 2319 389 2341 per
406 2314 528 2341 miracula,
547 2313 617 2335 Exod.
635 2314 677 2341 ⁴20,
696 2314 731 2335 18.
750 2314 792 2335 22ι
812 2322 823 2332 «ι
835 2312 937 2336 Cunctus
954 2313 1054 2340 populus
1072 2311 1166 2334 videbat
1183 2317 1253 2333 xoces
1275 2314 1295 2332 et
1320 2310 1438 2337 lampades
1451 2318 1471 2335 ιν,

394 2352 566 2380 lampadarum,
583 2355 605 2374 et
622 2355 685 2380 post:
706 2361 717 2372 «
730 2353 776 2374 Vos
794 2352 895 2379 vidistis,
913 2352 976 2380 quod
994 2352 1023 2374 de
1041 2351 1102 2373 caelo
1121 2351 1210 2372 locutus
1228 2350 1270 2371 sim
1287 2348 1386 2371 vobis».

346 2397 388 2419 per
406 2392 544 2414 documenta
561 2392 611 2414 sive
628 2394 763 2419 praecepta,
781 2391 850 2414 Exod.
869 2391 910 2418 20,
931 2392 955 2412 l:
977 2399 987 2411 a
1000 2391 1099 2412 Lorulus
1117 2392 1150 2412 est
1169 2388 1281 2411 Dominus
1303 2389 1397 2409 cunctos
1422 2392 1540 2408 sermones
1558 2386 1611 2407 hos:
1629 2386 1677 2412 Ego
1694 2391 1745 2407 sum
1764 2385 1875 2407 Dominus

394 2431 455 2453 Deus
472 2434 525 2453 tuus
536 2439 546 2451 n
569 2434 611 2453 etc.

346 2475 387 2497 per
405 2470 547 2497 Scripturas,
565 2471 605 2492 ler.
623 2470 666 2496 36,
684 2471 710 2491 2:
731 2469 818 2491 «Tolle
835 2469 943 2491 volumen
961 2468 1023 2495 libri,
1041 2472 1063 2490 et
1080 2468 1166 2490 scribes
1184 2468 1205 2489 in
1227 2473 1254 2488 eo
1277 2466 1353 2488 omnia
1370 2464 1455 2491 verba,
1473 2470 1533 2492 quae
1550 2464 1640 2486 locutus
1665 2469 1716 2486 sum
1739 2462 1780 2485 tibi
1797 2463 1878 2485 adver-

394 2514 446 2530 sum
464 2509 530 2530 Israel
547 2512 570 2531 et
586 2508 665 2530 Iudam
678 2511 751 2539 >gete

348 2553 389 2575 per
407 2550 536 2575 creaturas,
555 2548 621 2569 Prov.
641 2548 664 2574 l,
682 2548 722 2569 20:
742 2556 753 2567 «
767 2547 881 2575 Sapientia
901 2547 954 2569 soris
971 2547 1089 2574 praedicat
1101 2554 1127 2572 ›=;
1145 2545 1197 2573 quia
1224 2545 1244 2566 in
1270 2542 1378 2565 omnibus
1401 2542 1511 2564 creaturis
1532 2542 1612 2568 ‹loc-et,
1634 2541 1702 2563 etiam
1726 2541 1748 2563 in
1771 2541 1878 2567 sormica3

7 2586 9 2611 l
395 2586 462 2607 psov.
480 2587 507 2613 6,
525 2587 550 2607 ⁴5:
571 2594 581 2605 «
595 2586 660 2608 Vade
677 2586 706 2608 ad
725 2586 856 2613 formicam,
874 2592 887 2607 o
905 2586 983 2613 piger,
1002 2588 1023 2607 et
1041 2584 1160 2606 considera
1179 2583 1227 2605 iias
1244 2583 1293 2604 eius
1310 2585 1330 2604 cl
1348 2581 1410 2603 disce
1428 2580 1563 2608 sapientiam
1574 2589 1596 2602 ³³.

348 2630 390 2653 per
408 2628 536 2655 ereaturam
555 2624 723 2651 insensibilem,
740 2625 798 2647 sicut
815 2625 836 2647 in
854 2625 973 2651 columna,
991 2624 1060 2646 Exod.
1078 2623 1120 2650 33,
1133 2623 1159 2644 9:
1174 2632 1183 2641 α
1197 2623 1302 2649 ingresso
1314 2621 1391 2648 Moyse
1403 2620 1575 2642 tabernaculum
1594 2619 1704 2647 foederis,
1721 2618 1875 2641 descendebat

395 2664 502 2686 columna
519 2663 589 2686 nubis
606 2663 790 2693 loquebaturque
807 2670 859 2686 eum
878 2664 954 2691 Moyse
966 2671 977 2683 υ
997 2665 1039 2685 etc.

348 2709 389 2731 per
407 2707 535 2726 ereaturam
553 2704 707 2731 spiritualem,
725 2704 783 2726 sieut
800 2710 841 2731 per
858 2703 983 2731 Angelum,
1001 2702 1069 2724 Zaeh.
1091 2702 1113 2727 l,
1135 2701 1172 2722 13:
1193 2698 1342 2726 «Respondit
1359 2698 1470 2720 Dominus
1488 2698 1587 2725 Angelo,
1600 2697 1641 2725 qui
1653 2696 1789 2725 loquebatur
1807 2696 1877 2717 inme

396 2742 467 2765 rerba
485 2742 556 2769 bona,
573 2742 644 2765 verba
663 2743 813 2765 consolatoria
825 2752 847 2764 n.

351 2788 391 2810 per
410 2782 519 2809 Spiritum
537 2784 655 2809 sanctum,
673 2782 749 2804 lilattli.
768 2782 808 2809 110,
826 2781 868 2803 ⁴20:
889 2790 899 2800 ιε
912 2781 959 2803 Vos
976 2786 1021 2802 non
1039 2779 1105 2807 estis,
1123 2778 1162 2807 qui
1180 2777 1313 2806 loquimini,
1336 2776 1376 2798 sed
1403 2776 1500 2804 Spiritus
1525 2775 1596 2798 Patris
1622 2775 1703 2803 vesu-i,
1720 2775 1759 2803 qui
1777 2774 1878 2803 loquitur

397 2822 420 2843 in
436 2821 504 2844 vohis
515 2830 536 2843 n.

350 2867 391 2888 per
403 2861 484 2883 Filium
496 2866 564 2883 suum
576 2856 718 2888 unigenitum
728 2878 732 2888 ⁷
744 2860 813 2882 Ilebr.
826 2860 834 2881 ΔΙ
847 2878 851 2887 ,
866 2860 873 2881 .1
886 2867 890 2881 ς
908 2868 917 2879 ει
930 2859 1047 2881 Multisarie
1060 2857 1182 2885 multisque
1195 2855 1270 2877 modis
1282 2854 1335 2877 olim
1348 2854 1409 2876 Deus
1421 2854 1517 2883 loquens
1529 2853 1634 2876 Patribus
1652 2853 1674 2875 in
1691 2851 1820 2880 Prophetis,
1838 2857 1878 2873 no-

389 2899 486 2922 vissime
504 2899 585 2922 diebus
598 2900 646 2921 istis
657 2899 746 2921 locutus
758 2901 791 2921 est
803 2898 869 2921 nobis
881 2898 904 2920 in
916 2898 984 2924 Filio,
997 2903 1066 2925 quem
1080 2895 1193 2918 constituit
1207 2894 1315 2916 heredem
1327 2894 1502 2921 universorum,
1515 2898 1555 2921 per
1567 2898 1637 2921 quem
1651 2891 1702 2914 fecit
1714 2893 1736 2913 et
1752 2890 1841 2913 saecula
1856 2898 1876 2911 υ.

1489 2309 1511 2330 id
1535 2310 1568 2330 est
1586 2308 1674 2335 fulgura
1692 2307 1791 2329 lucentia
1806 2307 1876 2329 instar

150 2495 250 2524 loquitur
267 2502 305 2518 no-

145 2526 181 2549 bis
198 2526 311 2549 Dominus
