2296 3316
284 320 398 339 Notandum.

282 553 308 571 De
322 552 392 574 nuptiis

269 576 403 595 aeternalibus.

281 646 394 664 Notandum.

266 927 314 946 Unio
325 927 345 945 tlt
354 932 397 950 qua—

276 950 393 974 tii-upliciter.

277 1633 385 1656 Fugiendae

264 1658 306 1675 sunt
322 1657 398 1681 nuptiae

264 1680 337 1704 culpae.

306 1778 361 1797 Ratio
375 1778 391 1796 l.

307 2248 361 2266 Ratio
373 2248 390 2266 2.

415 189 470 217 546

417 267 585 301 conluncti03
608 266 773 295 convivium
798 266 1064 304 permaynz'ficam,
1086 267 1263 296 eucharistia.

418 331 454 335 —
483 314 646 351 Nuptiarum
681 313 839 342 huiusmodi
873 313 1080 342 matrimonium
1112 314 1264 343 initiatum

416 361 467 390 suit
488 361 515 389 in
537 360 637 388 Christi
668 359 849 396 promissione
877 360 948 388 sacta
973 360 1076 389 sancus
1097 360 1263 395 Patribus¹,

414 407 598 444 ratificatam
620 406 672 435 suit
693 407 719 434 in
743 406 946 440 incarnatione,
975 409 1215 435 consummatum
1236 406 1263 435 in

417 453 549 490 passione.

493 501 519 527 7.
541 500 611 527 Sunt
638 499 720 527 etiam
754 499 867 536 nuptiae
898 499 1074 533 aeternales,
1095 499 1129 528 de
1160 499 1264 537 quibus

414 546 587 583 apocalypsis
617 546 725 575 decimo
756 547 851 575 n0n0²³
872 546 991 575 dicitur:
1018 557 1032 571 α
1048 546 1137 581 Beati,
1159 546 1207 584 qui
1229 546 1263 576 ad

413 601 524 622 coenam
553 593 714 630 nuptiarum
745 593 810 630 Agni
842 593 928 622 vocati
958 595 1024 622 sunt
1039 605 1065 621 u.
1087 609 1126 614 —
1148 594 1179 622 Et
1203 594 1264 623 illa-

413 648 475 669 rum
497 640 609 677 quidem
632 640 794 676 nuptiarum
810 640 970 669 solemnitas
984 640 1126 669 initiatur
1140 641 1167 669 in
1183 649 1263 678 prae-

412 688 481 717 senti
504 688 531 716 in
553 687 633 716 iustis
654 695 704 724 per
725 696 802 725 spem
834 688 868 716 de
888 687 993 716 futuris
1013 688 1106 723 bonis;
1129 688 1263 725 ratifica-

412 739 462 763 tar
493 735 520 763 in
548 734 694 771 adeptione
715 735 821 772 primae
843 735 942 769 stolae,
964 735 1072 764 animae
1093 735 1213 770 scilicet,
1235 740 1263 765 et

409 785 637 810 consummatur
658 782 686 810 in
707 782 853 819 adeptione
867 782 1005 811 secundae
1029 783 1132 818 stolae,
1158 783 1263 812 scilicet

412 829 544 866 corporis.

490 878 516 905 8.
539 877 607 906 Cum
631 877 716 914 igitur
737 880 859 915 quatuor
880 877 935 906 sint
955 885 1058 915 genera
1083 878 1262 915 nuptiarum,

411 927 437 953 et
458 932 539 953 omne
560 924 720 961 coniugium
742 924 824 953 saciat
844 932 880 953 ex
903 925 1032 961 pluribus
1046 933 1149 957 unum;
1166 928 1263 954 notan-

411 972 493 1004 dum,
516 971 589 1008 quod
623 971 727 1008 primae
758 971 863 1000 faciunt
891 971 947 1000 duo
973 971 999 1000 iu
1023 980 1085 1000 una
1107 980 1212 1007 carne,
1235 973 1262 1001 id

411 1021 452 1046 est
474 1018 500 1046 in
522 1025 578 1046 una
599 1018 776 1051 carnalitate;
799 1018 906 1054 primae
921 1018 954 1047 ad
969 1018 1128 1048 Corinthios
1142 1023 1224 1048 sexto
1236 1020 1260 1048 ³:

417 1078 429 1090 ι(
444 1066 482 1093 An
498 1065 624 1098 nescitis,
640 1065 771 1102 quoniam
787 1065 834 1102 qui
856 1066 989 1094 adhaeret
1010 1066 1150 1095 meretrici
1173 1075 1261 1095 unum

410 1120 512 1148 corpus
534 1111 677 1140 efficitur?
700 1112 803 1146 Erunt,
825 1112 932 1149 inquit,
950 1113 1006 1141 duo
1021 1113 1047 1141 in
1064 1121 1147 1142 carne
1163 1122 1219 1142 una
1234 1125 1260 1141 u.

412 1176 446 1179 —
462 1159 603 1188 Secundae
618 1159 723 1188 faciunt
738 1168 825 1188 unum
842 1160 868 1188 in
885 1168 943 1188 uno
957 1160 1086 1197 apiriam
1109 1161 1213 1197 primae
1227 1160 1261 1189 ad

410 1206 566 1235 Corinthios
588 1210 683 1235 sexto:
713 1218 726 1232 α
742 1207 793 1243 Qui
816 1207 948 1236 adhaeret
973 1207 1030 1236 Deo
1051 1216 1126 1236 unus
1146 1208 1262 1244 spiritus

410 1258 492 1283 est».
516 1271 551 1274 -—
574 1254 682 1283 Tertiae
704 1254 809 1283 faciunt
824 1263 911 1283 unum
934 1255 961 1283 in
983 1264 1042 1283 uno
1063 1263 1185 1292 corpore
1199 1264 1228 1284 m
1230 1264 1262 1293 J-

409 1301 480 1329 Stico
489 1311 499 1334 ‚·
513 1301 547 1329 ad
562 1301 697 1330 Romanos
711 1301 890 1331 duodecimo:
911 1314 924 1327 «
939 1302 1030 1331 Unum
1045 1310 1148 1339 corpus
1163 1310 1262 1339 sumus

411 1348 437 1376 in
457 1348 584 1382 Christo,
603 1349 703 1386 singuli
718 1352 811 1378 autem
826 1349 896 1378 alter
910 1349 1026 1378 alterius
1041 1349 1167 1378 membra
1180 1362 1207 1377 υ.
1225 1366 1260 1370 -—

410 1396 531 1432 Quartae
551 1396 656 1425 faciunt
677 1405 765 1425 unum
788 1396 815 1425 in
837 1405 900 1425 una
928 1396 1121 1430 beatitudine,
1147 1396 1181 1425 de
1206 1404 1262 1433 qua

413 1443 518 1471 Ioannis
539 1443 646 1472 decimo
667 1444 797 1480 septimo:
823 1455 837 1468 «
853 1444 947 1477 Pater,
969 1451 1052 1480 rogo,
1074 1446 1106 1472 ut
1127 1443 1182 1472 sint
1196 1451 1261 1471 con-

411 1490 542 1519 summati
565 1491 591 1519 in
613 1499 718 1525 unuin,
740 1491 812 1520 sicut
833 1494 859 1520 et
880 1499 931 1519 nos
951 1499 1040 1519 unum
1062 1498 1160 1519 sumus
1175 1501 1202 1524 »;
1221 1490 1260 1518 lo-

411 1537 550 1574 quebatur
570 1537 604 1566 de
625 1537 776 1574 discipulis.

491 1585 516 1612 9.
540 1584 667 1622 Nuptiae
686 1584 785 1622 factae
804 1589 873 1613 sant
893 1589 944 1614 etc.
967 1585 1035 1613 Cum
1058 1585 1113 1614 sint
1138 1587 1260 1621 quatuor

410 1640 512 1668 genera
533 1633 707 1669 nuptiarum,
723 1640 739 1661 a
753 1632 858 1669 nuptiis
876 1632 978 1669 calpae
1000 1639 1164 1661 revocamur
1183 1634 1211 1660 et
1226 1631 1259 1660 ad

409 1679 476 1708 alias
490 1679 649 1708 invitamur.
666 1680 736 1708 Sunt
750 1682 843 1708 autem
859 1680 972 1717 nuptiae
987 1679 1085 1716 culpae
1100 1678 1259 1716 fugiendae,

410 1726 476 1762 quia
497 1726 599 1754 habent
622 1726 648 1754 in
670 1726 807 1763 principio
828 1726 1024 1764 iynominiam
1042 1729 1070 1755 et
1084 1726 1110 1754 in
1127 1726 1181 1754 fine
1193 1734 1260 1762 poe-

409 1781 489 1801 nam.
517 1790 554 1793 —
575 1773 601 1801 ln
624 1773 760 1810 principio
780 1777 846 1802 sunt
866 1774 1094 1811 ignominiosam
1116 1781 1169 1801 non
1185 1772 1257 1801 enim

410 1820 488 1849 decet
509 1820 637 1857 spiritum
659 1820 691 1849 ad
714 1821 860 1857 imaginem
884 1821 931 1849 Dei
953 1823 1077 1849 creatum
1100 1823 1155 1849 tam
1179 1820 1259 1848 vilem

411 1875 547 1901 uxorem,
569 1867 642 1896 sicut
662 1870 704 1896 est
731 1867 850 1896 carnalis
882 1867 1120 1904 concupiscentia,
1142 1867 1258 1900 ducere;

411 1914 484 1951 quod
505 1914 656 1951 figuratum
686 1917 727 1943 est
747 1913 860 1943 Genesis
888 1914 1020 1951 vigesimo
1047 1914 1165 1950 septImo
1176 1914 1197 1948 4,
1218 1913 1259 1942 di-

410 1964 489 1990 cente
517 1962 652 1990 Rebecca:
680 1973 694 1986 «
708 1961 809 1990 Taedet
833 1961 952 1990 animam
978 1969 1067 1990 meam
1089 1961 1161 1989 vitae
1183 1968 1260 1989 meae

411 2017 495 2046 super
510 2009 579 2038 filias
594 2009 662 2037 Heth
675 2020 681 2043 ;
701 2009 722 2037 si
738 2008 875 2045 acceperit
890 2009 968 2037 Iacob
990 2016 1109 2037 uxorem
1125 2008 1159 2037 de
1174 2008 1259 2044 stirpe

411 2057 495 2085 huius
523 2060 629 2089 terrae,
658 2056 721 2085 nolo
749 2056 884 2084 vivere».
915 2055 1053 2089 Rebecca,
1073 2055 1258 2089 conscientia;

412 2103 496 2132 Iacob
525 2104 599 2132 tilius
627 2104 704 2137 eius,
731 2104 871 2132 humanus
899 2103 1033 2140 spiritus;
1062 2102 1141 2138 filiae
1169 2100 1258 2135 Heth,

410 2151 534 2180 carnales
562 2151 816 2188 concupiscentiae,
838 2150 942 2187 quibus
972 2150 993 2178 si
1024 2158 1052 2178 se
1073 2150 1261 2178 coniunxerit

409 2199 524 2235 spiritus
545 2207 594 2235 per
616 2206 791 2233 consensum,
814 2198 990 2227 machinatur
1012 2197 1039 2226 in
1061 2200 1179 2226 mortem
1195 2205 1259 2226 con-

410 2246 548 2275 scientiae.
572 2263 608 2266 —-
631 2246 658 2274 In
681 2246 735 2275 fine
757 2248 823 2274 sunt
843 2245 1001 2278 e.1citiosae;
1026 2248 1259 2273 consummantur

409 2293 482 2321 enim
498 2293 524 2321 in
540 2301 637 2330 poena,
654 2292 806 2321 secundum
822 2292 897 2329 quod
911 2292 978 2321 dicit
992 2291 1100 2320 Veritas
1112 2292 1200 2320 Lucae
1212 2291 1258 2320 de-

896 188 1121 217 COLLATIONES
1143 189 1174 217 IN
1197 188 1343 217 IOANNEM
1364 189 1433 218 CAP.
1457 190 1484 218 II.
1507 190 1600 219 COLL.
1625 191 1687 220 VIII.

1322 267 1393 296 cimo
1414 268 1569 305 septim05:
1597 281 1610 294 π
1625 270 1701 299 Sicut
1721 270 1825 300 sactum
1849 274 1891 300 est
1918 272 1946 300 in
1975 272 2073 302 diebus
2100 274 2171 308 Noe,

1322 314 1359 343 ita
1380 315 1433 343 erit
1454 315 1481 343 in
1503 315 1601 344 diebus
1622 316 1679 344 Filii
1700 317 1828 346 hominis.
1851 318 1973 347 Edebant
1993 321 2021 347 et
2042 319 2172 348 bibebant

1320 364 1348 391 et
1368 361 1508 390 ducebant
1529 370 1635 392 uxores
1656 366 1683 392 et
1703 363 1843 393 dabantur
1857 364 1890 393 ad
1905 365 2017 402 nuptias
2038 366 2171 403 usquein

1320 408 1409 442 diem,
1431 416 1487 445 qua
1508 408 1622 438 intravit
1643 410 1698 439 Noe
1713 410 1740 438 in
1755 418 1868 445 arcam;
1890 414 1918 440 et
1938 412 2014 440 venit
2034 412 2170 441 diluvium

1320 457 1348 484 et
1369 455 1488 493 perdidit
1508 464 1604 485 omnes
1618 468 1645 485 ».

1403 503 1446 531 10.
1470 502 1508 532 Ab
1530 503 1589 532 istis
1603 511 1670 541 ergo
1685 512 1866 540 revocamur,
1888 505 1921 534 ad
1940 505 2008 534 alias
2021 508 2114 535 autem
2129 506 2170 534 in-

1320 550 1450 579 vitamur.
1473 550 1625 579 Invitamur
1647 551 1680 579 ad
1702 551 1813 589 nuptias
1832 552 1967 590 gratiae,
1988 555 2020 582 ut
2041 553 2097 582 Deo
2118 561 2171 582 nu—

1319 597 1432 632 bamus;
1447 598 1480 627 ad
1496 598 1607 635 nuptias
1621 597 1834 633 eucharistiae,
1849 602 1881 628 ut
1895 599 1931 628 ibi
1946 600 2169 635 discumbamus;

1318 645 1353 674 ad
1374 645 1486 682 nuptias
1505 645 1629 682 pieriae,
1652 648 1683 674 ut
1704 645 1740 674 ibi
1757 650 1915 683 regnemus.
1940 663 1974 667 -
1998 647 2035 676 Ad
2057 647 2169 685 nuptias

1317 692 1436 729 qratiae
1457 692 1591 720 invitatur
1611 692 1704 721 anima
1715 693 1737 727 θ,
1758 695 1791 721 ut
1812 692 1868 722 Deo
1888 694 2077 730 desponsetur
2085 704 2095 728 ,·
2121 694 2169 723 ubi

1319 738 1473 767 cavendum
1494 740 1549 773 est,
1571 746 1605 767 ne
1633 738 1792 768 inveniatur
1822 739 1905 777 digna
1925 739 2070 777 repudio,·
2094 740 2169 777 quod

1319 786 1418 815 accidit
1439 786 1549 815 duabus
1569 786 1603 815 de
1624 786 1723 816 causis.
1747 787 1838 816 Prima
1865 791 1923 822 est,
1945 787 2056 825 quando
2083 787 2169 817 abne—

1317 838 1370 871 ραι
1390 834 1519 863 debitum
1533 842 1583 871 per
1605 834 1834 869 inobedientiam;
1850 835 1972 864 secunda
1985 838 2043 870 est,
2058 835 2170 873 quando

1319 882 1487 919 ingreditur
1509 886 1605 910 torum
1622 882 1752 911 alienum
1770 890 1819 919 per
1834 882 2043 919 Impudicitiam.
2061 899 2096 903 —
2112 882 2170 911 Pri-

1319 936 1396 957 mum
1412 928 1532 957 incurrit
1546 929 1638 957 anima
1652 928 1803 957 omittendo
1818 931 1979 966 praecepta;
2001 929 2169 964 secundum,

1319 975 1517 1005 committendo
1538 975 1641 1004 illicita.
1665 976 1780 1012 Propter
1808 976 1930 1012 primum
1962 976 2107 1012 repudiata
2127 979 2169 1005 est

1318 1022 1430 1057 Vasthi‚
1452 1022 1518 1059 qula
1551 1022 1639 1050 noluit
1665 1021 1778 1050 obedire
1806 1022 1964 1056 Assuero⁷;
1991 1025 2105 1059 propter
2128 1030 2170 1051 se-

1319 1070 1442 1099 cundum
1469 1080 1482 1094 «κ
1498 1069 1561 1098 licet
1582 1069 1687 1097 homini
1708 1068 1848 1097 dimittere
1869 1076 1989 1098 uxorem
2011 1077 2094 1098 causa
2114 1069 2170 1098 for-

1319 1116 1464 1146 nicati0nis
1478 1128 1509 1150 »‚
1531 1118 1563 1144 ut
1584 1115 1704 1144 habetur
1725 1115 1853 1144 Matthaei
1875 1115 1981 1144 decimo
2002 1124 2083 1144 nono.

1401 1164 1444 1191 11.
1467 1162 1505 1191 Ad
1526 1162 1638 1199 nuptias
1658 1160 1857 1191 eucharistiae
1870 1161 2005 1191 invitatur
2019 1161 2123 1196 anima,
2138 1163 2171 1190 ut

1318 1210 1354 1239 ibi
1377 1209 1528 1239 recumbat
1547 1212 1575 1238 et
1595 1209 1741 1246 epuletur;
1763 1209 1811 1238 ubi
1827 1208 1981 1238 cavendum
1999 1211 2050 1243 est,
2072 1216 2107 1237 ne
2127 1208 2169 1237 in-

1319 1257 1448 1286 veniatur
1469 1256 1551 1293 digna
1571 1255 1673 1293 repelli
1692 1264 1712 1285 a
1733 1256 1883 1291 convivio,
1904 1255 1979 1293 quod
2000 1255 2032 1284 fit
2058 1255 2169 1284 duabus

1318 1305 1352 1334 de
1374 1304 1472 1333 causis.
1489 1304 1580 1332 Prima
1594 1306 1650 1338 est,
1666 1303 1778 1340 quando
1791 1312 1821 1332 se
1833 1303 1909 1341 qerit
1923 1303 2014 1332 nimis
2027 1302 2167 1340 superbe;

1319 1352 1455 1386 secunda,
1476 1351 1588 1388 quando
1608 1359 1667 1379 non
1688 1354 1730 1379 est
1746 1355 1861 1388 parata
1885 1350 1959 1379 satis
1988 1349 2108 1378 honeste.
2132 1367 2167 1370 -

1319 1400 1410 1428 Prima
1424 1406 1507 1428 causa
1521 1401 1563 1427 est
1577 1398 1604 1426 in
1620 1397 1774 1435 hypocritis
1789 1397 1832 1426 vel
1846 1397 2011 1432 ambitiosis,
2026 1397 2053 1426 in
2066 1397 2169 1434 quibus

1318 1449 1359 1475 est
1381 1445 1513 1483 superbia
1533 1444 1709 1479 intentionis;
1732 1444 1854 1473 secunda
1884 1447 1926 1473 est
1956 1444 1983 1472 in
2012 1443 2121 1473 lascivis
2142 1447 2169 1472 et

1317 1492 1473 1526 dissolutis,
1495 1492 1522 1520 in
1553 1491 1657 1528 quibus
1688 1493 1730 1519 est
1757 1490 1917 1519 inhonestas
1942 1491 2167 1520 conversationis.

1318 1540 1433 1576 Propter
1444 1538 1566 1575 primum
1579 1538 1682 1567 dicitur
1697 1538 1786 1566 Lucae
1800 1537 1907 1566 decimo
1921 1539 2022 1574 quarto
2033 1536 2057 1565 ὃς
2074 1547 2088 1562 «
2099 1537 2168 1566 Cum

1317 1586 1451 1615 invitatus
1479 1585 1566 1614 fueris
1594 1585 1627 1613 ad
1655 1585 1783 1622 nuptias,
1810 1584 1888 1618 vide,
1910 1592 1945 1612 ne
1966 1584 2113 1613 recumbas
2139 1583 2168 1612 in

1317 1633 1409 1670 primo
1431 1633 1505 1667 loco,
1528 1640 1562 1661 ne
1580 1632 1652 1660 forte
1667 1631 1829 1660 honoratior
1844 1634 1870 1660 te
1885 1631 1920 1660 sit
1934 1631 2068 1660 invitatus
2083 1642 2096 1656 »ι
2115 1634 2167 1660 etc.

1317 1681 1383 1709 Nota
1399 1683 1483 1709 totam
1508 1679 1676 1717 parabolam.
1699 1679 1812 1715 Propter
1828 1678 1981 1707 secundum
2004 1678 2109 1707 eiectus
2126 1681 2169 1707 est

1316 1728 1350 1757 de
1365 1728 1469 1764 nuptiis
1484 1727 1529 1755 ille
1544 1734 1626 1763 quem
1643 1726 1748 1755 invenit
1764 1734 1815 1754 rex
1835 1737 1848 1750 «
1864 1733 1918 1754 non
1941 1725 2069 1753 indutum
2094 1728 2168 1754 veste

1315 1775 1474 1812 nuptiali»,
1502 1781 1585 1811 quem
1615 1773 1695 1802 iussit
1720 1784 1734 1798 «
1750 1772 1845 1809 proiici
1874 1772 1902 1800 in
1931 1772 2060 1801 tenebras
2088 1774 2167 1801 exte-

1316 1822 1405 1851 riores
1420 1834 1446 1856 »,
1468 1824 1500 1850 ut
1522 1821 1641 1850 habetur
1663 1820 1790 1849 Matthaei
1810 1819 1942 1857 vigesimo
1964 1819 2093 1848 secundo.

1396 1861 1441 1897 l2.
1465 1868 1503 1897 Ad
1514 1868 1636 1904 nuptias
1655 1867 1769 1905 yloriae
1790 1867 1924 1895 invitatur
1945 1866 2052 1900 anima,
2078 1869 2109 1895 ut
2130 1866 2166 1895 ibi

1317 1919 1493 1948 coronetur;
1514 1914 1561 1943 ubi
1583 1914 1736 1943 cavendum
1758 1915 1816 1947 est,
1838 1920 1873 1941 ne
1901 1912 2058 1941 inveniatur
2086 1912 2169 1950 digna

1317 1962 1416 2000 repelli
1429 1971 1449 1990 a
1464 1961 1580 1990 caelesti
1592 1960 1721 1998 palatim
1743 1959 1816 1997 quod
1839 1959 1869 1988 fit
1891 1959 2000 1988 duabus
2018 1959 2051 1988 de
2067 1959 2166 1988 causis.

1318 2010 1408 2038 Prima
1419 2012 1469 2044 est,
1485 2008 1596 2046 quando
1610 2008 1705 2037 venire
1720 2006 1893 2040 contemnit,-
1907 2006 2041 2041 secunda,
2057 2007 2168 2044 quando
2181 2014 2281 2057 Esscffi'i‘oi»

1317 2057 1412 2085 venire
1429 2056 1555 2093 neyliyit.
1572 2072 1608 2076 --
1625 2055 1725 2083 Venire
1740 2057 1974 2090 contempserant
1988 2053 2042 2087 illi,
2057 2053 2091 2082 de
2105 2062 2168 2091 qui-

1316 2104 1370 2132 bus
1391 2103 1519 2132 Matthaei
1541 2102 1674 2139 vigesimo
1695 2100 1839 2130 secundo⁹
1861 2100 1979 2134 dicitur,
2001 2100 2067 2137 quia
2087 2112 2101 2125 α
2115 2100 2166 2129 mi-

1317 2151 1352 2180 sit
1373 2159 1424 2179 rex
1448 2151 1517 2179 hora
1537 2157 1639 2179 coenae
1661 2156 1756 2178 servos
1778 2156 1843 2177 suos
1865 2155 1964 2177 vocare
1985 2147 2115 2176 invitatos
2132 2147 2166 2176 ad

1316 2197 1427 2234 nuptias
1442 2209 1469 2231 »,
1491 2200 1519 2225 at
1540 2196 1578 2224 illi
1601 2195 1731 2224 nolebant
1759 2195 1870 2228 venire;
1892 2197 1919 2223 et
1939 2201 2023 2222 causa
2047 2193 2113 2227 fuit,
2134 2196 2166 2221 ut

1316 2244 1405 2272 Lucae
1426 2243 1533 2272 decimo
1561 2245 1662 2280 quarto
1685 2242 1824 2279 tangitur,
1856 2241 1923 2278 quia
1953 2240 2025 2269 alius
2056 2242 2168 2268 emerat

1315 2291 1417 2319 villam
1450 2290 1605 2319 mundanae
1637 2289 1778 2323 vanitatis,
1800 2288 1871 2317 alius
1899 2287 1982 2316 boves
2010 2286 2166 2315 mundanae

473 2444 479 2457 ¹
499 2445 520 2466 ln
538 2444 554 2467 C
572 2445 665 2467 additur
682 2444 710 2467 de
728 2444 829 2467 Christe.

472 2483 481 2496 Β
500 2485 564 2506 Vers.
584 2485 606 2506 9.
625 2497 652 2499 —
672 2484 768 2506 inferius
786 2490 827 2511 pro
845 2484 1028 2506 consummatur
1046 2482 1062 2505 C
1086 2480 1258 2505 consummabi-

410 2525 463 2551 tur,
481 2524 521 2552 qui
539 2524 687 2552 prosequitur
701 2524 757 2553 post
774 2522 888 2545 iudicium
906 2521 930 2544 in
942 2521 1065 2551 adeptione
1077 2521 1203 2550 utriusque
1213 2522 1258 2543 sto·

410 2562 454 2590 lae,
471 2563 566 2585 aninmo
582 2562 670 2586 scilicet
686 2564 708 2585 et
724 2561 841 2592 corporis.

472 2600 481 2613 ³
501 2602 564 2624 Vers.
582 2603 627 2629 slss,
646 2602 666 2623 in
689 2608 737 2631 quo
762 2602 874 2629 allegatur
896 2601 952 2623 Gen.
976 2602 1002 2628 2,
1021 2600 1058 2623 24.
1075 2612 1106 2617 —
1124 2600 1258 2628 Sequuntur

411 2643 425 2663 l.
442 2641 493 2664 Cor.
512 2642 539 2669 6,
560 2641 598 2668 ¹7;
616 2642 682 2663 Rom.
704 2642 738 2668 12,
756 2641 782 2669 53
801 2642 861 2663 loan.
880 2640 921 2667 17,
940 2641 977 2662 20.
995 2642 1017 2662 et
1037 2640 1075 2661 22.
1087 2645 1135 2668 seq.

472 2679 481 2692 ⁰
501 2680 564 2702 Vers.
583 2680 619 2702 46.
639 2693 667 2696 —
684 2681 751 2708 Hugo
769 2686 780 2702 a
799 2680 822 2702 S.
849 2680 914 2707 vict.y
940 2680 964 2702 Il.
986 2679 1084 2706 Allegor.
1103 2678 1124 2700 in
1142 2680 1210 2700 vetus
1227 2679 1258 2699 te-

409 2722 516 2742 stamcnt.
534 2726 553 2741 c.
574 2720 608 2741 ll.
627 2720 692 2747 dicit,
717 2720 780 2748 quod
801 2718 923 2742 «Rebecca
947 2718 1062 2746 significat
1087 2719 1184 2739 matrem
1208 2722 1258 2744 gra-

411 2759 477 2786 tiam,
501 2765 562 2788 quae
585 2759 652 2781 Iacob
677 2759 706 2781 de
732 2762 827 2787 paterna
853 2758 1013 2781 benedictione
1035 2756 1183 2779 consuluit».
1201 2755 1257 2778 ibid.

410 2805 431 2821 c.
451 2799 490 2820 12:
508 2797 577 2821 Iacob
594 2798 722 2821 secundum
746 2804 840 2821 sensum
866 2797 1036 2826 tropologicum
1063 2795 1176 2823 significat
1193 2795 1257 2823 spiri-

412 2842 485 2861 tum...
501 2838 555 2867 quia
572 2838 667 2866 spiritus
684 2837 742 2860 lenis
760 2840 806 2865 est,
823 2838 893 2864 dum,
912 2837 1024 2859 suadente
1049 2837 1149 2863 ratione,
1167 2835 1258 2864 quaerit

412 2880 499 2900 tantum
518 2877 653 2899 necessaria,
673 2877 737 2900 Esau
755 2877 870 2905 significat
880 2883 978 2904 corpus,
990 2876 1044 2905 quia
1056 2881 1142 2903 corpus
1150 2874 1257 2904 pilosum

412 2916 479 2946 [Gen.
497 2916 526 2938 27
535 2933 540 2943 ,
559 2917 567 2938 l
578 2917 583 2938 l
595 2925 600 2938 z
618 2916 692 2943 Nosti,
705 2916 769 2945 quod
781 2916 848 2943 Esau,
861 2917 929 2938 frater
941 2921 1019 2943 meus,
1032 2916 1101 2937 homo
1110 2913 1204 2944 pilosus
1221 2913 1257 2940 sit,

412 2958 434 2978 et
450 2962 495 2983 ego
512 2955 588 2985 lenis]‚
606 2956 675 2983 dum,
694 2956 816 2983 Instigante
833 2955 1020 2983 concupiscentia
1038 2954 1087 2982 [cfr.
1100 2953 1156 2975 Gen.
1170 2953 1207 2978 26,
1220 2952 1257 2979 34,

413 2997 453 3019 ubi
469 2997 566 3023 dicitur,
583 2996 647 3025 quod
665 2996 723 3018 Esau
740 2995 804 3018 duxit
821 2995 880 3017 duas
898 3000 980 3017 uxores
998 2993 1027 3016 de
1044 2992 1116 3021 Heth,
1133 2998 1194 3021 quae
1211 2997 1258 3013 am-

1316 2441 1359 2464 bae
1376 2441 1519 2464 offenderant
1535 2439 1644 2463 animum
1663 2440 1724 2461 Isaac
1742 2441 1764 2461 et
1782 2436 1924 2466 RebeccaeJ,
1936 2436 2028 2466 quaerit
2038 2435 2166 2463 superflua.

1379 2479 1388 2492 ⁵
1405 2481 1471 2503 Vers.
1489 2480 1526 2502 26.
1546 2482 1568 2501 et
1585 2479 1621 2501 27.

1378 2518 1388 2531 ⁶
1407 2520 1435 2542 lta
1453 2519 1483 2546 C;
1501 2519 1518 2541 Α
1536 2519 1553 2540 Β
1570 2517 1714 2545 invitamur,
1736 2518 1763 2539 ut
1779 2516 1862 2539 anima
1879 2516 1926 2538 Deo
1944 2517 1987 2537 etc.
2008 2513 2105 2536 interius
2122 2519 2165 2541 pro

1315 2558 1451 2588 inqredz'titr
1469 2559 1549 2581 torum
1566 2556 1673 2580 alienum
1692 2556 1730 2584 (ita
1749 2555 1778 2584 C,
1804 2561 1857 2578 cum
1883 2561 1930 2584 quo
1952 2553 2060 2576 convenit
2077 2553 2108 2580 A,
2124 2552 2165 2581 qui

1316 2601 1394 2620 tamen
1411 2597 1495 2621 omittit
1511 2595 1627 2624 alienum)
1646 2596 1663 2617 B
1681 2593 1861 2624 transgreditur
1879 2595 1967 2616 torum.

1378 2635 1386 2648 '¹
1406 2637 1464 2659 Vide
1483 2637 1562 2658 Esther
1581 2635 1588 2657 1
1600 2652 1605 2661 ‚
1628 2635 1660 2656 ll.
1673 2640 1738 2663 seqq.
1749 2646 1781 2650 —
1793 2633 1897 2658 Subinde
1909 2633 2020 2660 allegatur
2032 2632 2109 2654 Matth.
2122 2631 2165 2658 49,

1315 2677 1328 2699 9
1338 2685 1343 2699 :
1356 2676 1503 2705 Quicumque
1515 2674 1629 2697 dimiserit
1641 2680 1737 2696 uxorem
1749 2679 1815 2695 suam
1824 2690 1829 2699 ,
1842 2672 1884 2694 nisi
1896 2671 1927 2694 ob
1937 2671 2109 2694 fornicationem
2121 2673 2164 2693 etc.

1315 2715 1372 2738 lbid.
1390 2722 1414 2737 v.
1434 2715 1459 2737 3:
1477 2714 1500 2736 Si
1514 2713 1566 2737 licet
1578 2712 1670 2736 homini
1680 2711 1797 2735 dimittere
1808 2717 1911 2734 umorem
1923 2716 2003 2738 suam,
2014 2713 2165 2738 quacumque

1314 2761 1341 2777 ex
1360 2755 1448 2777 causa?

1378 2792 1388 2805 ¹³
1406 2794 1470 2816 Vei-s.
1490 2794 1511 2815 8.
1528 2805 1560 2809 —
1577 2792 1686 2821 Sequitur
1703 2792 1781 2814 Matth.
1793 2791 1836 2817 22,
1850 2790 1857 2812 vi
1867 2790 1928 2811 1-13.
1941 2801 1972 2805 -
1984 2788 2041 2811 Cod.
2053 2786 2070 2810 C
2081 2786 2165 2809 omittit

1314 2833 1378 2857 Nota
1395 2834 1469 2856 totam
1483 2831 1635 2862 parabolam.

1378 2871 1388 2884 ⁹
1405 2873 1471 2894 Vers.
1490 2872 1510 2894 3.
1529 2877 1595 2900 seqq.
1611 2883 1642 2888 —
1660 2869 1764 2893 Subinde
1780 2869 1909 2897 allegantur
1926 2868 1981 2889 Luc.
1994 2866 2036 2894 ⁴4,
2050 2866 2087 2887 48.
2098 2871 2165 2893 seqq.

1315 2912 1370 2940 (AB
1387 2911 1483 2939 ibidem,
1501 2911 1548 2933 scil.
1567 2911 1645 2932 Matth.
1662 2910 1703 2936 22,
1721 2908 1762 2931 ubi
1784 2911 1861 2931 tamen
1883 2912 1944 2936 quae
1966 2907 2095 2934 sequuntur
2117 2910 2164 2926 non

1315 2950 1463 2978 occurrunt),
1481 2950 1557 2972 Matth.
1575 2949 1617 2976 25,
1637 2949 1699 2971 1-12.
1716 2951 1739 2970 et
1755 2948 1827 2975 Apoc.
1847 2947 1889 2975 ⁴9,
1906 2945 1930 2968 7.

2187 514 2221 541 Ad·
2230 514 2273 536 alia
2281 516 2294 537 iu

2204 539 2284 560 vitemur.

2207 655 2273 680 Primo.
2283 662 2291 676 a

2187 679 2261 706 nuptias
2271 685 2296 705 gri.

2187 703 2232 721 tiae.

2193 796 2265 823 Duplex
2274 803 2296 818 ra:

2186 821 2213 839 tio
2229 821 2296 845 reputIll'

2187 1171 2276 1195 Secundo,
2283 1178 2286 1190 z
2294 1159 2296 1186 Ῐ

2186 1195 2261 1218 nuptias
2277 1200 2285 1215 e
2290 1198 2296 1218 ῃ

2187 1208 2296 1255 chan-istiuas

2186 1297 2296 1355 aazia

2291 1383 2296 1427 l

2205 1873 2273 1897 Tertio,
2277 1886 2279 1892 .

2185 1897 2261 1924 nuptias

2185 1926 2233 1940 riae.
