2296 3316
16 75 22 162 i
712 123 881 152 COMMENT.
904 123 937 152 [N
958 122 1103 152 IOANNEM
1125 123 1152 152 C.
1175 124 1240 152 xvi.
1793 126 1850 155 457

1005 200 1058 229 fide
1079 205 1106 230 et
1127 201 1154 230 in
1175 202 1335 236 dilectione;
1357 203 1385 232 in
1406 203 1458 232 hac
1478 206 1557 240 parte
1579 203 1694 233 intendit
1719 211 1766 232 eos
1787 211 1850 232 con-

1005 247 1117 276 firmare
1139 249 1170 277 in
1190 249 1252 285 spei
1272 250 1494 286 exspectatione,
1516 251 1660 279 consolans
1687 258 1734 280 eos
1756 250 1850 280 inulti-

16 200 18 239 j
183 203 207 231 l.
230 202 308 239 Quod
329 209 395 239 ergo
409 201 539 230 obiicitur
553 202 587 230 de
601 201 765 238 Augustino,
787 201 947 235 dicendum,

16 260 84 280 11111.
102 249 175 287 quod
196 249 386 286 Augustinus¹
407 248 475 277 illud
496 251 643 282 retractam
665 250 756 277 tamen
778 248 895 276 verbum
916 247 948 276 il-

17 1204 24 1214 1.
38 1200 81 1214 cum

16 1217 88 1237 lotione.

102 295 150 325 lud
165 303 262 326 verum
277 298 331 330 est,
346 295 504 332 accipiendo
517 295 625 329 odium,
641 294 713 323 sicut
727 294 885 331 expositum
897 296 947 323 est.

181 343 207 371 Ξ.
229 342 307 379 Quod
328 342 435 376 obiicit,
457 341 531 378 quod
552 349 606 370 non
628 343 833 378 cognoverunt;
855 340 948 369 dicen-

26 400 54 420 ,11
66 400 83 419 2.
101 388 169 418 dum
190 392 244 423 est,
263 389 337 426 quod
359 391 400 418 est
421 388 540 425 cognitio
554 387 739 416 certitudinis
759 390 786 416 et
801 387 948 416 claritatis

98 444 154 473 per
173 436 312 472 speciem,-
333 438 360 464 et
381 435 433 465 hac
454 435 548 464 nullus
562 435 649 463 Deum
672 434 824 471 cognoscit,
838 434 891 463 nisi
912 434 948 463 sit

102 483 326 519 comprehensor.
350 483 380 511 Et
401 485 442 511 est
463 481 582 519 cognitio
602 480 802 515 certitudinis,
831 481 879 509 sed
899 489 947 509 ae-

100 528 279 566 niymatis²,·
300 528 348 558 sed
362 529 414 558 hac
435 527 530 558 nullus
546 528 632 556 Deum
653 526 792 564 cognoscit
813 526 865 556 nisi
880 526 946 555 tide-

100 575 142 604 lis.
165 575 197 605 Et
217 578 258 604 est
279 575 397 612 cognitio
418 574 646 608 aestimationis,
667 576 695 603 et
710 574 761 603 hac
782 574 906 603 infideles
919 576 947 603 et

102 622 181 652 multi
202 622 266 652 mali
287 625 464 660 cognoscunt.
481 622 513 651 Et
532 621 571 650 sic
586 624 775 658 cognoverunt
797 621 905 650 Patrem
919 624 947 650 et

101 677 150 706 per
171 677 344 707 consequens
363 669 441 698 odire
463 671 579 706 possunt
590 668 610 697 ³.

179 717 205 744 9.
227 716 337 753 Quaest.
359 716 390 745 V.
406 716 472 745 Item
487 715 633 753 quaeritur
654 715 687 744 de
702 715 754 744 hoc
776 715 850 753 quod
864 715 945 744 dicit:

106 763 186 792 Venit
205 762 293 797 hora,
315 766 347 792 ut
368 764 479 796 omnis,
500 763 553 801 qui
572 762 709 799 interficit
728 771 795 796 υοε,
821 762 946 791 arbitre-

100 815 166 845 tur,
187 819 217 839 se
238 810 405 849 obsequium
423 813 578 847 praestare
600 810 665 839 Deo.

178 857 248 894 Ergo
269 857 421 886 secundum
443 857 496 886 1100
516 857 554 885 1111
576 857 624 894 qui
646 857 806 886 occidebant
833 858 945 894 Aposto-

98 904 155 939 los,
169 904 242 933 bona
262 904 413 933 intentione
427 903 602 933 occidebant:
623 912 690 941 ergo
705 904 892 933 merebantur.
908 921 946 925 -

100 951 133 981 Si
152 956 184 980 tu
205 951 302 986 dicas,
317 951 392 989 quod
412 959 467 980 non
482 954 590 988 poterat
610 951 683 980 bona
696 951 847 980 intentione
867 951 944 986 fieri;

98 998 167 1029 illud
197 998 296 1028 falsum
318 1001 374 1033 est,
406 998 472 1036 quia
503 998 574 1027 mala
594 998 626 1027 in
645 1007 761 1035 genere,
793 1006 865 1035 quae
891 1006 945 1027 non

98 1048 164 1075 sunt
184 1046 257 1074 mala
276 1046 437 1075 secundum
457 1054 500 1080 se,
521 1045 591 1074 bene
612 1045 672 1074 fieri
690 1048 822 1082 possunt;
844 1048 872 1074 et
892 1045 945 1074 tale

97 1095 140 1122 est
160 1092 296 1121 occidere.

176 1140 358 1168 Respounno:
393 1138 565 1173 Dicendum,
600 1138 675 1175 quod
710 1138 845 1175 quaedam
880 1141 946 1167 sunt

97 1193 192 1223 opera,
213 1193 285 1222 quae
305 1185 386 1214 nullo
400 1185 484 1213 modo
505 1187 621 1221 possunt
635 1185 705 1213 bene
726 1185 800 1219 fieri,
823 1187 855 1213 ut
868 1193 946 1213 men-

98 1232 160 1267 tiri,
181 1232 253 1261 sicut
273 1232 339 1261 dicit
359 1232 529 1269 Augustinus
540 1232 561 1266 4,
582 1232 648 1268 quia
677 1243 690 1256 «
711 1239 778 1260 mox
806 1232 947 1260 nominata

98 1278 245 1308 coniuncta
264 1282 330 1308 sunt
356 1278 429 1307 malo
444 1290 471 1311 »‚
492 1281 524 1307 ut
544 1278 610 1307 dicit
638 1278 830 1314 Philosophus.
857 1278 946 1314 Quae-

97 1325 161 1355 dam
181 1328 275 1354 autem
304 1328 382 1360 sunt,
403 1333 475 1362 quae
502 1325 601 1353 statim
630 1327 747 1361 possunt
774 1324 845 1353 bene
867 1324 945 1359 fieri,

98 1380 162 1402 cum
183 1372 260 1401 adest
280 1372 353 1401 bona
372 1372 501 1407 intentio,
522 1375 555 1400 ut
575 1374 640 1400 sunt
665 1371 737 1400 bona
757 1371 786 1400 in
811 1379 913 1408 genere
924 1371 944 1400 ⁵.

98 1419 250 1457 Quaedam,
272 1427 344 1457 quae
364 1428 419 1448 non
440 1419 512 1448 fiunt
532 1419 604 1448 bona
624 1419 688 1447 sola
709 1418 876 1453 intentione,
893 1419 945 1447 nisi

97 1466 169 1496 adsit
189 1474 283 1495 causa
303 1470 331 1495 et
351 1466 437 1501 ordo,
459 1469 487 1495 et
508 1466 572 1495 talia
593 1469 658 1495 sunt
679 1465 809 1495 occidere
829 1468 856 1494 et
881 1474 945 1494 con-

97 1514 206 1543 similia.
227 1513 303 1543 Unde
317 1513 550 1551 quandocumque
571 1513 654 1541 homo
668 1512 773 1542 occidat
794 1512 878 1541 alium
895 1521 946 1549 pro

97 1561 166 1596 Deo,
187 1560 240 1590 nisi
270 1560 341 1589 adsit
361 1560 429 1589 ordo
459 1559 553 1589 iudicii
574 1562 601 1588 et
626 1567 725 1594 eausa,
756 1559 833 1588 nullo
863 1559 945 1588 modo

97 1608 167 1637 bene
191 1608 230 1637 fit.
259 1607 317 1636 Tali
344 1607 426 1636 modo
452 1607 536 1636 fiebat
555 1607 583 1635 in
604 1607 752 1644 Apostolis,
780 1606 846 1643 quia
872 1607 946 1635 iusta

97 1662 181 1683 causa
201 1657 228 1683 et
248 1654 390 1691 inquisitio
411 1654 537 1683 deeratfl.

197 1754 287 1786 Tertio,
304 1755 366 1778 oiroa
383 1754 575 1785 exspectationem
592 1754 640 1785 spei
657 1754 705 1778 tria
721 1754 844 1784 ponuntur.

178 1843 222 1871 10.
244 1842 324 1870 Haec
344 1845 442 1870 autem
472 1841 552 1870 vobis
573 1841 610 1870 ab
638 1841 721 1870 initio
742 1844 793 1870 etc.
827 1841 918 1877 Supra
932 1840 943 1857 ⁷

95 1888 231 1917 Dominus
252 1888 338 1918 verbo
358 1888 522 1917 eruditionis
543 1888 717 1917 confirmavit
744 1888 894 1924 discipulos
915 1888 943 1916 in

159 2046 167 2059 ¹
185 2045 247 2069 Libr.
264 2047 279 2069 l.
302 2047 400 2069 Retract.
422 2052 441 2068 c.
463 2047 497 2069 19.
518 2052 541 2068 n.
559 2047 588 2068 8:
606 2046 669 2074 item,
686 2046 748 2075 quod
767 2046 828 2068 dixi:
847 2046 944 2070 Nullius

96 2084 159 2109 enim
174 2085 224 2115 fere
240 2085 382 2109 conscientia
400 2086 476 2109 Deum
490 2087 567 2115 potest
583 2085 670 2114 odisse,
682 2092 728 2108 non
740 2086 810 2109 video
827 2086 896 2108 fuisse
913 2085 945 2108 di-

96 2125 205 2147 cendum.
216 2125 279 2147 Multi
295 2125 357 2148 enim
374 2127 438 2152 sunt,
450 2125 479 2148 de
490 2124 576 2154 quibus
593 2125 705 2153 scriptum
719 2128 754 2147 est
765 2124 812 2154 [Ps.
825 2125 867 2153 73,
880 2124 943 2154 ⁴23,]:

96 2163 214 2194 Superbia
235 2170 319 2187 eorum
342 2163 384 2194 qui
403 2164 504 2188 oderunt
525 2166 553 2187 te.
578 2164 623 2187 Csr.
642 2165 665 2187 ll.
684 2166 744 2187 Sent.
767 2165 790 2187 d.
808 2165 829 2186 5.
847 2164 903 2187 dub.
923 2165 944 2192 l,

97 2203 137 2226 ubi
153 2204 236 2226 eadem
253 2203 352 2226 oblectio
369 2204 477 2226 solvitur:
494 2204 636 2232 Dicendum,
649 2204 712 2233 quod
730 2204 872 2232 Augustinus
889 2204 943 2226 illud

97 2246 209 2266 retractat.
227 2243 333 2266 Attamen
349 2244 469 2266 veritatem
487 2243 556 2265 habet
572 2243 650 2272 aliquo
670 2244 741 2266 modo
758 2244 813 2266 illud
831 2243 943 2272 verbum,

96 2282 116 2305 si
136 2282 274 2310 intelligatur
291 2282 321 2305 de
338 2283 398 2310 Deo,
416 2282 437 2304 in
455 2285 567 2311 quantum
594 2285 628 2305 est
652 2288 771 2305 summum
795 2282 896 2309 bonum,
914 2282 943 2304 ad

96 2321 159 2350 quod
184 2321 370 2349 participandum
397 2322 454 2344 sacta
480 2324 514 2344 est
538 2324 642 2344 creatura
659 2322 791 2349 rationalis;
810 2322 872 2344 unde
889 2328 943 2344 cum

96 2366 189 2388 semper
205 2362 299 2388 appetat
315 2359 453 2387 beatificari,
471 2366 590 2388 nunquam
608 2359 775 2382 beatificantem
793 2360 842 2382 odit
859 2363 901 2383 etc.
913 2373 944 2377 —

95 2398 136 2421 Ed.
153 2399 280 2426 retractat,
300 2398 334 2421 ita
350 2400 442 2426 tamen,
461 2400 490 2422 ut
508 2398 608 2422 verbum
633 2398 697 2422 istud
720 2404 804 2422 verum
822 2398 864 2427 sic,
885 2399 944 2422 acci-

92 2436 180 2467 piendo
197 2440 239 2460 etc.

158 2475 168 2489 ²
185 2477 254 2505 Epist.
272 2477 287 2499 l.
304 2476 356 2499 Cor.
376 2477 416 2503 43,
439 2477 479 2499 12:
499 2477 610 2499 Videmus
635 2482 696 2499 nunc
718 2483 760 2505 per
782 2478 903 2505 speculum
922 2477 943 2499 in

97 2515 239 2543 aenigmate,
256 2518 310 2538 tunc
335 2518 412 2538 autem
440 2515 496 2538 facie
521 2516 551 2538 ad
576 2516 666 2538 faciem.
684 2515 740 2538 lbid.
762 2516 787 2538 ll.
807 2516 834 2543 5,
851 2516 879 2538 7:
901 2517 943 2539 Per

96 2555 165 2577 fldem
178 2554 239 2577 enim
252 2554 401 2577 ambulamus
417 2557 440 2577 et
456 2561 500 2578 non
518 2561 561 2583 per
577 2555 686 2583 speciem.
699 2567 730 2571 —
742 2556 820 2577 Plures
838 2556 904 2578 codd.
921 2558 944 2578 et

95 2594 227 2616 Gorranus:
245 2595 270 2616 Et
286 2596 321 2616 est
337 2594 437 2622 cognitio
454 2600 502 2617 non
519 2594 666 2617 certitudinis
683 2597 741 2622 etc.;
758 2601 889 2623 perperam.

157 2630 167 2644 ³
184 2631 229 2655 Csr.
247 2633 353 2660 August„
369 2632 391 2654 111
408 2633 468 2655 loun.
486 2633 575 2661 Evang.
591 2636 619 2655 tr.
636 2633 674 2655 90.
691 2640 713 2655 n.
732 2634 752 2656 l.
770 2640 836 2662 seqq.

157 2670 168 2683 ⁴
184 2671 208 2693 ln
219 2670 272 2693 libr.
283 2671 312 2693 de
324 2671 442 2694 Mendacio
459 2674 481 2694 et
498 2671 520 2694 in
535 2671 585 2694 libr.
597 2674 676 2694 contra
689 2672 845 2699 Mendacium;
858 2674 898 2695 cfr.
910 2673 943 2695 111.

96 2710 157 2732 Sent.
169 2710 192 2733 d.
210 2710 247 2732 38.
259 2716 282 2739 q.
295 2711 317 2737 2,
330 2709 369 2732 ubi
381 2716 408 2732 ex
420 2712 517 2738 August.
531 2710 610 2733 verbis
622 2711 665 2733 hoc
677 2710 796 2738 probatur.
808 2723 839 2727 —
851 2712 943 2734 Senten-

96 2749 125 2771 tia
142 2748 234 2771 Aristot.
250 2748 349 2771 habetur
360 2749 383 2771 in
398 2749 422 2771 11.
435 2749 506 2772 Ethic.
518 2755 538 2771 c.
551 2749 576 2776 6,
589 2750 630 2771 cl'r.
643 2752 699 2772 tom.
711 2750 726 2771 l.
738 2756 793 2777 pag.
805 2750 843 2777 32,
855 2753 907 2772 nota
920 2751 943 2773 6.

158 2785 167 2799 ⁵
184 2786 230 2810 Cir.
246 2787 270 2809 Il.
289 2788 350 2810 Sent.
367 2788 391 2810 d.
412 2788 449 2810 36.
467 2787 524 2810 dub.
541 2788 567 2810 5:
590 2788 679 2811 Bonum
704 2790 795 2817 autern,
812 2789 941 2811 secundum

96 2825 160 2854 quod
176 2825 268 2853 respicit
285 2826 405 2848 materiam
423 2825 538 2855 debitam,
556 2826 639 2849 dicitur
651 2832 702 2849 esse
714 2825 802 2849 bonum
814 2826 838 2849 in
849 2832 941 2856 ρεπεν-ε,

96 2870 139 2892 pro
156 2870 183 2887 eo
200 2864 277 2893 quod,
294 2865 353 2887 sicut
369 2870 444 2894 penus
461 2865 516 2887 dicit
540 2871 590 2888 esse
606 2866 629 2887 in
647 2865 748 2893 potentia
765 2865 795 2888 ad
812 2872 861 2889 esse
882 2872 942 2889 com-

93 2902 195 2931 pletum,
212 2909 273 2932 quae
290 2904 419 2931 completur
445 2909 487 2932 per
511 2904 637 2926 adventum
655 2904 850 2931 differentiarum,
869 2904 901 2926 sic
919 2904 941 2926 in

189 2948 216 2972 S.
233 2950 322 2973 Bonan.
333 2962 364 2966 —
377 2950 445 2972 Tom.
462 2950 500 2972 Vl.

1004 294 1112 331 pliciter
1133 298 1230 324 contra
1258 296 1445 326 turbationem
1466 300 1493 326 et
1520 297 1716 326 desolationem
1744 298 1778 326 de
1799 306 1849 327 suo

1004 348 1123 369 recessu.
1148 341 1178 370 Et
1199 342 1266 370 haec
1288 350 1352 378 pars
1376 343 1458 371 tertia
1478 344 1598 380 partitur
1626 344 1778 373 secundum
1801 344 1850 373 tri-

1004 388 1069 424 plex
1090 396 1178 425 genus
1205 389 1406 418 consolationis.
1440 390 1530 419 Prima
1561 391 1710 419 consolatio
1741 394 1783 420 est
1813 400 1849 420 ex
1868 395 1995 429 Divisiojnss

1004 435 1135 471 Spiritus
1162 435 1259 464 saneti
1285 436 1423 464 missione
1431 447 1441 469 ,·
1463 437 1584 466 secunda
1612 446 1692 472 vero,
1720 446 1756 467 ex
1781 439 1851 467 Filii
1879 419 1969 438 memma.

1002 481 1168 510 visitatione
1189 484 1216 509 et
1236 481 1438 511 determinatur
1459 483 1536 512 ibiss:
1558 484 1720 518 Modicum,
1742 489 1768 513 et
1792 494 1850 513 non

1002 527 1134 556 videbitis
1155 537 1219 560 mc;
1242 528 1323 557 tertia
1343 532 1433 557 estex
1457 530 1559 559 Patris
1574 531 1772 566 exauditione,
1796 532 1849 560 ibi:

1004 575 1116 608 Amen,
1137 583 1223 603 amen
1245 575 1308 603 dico
1336 575 1432 604 vobis:
1465 576 1498 604 Si
1517 577 1589 614 quid
1617 578 1758 614 petieritis
1791 579 1850 607 Pa-

1003 625 1075 650 trem
1096 625 1164 656 etc.;
1188 625 1218 650 ut
1247 622 1285 650 sic
1306 622 1425 650 animam
1454 626 1511 651 tota
1536 624 1655 652 Trinitas
1683 625 1849 654 consoletur.

1002 668 1093 696 Prima
1113 668 1263 697 consolatio
1291 672 1332 697 est
1352 668 1386 697 ad
1414 669 1530 697 dandam
1552 670 1787 707 intelligentiam5
1809 679 1850 700 se-

1002 716 1107 751 cunda,
1129 715 1162 744 ad
1185 715 1327 744 laetitiam
1334 726 1344 749 ;
1366 716 1462 751 tertia,
1485 716 1518 745 ad
1538 725 1640 753 pacem
1661 721 1685 745 et
1707 718 1849 755 confiden-

1003 763 1083 792 tiam.
1107 763 1197 791 Prima
1218 763 1353 800 respicit⁹
1374 763 1567 797 rationalem
1588 764 1724 798 secunda,
1746 773 1850 793 concu-

999 809 1178 847 piscibilem‚·
1199 810 1281 838 tertia
1302 818 1369 839 vero
1390 810 1503 847 respicit
1524 810 1710 839 irascibilem.

1074 912 1149 935 Primo
1166 911 1296 936 consolatur
1313 912 1436 943 discipulos
1453 919 1481 936 ex
1498 912 1601 943 Spiritus
1619 913 1642 936 S.
1659 912 1772 936 missione.

1081 999 1172 1027 Primo
1193 998 1278 1035 igitur
1300 999 1458 1028 consolatur
1479 1007 1526 1028 eos
1547 999 1581 1027 de
1603 999 1733 1036 Spiritus
1754 999 1850 1027 sancti

1001 1045 1138 1074 missione
1146 1056 1156 1079 ;
1177 1049 1210 1074 et.
1231 1045 1398 1074 describitur
1423 1046 1491 1074 haec
1520 1046 1669 1074 consolatio
1697 1054 1746 1083 per
1774 1046 1849 1074 hunc
1866 1048 1983 1096 [gffiffiigffi

1001 1092 1123 1120 modum.
1146 1092 1237 1120 Primo
1259 1092 1446 1129 praemittitur
1460 1092 1674 1129 discipulorum
1695 1092 1849 1125 desolatio;
1874 1097 1929 1115 eiter-

1002 1139 1139 1173 secundo,
1162 1139 1293 1176 Spiritus
1320 1139 1417 1168 sancti
1435 1140 1593 1176 promissio
1601 1150 1611 1173 ,·
1639 1140 1736 1174 tertio,
1765 1139 1850 1168 missi

1002 1185 1149 1223 officium;
1170 1189 1286 1222 quarto,
1308 1186 1457 1216 missionis
1477 1186 1670 1223 principium.

1081 1232 1170 1266 (Vers.
1194 1232 1241 1267 5.).
1264 1232 1416 1261 Praemittit
1436 1240 1503 1269 ergo
1524 1233 1614 1269 primo
1634 1233 1849 1270 discipulorum
1857 1236 1992 1283 aislgssssi‘ss'rudss

1002 1278 1206 1307 desolationem
1234 1278 1376 1307 occasione
1400 1279 1442 1307 sui
1465 1287 1606 1313 recessus,
1635 1280 1716 1308 cuius
1744 1280 1849 1309 ratione
1858 1284 1980 1302 desolatione·

1002 1325 1085 1353 etiam
1107 1325 1261 1361 praedictas
1281 1324 1480 1354 admonitiones
1501 1325 1618 1360 fecerat;
1640 1326 1701 1354 ideo
1721 1326 1805 1355 dicit:

1084 1373 1127 1400 ll.
1150 1372 1230 1400 Haec
1259 1371 1296 1400 ab
1324 1371 1408 1400 initio
1427 1380 1487 1400 non
1514 1372 1579 1401 dixi
1598 1372 1678 1401 vobis
1691 1373 1723 1407 ¹⁰,
1745 1373 1848 1402 scilicet

1002 1426 1074 1456 quae
1095 1419 1235 1455 praedicta
1263 1422 1328 1447 sunt
1348 1418 1382 1447 de
1410 1419 1529 1455 Spiritus
1557 1420 1643 1448 sancti
1665 1420 1794 1449 missione
1823 1424 1849 1449 et

1002 1469 1095 1495 vestra
1115 1466 1320 1503 persecutione;
1335 1466 1407 1504 quia
1421 1465 1569 1494 vobiscum
1584 1475 1684 1501 eram,
1706 1467 1850 1496 consolans

1004 1520 1051 1541 vos
1073 1520 1133 1541 mea
1154 1512 1323 1549 praesentia,
1346 1515 1373 1541 et
1393 1512 1455 1541 ideo
1475 1520 1530 1541 non
1551 1512 1675 1541 dicebam
1697 1513 1775 1542 vobis
1800 1514 1849 1542 tri-

1002 1560 1071 1594 stia;
1104 1559 1177 1588 unde
1212 1559 1340 1588 Matthaei
1372 1567 1444 1587 nono
1460 1560 1501 1587 ¹¹:
1532 1570 1546 1584 «
1567 1559 1625 1588 Non
1654 1562 1770 1596 possunt
1800 1560 1847 1588 filii

1002 1606 1095 1643 sponsi
1117 1606 1226 1643 lugere,
1248 1606 1383 1643 quamdiu
1404 1614 1467 1634 cum
1490 1606 1543 1635 illis
1563 1609 1605 1635 est
1627 1614 1744 1643 sponsus
1764 1619 1790 1635 υ.
1816 1608 1849 1635 Et

1001 1661 1081 1681 nanc
1101 1653 1177 1681 vado
1199 1653 1239 1681 ad
1259 1661 1325 1681 eam
1346 1652 1399 1690 qui
1418 1652 1500 1681 misit
1519 1661 1580 1687 me,
1606 1653 1710 1682 scilicet
1736 1653 1771 1681 ad
1800 1653 1848 1681 Pa-

1002 1703 1092 1734 trem;
1115 1700 1175 1728 ideo
1196 1700 1275 1728 vobis
1296 1699 1432 1736 praedico.
1456 1699 1487 1728 Et
1517 1707 1552 1728 ex
1574 1700 1627 1729 hoc
1648 1708 1759 1729 recessu
1785 1700 1846 1729 sacti

1001 1749 1080 1775 erant
1100 1746 1227 1784 discipuli
1249 1755 1302 1775 non
1324 1747 1480 1783 diligentes,
1509 1747 1556 1775 sed
1578 1747 1685 1782 tristes;
1714 1747 1786 1776 unde
1807 1747 1847 1776 di-

1001 1793 1052 1822 cit:
1078 1794 1110 1821 Et
1131 1802 1213 1822 nemo
1228 1802 1262 1822 eac
1283 1793 1363 1822 vobis
1388 1794 1551 1831 interroycit
1571 1803 1631 1823 me.-
1655 1796 1716 1830 Quo
1741 1795 1846 1823 vadis?

1001 1840 1154 1869 Audiebant
1174 1844 1202 1869 et
1222 1849 1275 1869 non
1304 1841 1492 1878 intelligebant
1513 1844 1540 1869 et
1565 1849 1700 1878 quaerere
1728 1842 1847 1879 neglige-

1000 1887 1082 1922 bant;
1104 1890 1131 1916 et
1152 1888 1204 1916 hoc
1225 1890 1285 1917 erat
1306 1896 1372 1925 prae
1394 1888 1512 1916 tristitia.

1001 2049 1057 2069 actu
1071 2049 1203 2069 transeunte
1221 2053 1291 2074 super
1316 2047 1435 2068 materiam
1461 2046 1563 2068 debitam
1589 2046 1692 2075 quodam
1718 2046 1788 2068 modo
1815 2045 1847 2068 iu-

1001 2084 1103 2108 cltoatur
1121 2085 1209 2108 bonum
1228 2086 1311 2112 moris,
1329 2085 1384 2108 illud
1401 2088 1477 2108 autem
1504 2085 1590 2107 bonum
1609 2086 1679 2108 moris
1695 2085 1846 2115 specificatur

1001 2126 1023 2146 et
1040 2124 1171 2153 completur
1188 2131 1230 2152 per
1246 2125 1373 2147 adventum
1391 2125 1626 2151 circumstantiarum,
1639 2124 1701 2146 unde
1712 2127 1787 2151 potest
1799 2124 1846 2146 lieri

1001 2166 1023 2186 et
1039 2163 1098 2186 bene
1114 2166 1136 2186 et
1162 2164 1227 2186 male.
1254 2164 1361 2185 Similiter
1387 2163 1558 2191 Intelligendum
1583 2165 1616 2185 est
1638 2163 1667 2185 de
1684 2162 1748 2185 malo
1768 2162 1792 2185 in
1809 2169 1847 2192 qe-

1000 2209 1057 2226 nere
1073 2206 1116 2225 etc.
1133 2215 1164 2219 —
1181 2203 1284 2225 Subinde
1301 2208 1344 2230 pro
1360 2202 1424 2232 fiant
1439 2201 1500 2225 bona
1512 2202 1549 2224 ed.
1565 2201 1628 2232 fiunt
1644 2200 1706 2230 bene,
1719 2204 1740 2224 et
1753 2201 1847 2224 inferius

1001 2248 1044 2270 pro
1061 2241 1258 2271 quandocumque
1280 2242 1317 2264 ed.
1334 2248 1388 2264 cum
1406 2241 1512 2269 pluribus
1528 2241 1596 2263 codd.
1614 2243 1636 2263 et
1650 2241 1754 2263 Gorrano
1771 2246 1845 2270 quan-

1001 2282 1160 2310 tumcumque.

1063 2318 1073 2332 ὅ
1091 2320 1149 2342 Vide
1166 2321 1181 2342 l.
1199 2322 1259 2343 sent.
1277 2320 1299 2343 d.
1319 2320 1355 2342 47.
1373 2326 1395 2348 q.
1414 2319 1436 2341 4.
1599 2317 1607 2330 ⁷
1625 2319 1672 2342 Cfr.
1689 2325 1709 2341 c.
1729 2319 1765 2341 14.
1784 2325 1805 2341 n.
1826 2319 1845 2341 l.

1063 2356 1072 2369 Β
1092 2358 1157 2380 Vers.
1170 2359 1195 2380 16
1204 2367 1209 2380 :
1219 2358 1333 2380 lllodicum
1344 2360 1366 2380 et
1375 2358 1420 2379 iam
1431 2364 1475 2379 non
1487 2360 1538 2384 etc„
1550 2358 1614 2379 tertia
1625 2363 1679 2385 pars
1688 2357 1768 2385 incipit
1777 2363 1800 2379 v.
1810 2358 1846 2379 20.

1063 2395 1073 2409 Β
1090 2398 1130 2420 Ed.
1148 2404 1201 2419 cuni
1220 2398 1324 2419 Gorrano
1341 2397 1405 2419 addit
1422 2396 1468 2419 vim
1476 2405 1485 2426 r*
1503 2398 1543 2418 csr.
1561 2397 1585 2418 11.
1610 2396 1672 2418 Sent.
1694 2396 1718 2418 d.
1735 2396 1772 2418 24.
1791 2402 1813 2424 p.
1832 2396 1846 2418 l.

1001 2443 1020 2459 3.
1039 2438 1061 2459 2.
1077 2443 1101 2465 q.
1123 2438 1141 2459 1.
1158 2437 1180 2458 111
1198 2437 1244 2459 fine
1261 2442 1325 2464 corp.
1343 2438 1365 2458 et
1382 2438 1439 2458 tom.
1463 2436 1495 2458 111,
1521 2442 1576 2464 pag.
1593 2435 1650 2463 579,
1668 2438 1720 2457 nota
1739 2435 1789 2462 6-9,
1807 2435 1845 2457 ubi

1000 2476 1086 2498 diversi
1103 2480 1168 2498 actus
1185 2476 1254 2498 huius
1272 2476 1365 2503 triplicis
1381 2475 1418 2497 vis
1434 2476 1572 2503 afferuntur,
1590 2475 1619 2497 ad
1640 2481 1700 2503 quos
1716 2475 1846 2503 respicitur.

1064 2513 1083 2526 ¹⁰
1102 2515 1211 2542 Vulgata:
1230 2515 1291 2537 Haec
1307 2516 1388 2537 aretem
1404 2513 1468 2537 vobis
1486 2513 1515 2537 ab
1532 2513 1598 2537 initio
1610 2520 1659 2537 non
1670 2513 1728 2536 dimi.
1741 2515 1846 2542 August„

1001 2554 1022 2576 in
1037 2555 1096 2576 loan.
1109 2555 1196 2581 Evnng.
1208 2556 1234 2576 tr.
1248 2553 1285 2576 94.
1297 2560 1318 2576 n.
1335 2554 1353 2581 l,
1369 2554 1408 2576 ista
1427 2553 1499 2575 verba
1512 2553 1616 2581 intelligit
1627 2553 1687 2576 dicta
1700 2559 1744 2575 11011
1758 2556 1803 2575 tam
1817 2553 1846 2575 de

1000 2592 1148 2620 passionibus
1166 2593 1328 2620 Apostolorum
1347 2599 1370 2614 v.
1391 2592 1433 2614 1-4.
1445 2592 1585 2614 annuntiatis
1598 2591 1660 2620 (nam
1678 2598 1717 2614 eas
1735 2592 1846 2614 Dominus

1000 2631 1046 2653 iam
1064 2631 1106 2653 illis
1123 2631 1269 2659 praedixerat
1286 2632 1361 2653 matth.
1384 2631 1423 2658 10,
1442 2630 1483 2659 17,
1501 2631 1545 2658 24,
1561 2631 1589 2658 9;
1602 2631 1669 2653 Marc.
1689 2631 1731 2657 43,
1749 2631 1774 2658 93
1792 2632 1845 2653 Luc.

1004 2671 1043 2697 ¹2,
1062 2671 1099 2693 ll.
1116 2677 1165 2699 seq.
1181 2673 1203 2693 et
1220 2671 1261 2698 2¹,
1288 2670 1343 2699 112),
1368 2676 1438 2699 quam
1461 2670 1491 2692 de
1516 2670 1625 2692 missione
1651 2670 1749 2698 Spiritus
1774 2670 1844 2692 sancti

1000 2710 1139 2732 consolantis
1156 2716 1196 2732 eos
1212 2712 1317 2737 tempore
1334 2709 1494 2731 tribulationis.
1512 2708 1636 2736 chrysost,
1654 2708 1676 2730 111
1694 2709 1754 2731 10311.
1767 2708 1844 2729 11011111.

1000 2749 1038 2771 78.
1056 2748 1121 2778 (alias
1137 2749 1187 2778 77.)
1205 2755 1228 2771 n.
1250 2750 1267 2771 1.
1285 2749 1328 2771 ait:
1352 2748 1454 2771 Verbera
1475 2751 1497 2770 et
1513 2747 1666 2771 abductiones
1689 2748 1843 2775 praedixerat,

999 2794 1044 2810 non
1056 2791 1132 2810 tamen
1151 2788 1328 2815 significaverat,
1347 2788 1442 2810 caedem
1455 2793 1535 2810 eorum
1549 2787 1577 2809 ita
1590 2787 1653 2809 cordi
1667 2788 1715 2809 sore
1727 2786 1844 2814 hostibuS,

1000 2829 1024 2849 ut
1040 2833 1090 2849 rem
1108 2827 1214 2849 divinum
1231 2827 1318 2849 cultum
1336 2832 1387 2849 esse
1404 2829 1518 2854 putarent.

1063 2865 1080 2877 ¹¹
1100 2866 1165 2888 Vers.
1186 2866 1219 2888 15.
1237 2878 1268 2882 —
1284 2865 1379 2888 Inferius
1402 2868 1454 2893 post
1476 2864 1598 2894 diliqentes
1615 2865 1651 2886 cd.
1670 2870 1722 2886 cum
1741 2864 1842 2885 Gorrano

999 2905 1063 2927 addit
1081 2904 1105 2927 in
1122 2904 1281 2934 inquisitione.

1719 2949 1747 2971 58
