<?xml version="1.0" encoding="UTF-8"?>
<!DOCTYPE html PUBLIC "-//W3C//DTD XHTML 1.0 Transitional//EN"
    "http://www.w3.org/TR/xhtml1/DTD/xhtml1-transitional.dtd">
<html xmlns="http://www.w3.org/1999/xhtml" xml:lang="en" lang="en">
 <head>
  <title>
</title>
<meta http-equiv="Content-Type" content="text/html;charset=utf-8" />
  <meta name='ocr-system' content='tesseract 3.04.00' />
  <meta name='ocr-capabilities' content='ocr_page ocr_carea ocr_par ocr_line ocrx_word'/>
</head>
<body>
  <div class='ocr_page' id='page_1' title='image "./doctorisseraphic06bona_0025.png"; bbox 0 0 2296 3316; ppageno 0'>
   <div class='ocr_carea' id='block_1_1' title="bbox 882 159 1927 196">
    <p class='ocr_par' dir='ltr' id='par_1_1' title="bbox 882 159 1927 196">
     <span class='ocr_line' id='line_1_1' title="bbox 882 159 1927 196; baseline 0.003 -8"><span class='ocrx_word' id='word_1_1' title='bbox 882 159 1125 189; x_wconf 76' lang='lat' dir='ltr'>PROLEGOMENA</span> <span class='ocrx_word' id='word_1_2' title='bbox 1146 161 1174 189; x_wconf 91' lang='lat' dir='ltr'>C.</span> <span class='ocrx_word' id='word_1_3' title='bbox 1197 161 1214 189; x_wconf 90' lang='lat'>1.</span> <span class='ocrx_word' id='word_1_4' title='bbox 1894 168 1927 196; x_wconf 77' lang='grc' dir='ltr'>ΧΙ</span> 
     </span>
    </p>
   </div>
   <div class='ocr_carea' id='block_1_2' title="bbox 171 237 1022 268">
    <p class='ocr_par' dir='ltr' id='par_1_2' title="bbox 171 237 1022 268">
     <span class='ocr_line' id='line_1_2' title="bbox 171 237 1022 268; baseline -0.002 -6"><span class='ocrx_word' id='word_1_5' title='bbox 171 237 215 262; x_wconf 81' lang='lat' dir='ltr'>bus</span> <span class='ocrx_word' id='word_1_6' title='bbox 233 239 367 262; x_wconf 80' lang='lat' dir='ltr'>auctoribus</span> <span class='ocrx_word' id='word_1_7' title='bbox 383 241 421 263; x_wconf 80' lang='lat' dir='ltr'>vel</span> <span class='ocrx_word' id='word_1_8' title='bbox 438 239 589 268; x_wconf 78' lang='lat' dir='ltr'>communia,</span> <span class='ocrx_word' id='word_1_9' title='bbox 605 239 643 262; x_wconf 90' lang='lat' dir='ltr'>vel</span> <span class='ocrx_word' id='word_1_10' title='bbox 659 238 762 267; x_wconf 60' lang='lat' dir='ltr'>similia,</span> <span class='ocrx_word' id='word_1_11' title='bbox 780 239 823 262; x_wconf 85' lang='lat' dir='ltr'>sed</span> <span class='ocrx_word' id='word_1_12' title='bbox 839 238 917 267; x_wconf 88' lang='lat' dir='ltr'>potius</span> <span class='ocrx_word' id='word_1_13' title='bbox 933 240 979 261; x_wconf 85' lang='lat' dir='ltr'>tota</span> <span class='ocrx_word' id='word_1_14' title='bbox 991 238 1022 260; x_wconf 92' lang='lat' dir='ltr'>in-</span> 
     </span>
    </p>
   </div>
   <div class='ocr_carea' id='block_1_3' title="bbox 171 286 1043 316">
    <p class='ocr_par' dir='ltr' id='par_1_3' title="bbox 171 286 1043 316">
     <span class='ocr_line' id='line_1_3' title="bbox 171 286 1043 316; baseline 0 -7"><span class='ocrx_word' id='word_1_15' title='bbox 171 287 236 310; x_wconf 81' lang='lat' dir='ltr'><strong>doles</strong></span> <span class='ocrx_word' id='word_1_16' title='bbox 252 288 330 316; x_wconf 85' lang='lat' dir='ltr'>operis</span> <span class='ocrx_word' id='word_1_17' title='bbox 347 290 370 310; x_wconf 87' lang='lat' dir='ltr'>et</span> <span class='ocrx_word' id='word_1_18' title='bbox 385 287 515 316; x_wconf 75' lang='lat' dir='ltr'>proprietas</span> <span class='ocrx_word' id='word_1_19' title='bbox 532 287 575 310; x_wconf 85' lang='lat' dir='ltr'>stili</span> <span class='ocrx_word' id='word_1_20' title='bbox 592 286 746 310; x_wconf 87' lang='lat' dir='ltr'>examinanda</span> <span class='ocrx_word' id='word_1_21' title='bbox 763 289 786 309; x_wconf 93' lang='lat' dir='ltr'>et</span> <span class='ocrx_word' id='word_1_22' title='bbox 802 287 954 315; x_wconf 88' lang='lat' dir='ltr'>ponderanda</span> <span class='ocrx_word' id='word_1_23' title='bbox 976 289 1019 309; x_wconf 85' lang='lat' dir='ltr'>est.</span> <span class='ocrx_word' id='word_1_24' title='bbox 1042 298 1043 301; x_wconf 69' lang='lat'><em>=</em></span> 
     </span>
    </p>
   </div>
   <div class='ocr_carea' id='block_1_4' title="bbox 159 333 1021 3007">
    <p class='ocr_par' dir='ltr' id='par_1_4' title="bbox 170 333 1021 552">
     <span class='ocr_line' id='line_1_4' title="bbox 171 333 1021 362; baseline 0 -6"><span class='ocrx_word' id='word_1_25' title='bbox 171 334 287 362; x_wconf 80' lang='lat' dir='ltr'>imprimis</span> <span class='ocrx_word' id='word_1_26' title='bbox 303 337 338 357; x_wconf 87' lang='lat' dir='ltr'>est</span> <span class='ocrx_word' id='word_1_27' title='bbox 359 335 539 362; x_wconf 88' lang='lat' dir='ltr'>attendendum,</span> <span class='ocrx_word' id='word_1_28' title='bbox 560 340 616 357; x_wconf 91' lang='lat' dir='ltr'>num</span> <span class='ocrx_word' id='word_1_29' title='bbox 635 334 656 356; x_wconf 91' lang='lat' dir='ltr'>in</span> <span class='ocrx_word' id='word_1_30' title='bbox 674 334 779 357; x_wconf 86' lang='lat' dir='ltr'>doctrina</span> <span class='ocrx_word' id='word_1_31' title='bbox 797 334 833 357; x_wconf 89' lang='lat' dir='ltr'>vel</span> <span class='ocrx_word' id='word_1_32' title='bbox 854 334 905 357; x_wconf 89' lang='lat' dir='ltr'>stilo</span> <span class='ocrx_word' id='word_1_33' title='bbox 923 333 1021 356; x_wconf 83' lang='lat' dir='ltr'>inveniri</span> 
     </span>
     <span class='ocr_line' id='line_1_5' title="bbox 171 380 1021 412; baseline 0 -9"><span class='ocrx_word' id='word_1_34' title='bbox 171 381 243 409; x_wconf 80' lang='lat' dir='ltr'><strong>possit</strong></span> <span class='ocrx_word' id='word_1_35' title='bbox 260 380 393 412; x_wconf 77' lang='lat' dir='ltr'>differentia</span> <span class='ocrx_word' id='word_1_36' title='bbox 410 384 433 404; x_wconf 87' lang='lat' dir='ltr'>et</span> <span class='ocrx_word' id='word_1_37' title='bbox 448 380 625 405; x_wconf 73' lang='lat' dir='ltr'><em>dissimilitudo.</em></span> <span class='ocrx_word' id='word_1_38' title='bbox 636 393 668 398; x_wconf 86' lang='lat'>·-</span> <span class='ocrx_word' id='word_1_39' title='bbox 679 381 781 404; x_wconf 78' lang='lat' dir='ltr'>Instituta</span> <span class='ocrx_word' id='word_1_40' title='bbox 799 381 869 409; x_wconf 84' lang='lat' dir='ltr'>igitur</span> <span class='ocrx_word' id='word_1_41' title='bbox 886 381 946 404; x_wconf 87' lang='lat' dir='ltr'>eirca</span> <span class='ocrx_word' id='word_1_42' title='bbox 964 382 1021 403; x_wconf 88' lang='lat' dir='ltr'>haec</span> 
     </span>
     <span class='ocr_line' id='line_1_6' title="bbox 170 428 1020 458; baseline -0.001 -6"><span class='ocrx_word' id='word_1_43' title='bbox 170 430 287 457; x_wconf 82' lang='lat' dir='ltr'>examine,</span> <span class='ocrx_word' id='word_1_44' title='bbox 297 429 364 452; x_wconf 85' lang='lat' dir='ltr'>nobis</span> <span class='ocrx_word' id='word_1_45' title='bbox 375 435 512 458; x_wconf 87' lang='lat' dir='ltr'>persuasum</span> <span class='ocrx_word' id='word_1_46' title='bbox 522 431 568 457; x_wconf 87' lang='lat' dir='ltr'>est,</span> <span class='ocrx_word' id='word_1_47' title='bbox 578 429 608 451; x_wconf 89' lang='lat' dir='ltr'>ita</span> <span class='ocrx_word' id='word_1_48' title='bbox 618 430 681 452; x_wconf 90' lang='lat' dir='ltr'>hunc</span> <span class='ocrx_word' id='word_1_49' title='bbox 691 428 891 452; x_wconf 87' lang='lat' dir='ltr'>Commentarium</span> <span class='ocrx_word' id='word_1_50' title='bbox 905 429 998 452; x_wconf 74' lang='lat' dir='ltr'>differre</span> <span class='ocrx_word' id='word_1_51' title='bbox 1008 435 1020 451; x_wconf 91' lang='lat' dir='ltr'>a</span> 
     </span>
     <span class='ocr_line' id='line_1_7' title="bbox 171 476 1019 506; baseline 0.001 -8"><span class='ocrx_word' id='word_1_52' title='bbox 171 476 278 504; x_wconf 76' lang='lat' dir='ltr'>legitimis</span> <span class='ocrx_word' id='word_1_53' title='bbox 288 477 310 499; x_wconf 88' lang='lat' dir='ltr'>S.</span> <span class='ocrx_word' id='word_1_54' title='bbox 320 477 424 499; x_wconf 86' lang='lat' dir='ltr'>Doctoris</span> <span class='ocrx_word' id='word_1_55' title='bbox 433 476 531 506; x_wconf 83' lang='lat' dir='ltr'>scriptis,</span> <span class='ocrx_word' id='word_1_56' title='bbox 540 479 565 499; x_wconf 90' lang='lat' dir='ltr'>ut</span> <span class='ocrx_word' id='word_1_57' title='bbox 573 476 627 499; x_wconf 86' lang='lat' dir='ltr'>satis</span> <span class='ocrx_word' id='word_1_58' title='bbox 639 477 766 499; x_wconf 76' lang='lat' dir='ltr'>luculenter</span> <span class='ocrx_word' id='word_1_59' title='bbox 775 479 916 499; x_wconf 83' lang='lat' dir='ltr'>monstretur</span> <span class='ocrx_word' id='word_1_60' title='bbox 923 494 929 504; x_wconf 88' lang='lat'>,</span> <span class='ocrx_word' id='word_1_61' title='bbox 943 477 1019 505; x_wconf 87' lang='lat' dir='ltr'>ipsum</span> 
     </span>
     <span class='ocr_line' id='line_1_8' title="bbox 170 523 1020 552; baseline 0 -6"><span class='ocrx_word' id='word_1_62' title='bbox 170 524 335 552; x_wconf 85' lang='lat' dir='ltr'>compositum,</span> <span class='ocrx_word' id='word_1_63' title='bbox 345 525 382 546; x_wconf 89' lang='lat' dir='ltr'>vel</span> <span class='ocrx_word' id='word_1_64' title='bbox 391 524 470 546; x_wconf 79' lang='lat' dir='ltr'>saltem</span> <span class='ocrx_word' id='word_1_65' title='bbox 482 526 576 546; x_wconf 86' lang='lat' dir='ltr'>auctum</span> <span class='ocrx_word' id='word_1_66' title='bbox 588 526 610 546; x_wconf 89' lang='lat' dir='ltr'>et</span> <span class='ocrx_word' id='word_1_67' title='bbox 619 526 733 546; x_wconf 87' lang='lat' dir='ltr'>mutatum</span> <span class='ocrx_word' id='word_1_68' title='bbox 747 524 817 546; x_wconf 79' lang='lat' dir='ltr'>tuisse</span> <span class='ocrx_word' id='word_1_69' title='bbox 825 523 855 546; x_wconf 90' lang='lat' dir='ltr'>ab</span> <span class='ocrx_word' id='word_1_70' title='bbox 864 524 908 546; x_wconf 94' lang='lat' dir='ltr'>alio</span> <span class='ocrx_word' id='word_1_71' title='bbox 917 526 1020 546; x_wconf 89' lang='lat' dir='ltr'>auctore.</span> 
     </span>
    </p>

    <p class='ocr_par' dir='ltr' id='par_1_5' title="bbox 169 571 1020 1069">
     <span class='ocr_line' id='line_1_9' title="bbox 233 571 1020 600; baseline 0 -7"><span class='ocrx_word' id='word_1_72' title='bbox 233 571 310 594; x_wconf 83' lang='lat' dir='ltr'>Primo</span> <span class='ocrx_word' id='word_1_73' title='bbox 327 571 423 594; x_wconf 92' lang='lat' dir='ltr'>enimin</span> <span class='ocrx_word' id='word_1_74' title='bbox 440 571 524 594; x_wconf 89' lang='lat' dir='ltr'>eodem</span> <span class='ocrx_word' id='word_1_75' title='bbox 536 571 681 594; x_wconf 86' lang='lat' dir='ltr'>desideratur</span> <span class='ocrx_word' id='word_1_76' title='bbox 697 571 814 599; x_wconf 84' lang='lat' dir='ltr'>singulare</span> <span class='ocrx_word' id='word_1_77' title='bbox 833 571 887 594; x_wconf 92' lang='lat' dir='ltr'>illud</span> <span class='ocrx_word' id='word_1_78' title='bbox 905 572 1020 600; x_wconf 78' lang='lat' dir='ltr'>seraphici</span> 
     </span>
     <span class='ocr_line' id='line_1_10' title="bbox 170 618 1019 648; baseline 0.001 -8"><span class='ocrx_word' id='word_1_79' title='bbox 170 618 274 641; x_wconf 77' lang='lat' dir='ltr'>Doctor1s</span> <span class='ocrx_word' id='word_1_80' title='bbox 291 619 409 646; x_wconf 81' lang='lat' dir='ltr'>ingenium</span> <span class='ocrx_word' id='word_1_81' title='bbox 427 619 498 641; x_wconf 89' lang='lat' dir='ltr'>multa</span> <span class='ocrx_word' id='word_1_82' title='bbox 515 621 538 641; x_wconf 92' lang='lat' dir='ltr'>et</span> <span class='ocrx_word' id='word_1_83' title='bbox 554 619 646 641; x_wconf 90' lang='lat' dir='ltr'>diversa</span> <span class='ocrx_word' id='word_1_84' title='bbox 661 625 703 647; x_wconf 87' lang='lat' dir='ltr'>per</span> <span class='ocrx_word' id='word_1_85' title='bbox 714 619 833 648; x_wconf 88' lang='lat' dir='ltr'>quandam</span> <span class='ocrx_word' id='word_1_86' title='bbox 845 619 972 647; x_wconf 87' lang='lat' dir='ltr'>synthesim</span> <span class='ocrx_word' id='word_1_87' title='bbox 990 619 1019 642; x_wconf 90' lang='lat' dir='ltr'>ad</span> 
     </span>
     <span class='ocr_line' id='line_1_11' title="bbox 170 666 1019 696; baseline 0.001 -8"><span class='ocrx_word' id='word_1_88' title='bbox 170 672 243 688; x_wconf 89' lang='lat' dir='ltr'>unum</span> <span class='ocrx_word' id='word_1_89' title='bbox 260 666 380 695; x_wconf 83' lang='lat' dir='ltr'>quoddam</span> <span class='ocrx_word' id='word_1_90' title='bbox 398 669 470 689; x_wconf 90' lang='lat' dir='ltr'>totum</span> <span class='ocrx_word' id='word_1_91' title='bbox 493 666 633 694; x_wconf 89' lang='lat' dir='ltr'>reducendi,</span> <span class='ocrx_word' id='word_1_92' title='bbox 650 667 700 689; x_wconf 86' lang='lat' dir='ltr'>sive</span> <span class='ocrx_word' id='word_1_93' title='bbox 721 669 793 689; x_wconf 89' lang='lat' dir='ltr'>totum</span> <span class='ocrx_word' id='word_1_94' title='bbox 811 667 911 696; x_wconf 80' lang='lat' dir='ltr'>aliquem</span> <span class='ocrx_word' id='word_1_95' title='bbox 934 666 1019 689; x_wconf 92' lang='lat' dir='ltr'>librum</span> 
     </span>
     <span class='ocr_line' id='line_1_12' title="bbox 170 713 1020 742; baseline 0.002 -7"><span class='ocrx_word' id='word_1_96' title='bbox 170 713 220 735; x_wconf 83' lang='lat' dir='ltr'>sive</span> <span class='ocrx_word' id='word_1_97' title='bbox 231 713 370 741; x_wconf 79' lang='lat' dir='ltr'>principales</span> <span class='ocrx_word' id='word_1_98' title='bbox 387 713 488 741; x_wconf 86' lang='lat' dir='ltr'>partium</span> <span class='ocrx_word' id='word_1_99' title='bbox 500 714 636 741; x_wconf 85' lang='lat' dir='ltr'>sententias;</span> <span class='ocrx_word' id='word_1_100' title='bbox 653 714 718 742; x_wconf 91' lang='lat' dir='ltr'>quod</span> <span class='ocrx_word' id='word_1_101' title='bbox 730 714 850 736; x_wconf 80' lang='lat' dir='ltr'>manifeste</span> <span class='ocrx_word' id='word_1_102' title='bbox 867 720 892 737; x_wconf 90' lang='lat' dir='ltr'>se</span> <span class='ocrx_word' id='word_1_103' title='bbox 908 714 986 742; x_wconf 91' lang='lat' dir='ltr'>prodit</span> <span class='ocrx_word' id='word_1_104' title='bbox 997 714 1020 737; x_wconf 93' lang='lat' dir='ltr'>in</span> 
     </span>
     <span class='ocr_line' id='line_1_13' title="bbox 170 760 1020 789; baseline 0.002 -7"><span class='ocrx_word' id='word_1_105' title='bbox 170 760 277 788; x_wconf 79' lang='lat' dir='ltr'>genuinis</span> <span class='ocrx_word' id='word_1_106' title='bbox 294 760 466 783; x_wconf 89' lang='lat' dir='ltr'>commentariis</span> <span class='ocrx_word' id='word_1_107' title='bbox 482 763 505 783; x_wconf 91' lang='lat' dir='ltr'>et</span> <span class='ocrx_word' id='word_1_108' title='bbox 521 760 585 783; x_wconf 76' lang='lat' dir='ltr'>facile</span> <span class='ocrx_word' id='word_1_109' title='bbox 602 760 741 789; x_wconf 89' lang='lat' dir='ltr'>perspicitur</span> <span class='ocrx_word' id='word_1_110' title='bbox 758 761 806 784; x_wconf 91' lang='lat' dir='ltr'>solo</span> <span class='ocrx_word' id='word_1_111' title='bbox 819 761 901 784; x_wconf 88' lang='lat' dir='ltr'>intuitu</span> <span class='ocrx_word' id='word_1_112' title='bbox 918 762 1020 784; x_wconf 84' lang='lat' dir='ltr'>schema-</span> 
     </span>
     <span class='ocr_line' id='line_1_14' title="bbox 169 807 1020 841; baseline 0.002 -12"><span class='ocrx_word' id='word_1_113' title='bbox 169 810 231 836; x_wconf 78' lang='lat' dir='ltr'>tum,</span> <span class='ocrx_word' id='word_1_114' title='bbox 243 813 304 836; x_wconf 90' lang='lat' dir='ltr'>quae</span> <span class='ocrx_word' id='word_1_115' title='bbox 315 807 411 835; x_wconf 87' lang='lat' dir='ltr'>singulis</span> <span class='ocrx_word' id='word_1_116' title='bbox 423 807 591 830; x_wconf 84' lang='lat' dir='ltr'>subiunximus.</span> <span class='ocrx_word' id='word_1_117' title='bbox 604 808 689 830; x_wconf 79' lang='lat' dir='ltr'>Auctor</span> <span class='ocrx_word' id='word_1_118' title='bbox 706 814 762 831; x_wconf 86' lang='lat' dir='ltr'>vero</span> <span class='ocrx_word' id='word_1_119' title='bbox 775 808 844 831; x_wconf 89' lang='lat' dir='ltr'>huius</span> <span class='ocrx_word' id='word_1_120' title='bbox 854 808 1020 841; x_wconf 86' lang='lat' dir='ltr'>Commentarii</span> 
     </span>
     <span class='ocr_line' id='line_1_15' title="bbox 171 853 1019 883; baseline 0.002 -7"><span class='ocrx_word' id='word_1_121' title='bbox 171 853 245 882; x_wconf 85' lang='lat' dir='ltr'>magis</span> <span class='ocrx_word' id='word_1_122' title='bbox 262 855 342 877; x_wconf 89' lang='lat' dir='ltr'>haeret</span> <span class='ocrx_word' id='word_1_123' title='bbox 357 854 380 876; x_wconf 91' lang='lat' dir='ltr'>in</span> <span class='ocrx_word' id='word_1_124' title='bbox 397 854 494 882; x_wconf 86' lang='lat' dir='ltr'>singulis</span> <span class='ocrx_word' id='word_1_125' title='bbox 511 855 629 882; x_wconf 80' lang='lat' dir='ltr'>particulis</span> <span class='ocrx_word' id='word_1_126' title='bbox 645 855 793 883; x_wconf 82' lang='lat' dir='ltr'>explicandis.</span> <span class='ocrx_word' id='word_1_127' title='bbox 810 855 908 883; x_wconf 84' lang='lat' dir='ltr'>Saepius</span> <span class='ocrx_word' id='word_1_128' title='bbox 923 855 1019 878; x_wconf 83' lang='lat' dir='ltr'>eaedem</span> 
     </span>
     <span class='ocr_line' id='line_1_16' title="bbox 169 900 1020 930; baseline 0.002 -7"><span class='ocrx_word' id='word_1_129' title='bbox 169 901 295 924; x_wconf 88' lang='lat' dir='ltr'>sententiae</span> <span class='ocrx_word' id='word_1_130' title='bbox 312 907 339 924; x_wconf 90' lang='lat' dir='ltr'>ac</span> <span class='ocrx_word' id='word_1_131' title='bbox 355 900 428 923; x_wconf 84' lang='lat' dir='ltr'>verba</span> <span class='ocrx_word' id='word_1_132' title='bbox 453 901 483 923; x_wconf 88' lang='lat' dir='ltr'>ad</span> <span class='ocrx_word' id='word_1_133' title='bbox 500 901 603 924; x_wconf 84' lang='lat' dir='ltr'>taedium</span> <span class='ocrx_word' id='word_1_134' title='bbox 620 904 763 930; x_wconf 86' lang='lat' dir='ltr'>repetuntur.</span> <span class='ocrx_word' id='word_1_135' title='bbox 781 903 835 924; x_wconf 90' lang='lat' dir='ltr'>ltem</span> <span class='ocrx_word' id='word_1_136' title='bbox 854 902 970 930; x_wconf 79' lang='lat' dir='ltr'>longiores</span> <span class='ocrx_word' id='word_1_137' title='bbox 987 909 1020 925; x_wconf 91' lang='lat' dir='ltr'>re-</span> 
     </span>
     <span class='ocr_line' id='line_1_17' title="bbox 169 948 1019 977; baseline 0.001 -6"><span class='ocrx_word' id='word_1_138' title='bbox 169 948 291 976; x_wconf 81' lang='lat' dir='ltr'>petitiones</span> <span class='ocrx_word' id='word_1_139' title='bbox 315 951 451 976; x_wconf 88' lang='lat' dir='ltr'>occurrunt,</span> <span class='ocrx_word' id='word_1_140' title='bbox 477 951 502 971; x_wconf 91' lang='lat' dir='ltr'>ut</span> <span class='ocrx_word' id='word_1_141' title='bbox 525 955 597 972; x_wconf 91' lang='lat' dir='ltr'>nexus</span> <span class='ocrx_word' id='word_1_142' title='bbox 617 949 717 977; x_wconf 87' lang='lat' dir='ltr'>partium</span> <span class='ocrx_word' id='word_1_143' title='bbox 735 949 877 972; x_wconf 80' lang='lat' dir='ltr'>ostendatur.</span> <span class='ocrx_word' id='word_1_144' title='bbox 894 950 944 972; x_wconf 91' lang='lat' dir='ltr'>Non</span> <span class='ocrx_word' id='word_1_145' title='bbox 966 956 1019 972; x_wconf 91' lang='lat' dir='ltr'>raro</span> 
     </span>
     <span class='ocr_line' id='line_1_18' title="bbox 169 996 1020 1025; baseline 0.002 -7"><span class='ocrx_word' id='word_1_146' title='bbox 169 996 273 1025; x_wconf 89' lang='lat' dir='ltr'>quinque</span> <span class='ocrx_word' id='word_1_147' title='bbox 290 996 326 1018; x_wconf 87' lang='lat' dir='ltr'>vel</span> <span class='ocrx_word' id='word_1_148' title='bbox 343 1002 383 1019; x_wconf 91' lang='lat' dir='ltr'>sex</span> <span class='ocrx_word' id='word_1_149' title='bbox 400 996 508 1019; x_wconf 87' lang='lat' dir='ltr'>diversae</span> <span class='ocrx_word' id='word_1_150' title='bbox 525 997 680 1025; x_wconf 85' lang='lat' dir='ltr'>expositiones</span> <span class='ocrx_word' id='word_1_151' title='bbox 696 1003 738 1025; x_wconf 91' lang='lat' dir='ltr'>per</span> <span class='ocrx_word' id='word_1_152' title='bbox 760 997 897 1025; x_wconf 85' lang='lat' dir='ltr'>particulam</span> <span class='ocrx_word' id='word_1_153' title='bbox 914 996 952 1020; x_wconf 79' lang='lat' dir='ltr'>vei</span> <span class='ocrx_word' id='word_1_154' title='bbox 967 1004 1020 1020; x_wconf 90' lang='lat' dir='ltr'>con-</span> 
     </span>
     <span class='ocr_line' id='line_1_19' title="bbox 169 1044 1019 1069; baseline 0.002 -3"><span class='ocrx_word' id='word_1_155' title='bbox 169 1044 244 1067; x_wconf 88' lang='lat' dir='ltr'>iuncta</span> <span class='ocrx_word' id='word_1_156' title='bbox 261 1044 305 1067; x_wconf 88' lang='lat' dir='ltr'>sibi</span> <span class='ocrx_word' id='word_1_157' title='bbox 323 1045 458 1068; x_wconf 88' lang='lat' dir='ltr'>succedunt.</span> <span class='ocrx_word' id='word_1_158' title='bbox 470 1045 531 1068; x_wconf 86' lang='lat' dir='ltr'>Haec</span> <span class='ocrx_word' id='word_1_159' title='bbox 542 1045 620 1068; x_wconf 83' lang='lat' dir='ltr'>omnia</span> <span class='ocrx_word' id='word_1_160' title='bbox 632 1045 721 1068; x_wconf 89' lang='lat' dir='ltr'>insolita</span> <span class='ocrx_word' id='word_1_161' title='bbox 734 1048 788 1068; x_wconf 89' lang='lat' dir='ltr'>sunt</span> <span class='ocrx_word' id='word_1_162' title='bbox 799 1046 822 1068; x_wconf 88' lang='lat' dir='ltr'>S.</span> <span class='ocrx_word' id='word_1_163' title='bbox 834 1046 1019 1069; x_wconf 84' lang='lat' dir='ltr'>Bonaventurae.</span> 
     </span>
    </p>

    <p class='ocr_par' dir='ltr' id='par_1_6' title="bbox 164 1091 1020 1595">
     <span class='ocr_line' id='line_1_20' title="bbox 232 1091 1020 1122; baseline 0.001 -8"><span class='ocrx_word' id='word_1_164' title='bbox 232 1091 352 1119; x_wconf 89' lang='lat' dir='ltr'>Secundo,</span> <span class='ocrx_word' id='word_1_165' title='bbox 377 1092 491 1114; x_wconf 82' lang='lat' dir='ltr'>nonnullis</span> <span class='ocrx_word' id='word_1_166' title='bbox 515 1092 570 1115; x_wconf 87' lang='lat' dir='ltr'>locis</span> <span class='ocrx_word' id='word_1_167' title='bbox 599 1092 695 1121; x_wconf 86' lang='lat' dir='ltr'>quidam</span> <span class='ocrx_word' id='word_1_168' title='bbox 721 1092 744 1115; x_wconf 90' lang='lat' dir='ltr'>in</span> <span class='ocrx_word' id='word_1_169' title='bbox 769 1093 840 1116; x_wconf 92' lang='lat' dir='ltr'>modo</span> <span class='ocrx_word' id='word_1_170' title='bbox 857 1093 966 1122; x_wconf 84' lang='lat' dir='ltr'>loquendi</span> <span class='ocrx_word' id='word_1_171' title='bbox 984 1099 1020 1115; x_wconf 90' lang='lat' dir='ltr'>ex-</span> 
     </span>
     <span class='ocr_line' id='line_1_21' title="bbox 168 1139 1019 1169; baseline 0.002 -8"><span class='ocrx_word' id='word_1_172' title='bbox 168 1145 247 1162; x_wconf 88' lang='lat' dir='ltr'>cessus</span> <span class='ocrx_word' id='word_1_173' title='bbox 263 1141 286 1161; x_wconf 89' lang='lat' dir='ltr'>et</span> <span class='ocrx_word' id='word_1_174' title='bbox 301 1139 450 1168; x_wconf 81' lang='lat' dir='ltr'>exaggeratio</span> <span class='ocrx_word' id='word_1_175' title='bbox 467 1140 658 1169; x_wconf 78' lang='lat' dir='ltr'>deprelienditur;</span> <span class='ocrx_word' id='word_1_176' title='bbox 676 1140 716 1169; x_wconf 88' lang='lat' dir='ltr'>qui</span> <span class='ocrx_word' id='word_1_177' title='bbox 733 1141 836 1163; x_wconf 82' lang='lat' dir='ltr'>detectus</span> <span class='ocrx_word' id='word_1_178' title='bbox 852 1141 940 1163; x_wconf 88' lang='lat' dir='ltr'>alienus</span> <span class='ocrx_word' id='word_1_179' title='bbox 957 1145 991 1164; x_wconf 84' lang='lat' dir='ltr'>est</span> <span class='ocrx_word' id='word_1_180' title='bbox 1006 1148 1019 1163; x_wconf 94' lang='lat' dir='ltr'>a</span> 
     </span>
     <span class='ocr_line' id='line_1_22' title="bbox 169 1187 1019 1211; baseline 0.001 -2"><span class='ocrx_word' id='word_1_181' title='bbox 169 1187 328 1209; x_wconf 86' lang='lat' dir='ltr'>moderatione</span> <span class='ocrx_word' id='word_1_182' title='bbox 345 1187 415 1209; x_wconf 90' lang='lat' dir='ltr'>animi</span> <span class='ocrx_word' id='word_1_183' title='bbox 441 1190 464 1210; x_wconf 88' lang='lat' dir='ltr'>et</span> <span class='ocrx_word' id='word_1_184' title='bbox 480 1187 592 1210; x_wconf 87' lang='lat' dir='ltr'>modestia</span> <span class='ocrx_word' id='word_1_185' title='bbox 618 1189 641 1210; x_wconf 87' lang='lat' dir='ltr'>S.</span> <span class='ocrx_word' id='word_1_186' title='bbox 666 1188 850 1210; x_wconf 82' lang='lat' dir='ltr'>Bonaventurae.</span> <span class='ocrx_word' id='word_1_187' title='bbox 873 1189 907 1210; x_wconf 76' lang='lat' dir='ltr'>lta</span> <span class='ocrx_word' id='word_1_188' title='bbox 928 1189 970 1211; x_wconf 85' lang='lat' dir='ltr'>col.</span> <span class='ocrx_word' id='word_1_189' title='bbox 990 1189 1019 1211; x_wconf 84' lang='lat'>83</span> 
     </span>
     <span class='ocr_line' id='line_1_23' title="bbox 167 1233 1019 1263; baseline 0.001 -7"><span class='ocrx_word' id='word_1_190' title='bbox 167 1240 190 1256; x_wconf 91' lang='lat' dir='ltr'>n.</span> <span class='ocrx_word' id='word_1_191' title='bbox 208 1234 246 1256; x_wconf 82' lang='lat'>68.</span> <span class='ocrx_word' id='word_1_192' title='bbox 263 1233 358 1261; x_wconf 83' lang='lat' dir='ltr'>legitur:</span> <span class='ocrx_word' id='word_1_193' title='bbox 378 1242 390 1253; x_wconf 74' lang='grc' dir='ltr'>«ι</span> <span class='ocrx_word' id='word_1_194' title='bbox 403 1234 469 1256; x_wconf 89' lang='lat' dir='ltr'>Tunc</span> <span class='ocrx_word' id='word_1_195' title='bbox 485 1234 559 1256; x_wconf 86' lang='lat' dir='ltr'>aderit</span> <span class='ocrx_word' id='word_1_196' title='bbox 574 1234 731 1258; x_wconf 78' lang='lat' dir='ltr'>stultissimus</span> <span class='ocrx_word' id='word_1_197' title='bbox 748 1235 810 1257; x_wconf 90' lang='lat' dir='ltr'>Plato</span> <span class='ocrx_word' id='word_1_198' title='bbox 828 1241 881 1257; x_wconf 91' lang='lat' dir='ltr'>cum</span> <span class='ocrx_word' id='word_1_199' title='bbox 900 1235 1019 1263; x_wconf 85' lang='lat' dir='ltr'>discipulis</span> 
     </span>
     <span class='ocr_line' id='line_1_24' title="bbox 168 1281 1019 1310; baseline 0.001 -7"><span class='ocrx_word' id='word_1_200' title='bbox 168 1281 216 1303; x_wconf 90' lang='lat' dir='ltr'>suis</span> <span class='ocrx_word' id='word_1_201' title='bbox 228 1281 356 1306; x_wconf 69' lang='lat' dir='ltr'>¹..Verum</span> <span class='ocrx_word' id='word_1_202' title='bbox 373 1281 469 1310; x_wconf 85' lang='lat' dir='ltr'>quidem</span> <span class='ocrx_word' id='word_1_203' title='bbox 487 1283 532 1307; x_wconf 89' lang='lat' dir='ltr'>est,</span> <span class='ocrx_word' id='word_1_204' title='bbox 549 1281 685 1309; x_wconf 84' lang='lat' dir='ltr'>sapientiam</span> <span class='ocrx_word' id='word_1_205' title='bbox 706 1281 787 1304; x_wconf 88' lang='lat' dir='ltr'>mundi</span> <span class='ocrx_word' id='word_1_206' title='bbox 804 1281 963 1310; x_wconf 81' lang='lat' dir='ltr'>comparatam</span> <span class='ocrx_word' id='word_1_207' title='bbox 986 1288 1019 1304; x_wconf 89' lang='lat' dir='ltr'>sa-</span> 
     </span>
     <span class='ocr_line' id='line_1_25' title="bbox 167 1328 1019 1359; baseline 0.002 -8"><span class='ocrx_word' id='word_1_208' title='bbox 167 1329 266 1357; x_wconf 86' lang='lat' dir='ltr'>pientiae</span> <span class='ocrx_word' id='word_1_209' title='bbox 283 1329 323 1351; x_wconf 88' lang='lat' dir='ltr'>Dei</span> <span class='ocrx_word' id='word_1_210' title='bbox 340 1331 401 1351; x_wconf 85' lang='lat' dir='ltr'>recte</span> <span class='ocrx_word' id='word_1_211' title='bbox 418 1329 463 1351; x_wconf 88' lang='lat' dir='ltr'>dici</span> <span class='ocrx_word' id='word_1_212' title='bbox 480 1328 619 1358; x_wconf 75' lang='lat' dir='ltr'>stultitiam,</span> <span class='ocrx_word' id='word_1_213' title='bbox 636 1329 678 1352; x_wconf 87' lang='lat' dir='ltr'>sed</span> <span class='ocrx_word' id='word_1_214' title='bbox 689 1330 763 1358; x_wconf 87' lang='lat' dir='ltr'>ipsam</span> <span class='ocrx_word' id='word_1_215' title='bbox 776 1330 875 1352; x_wconf 83' lang='lat' dir='ltr'>Platonis</span> <span class='ocrx_word' id='word_1_216' title='bbox 887 1335 1019 1359; x_wconf 76' lang='lat' dir='ltr'>personam</span> 
     </span>
     <span class='ocr_line' id='line_1_26' title="bbox 167 1376 1018 1405; baseline 0.002 -7"><span class='ocrx_word' id='word_1_217' title='bbox 167 1376 189 1399; x_wconf 84' lang='lat' dir='ltr'>S.</span> <span class='ocrx_word' id='word_1_218' title='bbox 206 1376 367 1399; x_wconf 83' lang='lat' dir='ltr'>Bonaventura</span> <span class='ocrx_word' id='word_1_219' title='bbox 390 1376 446 1398; x_wconf 87' lang='lat' dir='ltr'>alias</span> <span class='ocrx_word' id='word_1_220' title='bbox 463 1382 583 1405; x_wconf 89' lang='lat' dir='ltr'>nunquam</span> <span class='ocrx_word' id='word_1_221' title='bbox 605 1376 699 1399; x_wconf 83' lang='lat' dir='ltr'>vocavit</span> <span class='ocrx_word' id='word_1_222' title='bbox 715 1376 895 1405; x_wconf 64' lang='lat' dir='ltr'>stultissimum,</span> <span class='ocrx_word' id='word_1_223' title='bbox 917 1377 959 1400; x_wconf 91' lang='lat' dir='ltr'>sed</span> <span class='ocrx_word' id='word_1_224' title='bbox 976 1383 1018 1405; x_wconf 88' lang='lat' dir='ltr'>po—</span> 
     </span>
     <span class='ocr_line' id='line_1_27' title="bbox 166 1423 1017 1453; baseline 0.001 -7"><span class='ocrx_word' id='word_1_225' title='bbox 166 1423 212 1446; x_wconf 87' lang='lat' dir='ltr'>tius</span> <span class='ocrx_word' id='word_1_226' title='bbox 228 1423 306 1452; x_wconf 87' lang='lat' dir='ltr'>ipsum</span> <span class='ocrx_word' id='word_1_227' title='bbox 324 1424 402 1446; x_wconf 76' lang='lat' dir='ltr'>laudat</span> <span class='ocrx_word' id='word_1_228' title='bbox 418 1426 488 1453; x_wconf 90' lang='lat' dir='ltr'>atque</span> <span class='ocrx_word' id='word_1_229' title='bbox 504 1426 609 1446; x_wconf 86' lang='lat' dir='ltr'>recenset</span> <span class='ocrx_word' id='word_1_230' title='bbox 623 1424 680 1446; x_wconf 90' lang='lat' dir='ltr'>inter</span> <span class='ocrx_word' id='word_1_231' title='bbox 696 1423 786 1447; x_wconf 75' lang='lat' dir='ltr'>nobiles</span> <span class='ocrx_word' id='word_1_232' title='bbox 798 1425 949 1453; x_wconf 85' lang='lat' dir='ltr'>philosophos</span> <span class='ocrx_word' id='word_1_233' title='bbox 967 1425 1017 1453; x_wconf 84' lang='lat' dir='ltr'>(He-</span> 
     </span>
     <span class='ocr_line' id='line_1_28' title="bbox 165 1470 1017 1500; baseline 0.002 -7"><span class='ocrx_word' id='word_1_234' title='bbox 165 1471 239 1494; x_wconf 69' lang='lat' dir='ltr'>xaem.</span> <span class='ocrx_word' id='word_1_235' title='bbox 257 1470 337 1494; x_wconf 86' lang='lat' dir='ltr'>Collat.</span> <span class='ocrx_word' id='word_1_236' title='bbox 353 1471 390 1494; x_wconf 95' lang='lat' dir='ltr'>Vl.</span> <span class='ocrx_word' id='word_1_237' title='bbox 404 1477 425 1494; x_wconf 95' lang='lat' dir='ltr'>n.</span> <span class='ocrx_word' id='word_1_238' title='bbox 444 1472 464 1493; x_wconf 72' lang='lat' dir='ltr'>i.</span> <span class='ocrx_word' id='word_1_239' title='bbox 483 1471 566 1500; x_wconf 85' lang='lat' dir='ltr'>6-l0.).</span> <span class='ocrx_word' id='word_1_240' title='bbox 578 1471 686 1494; x_wconf 87' lang='lat' dir='ltr'>Similiter</span> <span class='ocrx_word' id='word_1_241' title='bbox 696 1472 739 1494; x_wconf 90' lang='lat' dir='ltr'>col.</span> <span class='ocrx_word' id='word_1_242' title='bbox 754 1471 798 1494; x_wconf 75' lang='lat'>438</span> <span class='ocrx_word' id='word_1_243' title='bbox 810 1478 831 1494; x_wconf 88' lang='lat' dir='ltr'>u.</span> <span class='ocrx_word' id='word_1_244' title='bbox 844 1471 897 1494; x_wconf 79' lang='lat'>664.</span> <span class='ocrx_word' id='word_1_245' title='bbox 913 1481 924 1492; x_wconf 77' lang='grc' dir='ltr'>α</span> <span class='ocrx_word' id='word_1_246' title='bbox 937 1472 1017 1495; x_wconf 88' lang='lat' dir='ltr'>docto-</span> 
     </span>
     <span class='ocr_line' id='line_1_29' title="bbox 166 1517 1017 1547; baseline 0.001 -7"><span class='ocrx_word' id='word_1_247' title='bbox 166 1524 204 1540; x_wconf 87' lang='lat' dir='ltr'>res</span> <span class='ocrx_word' id='word_1_248' title='bbox 220 1517 384 1546; x_wconf 88' lang='lat' dir='ltr'>philosophos,</span> <span class='ocrx_word' id='word_1_249' title='bbox 401 1521 426 1541; x_wconf 84' lang='lat' dir='ltr'>ut</span> <span class='ocrx_word' id='word_1_250' title='bbox 441 1519 568 1546; x_wconf 80' lang='lat' dir='ltr'>Platonem,</span> <span class='ocrx_word' id='word_1_251' title='bbox 585 1519 741 1547; x_wconf 81' lang='lat' dir='ltr'>Pythagoram</span> <span class='ocrx_word' id='word_1_252' title='bbox 758 1521 781 1541; x_wconf 90' lang='lat' dir='ltr'>et</span> <span class='ocrx_word' id='word_1_253' title='bbox 797 1519 941 1542; x_wconf 81' lang='lat' dir='ltr'>Aristotelem</span> <span class='ocrx_word' id='word_1_254' title='bbox 955 1528 964 1540; x_wconf 71' lang='lat' dir='ltr'>n</span> <span class='ocrx_word' id='word_1_255' title='bbox 985 1519 1017 1542; x_wconf 92' lang='lat' dir='ltr'>di-</span> 
     </span>
     <span class='ocr_line' id='line_1_30' title="bbox 164 1565 959 1595; baseline 0.003 -8"><span class='ocrx_word' id='word_1_256' title='bbox 164 1565 195 1587; x_wconf 82' lang='lat' dir='ltr'>cit</span> <span class='ocrx_word' id='word_1_257' title='bbox 211 1570 262 1588; x_wconf 90' lang='lat' dir='ltr'>esse</span> <span class='ocrx_word' id='word_1_258' title='bbox 277 1565 328 1588; x_wconf 90' lang='lat' dir='ltr'>illos</span> <span class='ocrx_word' id='word_1_259' title='bbox 344 1566 474 1595; x_wconf 60' lang='lat' dir='ltr'>serpentes,</span> <span class='ocrx_word' id='word_1_260' title='bbox 492 1566 522 1588; x_wconf 87' lang='lat' dir='ltr'>de</span> <span class='ocrx_word' id='word_1_261' title='bbox 539 1565 625 1594; x_wconf 88' lang='lat' dir='ltr'>quibus</span> <span class='ocrx_word' id='word_1_262' title='bbox 641 1568 675 1588; x_wconf 88' lang='lat' dir='ltr'>est</span> <span class='ocrx_word' id='word_1_263' title='bbox 692 1572 769 1588; x_wconf 90' lang='lat' dir='ltr'>sermo</span> <span class='ocrx_word' id='word_1_264' title='bbox 787 1566 860 1594; x_wconf 88' lang='lat' dir='ltr'>Apoc.</span> <span class='ocrx_word' id='word_1_265' title='bbox 877 1567 904 1595; x_wconf 84' lang='lat'>9,</span> <span class='ocrx_word' id='word_1_266' title='bbox 922 1567 959 1589; x_wconf 73' lang='lat'>⁴9.</span> 
     </span>
    </p>

    <p class='ocr_par' dir='ltr' id='par_1_7' title="bbox 160 1612 1017 2632">
     <span class='ocr_line' id='line_1_31' title="bbox 228 1612 1017 1642; baseline 0.003 -8"><span class='ocrx_word' id='word_1_267' title='bbox 228 1612 318 1640; x_wconf 91' lang='lat' dir='ltr'>Tertio,</span> <span class='ocrx_word' id='word_1_268' title='bbox 336 1612 385 1641; x_wconf 90' lang='lat' dir='ltr'>ipse</span> <span class='ocrx_word' id='word_1_269' title='bbox 402 1613 426 1635; x_wconf 80' lang='grc' dir='ltr'>Ρ.</span> <span class='ocrx_word' id='word_1_270' title='bbox 443 1612 529 1635; x_wconf 90' lang='lat' dir='ltr'>Bonelli</span> <span class='ocrx_word' id='word_1_271' title='bbox 541 1612 693 1642; x_wconf 86' lang='lat' dir='ltr'>(Praelocutio</span> <span class='ocrx_word' id='word_1_272' title='bbox 709 1619 733 1635; x_wconf 92' lang='lat' dir='ltr'>n.</span> <span class='ocrx_word' id='word_1_273' title='bbox 746 1612 776 1641; x_wconf 73' lang='lat'>4.)</span> <span class='ocrx_word' id='word_1_274' title='bbox 789 1613 922 1642; x_wconf 73' lang='lat' dir='ltr'>confltetur,</span> <span class='ocrx_word' id='word_1_275' title='bbox 934 1614 956 1636; x_wconf 92' lang='lat' dir='ltr'>in</span> <span class='ocrx_word' id='word_1_276' title='bbox 969 1614 1017 1642; x_wconf 90' lang='lat' dir='ltr'>plu-</span> 
     </span>
     <span class='ocr_line' id='line_1_32' title="bbox 165 1657 1017 1689; baseline 0.001 -9"><span class='ocrx_word' id='word_1_277' title='bbox 165 1657 230 1681; x_wconf 90' lang='lat' dir='ltr'>ribus</span> <span class='ocrx_word' id='word_1_278' title='bbox 246 1659 302 1681; x_wconf 83' lang='lat' dir='ltr'>locis</span> <span class='ocrx_word' id='word_1_279' title='bbox 318 1665 369 1682; x_wconf 86' lang='lat' dir='ltr'>esse</span> <span class='ocrx_word' id='word_1_280' title='bbox 389 1668 400 1679; x_wconf 70' lang='lat' dir='ltr'>a</span> <span class='ocrx_word' id='word_1_281' title='bbox 412 1659 489 1688; x_wconf 81' lang='lat' dir='ltr'>aliqua</span> <span class='ocrx_word' id='word_1_282' title='bbox 507 1658 650 1682; x_wconf 73' lang='lat' dir='ltr'>duriuscule</span> <span class='ocrx_word' id='word_1_283' title='bbox 666 1659 784 1689; x_wconf 61' lang='lat' dir='ltr'>minisque</span> <span class='ocrx_word' id='word_1_284' title='bbox 795 1659 919 1689; x_wconf 58' lang='lat' dir='ltr'>ueneratio</span> <span class='ocrx_word' id='word_1_285' title='bbox 932 1660 1017 1682; x_wconf 83' lang='lat' dir='ltr'>adver-</span> 
     </span>
     <span class='ocr_line' id='line_1_33' title="bbox 164 1706 1015 1735; baseline 0 -6"><span class='ocrx_word' id='word_1_286' title='bbox 164 1712 203 1729; x_wconf 90' lang='lat' dir='ltr'>sus</span> <span class='ocrx_word' id='word_1_287' title='bbox 220 1706 270 1729; x_wconf 85' lang='lat' dir='ltr'>eius</span> <span class='ocrx_word' id='word_1_288' title='bbox 287 1706 338 1728; x_wconf 90' lang='lat' dir='ltr'>aevi</span> <span class='ocrx_word' id='word_1_289' title='bbox 356 1706 443 1729; x_wconf 90' lang='lat' dir='ltr'>clerum</span> <span class='ocrx_word' id='word_1_290' title='bbox 460 1709 530 1735; x_wconf 84' lang='lat' dir='ltr'>atque</span> <span class='ocrx_word' id='word_1_291' title='bbox 541 1706 655 1735; x_wconf 88' lang='lat' dir='ltr'>praelatos</span> <span class='ocrx_word' id='word_1_292' title='bbox 668 1715 679 1726; x_wconf 72' lang='lat' dir='ltr'>n</span> <span class='ocrx_word' id='word_1_293' title='bbox 699 1709 721 1728; x_wconf 91' lang='lat' dir='ltr'>et</span> <span class='ocrx_word' id='word_1_294' title='bbox 737 1706 806 1729; x_wconf 92' lang='lat' dir='ltr'>nimis</span> <span class='ocrx_word' id='word_1_295' title='bbox 825 1715 837 1726; x_wconf 76' lang='grc' dir='ltr'>(ι</span> <span class='ocrx_word' id='word_1_296' title='bbox 849 1706 932 1729; x_wconf 85' lang='lat' dir='ltr'>acriter</span> <span class='ocrx_word' id='word_1_297' title='bbox 949 1712 1015 1734; x_wconf 84' lang='lat' dir='ltr'>gene-</span> 
     </span>
     <span class='ocr_line' id='line_1_34' title="bbox 163 1752 1015 1783; baseline -0.001 -7"><span class='ocrx_word' id='word_1_298' title='bbox 163 1753 288 1783; x_wconf 89' lang='lat' dir='ltr'>raliterque</span> <span class='ocrx_word' id='word_1_299' title='bbox 305 1753 366 1776; x_wconf 81' lang='lat' dir='ltr'>dicta</span> <span class='ocrx_word' id='word_1_300' title='bbox 378 1762 400 1776; x_wconf 77' lang='lat' dir='ltr'>n.</span> <span class='ocrx_word' id='word_1_301' title='bbox 416 1753 555 1776; x_wconf 88' lang='lat' dir='ltr'>Huiusmodi</span> <span class='ocrx_word' id='word_1_302' title='bbox 571 1752 644 1775; x_wconf 82' lang='lat' dir='ltr'>verba</span> <span class='ocrx_word' id='word_1_303' title='bbox 660 1753 722 1776; x_wconf 88' lang='lat' dir='ltr'>dicta</span> <span class='ocrx_word' id='word_1_304' title='bbox 742 1756 819 1775; x_wconf 89' lang='lat' dir='ltr'>contra</span> <span class='ocrx_word' id='word_1_305' title='bbox 838 1753 938 1780; x_wconf 90' lang='lat' dir='ltr'>clerum,</span> <span class='ocrx_word' id='word_1_306' title='bbox 958 1754 1015 1782; x_wconf 87' lang='lat' dir='ltr'>quin</span> 
     </span>
     <span class='ocr_line' id='line_1_35' title="bbox 164 1795 1015 1830; baseline -0.001 -6"><span class='ocrx_word' id='word_1_307' title='bbox 164 1801 231 1824; x_wconf 81' lang='lat' dir='ltr'>saciat</span> <span class='ocrx_word' id='word_1_308' title='bbox 247 1801 316 1824; x_wconf 84' lang='lat' dir='ltr'>ullam</span> <span class='ocrx_word' id='word_1_309' title='bbox 334 1801 505 1830; x_wconf 87' lang='lat' dir='ltr'>exceptionem,</span> <span class='ocrx_word' id='word_1_310' title='bbox 521 1801 631 1829; x_wconf 84' lang='lat' dir='ltr'>leguntur</span> <span class='ocrx_word' id='word_1_311' title='bbox 648 1806 667 1823; x_wconf 88' lang='lat' dir='ltr'>e.</span> <span class='ocrx_word' id='word_1_312' title='bbox 681 1807 703 1829; x_wconf 85' lang='lat' dir='ltr'>g.</span> <span class='ocrx_word' id='word_1_313' title='bbox 721 1795 764 1823; x_wconf 83' lang='lat' dir='ltr'>col.</span> <span class='ocrx_word' id='word_1_314' title='bbox 779 1800 810 1823; x_wconf 76' lang='lat'>74</span> <span class='ocrx_word' id='word_1_315' title='bbox 828 1807 851 1823; x_wconf 93' lang='lat' dir='ltr'>n.</span> <span class='ocrx_word' id='word_1_316' title='bbox 868 1800 909 1823; x_wconf 85' lang='lat'>56:</span> <span class='ocrx_word' id='word_1_317' title='bbox 930 1809 942 1821; x_wconf 72' lang='grc' dir='ltr'>ει</span> <span class='ocrx_word' id='word_1_318' title='bbox 954 1801 1015 1823; x_wconf 83' lang='lat' dir='ltr'>Vere</span> 
     </span>
     <span class='ocr_line' id='line_1_36' title="bbox 164 1847 1016 1876; baseline -0.002 -4"><span class='ocrx_word' id='word_1_319' title='bbox 164 1848 313 1872; x_wconf 86' lang='lat' dir='ltr'>obscuratum</span> <span class='ocrx_word' id='word_1_320' title='bbox 331 1851 365 1871; x_wconf 85' lang='lat' dir='ltr'>est</span> <span class='ocrx_word' id='word_1_321' title='bbox 381 1854 464 1871; x_wconf 92' lang='lat' dir='ltr'>aurum</span> <span class='ocrx_word' id='word_1_322' title='bbox 477 1847 591 1870; x_wconf 83' lang='lat' dir='ltr'>Ecclesiae</span> <span class='ocrx_word' id='word_1_323' title='bbox 602 1847 685 1874; x_wconf 89' lang='lat' dir='ltr'>hodie,</span> <span class='ocrx_word' id='word_1_324' title='bbox 701 1847 756 1876; x_wconf 91' lang='lat' dir='ltr'>quia</span> <span class='ocrx_word' id='word_1_325' title='bbox 768 1853 815 1870; x_wconf 91' lang='lat' dir='ltr'>non</span> <span class='ocrx_word' id='word_1_326' title='bbox 828 1848 888 1870; x_wconf 88' lang='lat' dir='ltr'>lucet</span> <span class='ocrx_word' id='word_1_327' title='bbox 904 1847 1016 1876; x_wconf 87' lang='lat' dir='ltr'>splendor</span> 
     </span>
     <span class='ocr_line' id='line_1_37' title="bbox 162 1893 1014 1925; baseline -0.002 -7"><span class='ocrx_word' id='word_1_328' title='bbox 162 1896 289 1925; x_wconf 83' lang='lat' dir='ltr'>sapientiae</span> <span class='ocrx_word' id='word_1_329' title='bbox 304 1898 327 1918; x_wconf 88' lang='lat' dir='ltr'>et</span> <span class='ocrx_word' id='word_1_330' title='bbox 343 1895 480 1918; x_wconf 84' lang='lat' dir='ltr'>scientiae...</span> <span class='ocrx_word' id='word_1_331' title='bbox 495 1895 553 1918; x_wconf 85' lang='lat' dir='ltr'>Tres</span> <span class='ocrx_word' id='word_1_332' title='bbox 570 1894 691 1917; x_wconf 86' lang='lat' dir='ltr'>machinae</span> <span class='ocrx_word' id='word_1_333' title='bbox 708 1893 793 1917; x_wconf 86' lang='lat' dir='ltr'>habent</span> <span class='ocrx_word' id='word_1_334' title='bbox 804 1894 873 1917; x_wconf 90' lang='lat' dir='ltr'>hodie</span> <span class='ocrx_word' id='word_1_335' title='bbox 890 1894 1014 1917; x_wconf 83' lang='lat' dir='ltr'>Ecclesiam</span> 
     </span>
     <span class='ocr_line' id='line_1_38' title="bbox 163 1941 1015 1971; baseline -0.002 -5"><span class='ocrx_word' id='word_1_336' title='bbox 163 1943 288 1971; x_wconf 89' lang='lat' dir='ltr'>dissipare:</span> <span class='ocrx_word' id='word_1_337' title='bbox 305 1943 446 1971; x_wconf 84' lang='lat' dir='ltr'>perversitas</span> <span class='ocrx_word' id='word_1_338' title='bbox 463 1942 487 1964; x_wconf 88' lang='lat' dir='ltr'>in</span> <span class='ocrx_word' id='word_1_339' title='bbox 503 1941 657 1971; x_wconf 84' lang='lat' dir='ltr'>exsequendis</span> <span class='ocrx_word' id='word_1_340' title='bbox 669 1941 773 1969; x_wconf 81' lang='lat' dir='ltr'>iudiciis,</span> <span class='ocrx_word' id='word_1_341' title='bbox 790 1942 907 1964; x_wconf 87' lang='lat' dir='ltr'>temeritas</span> <span class='ocrx_word' id='word_1_342' title='bbox 924 1941 946 1964; x_wconf 93' lang='lat' dir='ltr'>in</span> <span class='ocrx_word' id='word_1_343' title='bbox 964 1948 1015 1970; x_wconf 90' lang='lat' dir='ltr'>pro-</span> 
     </span>
     <span class='ocr_line' id='line_1_39' title="bbox 164 1988 1015 2018; baseline -0.002 -6"><span class='ocrx_word' id='word_1_344' title='bbox 164 1990 264 2013; x_wconf 79' lang='lat' dir='ltr'>ferendis</span> <span class='ocrx_word' id='word_1_345' title='bbox 280 1989 408 2017; x_wconf 78' lang='lat' dir='ltr'>sententiis,</span> <span class='ocrx_word' id='word_1_346' title='bbox 425 1989 602 2018; x_wconf 83' lang='lat' dir='ltr'>pusillanimitas</span> <span class='ocrx_word' id='word_1_347' title='bbox 619 1989 641 2011; x_wconf 94' lang='lat' dir='ltr'>in</span> <span class='ocrx_word' id='word_1_348' title='bbox 653 1988 798 2016; x_wconf 76' lang='lat' dir='ltr'>corrigendis</span> <span class='ocrx_word' id='word_1_349' title='bbox 814 1988 882 2011; x_wconf 86' lang='lat' dir='ltr'>vitiis.</span> <span class='ocrx_word' id='word_1_350' title='bbox 901 1989 958 2011; x_wconf 86' lang='lat' dir='ltr'>lstae</span> <span class='ocrx_word' id='word_1_351' title='bbox 970 1991 1015 2011; x_wconf 86' lang='lat' dir='ltr'>tres</span> 
     </span>
     <span class='ocr_line' id='line_1_40' title="bbox 163 2036 1015 2066; baseline -0.002 -6"><span class='ocrx_word' id='word_1_352' title='bbox 163 2037 284 2060; x_wconf 85' lang='lat' dir='ltr'>machinae</span> <span class='ocrx_word' id='word_1_353' title='bbox 300 2037 440 2066; x_wconf 81' lang='lat' dir='ltr'>dispergunt</span> <span class='ocrx_word' id='word_1_354' title='bbox 452 2037 521 2059; x_wconf 88' lang='lat' dir='ltr'>hodie</span> <span class='ocrx_word' id='word_1_355' title='bbox 532 2036 621 2064; x_wconf 90' lang='lat' dir='ltr'>lapides</span> <span class='ocrx_word' id='word_1_356' title='bbox 639 2036 774 2059; x_wconf 89' lang='lat' dir='ltr'>Sanctuarii.</span> <span class='ocrx_word' id='word_1_357' title='bbox 792 2036 848 2058; x_wconf 89' lang='lat' dir='ltr'>Nam</span> <span class='ocrx_word' id='word_1_358' title='bbox 861 2041 903 2058; x_wconf 90' lang='lat' dir='ltr'>nec</span> <span class='ocrx_word' id='word_1_359' title='bbox 919 2036 1015 2064; x_wconf 88' lang='lat' dir='ltr'>praelati</span> 
     </span>
     <span class='ocr_line' id='line_1_41' title="bbox 161 2083 1014 2113; baseline -0.004 -5"><span class='ocrx_word' id='word_1_360' title='bbox 161 2091 204 2108; x_wconf 90' lang='lat' dir='ltr'>nec</span> <span class='ocrx_word' id='word_1_361' title='bbox 221 2085 334 2113; x_wconf 87' lang='lat' dir='ltr'>capellani</span> <span class='ocrx_word' id='word_1_362' title='bbox 350 2090 392 2107; x_wconf 87' lang='lat' dir='ltr'>nec</span> <span class='ocrx_word' id='word_1_363' title='bbox 410 2084 447 2106; x_wconf 91' lang='lat' dir='ltr'>alii</span> <span class='ocrx_word' id='word_1_364' title='bbox 464 2084 540 2106; x_wconf 91' lang='lat' dir='ltr'>clerici</span> <span class='ocrx_word' id='word_1_365' title='bbox 557 2086 638 2106; x_wconf 86' lang='lat' dir='ltr'>curant</span> <span class='ocrx_word' id='word_1_366' title='bbox 654 2083 724 2106; x_wconf 86' lang='lat' dir='ltr'>hodie</span> <span class='ocrx_word' id='word_1_367' title='bbox 745 2083 775 2106; x_wconf 86' lang='lat' dir='ltr'>de</span> <span class='ocrx_word' id='word_1_368' title='bbox 792 2083 885 2106; x_wconf 87' lang='lat' dir='ltr'>scientia</span> <span class='ocrx_word' id='word_1_369' title='bbox 904 2083 1014 2106; x_wconf 83' lang='lat' dir='ltr'>catholica</span> 
     </span>
     <span class='ocr_line' id='line_1_42' title="bbox 161 2130 1015 2159; baseline -0.002 -4"><span class='ocrx_word' id='word_1_370' title='bbox 161 2138 204 2155; x_wconf 90' lang='lat' dir='ltr'>nec</span> <span class='ocrx_word' id='word_1_371' title='bbox 221 2132 251 2155; x_wconf 86' lang='lat' dir='ltr'>de</span> <span class='ocrx_word' id='word_1_372' title='bbox 275 2131 387 2159; x_wconf 82' lang='lat' dir='ltr'>Ecclesia,</span> <span class='ocrx_word' id='word_1_373' title='bbox 405 2131 447 2154; x_wconf 90' lang='lat' dir='ltr'>sed</span> <span class='ocrx_word' id='word_1_374' title='bbox 469 2131 521 2154; x_wconf 86' lang='lat' dir='ltr'>sacti</span> <span class='ocrx_word' id='word_1_375' title='bbox 545 2134 598 2154; x_wconf 90' lang='lat' dir='ltr'>sunt</span> <span class='ocrx_word' id='word_1_376' title='bbox 620 2131 671 2153; x_wconf 91' lang='lat' dir='ltr'>laici</span> <span class='ocrx_word' id='word_1_377' title='bbox 693 2133 803 2153; x_wconf 91' lang='lat' dir='ltr'>vacantes</span> <span class='ocrx_word' id='word_1_378' title='bbox 823 2131 871 2153; x_wconf 85' lang='lat' dir='ltr'>otio</span> <span class='ocrx_word' id='word_1_379' title='bbox 893 2131 915 2153; x_wconf 95' lang='lat' dir='ltr'>in</span> <span class='ocrx_word' id='word_1_380' title='bbox 938 2130 1015 2159; x_wconf 86' lang='lat' dir='ltr'>capite</span> 
     </span>
     <span class='ocr_line' id='line_1_43' title="bbox 162 2177 1015 2207; baseline -0.002 -5"><span class='ocrx_word' id='word_1_381' title='bbox 162 2179 266 2202; x_wconf 88' lang='lat' dir='ltr'>omnium</span> <span class='ocrx_word' id='word_1_382' title='bbox 284 2179 413 2207; x_wconf 87' lang='lat' dir='ltr'>platearum</span> <span class='ocrx_word' id='word_1_383' title='bbox 426 2187 447 2200; x_wconf 62' lang='lat' dir='ltr'>u.</span> <span class='ocrx_word' id='word_1_384' title='bbox 466 2178 553 2200; x_wconf 84' lang='lat' dir='ltr'>Similia</span> <span class='ocrx_word' id='word_1_385' title='bbox 570 2178 639 2200; x_wconf 88' lang='lat' dir='ltr'>etiam</span> <span class='ocrx_word' id='word_1_386' title='bbox 656 2177 710 2200; x_wconf 86' lang='lat' dir='ltr'>alibi</span> <span class='ocrx_word' id='word_1_387' title='bbox 722 2180 745 2200; x_wconf 91' lang='lat' dir='ltr'>et</span> <span class='ocrx_word' id='word_1_388' title='bbox 762 2178 848 2206; x_wconf 84' lang='lat' dir='ltr'>passim</span> <span class='ocrx_word' id='word_1_389' title='bbox 865 2177 916 2201; x_wconf 78' lang='lat' dir='ltr'>sine</span> <span class='ocrx_word' id='word_1_390' title='bbox 932 2177 1015 2201; x_wconf 79' lang='lat' dir='ltr'>restri-</span> 
     </span>
     <span class='ocr_line' id='line_1_44' title="bbox 162 2225 1015 2254; baseline -0.004 -4"><span class='ocrx_word' id='word_1_391' title='bbox 162 2226 238 2250; x_wconf 70' lang='lat' dir='ltr'>ctione</span> <span class='ocrx_word' id='word_1_392' title='bbox 254 2226 371 2249; x_wconf 87' lang='lat' dir='ltr'>dicuntur.</span> <span class='ocrx_word' id='word_1_393' title='bbox 390 2226 438 2248; x_wconf 91' lang='lat' dir='ltr'>Non</span> <span class='ocrx_word' id='word_1_394' title='bbox 454 2228 488 2248; x_wconf 90' lang='lat' dir='ltr'>est</span> <span class='ocrx_word' id='word_1_395' title='bbox 505 2225 616 2253; x_wconf 87' lang='lat' dir='ltr'>dubium,</span> <span class='ocrx_word' id='word_1_396' title='bbox 633 2225 697 2254; x_wconf 87' lang='lat' dir='ltr'>quod</span> <span class='ocrx_word' id='word_1_397' title='bbox 716 2225 765 2253; x_wconf 91' lang='lat' dir='ltr'>ipse</span> <span class='ocrx_word' id='word_1_398' title='bbox 776 2227 857 2248; x_wconf 82' lang='lat' dir='ltr'>auctor</span> <span class='ocrx_word' id='word_1_399' title='bbox 874 2225 940 2252; x_wconf 88' lang='lat' dir='ltr'>velit,</span> <span class='ocrx_word' id='word_1_400' title='bbox 958 2226 1015 2247; x_wconf 86' lang='lat' dir='ltr'>haec</span> 
     </span>
     <span class='ocr_line' id='line_1_45' title="bbox 161 2264 1014 2301; baseline -0.001 -5"><span class='ocrx_word' id='word_1_401' title='bbox 161 2279 212 2296; x_wconf 84' lang='lat' dir='ltr'>esse</span> <span class='ocrx_word' id='word_1_402' title='bbox 228 2279 281 2296; x_wconf 91' lang='lat' dir='ltr'>cum</span> <span class='ocrx_word' id='word_1_403' title='bbox 304 2279 377 2301; x_wconf 86' lang='lat' dir='ltr'>grano</span> <span class='ocrx_word' id='word_1_404' title='bbox 395 2273 448 2295; x_wconf 91' lang='lat' dir='ltr'>salis</span> <span class='ocrx_word' id='word_1_405' title='bbox 473 2264 620 2300; x_wconf 78' lang='lat' dir='ltr'>intelligenda</span> <span class='ocrx_word' id='word_1_406' title='bbox 637 2275 659 2295; x_wconf 90' lang='lat' dir='ltr'>et</span> <span class='ocrx_word' id='word_1_407' title='bbox 680 2272 840 2300; x_wconf 86' lang='lat' dir='ltr'>restringenda</span> <span class='ocrx_word' id='word_1_408' title='bbox 863 2272 894 2295; x_wconf 88' lang='lat' dir='ltr'>ad</span> <span class='ocrx_word' id='word_1_409' title='bbox 910 2272 1014 2300; x_wconf 82' lang='lat' dir='ltr'>multos,</span> 
     </span>
     <span class='ocr_line' id='line_1_46' title="bbox 161 2319 1014 2350; baseline -0.001 -7"><span class='ocrx_word' id='word_1_410' title='bbox 161 2321 211 2343; x_wconf 86' lang='lat' dir='ltr'>sive</span> <span class='ocrx_word' id='word_1_411' title='bbox 224 2319 357 2350; x_wconf 77' lang='lat' dir='ltr'>plurimos,</span> <span class='ocrx_word' id='word_1_412' title='bbox 375 2326 428 2343; x_wconf 89' lang='lat' dir='ltr'>cum</span> <span class='ocrx_word' id='word_1_413' title='bbox 447 2320 468 2342; x_wconf 90' lang='lat' dir='ltr'>in</span> <span class='ocrx_word' id='word_1_414' title='bbox 486 2320 531 2342; x_wconf 88' lang='lat' dir='ltr'>alio</span> <span class='ocrx_word' id='word_1_415' title='bbox 547 2320 598 2342; x_wconf 90' lang='lat' dir='ltr'>loco</span> <span class='ocrx_word' id='word_1_416' title='bbox 615 2320 763 2347; x_wconf 76' lang='lat' dir='ltr'>confiteatur,</span> <span class='ocrx_word' id='word_1_417' title='bbox 781 2319 854 2342; x_wconf 89' lang='lat' dir='ltr'>bonos</span> <span class='ocrx_word' id='word_1_418' title='bbox 876 2320 946 2342; x_wconf 85' lang='lat' dir='ltr'>etiam</span> <span class='ocrx_word' id='word_1_419' title='bbox 963 2325 1014 2342; x_wconf 85' lang='lat' dir='ltr'>esse</span> 
     </span>
     <span class='ocr_line' id='line_1_47' title="bbox 161 2365 1015 2395; baseline -0.002 -5"><span class='ocrx_word' id='word_1_420' title='bbox 161 2367 282 2395; x_wconf 85' lang='lat' dir='ltr'>praelatos.</span> <span class='ocrx_word' id='word_1_421' title='bbox 308 2367 353 2390; x_wconf 88' lang='lat' dir='ltr'>Sed</span> <span class='ocrx_word' id='word_1_422' title='bbox 377 2367 401 2389; x_wconf 88' lang='lat' dir='ltr'>in</span> <span class='ocrx_word' id='word_1_423' title='bbox 425 2373 496 2395; x_wconf 90' lang='lat' dir='ltr'>opere</span> <span class='ocrx_word' id='word_1_424' title='bbox 518 2366 643 2390; x_wconf 78' lang='lat' dir='ltr'>scientifico</span> <span class='ocrx_word' id='word_1_425' title='bbox 661 2366 731 2389; x_wconf 86' lang='lat' dir='ltr'>etiam</span> <span class='ocrx_word' id='word_1_426' title='bbox 749 2365 821 2389; x_wconf 73' lang='lat' dir='ltr'>cerba</span> <span class='ocrx_word' id='word_1_427' title='bbox 838 2372 884 2389; x_wconf 90' lang='lat' dir='ltr'>non</span> <span class='ocrx_word' id='word_1_428' title='bbox 902 2367 1015 2389; x_wconf 84' lang='lat' dir='ltr'>excedant</span> 
     </span>
     <span class='ocr_line' id='line_1_48' title="bbox 161 2413 1014 2443; baseline -0.001 -6"><span class='ocrx_word' id='word_1_429' title='bbox 161 2417 251 2443; x_wconf 80' lang='lat' dir='ltr'>oportet</span> <span class='ocrx_word' id='word_1_430' title='bbox 267 2414 351 2437; x_wconf 91' lang='lat' dir='ltr'>limites</span> <span class='ocrx_word' id='word_1_431' title='bbox 368 2414 479 2437; x_wconf 76' lang='lat' dir='ltr'>veritatis.</span> <span class='ocrx_word' id='word_1_432' title='bbox 496 2415 520 2436; x_wconf 94' lang='lat' dir='ltr'>ln</span> <span class='ocrx_word' id='word_1_433' title='bbox 537 2413 613 2442; x_wconf 90' lang='lat' dir='ltr'>prima</span> <span class='ocrx_word' id='word_1_434' title='bbox 630 2413 665 2435; x_wconf 85' lang='lat' dir='ltr'>illa</span> <span class='ocrx_word' id='word_1_435' title='bbox 683 2413 784 2436; x_wconf 89' lang='lat' dir='ltr'>editione</span> <span class='ocrx_word' id='word_1_436' title='bbox 800 2420 813 2436; x_wconf 90' lang='lat' dir='ltr'>a</span> <span class='ocrx_word' id='word_1_437' title='bbox 831 2414 855 2436; x_wconf 90' lang='lat' dir='ltr'>P.</span> <span class='ocrx_word' id='word_1_438' title='bbox 874 2413 904 2436; x_wconf 87' lang='lat' dir='ltr'>de</span> <span class='ocrx_word' id='word_1_439' title='bbox 916 2414 936 2436; x_wconf 89' lang='lat' dir='ltr'>la</span> <span class='ocrx_word' id='word_1_440' title='bbox 949 2414 1014 2441; x_wconf 83' lang='lat' dir='ltr'>Haye</span> 
     </span>
     <span class='ocr_line' id='line_1_49' title="bbox 161 2460 1013 2490; baseline -0.001 -6"><span class='ocrx_word' id='word_1_441' title='bbox 161 2464 239 2484; x_wconf 90' lang='lat' dir='ltr'>curata</span> <span class='ocrx_word' id='word_1_442' title='bbox 263 2462 320 2484; x_wconf 90' lang='lat' dir='ltr'>haec</span> <span class='ocrx_word' id='word_1_443' title='bbox 336 2461 430 2484; x_wconf 87' lang='lat' dir='ltr'>duriora</span> <span class='ocrx_word' id='word_1_444' title='bbox 447 2461 542 2484; x_wconf 81' lang='lat' dir='ltr'>adiectis</span> <span class='ocrx_word' id='word_1_445' title='bbox 559 2460 638 2484; x_wconf 85' lang='lat' dir='ltr'>verbis</span> <span class='ocrx_word' id='word_1_446' title='bbox 654 2460 736 2489; x_wconf 76' lang='lat' dir='ltr'>multi,</span> <span class='ocrx_word' id='word_1_447' title='bbox 754 2461 791 2483; x_wconf 86' lang='lat' dir='ltr'>vel</span> <span class='ocrx_word' id='word_1_448' title='bbox 803 2460 908 2490; x_wconf 77' lang='lat' dir='ltr'>plurimi</span> <span class='ocrx_word' id='word_1_449' title='bbox 927 2463 1013 2489; x_wconf 89' lang='lat' dir='ltr'>tempe-</span> 
     </span>
     <span class='ocr_line' id='line_1_50' title="bbox 160 2508 1012 2538; baseline -0.002 -6"><span class='ocrx_word' id='word_1_450' title='bbox 160 2512 208 2532; x_wconf 89' lang='lat' dir='ltr'>rata</span> <span class='ocrx_word' id='word_1_451' title='bbox 226 2511 292 2537; x_wconf 84' lang='lat' dir='ltr'>sunt,</span> <span class='ocrx_word' id='word_1_452' title='bbox 308 2515 367 2538; x_wconf 90' lang='lat' dir='ltr'>quas</span> <span class='ocrx_word' id='word_1_453' title='bbox 380 2509 489 2531; x_wconf 88' lang='lat' dir='ltr'>lectiones</span> <span class='ocrx_word' id='word_1_454' title='bbox 506 2509 622 2531; x_wconf 84' lang='lat' dir='ltr'>variantes</span> <span class='ocrx_word' id='word_1_455' title='bbox 638 2509 662 2531; x_wconf 85' lang='lat' dir='ltr'>P.</span> <span class='ocrx_word' id='word_1_456' title='bbox 681 2508 765 2530; x_wconf 77' lang='lat' dir='ltr'>Bonelli</span> <span class='ocrx_word' id='word_1_457' title='bbox 778 2508 800 2530; x_wconf 94' lang='lat' dir='ltr'>in</span> <span class='ocrx_word' id='word_1_458' title='bbox 812 2508 871 2531; x_wconf 91' lang='lat' dir='ltr'>notis</span> <span class='ocrx_word' id='word_1_459' title='bbox 883 2508 912 2530; x_wconf 91' lang='lat' dir='ltr'>ad</span> <span class='ocrx_word' id='word_1_460' title='bbox 924 2508 1012 2530; x_wconf 74' lang='lat' dir='ltr'>calcem</span> 
     </span>
     <span class='ocr_line' id='line_1_51' title="bbox 161 2555 1012 2585; baseline -0.002 -6"><span class='ocrx_word' id='word_1_461' title='bbox 161 2557 252 2585; x_wconf 86' lang='lat' dir='ltr'>allegat.</span> <span class='ocrx_word' id='word_1_462' title='bbox 267 2557 414 2584; x_wconf 87' lang='lat' dir='ltr'>ignoramus,</span> <span class='ocrx_word' id='word_1_463' title='bbox 432 2558 509 2579; x_wconf 90' lang='lat' dir='ltr'>utrum</span> <span class='ocrx_word' id='word_1_464' title='bbox 522 2557 578 2578; x_wconf 89' lang='lat' dir='ltr'>haec</span> <span class='ocrx_word' id='word_1_465' title='bbox 590 2555 702 2578; x_wconf 90' lang='lat' dir='ltr'>restrictio</span> <span class='ocrx_word' id='word_1_466' title='bbox 714 2561 727 2577; x_wconf 94' lang='lat' dir='ltr'>a</span> <span class='ocrx_word' id='word_1_467' title='bbox 740 2555 815 2583; x_wconf 90' lang='lat' dir='ltr'>primo</span> <span class='ocrx_word' id='word_1_468' title='bbox 831 2555 920 2577; x_wconf 87' lang='lat' dir='ltr'>editore</span> <span class='ocrx_word' id='word_1_469' title='bbox 936 2557 1012 2577; x_wconf 90' lang='lat' dir='ltr'>sumta</span> 
     </span>
     <span class='ocr_line' id='line_1_52' title="bbox 160 2602 940 2632; baseline 0 -7"><span class='ocrx_word' id='word_1_470' title='bbox 160 2604 188 2626; x_wconf 82' lang='lat' dir='ltr'>sit</span> <span class='ocrx_word' id='word_1_471' title='bbox 205 2610 231 2627; x_wconf 83' lang='lat' dir='ltr'>ex</span> <span class='ocrx_word' id='word_1_472' title='bbox 249 2604 328 2626; x_wconf 89' lang='lat' dir='ltr'>codice</span> <span class='ocrx_word' id='word_1_473' title='bbox 345 2603 515 2632; x_wconf 83' lang='lat' dir='ltr'>Antverpiano,</span> <span class='ocrx_word' id='word_1_474' title='bbox 532 2609 560 2625; x_wconf 92' lang='lat' dir='ltr'>an</span> <span class='ocrx_word' id='word_1_475' title='bbox 578 2602 609 2625; x_wconf 84' lang='lat' dir='ltr'>ab</span> <span class='ocrx_word' id='word_1_476' title='bbox 626 2603 677 2631; x_wconf 87' lang='lat' dir='ltr'>ipso</span> <span class='ocrx_word' id='word_1_477' title='bbox 693 2609 737 2626; x_wconf 89' lang='lat' dir='ltr'>suo</span> <span class='ocrx_word' id='word_1_478' title='bbox 754 2605 826 2626; x_wconf 89' lang='lat' dir='ltr'>marte</span> <span class='ocrx_word' id='word_1_479' title='bbox 843 2603 940 2625; x_wconf 84' lang='lat' dir='ltr'>adiecta.</span> 
     </span>
    </p>

    <p class='ocr_par' dir='ltr' id='par_1_8' title="bbox 159 2649 1011 3007">
     <span class='ocr_line' id='line_1_53' title="bbox 223 2649 1011 2673; baseline -0.001 0"><span class='ocrx_word' id='word_1_480' title='bbox 223 2651 251 2673; x_wconf 89' lang='lat' dir='ltr'>Ut</span> <span class='ocrx_word' id='word_1_481' title='bbox 259 2653 336 2673; x_wconf 91' lang='lat' dir='ltr'>autem</span> <span class='ocrx_word' id='word_1_482' title='bbox 349 2651 406 2673; x_wconf 88' lang='lat' dir='ltr'>haec</span> <span class='ocrx_word' id='word_1_483' title='bbox 417 2649 561 2673; x_wconf 72' lang='lat' dir='ltr'>dur-tuscula</span> <span class='ocrx_word' id='word_1_484' title='bbox 573 2656 618 2672; x_wconf 92' lang='lat' dir='ltr'>non</span> <span class='ocrx_word' id='word_1_485' title='bbox 630 2656 682 2672; x_wconf 83' lang='lat' dir='ltr'>esse</span> <span class='ocrx_word' id='word_1_486' title='bbox 694 2650 766 2672; x_wconf 89' lang='lat' dir='ltr'>aliena</span> <span class='ocrx_word' id='word_1_487' title='bbox 778 2656 790 2672; x_wconf 84' lang='lat' dir='ltr'>a</span> <span class='ocrx_word' id='word_1_488' title='bbox 803 2650 826 2673; x_wconf 88' lang='lat' dir='ltr'>S.</span> <span class='ocrx_word' id='word_1_489' title='bbox 836 2650 1011 2673; x_wconf 85' lang='lat' dir='ltr'>Bonaventurac</span> 
     </span>
     <span class='ocr_line' id='line_1_54' title="bbox 160 2697 1011 2726; baseline -0.001 -6"><span class='ocrx_word' id='word_1_490' title='bbox 160 2698 273 2721; x_wconf 85' lang='lat' dir='ltr'>modestia</span> <span class='ocrx_word' id='word_1_491' title='bbox 290 2697 407 2725; x_wconf 78' lang='lat' dir='ltr'>ostendat,</span> <span class='ocrx_word' id='word_1_492' title='bbox 429 2697 514 2720; x_wconf 86' lang='lat' dir='ltr'>Bonelli</span> <span class='ocrx_word' id='word_1_493' title='bbox 531 2699 603 2719; x_wconf 78' lang='lat' dir='ltr'>&#39;recte</span> <span class='ocrx_word' id='word_1_494' title='bbox 619 2697 715 2726; x_wconf 88' lang='lat' dir='ltr'>quidem</span> <span class='ocrx_word' id='word_1_495' title='bbox 740 2697 808 2725; x_wconf 87' lang='lat' dir='ltr'>dicit,</span> <span class='ocrx_word' id='word_1_496' title='bbox 833 2697 937 2720; x_wconf 84' lang='lat' dir='ltr'>eiusdem</span> <span class='ocrx_word' id='word_1_497' title='bbox 964 2703 1011 2719; x_wconf 87' lang='lat' dir='ltr'>mo-</span> 
     </span>
     <span class='ocr_line' id='line_1_55' title="bbox 159 2744 1011 2773; baseline -0.001 -6"><span class='ocrx_word' id='word_1_498' title='bbox 159 2744 256 2767; x_wconf 85' lang='lat' dir='ltr'>destiam</span> <span class='ocrx_word' id='word_1_499' title='bbox 275 2744 344 2766; x_wconf 80' lang='lat' dir='ltr'>ruisse</span> <span class='ocrx_word' id='word_1_500' title='bbox 361 2744 410 2772; x_wconf 86' lang='lat' dir='ltr'>pari</span> <span class='ocrx_word' id='word_1_501' title='bbox 427 2744 475 2766; x_wconf 89' lang='lat' dir='ltr'>zelo</span> <span class='ocrx_word' id='word_1_502' title='bbox 492 2744 650 2771; x_wconf 89' lang='lat' dir='ltr'>coniunctam,</span> <span class='ocrx_word' id='word_1_503' title='bbox 667 2744 793 2773; x_wconf 85' lang='lat' dir='ltr'>ipsumque</span> <span class='ocrx_word' id='word_1_504' title='bbox 810 2745 840 2767; x_wconf 88' lang='lat' dir='ltr'>ad</span> <span class='ocrx_word' id='word_1_505' title='bbox 857 2745 916 2767; x_wconf 86' lang='lat' dir='ltr'>hanc</span> <span class='ocrx_word' id='word_1_506' title='bbox 937 2750 1011 2767; x_wconf 86' lang='lat' dir='ltr'>corre-</span> 
     </span>
     <span class='ocr_line' id='line_1_56' title="bbox 159 2791 1009 2820; baseline 0.001 -7"><span class='ocrx_word' id='word_1_507' title='bbox 159 2792 262 2820; x_wconf 83' lang='lat' dir='ltr'>ptionem</span> <span class='ocrx_word' id='word_1_508' title='bbox 280 2797 331 2814; x_wconf 84' lang='lat' dir='ltr'>esse</span> <span class='ocrx_word' id='word_1_509' title='bbox 342 2792 491 2819; x_wconf 88' lang='lat' dir='ltr'>compulsum</span> <span class='ocrx_word' id='word_1_510' title='bbox 504 2797 516 2813; x_wconf 88' lang='lat' dir='ltr'>a</span> <span class='ocrx_word' id='word_1_511' title='bbox 530 2797 621 2814; x_wconf 86' lang='lat' dir='ltr'>morum</span> <span class='ocrx_word' id='word_1_512' title='bbox 633 2791 792 2820; x_wconf 83' lang='lat' dir='ltr'>corruptione,</span> <span class='ocrx_word' id='word_1_513' title='bbox 805 2798 851 2820; x_wconf 89' lang='lat' dir='ltr'>qua</span> <span class='ocrx_word' id='word_1_514' title='bbox 864 2791 938 2814; x_wconf 88' lang='lat' dir='ltr'>clerus</span> <span class='ocrx_word' id='word_1_515' title='bbox 955 2794 1009 2814; x_wconf 87' lang='lat' dir='ltr'>tunc</span> 
     </span>
     <span class='ocr_line' id='line_1_57' title="bbox 159 2838 1008 2867; baseline -0.001 -6"><span class='ocrx_word' id='word_1_516' title='bbox 159 2838 287 2861; x_wconf 84' lang='lat' dir='ltr'>laborabat.</span> <span class='ocrx_word' id='word_1_517' title='bbox 304 2839 392 2861; x_wconf 75' lang='lat' dir='ltr'>Profert</span> <span class='ocrx_word' id='word_1_518' title='bbox 408 2839 477 2861; x_wconf 88' lang='lat' dir='ltr'>etiam</span> <span class='ocrx_word' id='word_1_519' title='bbox 489 2838 625 2861; x_wconf 87' lang='lat' dir='ltr'>sententiam</span> <span class='ocrx_word' id='word_1_520' title='bbox 643 2838 716 2867; x_wconf 89' lang='lat' dir='ltr'>ipsius</span> <span class='ocrx_word' id='word_1_521' title='bbox 726 2839 902 2861; x_wconf 79' lang='lat' dir='ltr'>Bonaventurae</span> <span class='ocrx_word' id='word_1_522' title='bbox 912 2857 917 2867; x_wconf 85' lang='lat'>,</span> <span class='ocrx_word' id='word_1_523' title='bbox 934 2839 973 2867; x_wconf 89' lang='lat' dir='ltr'>qui</span> <span class='ocrx_word' id='word_1_524' title='bbox 986 2839 1008 2860; x_wconf 92' lang='lat' dir='ltr'>in</span> 
     </span>
     <span class='ocr_line' id='line_1_58' title="bbox 159 2881 1009 2914; baseline -0.001 -6"><span class='ocrx_word' id='word_1_525' title='bbox 159 2885 246 2908; x_wconf 85' lang='lat' dir='ltr'>Libello</span> <span class='ocrx_word' id='word_1_526' title='bbox 262 2885 407 2914; x_wconf 87' lang='lat' dir='ltr'>apologetico</span> <span class='ocrx_word' id='word_1_527' title='bbox 425 2888 503 2908; x_wconf 90' lang='lat' dir='ltr'>contra</span> <span class='ocrx_word' id='word_1_528' title='bbox 520 2891 561 2907; x_wconf 90' lang='lat' dir='ltr'>eos</span> <span class='ocrx_word' id='word_1_529' title='bbox 572 2885 612 2914; x_wconf 89' lang='lat' dir='ltr'>qui</span> <span class='ocrx_word' id='word_1_530' title='bbox 629 2881 708 2908; x_wconf 89' lang='lat' dir='ltr'>Ordini</span> <span class='ocrx_word' id='word_1_531' title='bbox 726 2885 767 2907; x_wconf 86' lang='lat' dir='ltr'>FF.</span> <span class='ocrx_word' id='word_1_532' title='bbox 785 2885 837 2907; x_wconf 80' lang='lat' dir='ltr'>Min.</span> <span class='ocrx_word' id='word_1_533' title='bbox 856 2885 1009 2908; x_wconf 87' lang='lat' dir='ltr'>adversantur</span> 
     </span>
     <span class='ocr_line' id='line_1_59' title="bbox 160 2932 1009 2962; baseline -0.001 -7"><span class='ocrx_word' id='word_1_534' title='bbox 160 2933 193 2962; x_wconf 89' lang='lat' dir='ltr'>(q.</span> <span class='ocrx_word' id='word_1_535' title='bbox 214 2933 232 2955; x_wconf 93' lang='grc'>1.</span> <span class='ocrx_word' id='word_1_536' title='bbox 249 2932 271 2955; x_wconf 93' lang='lat' dir='ltr'>in</span> <span class='ocrx_word' id='word_1_537' title='bbox 289 2932 343 2961; x_wconf 79' lang='lat' dir='ltr'>tine)</span> <span class='ocrx_word' id='word_1_538' title='bbox 370 2932 473 2961; x_wconf 86' lang='lat' dir='ltr'>scripsit:</span> <span class='ocrx_word' id='word_1_539' title='bbox 494 2932 610 2955; x_wconf 73' lang='lat' dir='ltr'>«clericis</span> <span class='ocrx_word' id='word_1_540' title='bbox 634 2938 759 2961; x_wconf 84' lang='lat' dir='ltr'>possumus</span> <span class='ocrx_word' id='word_1_541' title='bbox 783 2932 806 2954; x_wconf 86' lang='lat' dir='ltr'>in</span> <span class='ocrx_word' id='word_1_542' title='bbox 832 2932 938 2960; x_wconf 86' lang='lat' dir='ltr'>capitulis</span> <span class='ocrx_word' id='word_1_543' title='bbox 960 2932 1009 2955; x_wconf 87' lang='lat' dir='ltr'>suis</span> 
     </span>
     <span class='ocr_line' id='line_1_60' title="bbox 159 2977 1007 3007; baseline -0.001 -6"><span class='ocrx_word' id='word_1_544' title='bbox 159 2979 235 3002; x_wconf 87' lang='lat' dir='ltr'>omnia</span> <span class='ocrx_word' id='word_1_545' title='bbox 253 2979 354 3007; x_wconf 83' lang='lat' dir='ltr'>pericula</span> <span class='ocrx_word' id='word_1_546' title='bbox 372 2985 412 3001; x_wconf 84' lang='lat' dir='ltr'>sua</span> <span class='ocrx_word' id='word_1_547' title='bbox 431 2979 453 3001; x_wconf 92' lang='lat' dir='ltr'>in</span> <span class='ocrx_word' id='word_1_548' title='bbox 476 2977 622 3001; x_wconf 86' lang='lat' dir='ltr'>sermonibus</span> <span class='ocrx_word' id='word_1_549' title='bbox 642 2978 777 3002; x_wconf 87' lang='lat' dir='ltr'>litteralibus</span> <span class='ocrx_word' id='word_1_550' title='bbox 793 2979 891 3001; x_wconf 89' lang='lat' dir='ltr'>seorsim</span> <span class='ocrx_word' id='word_1_551' title='bbox 914 2978 971 3007; x_wconf 87' lang='lat' dir='ltr'>(scil.</span> <span class='ocrx_word' id='word_1_552' title='bbox 995 2984 1007 3000; x_wconf 86' lang='lat' dir='ltr'>a</span> 
     </span>
    </p>
   </div>
   <div class='ocr_carea' id='block_1_5' title="bbox 1044 245 1055 1673">
    <p class='ocr_par' dir='ltr' id='par_1_9' title="bbox 1044 245 1055 1673">
     <span class='ocr_line' id='line_1_61' title="bbox 1044 245 1055 1673; baseline 0 0"><span class='ocrx_word' id='word_1_553' title='bbox 1044 245 1055 1673; x_wconf 95' lang='lat' dir='ltr'> </span> 
     </span>
    </p>
   </div>
   <div class='ocr_carea' id='block_1_6' title="bbox 1064 239 1951 3007">
    <p class='ocr_par' dir='ltr' id='par_1_10' title="bbox 1076 239 1951 1065">
     <span class='ocr_line' id='line_1_62' title="bbox 1078 239 1928 269; baseline 0.009 -8"><span class='ocrx_word' id='word_1_554' title='bbox 1078 239 1175 269; x_wconf 88' lang='lat' dir='ltr'>populo)</span> <span class='ocrx_word' id='word_1_555' title='bbox 1193 240 1315 263; x_wconf 84' lang='lat' dir='ltr'>ostendere</span> <span class='ocrx_word' id='word_1_556' title='bbox 1338 247 1391 264; x_wconf 85' lang='lat' dir='ltr'>cum</span> <span class='ocrx_word' id='word_1_557' title='bbox 1409 243 1538 266; x_wconf 71' lang='lat' dir='ltr'>reverentia</span> <span class='ocrx_word' id='word_1_558' title='bbox 1556 244 1655 266; x_wconf 77' lang='lat' dir='ltr'>caritatis</span> <span class='ocrx_word' id='word_1_559' title='bbox 1678 246 1700 266; x_wconf 87' lang='lat' dir='ltr'>et</span> <span class='ocrx_word' id='word_1_560' title='bbox 1716 245 1846 268; x_wconf 85' lang='lat' dir='ltr'>maturitate</span> <span class='ocrx_word' id='word_1_561' title='bbox 1863 245 1928 268; x_wconf 88' lang='lat' dir='ltr'>beni-</span> 
     </span>
     <span class='ocr_line' id='line_1_63' title="bbox 1078 286 1927 320; baseline 0.009 -12"><span class='ocrx_word' id='word_1_562' title='bbox 1078 291 1124 313; x_wconf 87' lang='lat' dir='ltr'>gna</span> <span class='ocrx_word' id='word_1_563' title='bbox 1136 295 1159 309; x_wconf 68' lang='lat' dir='ltr'>n.</span> <span class='ocrx_word' id='word_1_564' title='bbox 1178 286 1212 309; x_wconf 79' lang='lat' dir='ltr'>Ad</span> <span class='ocrx_word' id='word_1_565' title='bbox 1235 288 1279 309; x_wconf 91' lang='lat' dir='ltr'>hoc</span> <span class='ocrx_word' id='word_1_566' title='bbox 1301 288 1486 311; x_wconf 82' lang='lat' dir='ltr'>confirmandum</span> <span class='ocrx_word' id='word_1_567' title='bbox 1510 290 1571 312; x_wconf 87' lang='lat' dir='ltr'>idem</span> <span class='ocrx_word' id='word_1_568' title='bbox 1589 296 1615 312; x_wconf 86' lang='lat' dir='ltr'>ex</span> <span class='ocrx_word' id='word_1_569' title='bbox 1637 291 1706 313; x_wconf 86' lang='lat' dir='ltr'>citato</span> <span class='ocrx_word' id='word_1_570' title='bbox 1727 293 1840 320; x_wconf 89' lang='lat' dir='ltr'>opusculo</span> <span class='ocrx_word' id='word_1_571' title='bbox 1862 294 1927 316; x_wconf 79' lang='lat' dir='ltr'>affert</span> 
     </span>
     <span class='ocr_line' id='line_1_64' title="bbox 1079 335 1927 368; baseline 0.009 -13"><span class='ocrx_word' id='word_1_572' title='bbox 1079 339 1175 361; x_wconf 85' lang='lat' dir='ltr'>gravem</span> <span class='ocrx_word' id='word_1_573' title='bbox 1193 335 1251 357; x_wconf 88' lang='lat' dir='ltr'>hanc</span> <span class='ocrx_word' id='word_1_574' title='bbox 1268 335 1321 357; x_wconf 86' lang='lat' dir='ltr'>cleri</span> <span class='ocrx_word' id='word_1_575' title='bbox 1344 336 1457 359; x_wconf 79' lang='lat' dir='ltr'>interioris</span> <span class='ocrx_word' id='word_1_576' title='bbox 1473 337 1692 365; x_wconf 86' lang='lat' dir='ltr'>reprehensionem:</span> <span class='ocrx_word' id='word_1_577' title='bbox 1718 347 1729 359; x_wconf 72' lang='grc' dir='ltr'><strong>α</strong></span> <span class='ocrx_word' id='word_1_578' title='bbox 1742 339 1815 367; x_wconf 87' lang='lat' dir='ltr'>Quam</span> <span class='ocrx_word' id='word_1_579' title='bbox 1839 341 1927 368; x_wconf 84' lang='lat' dir='ltr'>paucis-</span> 
     </span>
     <span class='ocr_line' id='line_1_65' title="bbox 1077 379 1926 413; baseline 0.011 -11"><span class='ocrx_word' id='word_1_580' title='bbox 1077 381 1129 403; x_wconf 90' lang='lat' dir='ltr'>simi</span> <span class='ocrx_word' id='word_1_581' title='bbox 1147 381 1169 403; x_wconf 91' lang='lat' dir='ltr'>in</span> <span class='ocrx_word' id='word_1_582' title='bbox 1187 381 1253 404; x_wconf 89' lang='lat' dir='ltr'>terris</span> <span class='ocrx_word' id='word_1_583' title='bbox 1270 382 1319 404; x_wconf 88' lang='lat' dir='ltr'>istis</span> <span class='ocrx_word' id='word_1_584' title='bbox 1333 382 1378 405; x_wconf 89' lang='lat' dir='ltr'>iam</span> <span class='ocrx_word' id='word_1_585' title='bbox 1396 379 1549 413; x_wconf 82' lang='lat' dir='ltr'>reperiuntur,</span> <span class='ocrx_word' id='word_1_586' title='bbox 1567 385 1606 413; x_wconf 91' lang='lat' dir='ltr'>qui</span> <span class='ocrx_word' id='word_1_587' title='bbox 1623 384 1702 408; x_wconf 89' lang='lat' dir='ltr'>debito</span> <span class='ocrx_word' id='word_1_588' title='bbox 1719 393 1784 409; x_wconf 87' lang='lat' dir='ltr'>more</span> <span class='ocrx_word' id='word_1_589' title='bbox 1802 388 1926 411; x_wconf 87' lang='lat' dir='ltr'>ministeria</span> 
     </span>
     <span class='ocr_line' id='line_1_66' title="bbox 1077 428 1925 464; baseline 0.012 -15"><span class='ocrx_word' id='word_1_590' title='bbox 1077 430 1195 456; x_wconf 79' lang='lat' dir='ltr'>praestent</span> <span class='ocrx_word' id='word_1_591' title='bbox 1211 428 1333 452; x_wconf 88' lang='lat' dir='ltr'>animabus</span> <span class='ocrx_word' id='word_1_592' title='bbox 1350 429 1394 452; x_wconf 86' lang='lat' dir='ltr'>sibi</span> <span class='ocrx_word' id='word_1_593' title='bbox 1411 431 1556 458; x_wconf 87' lang='lat' dir='ltr'>commissis;</span> <span class='ocrx_word' id='word_1_594' title='bbox 1573 433 1637 461; x_wconf 84' lang='lat' dir='ltr'>quod</span> <span class='ocrx_word' id='word_1_595' title='bbox 1650 433 1717 455; x_wconf 85' lang='lat' dir='ltr'>nimis</span> <span class='ocrx_word' id='word_1_596' title='bbox 1733 437 1767 456; x_wconf 90' lang='lat' dir='ltr'>est</span> <span class='ocrx_word' id='word_1_597' title='bbox 1785 435 1925 464; x_wconf 85' lang='lat' dir='ltr'>miserabile;</span> 
     </span>
     <span class='ocr_line' id='line_1_67' title="bbox 1077 475 1926 511; baseline 0.011 -14"><span class='ocrx_word' id='word_1_598' title='bbox 1077 478 1100 498; x_wconf 91' lang='lat' dir='ltr'>et</span> <span class='ocrx_word' id='word_1_599' title='bbox 1116 475 1155 504; x_wconf 89' lang='lat' dir='ltr'>qui</span> <span class='ocrx_word' id='word_1_600' title='bbox 1173 478 1213 498; x_wconf 86' lang='lat' dir='ltr'>aut</span> <span class='ocrx_word' id='word_1_601' title='bbox 1229 476 1319 499; x_wconf 77' lang='lat' dir='ltr'>deiectu</span> <span class='ocrx_word' id='word_1_602' title='bbox 1338 477 1405 505; x_wconf 84' lang='lat' dir='ltr'>iuris,</span> <span class='ocrx_word' id='word_1_603' title='bbox 1425 480 1465 500; x_wconf 87' lang='lat' dir='ltr'>aut</span> <span class='ocrx_word' id='word_1_604' title='bbox 1481 478 1602 508; x_wconf 71' lang='lat' dir='ltr'>scientiae⁷</span> <span class='ocrx_word' id='word_1_605' title='bbox 1622 483 1661 502; x_wconf 89' lang='lat' dir='ltr'>aut</span> <span class='ocrx_word' id='word_1_606' title='bbox 1678 481 1754 508; x_wconf 70' lang='lat' dir='ltr'>vitae,</span> <span class='ocrx_word' id='word_1_607' title='bbox 1776 485 1816 504; x_wconf 91' lang='lat' dir='ltr'>aut</span> <span class='ocrx_word' id='word_1_608' title='bbox 1832 483 1926 511; x_wconf 86' lang='lat' dir='ltr'>diligen-</span> 
     </span>
     <span class='ocr_line' id='line_1_68' title="bbox 1078 523 1928 557; baseline 0.011 -13"><span class='ocrx_word' id='word_1_609' title='bbox 1078 523 1122 545; x_wconf 86' lang='lat' dir='ltr'>tiae</span> <span class='ocrx_word' id='word_1_610' title='bbox 1139 523 1198 545; x_wconf 88' lang='lat' dir='ltr'>circa</span> <span class='ocrx_word' id='word_1_611' title='bbox 1222 529 1273 550; x_wconf 84' lang='lat' dir='ltr'>eas,</span> <span class='ocrx_word' id='word_1_612' title='bbox 1291 526 1330 546; x_wconf 89' lang='lat' dir='ltr'>aut</span> <span class='ocrx_word' id='word_1_613' title='bbox 1352 524 1437 547; x_wconf 83' lang='lat' dir='ltr'>liberae</span> <span class='ocrx_word' id='word_1_614' title='bbox 1454 526 1606 548; x_wconf 89' lang='lat' dir='ltr'>exsecutionis</span> <span class='ocrx_word' id='word_1_615' title='bbox 1622 527 1676 549; x_wconf 89' lang='lat' dir='ltr'>nihil</span> <span class='ocrx_word' id='word_1_616' title='bbox 1689 527 1772 551; x_wconf 87' lang='lat' dir='ltr'>haheat</span> <span class='ocrx_word' id='word_1_617' title='bbox 1787 531 1928 557; x_wconf 86' lang='lat' dir='ltr'>reprehensi-</span> 
     </span>
     <span class='ocr_line' id='line_1_69' title="bbox 1078 568 1927 603; baseline 0.008 -12"><span class='ocrx_word' id='word_1_618' title='bbox 1078 568 1137 597; x_wconf 83' lang='lat' dir='ltr'>bile,</span> <span class='ocrx_word' id='word_1_619' title='bbox 1154 573 1193 592; x_wconf 88' lang='lat' dir='ltr'>aut</span> <span class='ocrx_word' id='word_1_620' title='bbox 1209 571 1272 599; x_wconf 90' lang='lat' dir='ltr'>quod</span> <span class='ocrx_word' id='word_1_621' title='bbox 1291 577 1331 593; x_wconf 86' lang='lat' dir='ltr'>eos</span> <span class='ocrx_word' id='word_1_622' title='bbox 1348 571 1386 593; x_wconf 82' lang='lat' dir='ltr'>tali</span> <span class='ocrx_word' id='word_1_623' title='bbox 1403 571 1479 594; x_wconf 82' lang='lat' dir='ltr'>officio</span> <span class='ocrx_word' id='word_1_624' title='bbox 1499 572 1581 595; x_wconf 88' lang='lat' dir='ltr'>reddat</span> <span class='ocrx_word' id='word_1_625' title='bbox 1598 572 1714 601; x_wconf 86' lang='lat' dir='ltr'>indignos.</span> <span class='ocrx_word' id='word_1_626' title='bbox 1731 574 1853 603; x_wconf 89' lang='lat' dir='ltr'>Quomodo</span> <span class='ocrx_word' id='word_1_627' title='bbox 1871 582 1927 598; x_wconf 79' lang='lat' dir='ltr'>vero</span> 
     </span>
     <span class='ocr_line' id='line_1_70' title="bbox 1078 617 1928 646; baseline 0.008 -8"><span class='ocrx_word' id='word_1_628' title='bbox 1078 619 1124 639; x_wconf 84' lang='lat' dir='ltr'>tota</span> <span class='ocrx_word' id='word_1_629' title='bbox 1141 617 1242 639; x_wconf 84' lang='lat' dir='ltr'>Ecclesia</span> <span class='ocrx_word' id='word_1_630' title='bbox 1265 624 1306 646; x_wconf 87' lang='lat' dir='ltr'>per</span> <span class='ocrx_word' id='word_1_631' title='bbox 1332 618 1390 640; x_wconf 88' lang='lat' dir='ltr'>mala</span> <span class='ocrx_word' id='word_1_632' title='bbox 1408 619 1512 646; x_wconf 87' lang='lat' dir='ltr'>exempla</span> <span class='ocrx_word' id='word_1_633' title='bbox 1537 620 1673 642; x_wconf 85' lang='lat' dir='ltr'>clericorum</span> <span class='ocrx_word' id='word_1_634' title='bbox 1691 623 1713 643; x_wconf 87' lang='lat' dir='ltr'>et</span> <span class='ocrx_word' id='word_1_635' title='bbox 1735 621 1854 644; x_wconf 82' lang='lat' dir='ltr'>avaritiam</span> <span class='ocrx_word' id='word_1_636' title='bbox 1880 628 1928 645; x_wconf 90' lang='lat' dir='ltr'>cor-</span> 
     </span>
     <span class='ocr_line' id='line_1_71' title="bbox 1076 665 1928 697; baseline 0.007 -11"><span class='ocrx_word' id='word_1_637' title='bbox 1076 668 1199 692; x_wconf 90' lang='lat' dir='ltr'>rumpatur</span> <span class='ocrx_word' id='word_1_638' title='bbox 1216 667 1239 687; x_wconf 91' lang='lat' dir='ltr'>et</span> <span class='ocrx_word' id='word_1_639' title='bbox 1255 665 1420 693; x_wconf 83' lang='lat' dir='ltr'>negligentiam</span> <span class='ocrx_word' id='word_1_640' title='bbox 1437 666 1581 689; x_wconf 77' lang='lat' dir='ltr'>deformetur</span> <span class='ocrx_word' id='word_1_641' title='bbox 1597 670 1620 689; x_wconf 90' lang='lat' dir='ltr'>et</span> <span class='ocrx_word' id='word_1_642' title='bbox 1636 673 1648 690; x_wconf 90' lang='lat' dir='ltr'>a</span> <span class='ocrx_word' id='word_1_643' title='bbox 1666 670 1725 690; x_wconf 81' lang='lat' dir='ltr'>statu</span> <span class='ocrx_word' id='word_1_644' title='bbox 1743 668 1821 691; x_wconf 87' lang='lat' dir='ltr'>debito</span> <span class='ocrx_word' id='word_1_645' title='bbox 1838 669 1928 697; x_wconf 85' lang='lat' dir='ltr'>elonge-</span> 
     </span>
     <span class='ocr_line' id='line_1_72' title="bbox 1077 713 1928 745; baseline 0.007 -12"><span class='ocrx_word' id='word_1_646' title='bbox 1077 714 1125 739; x_wconf 87' lang='lat' dir='ltr'>tur,</span> <span class='ocrx_word' id='word_1_647' title='bbox 1142 714 1165 734; x_wconf 88' lang='lat' dir='ltr'>ct</span> <span class='ocrx_word' id='word_1_648' title='bbox 1182 715 1268 740; x_wconf 86' lang='lat' dir='ltr'>quanta</span> <span class='ocrx_word' id='word_1_649' title='bbox 1294 718 1321 734; x_wconf 85' lang='lat' dir='ltr'>ex</span> <span class='ocrx_word' id='word_1_650' title='bbox 1343 713 1387 735; x_wconf 87' lang='lat' dir='ltr'>hoc</span> <span class='ocrx_word' id='word_1_651' title='bbox 1403 713 1508 741; x_wconf 88' lang='lat' dir='ltr'>quotidie</span> <span class='ocrx_word' id='word_1_652' title='bbox 1533 716 1627 741; x_wconf 88' lang='lat' dir='ltr'>peccata</span> <span class='ocrx_word' id='word_1_653' title='bbox 1654 714 1794 744; x_wconf 80' lang='lat' dir='ltr'>increscant,</span> <span class='ocrx_word' id='word_1_654' title='bbox 1819 718 1842 738; x_wconf 89' lang='lat' dir='ltr'>et</span> <span class='ocrx_word' id='word_1_655' title='bbox 1863 716 1928 745; x_wconf 88' lang='lat' dir='ltr'>quod</span> 
     </span>
     <span class='ocr_line' id='line_1_73' title="bbox 1077 758 1926 790; baseline 0.006 -9"><span class='ocrx_word' id='word_1_656' title='bbox 1077 758 1138 781; x_wconf 88' lang='lat' dir='ltr'>bona</span> <span class='ocrx_word' id='word_1_657' title='bbox 1155 759 1302 787; x_wconf 79' lang='lat' dir='ltr'>negligantur</span> <span class='ocrx_word' id='word_1_658' title='bbox 1319 766 1361 788; x_wconf 87' lang='lat' dir='ltr'>per</span> <span class='ocrx_word' id='word_1_659' title='bbox 1378 760 1506 788; x_wconf 87' lang='lat' dir='ltr'>mundum,</span> <span class='ocrx_word' id='word_1_660' title='bbox 1523 761 1561 783; x_wconf 68' lang='lat' dir='ltr'>vix</span> <span class='ocrx_word' id='word_1_661' title='bbox 1573 761 1655 790; x_wconf 84' lang='lat' dir='ltr'>aliquis</span> <span class='ocrx_word' id='word_1_662' title='bbox 1671 762 1755 784; x_wconf 87' lang='lat' dir='ltr'>sufficit</span> <span class='ocrx_word' id='word_1_663' title='bbox 1771 763 1926 786; x_wconf 80' lang='lat' dir='ltr'>aestimare».</span> 
     </span>
     <span class='ocr_line' id='line_1_74' title="bbox 1076 807 1927 835; baseline 0.005 -7"><span class='ocrx_word' id='word_1_664' title='bbox 1076 818 1107 823; x_wconf 89' lang='grc'><strong>-</strong></span> <span class='ocrx_word' id='word_1_665' title='bbox 1119 807 1165 829; x_wconf 84' lang='lat' dir='ltr'>Sed</span> <span class='ocrx_word' id='word_1_666' title='bbox 1182 808 1226 829; x_wconf 89' lang='lat' dir='ltr'>hoc</span> <span class='ocrx_word' id='word_1_667' title='bbox 1242 807 1374 835; x_wconf 78' lang='lat' dir='ltr'>exemplum</span> <span class='ocrx_word' id='word_1_668' title='bbox 1392 814 1475 835; x_wconf 85' lang='lat' dir='ltr'>parum</span> <span class='ocrx_word' id='word_1_669' title='bbox 1497 808 1616 831; x_wconf 84' lang='lat' dir='ltr'>assertioni</span> <span class='ocrx_word' id='word_1_670' title='bbox 1634 809 1658 831; x_wconf 87' lang='lat' dir='ltr'>P.</span> <span class='ocrx_word' id='word_1_671' title='bbox 1682 809 1768 831; x_wconf 90' lang='lat' dir='ltr'>Bouelli</span> <span class='ocrx_word' id='word_1_672' title='bbox 1786 810 1853 832; x_wconf 84' lang='lat' dir='ltr'>favet.</span> <span class='ocrx_word' id='word_1_673' title='bbox 1870 811 1927 833; x_wconf 89' lang='lat' dir='ltr'>Nam</span> 
     </span>
     <span class='ocr_line' id='line_1_75' title="bbox 1077 854 1951 885; baseline 0.005 -9"><span class='ocrx_word' id='word_1_674' title='bbox 1077 854 1158 882; x_wconf 83' lang='lat' dir='ltr'>gravia</span> <span class='ocrx_word' id='word_1_675' title='bbox 1176 855 1233 876; x_wconf 88' lang='lat' dir='ltr'>haec</span> <span class='ocrx_word' id='word_1_676' title='bbox 1250 854 1335 883; x_wconf 76' lang='lat' dir='ltr'>verba,</span> <span class='ocrx_word' id='word_1_677' title='bbox 1354 861 1414 883; x_wconf 89' lang='lat' dir='ltr'>quae</span> <span class='ocrx_word' id='word_1_678' title='bbox 1436 857 1516 877; x_wconf 86' lang='lat' dir='ltr'>auctor</span> <span class='ocrx_word' id='word_1_679' title='bbox 1532 856 1626 883; x_wconf 86' lang='lat' dir='ltr'>protulit</span> <span class='ocrx_word' id='word_1_680' title='bbox 1642 859 1747 885; x_wconf 76' lang='lat' dir='ltr'>coactus,</span> <span class='ocrx_word' id='word_1_681' title='bbox 1771 859 1794 879; x_wconf 86' lang='lat' dir='ltr'>ut</span> <span class='ocrx_word' id='word_1_682' title='bbox 1812 863 1860 880; x_wconf 90' lang='lat' dir='ltr'>rem</span> <span class='ocrx_word' id='word_1_683' title='bbox 1885 858 1928 880; x_wconf 89' lang='lat' dir='ltr'>sibi</span> <span class='ocrx_word' id='word_1_684' title='bbox 1946 877 1951 880; x_wconf 87' lang='grc'><em>,</em></span> 
     </span>
     <span class='ocr_line' id='line_1_76' title="bbox 1076 900 1929 931; baseline 0.005 -8"><span class='ocrx_word' id='word_1_685' title='bbox 1076 904 1203 924; x_wconf 86' lang='lat' dir='ltr'>assumtam</span> <span class='ocrx_word' id='word_1_686' title='bbox 1221 900 1342 930; x_wconf 65' lang='lat' dir='ltr'>probaret,</span> <span class='ocrx_word' id='word_1_687' title='bbox 1359 902 1392 924; x_wconf 83' lang='lat' dir='ltr'>ita</span> <span class='ocrx_word' id='word_1_688' title='bbox 1407 902 1495 930; x_wconf 88' lang='lat' dir='ltr'>spirant</span> <span class='ocrx_word' id='word_1_689' title='bbox 1513 909 1594 925; x_wconf 88' lang='lat' dir='ltr'>verum</span> <span class='ocrx_word' id='word_1_690' title='bbox 1613 903 1687 925; x_wconf 92' lang='lat' dir='ltr'>zelum</span> <span class='ocrx_word' id='word_1_691' title='bbox 1705 909 1747 931; x_wconf 89' lang='lat' dir='ltr'>pro</span> <span class='ocrx_word' id='word_1_692' title='bbox 1765 904 1837 931; x_wconf 83' lang='lat' dir='ltr'>gloria</span> <span class='ocrx_word' id='word_1_693' title='bbox 1854 905 1893 927; x_wconf 91' lang='lat' dir='ltr'>Dei</span> <span class='ocrx_word' id='word_1_694' title='bbox 1907 908 1929 928; x_wconf 88' lang='lat' dir='ltr'>et</span> 
     </span>
     <span class='ocr_line' id='line_1_77' title="bbox 1077 949 1927 981; baseline 0.005 -10"><span class='ocrx_word' id='word_1_695' title='bbox 1077 949 1150 972; x_wconf 87' lang='lat' dir='ltr'>salute</span> <span class='ocrx_word' id='word_1_696' title='bbox 1167 949 1309 978; x_wconf 83' lang='lat' dir='ltr'>animarum,</span> <span class='ocrx_word' id='word_1_697' title='bbox 1328 953 1352 972; x_wconf 92' lang='lat' dir='ltr'>ut</span> <span class='ocrx_word' id='word_1_698' title='bbox 1368 950 1465 972; x_wconf 85' lang='lat' dir='ltr'>minime</span> <span class='ocrx_word' id='word_1_699' title='bbox 1481 951 1593 974; x_wconf 88' lang='lat' dir='ltr'>excedant</span> <span class='ocrx_word' id='word_1_700' title='bbox 1611 951 1720 974; x_wconf 87' lang='lat' dir='ltr'>terminos</span> <span class='ocrx_word' id='word_1_701' title='bbox 1738 952 1856 981; x_wconf 80' lang='lat' dir='ltr'>veritatis,</span> <span class='ocrx_word' id='word_1_702' title='bbox 1874 959 1927 975; x_wconf 87' lang='lat' dir='ltr'>cum</span> 
     </span>
     <span class='ocr_line' id='line_1_78' title="bbox 1078 996 1928 1025; baseline 0.005 -7"><span class='ocrx_word' id='word_1_703' title='bbox 1078 996 1186 1025; x_wconf 88' lang='lat' dir='ltr'>loquatur</span> <span class='ocrx_word' id='word_1_704' title='bbox 1203 1002 1256 1019; x_wconf 90' lang='lat' dir='ltr'>cum</span> <span class='ocrx_word' id='word_1_705' title='bbox 1274 996 1430 1024; x_wconf 87' lang='lat' dir='ltr'>restrictione,</span> <span class='ocrx_word' id='word_1_706' title='bbox 1448 997 1520 1019; x_wconf 90' lang='lat' dir='ltr'>immo</span> <span class='ocrx_word' id='word_1_707' title='bbox 1537 1003 1580 1020; x_wconf 91' lang='lat' dir='ltr'>nec</span> <span class='ocrx_word' id='word_1_708' title='bbox 1598 998 1709 1020; x_wconf 83' lang='lat' dir='ltr'>terminos</span> <span class='ocrx_word' id='word_1_709' title='bbox 1731 997 1838 1021; x_wconf 73' lang='lat' dir='ltr'>caritot-is</span> <span class='ocrx_word' id='word_1_710' title='bbox 1855 1002 1878 1021; x_wconf 86' lang='lat' dir='ltr'>et</span> <span class='ocrx_word' id='word_1_711' title='bbox 1894 1005 1928 1022; x_wconf 76' lang='lat' dir='ltr'>rc—</span> 
     </span>
     <span class='ocr_line' id='line_1_79' title="bbox 1078 1042 1203 1065; baseline 0 0"><span class='ocrx_word' id='word_1_712' title='bbox 1078 1042 1203 1065; x_wconf 78' lang='lat' dir='ltr'>verentz&#39;ae.</span> 
     </span>
    </p>

    <p class='ocr_par' dir='ltr' id='par_1_11' title="bbox 1074 1090 1928 1544">
     <span class='ocr_line' id='line_1_80' title="bbox 1141 1090 1925 1120; baseline 0.003 -8"><span class='ocrx_word' id='word_1_713' title='bbox 1141 1090 1240 1118; x_wconf 82' lang='lat' dir='ltr'>Quarto,</span> <span class='ocrx_word' id='word_1_714' title='bbox 1258 1090 1308 1118; x_wconf 89' lang='lat' dir='ltr'>lpse</span> <span class='ocrx_word' id='word_1_715' title='bbox 1325 1090 1399 1113; x_wconf 89' lang='lat' dir='ltr'>editor</span> <span class='ocrx_word' id='word_1_716' title='bbox 1418 1090 1506 1118; x_wconf 71' lang='lat' dir='ltr'>(Prodr.</span> <span class='ocrx_word' id='word_1_717' title='bbox 1524 1091 1567 1113; x_wconf 93' lang='lat' dir='ltr'>col.</span> <span class='ocrx_word' id='word_1_718' title='bbox 1588 1091 1633 1113; x_wconf 79' lang='lat'>652</span> <span class='ocrx_word' id='word_1_719' title='bbox 1654 1097 1675 1113; x_wconf 92' lang='lat' dir='ltr'>n.</span> <span class='ocrx_word' id='word_1_720' title='bbox 1697 1091 1731 1120; x_wconf 84' lang='lat'>8.)</span> <span class='ocrx_word' id='word_1_721' title='bbox 1757 1094 1830 1120; x_wconf 86' lang='lat' dir='ltr'>notat,</span> <span class='ocrx_word' id='word_1_722' title='bbox 1850 1095 1925 1114; x_wconf 84' lang='lat' dir='ltr'>aucto-</span> 
     </span>
     <span class='ocr_line' id='line_1_81' title="bbox 1076 1136 1925 1167; baseline 0.002 -8"><span class='ocrx_word' id='word_1_723' title='bbox 1076 1142 1127 1159; x_wconf 88' lang='lat' dir='ltr'>rem</span> <span class='ocrx_word' id='word_1_724' title='bbox 1146 1137 1214 1159; x_wconf 91' lang='lat' dir='ltr'>huius</span> <span class='ocrx_word' id='word_1_725' title='bbox 1238 1136 1404 1160; x_wconf 87' lang='lat' dir='ltr'>Commentarii</span> <span class='ocrx_word' id='word_1_726' title='bbox 1428 1138 1452 1159; x_wconf 92' lang='lat' dir='ltr'>in</span> <span class='ocrx_word' id='word_1_727' title='bbox 1469 1138 1571 1167; x_wconf 88' lang='lat' dir='ltr'>quadam</span> <span class='ocrx_word' id='word_1_728' title='bbox 1597 1144 1622 1160; x_wconf 93' lang='lat' dir='ltr'>re</span> <span class='ocrx_word' id='word_1_729' title='bbox 1639 1144 1684 1161; x_wconf 90' lang='lat' dir='ltr'>non</span> <span class='ocrx_word' id='word_1_730' title='bbox 1707 1139 1849 1161; x_wconf 88' lang='lat' dir='ltr'>concordare</span> <span class='ocrx_word' id='word_1_731' title='bbox 1872 1145 1925 1162; x_wconf 90' lang='lat' dir='ltr'>cum</span> 
     </span>
     <span class='ocr_line' id='line_1_82' title="bbox 1076 1184 1928 1215; baseline 0.004 -9"><span class='ocrx_word' id='word_1_732' title='bbox 1076 1185 1250 1213; x_wconf 82' lang='lat' dir='ltr'>Bonaventura⁷</span> <span class='ocrx_word' id='word_1_733' title='bbox 1267 1185 1307 1213; x_wconf 88' lang='lat' dir='ltr'>qui</span> <span class='ocrx_word' id='word_1_734' title='bbox 1325 1185 1347 1207; x_wconf 93' lang='lat' dir='ltr'>in</span> <span class='ocrx_word' id='word_1_735' title='bbox 1364 1185 1436 1207; x_wconf 91' lang='lat' dir='ltr'>collat.</span> <span class='ocrx_word' id='word_1_736' title='bbox 1455 1185 1506 1207; x_wconf 86' lang='lat' dir='ltr'>XV.</span> <span class='ocrx_word' id='word_1_737' title='bbox 1517 1184 1551 1214; x_wconf 82' lang='lat' dir='ltr'>[n.</span> <span class='ocrx_word' id='word_1_738' title='bbox 1565 1185 1599 1215; x_wconf 89' lang='grc'>3.]</span> <span class='ocrx_word' id='word_1_739' title='bbox 1616 1185 1638 1208; x_wconf 94' lang='lat' dir='ltr'>in</span> <span class='ocrx_word' id='word_1_740' title='bbox 1650 1186 1759 1208; x_wconf 78' lang='lat' dir='ltr'>Hexae‘m.</span> <span class='ocrx_word' id='word_1_741' title='bbox 1775 1186 1804 1208; x_wconf 92' lang='lat' dir='ltr'>de</span> <span class='ocrx_word' id='word_1_742' title='bbox 1821 1187 1928 1209; x_wconf 88' lang='lat' dir='ltr'>antichri-</span> 
     </span>
     <span class='ocr_line' id='line_1_83' title="bbox 1076 1232 1927 1261; baseline 0.001 -6"><span class='ocrx_word' id='word_1_743' title='bbox 1076 1235 1111 1255; x_wconf 86' lang='lat' dir='ltr'>sto</span> <span class='ocrx_word' id='word_1_744' title='bbox 1128 1232 1195 1255; x_wconf 90' lang='lat' dir='ltr'>dicit:</span> <span class='ocrx_word' id='word_1_745' title='bbox 1211 1240 1221 1253; x_wconf 73' lang='lat' dir='ltr'>a</span> <span class='ocrx_word' id='word_1_746' title='bbox 1235 1232 1309 1261; x_wconf 86' lang='lat' dir='ltr'>Aliqui</span> <span class='ocrx_word' id='word_1_747' title='bbox 1327 1233 1408 1255; x_wconf 64' lang='lat' dir='ltr'>volunt</span> <span class='ocrx_word' id='word_1_748' title='bbox 1420 1232 1497 1255; x_wconf 86' lang='lat' dir='ltr'>dicere</span> <span class='ocrx_word' id='word_1_749' title='bbox 1507 1250 1512 1260; x_wconf 91' lang='lat'><em>‚</em></span> <span class='ocrx_word' id='word_1_750' title='bbox 1529 1233 1593 1261; x_wconf 87' lang='lat' dir='ltr'>quod</span> <span class='ocrx_word' id='word_1_751' title='bbox 1611 1233 1641 1256; x_wconf 93' lang='lat' dir='ltr'>ad</span> <span class='ocrx_word' id='word_1_752' title='bbox 1652 1233 1749 1256; x_wconf 83' lang='lat' dir='ltr'>litteram</span> <span class='ocrx_word' id='word_1_753' title='bbox 1767 1234 1809 1256; x_wconf 87' lang='lat' dir='ltr'>erit</span> <span class='ocrx_word' id='word_1_754' title='bbox 1825 1233 1927 1256; x_wconf 90' lang='lat' dir='ltr'>detribu</span> 
     </span>
     <span class='ocr_line' id='line_1_84' title="bbox 1075 1279 1927 1308; baseline 0.004 -7"><span class='ocrx_word' id='word_1_755' title='bbox 1075 1279 1137 1306; x_wconf 88' lang='lat' dir='ltr'>Dan;</span> <span class='ocrx_word' id='word_1_756' title='bbox 1155 1282 1232 1302; x_wconf 88' lang='lat' dir='ltr'>utrum</span> <span class='ocrx_word' id='word_1_757' title='bbox 1250 1282 1327 1302; x_wconf 90' lang='lat' dir='ltr'>autem</span> <span class='ocrx_word' id='word_1_758' title='bbox 1345 1280 1373 1302; x_wconf 84' lang='lat' dir='ltr'>ita</span> <span class='ocrx_word' id='word_1_759' title='bbox 1386 1280 1425 1308; x_wconf 85' lang='lat' dir='ltr'>sit,</span> <span class='ocrx_word' id='word_1_760' title='bbox 1438 1286 1483 1302; x_wconf 85' lang='lat' dir='ltr'>non</span> <span class='ocrx_word' id='word_1_761' title='bbox 1499 1280 1611 1302; x_wconf 86' lang='lat' dir='ltr'>auderem</span> <span class='ocrx_word' id='word_1_762' title='bbox 1628 1281 1744 1303; x_wconf 81' lang='lat' dir='ltr'>affirmare</span> <span class='ocrx_word' id='word_1_763' title='bbox 1756 1289 1779 1303; x_wconf 69' lang='grc' dir='ltr'>ι.</span> <span class='ocrx_word' id='word_1_764' title='bbox 1796 1281 1819 1303; x_wconf 93' lang='lat' dir='ltr'>ln</span> <span class='ocrx_word' id='word_1_765' title='bbox 1836 1281 1927 1304; x_wconf 77' lang='lat' dir='ltr'>Postilla</span> 
     </span>
     <span class='ocr_line' id='line_1_85' title="bbox 1075 1326 1926 1356; baseline 0.004 -8"><span class='ocrx_word' id='word_1_766' title='bbox 1075 1332 1132 1348; x_wconf 91' lang='lat' dir='ltr'>vero</span> <span class='ocrx_word' id='word_1_767' title='bbox 1159 1326 1193 1355; x_wconf 93' lang='lat' dir='ltr'>(n.</span> <span class='ocrx_word' id='word_1_768' title='bbox 1216 1326 1278 1355; x_wconf 80' lang='lat'>480.)</span> <span class='ocrx_word' id='word_1_769' title='bbox 1297 1326 1380 1349; x_wconf 87' lang='lat' dir='ltr'>dicitur</span> <span class='ocrx_word' id='word_1_770' title='bbox 1402 1327 1516 1355; x_wconf 87' lang='lat' dir='ltr'>expressis</span> <span class='ocrx_word' id='word_1_771' title='bbox 1541 1327 1631 1356; x_wconf 83' lang='lat' dir='ltr'>verbis,</span> <span class='ocrx_word' id='word_1_772' title='bbox 1654 1328 1723 1350; x_wconf 88' lang='lat' dir='ltr'>istum</span> <span class='ocrx_word' id='word_1_773' title='bbox 1744 1329 1791 1351; x_wconf 87' lang='lat' dir='ltr'>sore</span> <span class='ocrx_word' id='word_1_774' title='bbox 1813 1334 1840 1351; x_wconf 84' lang='lat' dir='ltr'>ex</span> <span class='ocrx_word' id='word_1_775' title='bbox 1866 1328 1926 1351; x_wconf 90' lang='lat' dir='ltr'>tribu</span> 
     </span>
     <span class='ocr_line' id='line_1_86' title="bbox 1075 1373 1927 1404; baseline 0.004 -9"><span class='ocrx_word' id='word_1_776' title='bbox 1075 1373 1132 1396; x_wconf 89' lang='lat' dir='ltr'>Dan.</span> <span class='ocrx_word' id='word_1_777' title='bbox 1149 1374 1213 1396; x_wconf 87' lang='lat' dir='ltr'>Hanc</span> <span class='ocrx_word' id='word_1_778' title='bbox 1230 1373 1384 1396; x_wconf 88' lang='lat' dir='ltr'>obiectionem</span> <span class='ocrx_word' id='word_1_779' title='bbox 1396 1374 1471 1397; x_wconf 89' lang='lat' dir='ltr'>editor</span> <span class='ocrx_word' id='word_1_780' title='bbox 1487 1381 1515 1397; x_wconf 91' lang='lat' dir='ltr'>eo</span> <span class='ocrx_word' id='word_1_781' title='bbox 1527 1375 1608 1403; x_wconf 85' lang='lat' dir='ltr'>solvit,</span> <span class='ocrx_word' id='word_1_782' title='bbox 1625 1375 1689 1404; x_wconf 90' lang='lat' dir='ltr'>quod</span> <span class='ocrx_word' id='word_1_783' title='bbox 1706 1381 1753 1398; x_wconf 90' lang='lat' dir='ltr'>non</span> <span class='ocrx_word' id='word_1_784' title='bbox 1772 1376 1801 1398; x_wconf 83' lang='lat' dir='ltr'>sit</span> <span class='ocrx_word' id='word_1_785' title='bbox 1818 1376 1854 1398; x_wconf 90' lang='lat' dir='ltr'>hic</span> <span class='ocrx_word' id='word_1_786' title='bbox 1874 1382 1927 1404; x_wconf 82' lang='lat' dir='ltr'>pro-</span> 
     </span>
     <span class='ocr_line' id='line_1_87' title="bbox 1074 1420 1927 1450; baseline 0.004 -8"><span class='ocrx_word' id='word_1_787' title='bbox 1074 1421 1125 1448; x_wconf 89' lang='lat' dir='ltr'>prie</span> <span class='ocrx_word' id='word_1_788' title='bbox 1142 1420 1264 1449; x_wconf 79' lang='lat' dir='ltr'>antilogia,</span> <span class='ocrx_word' id='word_1_789' title='bbox 1282 1423 1304 1443; x_wconf 88' lang='lat' dir='ltr'>et</span> <span class='ocrx_word' id='word_1_790' title='bbox 1321 1421 1386 1450; x_wconf 88' lang='lat' dir='ltr'>quod</span> <span class='ocrx_word' id='word_1_791' title='bbox 1405 1421 1427 1443; x_wconf 88' lang='lat' dir='ltr'>S.</span> <span class='ocrx_word' id='word_1_792' title='bbox 1444 1421 1529 1444; x_wconf 90' lang='lat' dir='ltr'>Doctor</span> <span class='ocrx_word' id='word_1_793' title='bbox 1546 1422 1569 1444; x_wconf 92' lang='lat' dir='ltr'>in</span> <span class='ocrx_word' id='word_1_794' title='bbox 1588 1422 1667 1444; x_wconf 84' lang='lat' dir='ltr'>ultimo</span> <span class='ocrx_word' id='word_1_795' title='bbox 1690 1428 1733 1445; x_wconf 89' lang='lat' dir='ltr'>suo</span> <span class='ocrx_word' id='word_1_796' title='bbox 1755 1428 1837 1450; x_wconf 84' lang='lat' dir='ltr'>opere,</span> <span class='ocrx_word' id='word_1_797' title='bbox 1854 1425 1927 1445; x_wconf 87' lang='lat' dir='ltr'>aetate</span> 
     </span>
     <span class='ocr_line' id='line_1_88' title="bbox 1075 1468 1925 1498; baseline 0.002 -8"><span class='ocrx_word' id='word_1_798' title='bbox 1075 1468 1184 1496; x_wconf 89' lang='lat' dir='ltr'>grandior</span> <span class='ocrx_word' id='word_1_799' title='bbox 1201 1470 1223 1490; x_wconf 89' lang='lat' dir='ltr'>et</span> <span class='ocrx_word' id='word_1_800' title='bbox 1245 1468 1335 1491; x_wconf 90' lang='lat' dir='ltr'>doctior</span> <span class='ocrx_word' id='word_1_801' title='bbox 1360 1469 1445 1496; x_wconf 78' lang='lat' dir='ltr'>sactus,</span> <span class='ocrx_word' id='word_1_802' title='bbox 1471 1469 1572 1497; x_wconf 87' lang='lat' dir='ltr'>priorem</span> <span class='ocrx_word' id='word_1_803' title='bbox 1598 1469 1734 1492; x_wconf 80' lang='lat' dir='ltr'>sententiani</span> <span class='ocrx_word' id='word_1_804' title='bbox 1754 1470 1925 1498; x_wconf 78' lang='lat' dir='ltr'>temperaverit.</span> 
     </span>
     <span class='ocr_line' id='line_1_89' title="bbox 1074 1513 1614 1544; baseline 0.002 -7"><span class='ocrx_word' id='word_1_805' title='bbox 1074 1513 1140 1537; x_wconf 85' lang='lat' dir='ltr'>Certe</span> <span class='ocrx_word' id='word_1_806' title='bbox 1156 1516 1214 1537; x_wconf 90' lang='lat' dir='ltr'>haec</span> <span class='ocrx_word' id='word_1_807' title='bbox 1230 1521 1267 1537; x_wconf 90' lang='lat' dir='ltr'>res</span> <span class='ocrx_word' id='word_1_808' title='bbox 1284 1520 1330 1537; x_wconf 90' lang='lat' dir='ltr'>non</span> <span class='ocrx_word' id='word_1_809' title='bbox 1347 1518 1381 1538; x_wconf 85' lang='lat' dir='ltr'>est</span> <span class='ocrx_word' id='word_1_810' title='bbox 1399 1515 1478 1544; x_wconf 81' lang='lat' dir='ltr'>magni</span> <span class='ocrx_word' id='word_1_811' title='bbox 1497 1516 1614 1538; x_wconf 88' lang='lat' dir='ltr'>momenti.</span> 
     </span>
    </p>

    <p class='ocr_par' dir='ltr' id='par_1_12' title="bbox 1073 1562 1927 1732">
     <span class='ocr_line' id='line_1_90' title="bbox 1137 1562 1927 1592; baseline 0.003 -8"><span class='ocrx_word' id='word_1_812' title='bbox 1137 1562 1247 1585; x_wconf 90' lang='lat' dir='ltr'>Nolumus</span> <span class='ocrx_word' id='word_1_813' title='bbox 1264 1562 1333 1585; x_wconf 78' lang='lat' dir='ltr'>etlam</span> <span class='ocrx_word' id='word_1_814' title='bbox 1351 1562 1449 1585; x_wconf 85' lang='lat' dir='ltr'>multum</span> <span class='ocrx_word' id='word_1_815' title='bbox 1475 1569 1570 1591; x_wconf 87' lang='lat' dir='ltr'>urgere,</span> <span class='ocrx_word' id='word_1_816' title='bbox 1596 1563 1660 1592; x_wconf 88' lang='lat' dir='ltr'>quod</span> <span class='ocrx_word' id='word_1_817' title='bbox 1678 1563 1700 1585; x_wconf 89' lang='lat' dir='ltr'>in</span> <span class='ocrx_word' id='word_1_818' title='bbox 1723 1564 1767 1586; x_wconf 90' lang='lat' dir='ltr'>hoe</span> <span class='ocrx_word' id='word_1_819' title='bbox 1783 1563 1927 1586; x_wconf 85' lang='lat' dir='ltr'>Commenta-</span> 
     </span>
     <span class='ocr_line' id='line_1_91' title="bbox 1073 1608 1927 1639; baseline 0.004 -9"><span class='ocrx_word' id='word_1_820' title='bbox 1073 1608 1107 1631; x_wconf 90' lang='lat' dir='ltr'>rio</span> <span class='ocrx_word' id='word_1_821' title='bbox 1125 1609 1258 1631; x_wconf 86' lang='lat' dir='ltr'>inseruntur</span> <span class='ocrx_word' id='word_1_822' title='bbox 1275 1610 1334 1632; x_wconf 91' lang='lat' dir='ltr'>ultra</span> <span class='ocrx_word' id='word_1_823' title='bbox 1346 1609 1376 1631; x_wconf 80' lang='lat'>25</span> <span class='ocrx_word' id='word_1_824' title='bbox 1393 1609 1499 1632; x_wconf 69' lang='lat' dir='ltr'>themata</span> <span class='ocrx_word' id='word_1_825' title='bbox 1509 1615 1649 1632; x_wconf 80' lang='lat' dir='ltr'>sermonum</span> <span class='ocrx_word' id='word_1_826' title='bbox 1668 1610 1711 1639; x_wconf 90' lang='lat' dir='ltr'>(ita</span> <span class='ocrx_word' id='word_1_827' title='bbox 1723 1616 1793 1639; x_wconf 87' lang='lat' dir='ltr'>saepe</span> <span class='ocrx_word' id='word_1_828' title='bbox 1808 1611 1927 1633; x_wconf 89' lang='lat' dir='ltr'>nominan-</span> 
     </span>
     <span class='ocr_line' id='line_1_92' title="bbox 1073 1656 1925 1687; baseline 0.002 -9"><span class='ocrx_word' id='word_1_829' title='bbox 1073 1658 1118 1685; x_wconf 86' lang='lat' dir='ltr'>tur)</span> <span class='ocrx_word' id='word_1_830' title='bbox 1137 1656 1192 1678; x_wconf 87' lang='lat' dir='ltr'>satis</span> <span class='ocrx_word' id='word_1_831' title='bbox 1208 1656 1291 1679; x_wconf 78' lang='lat' dir='ltr'>dimise</span> <span class='ocrx_word' id='word_1_832' title='bbox 1308 1656 1411 1684; x_wconf 83' lang='lat' dir='ltr'>exposita</span> <span class='ocrx_word' id='word_1_833' title='bbox 1433 1656 1518 1685; x_wconf 85' lang='lat' dir='ltr'>allique</span> <span class='ocrx_word' id='word_1_834' title='bbox 1543 1662 1654 1679; x_wconf 83' lang='lat' dir='ltr'>excursus</span> <span class='ocrx_word' id='word_1_835' title='bbox 1679 1658 1789 1685; x_wconf 70' lang='lat' dir='ltr'>morales,</span> <span class='ocrx_word' id='word_1_836' title='bbox 1816 1658 1837 1680; x_wconf 84' lang='lat' dir='ltr'>id</span> <span class='ocrx_word' id='word_1_837' title='bbox 1863 1658 1925 1687; x_wconf 86' lang='lat' dir='ltr'>quod</span> 
     </span>
     <span class='ocr_line' id='line_1_93' title="bbox 1074 1703 1695 1732; baseline 0.003 -7"><span class='ocrx_word' id='word_1_838' title='bbox 1074 1704 1095 1725; x_wconf 82' lang='lat' dir='ltr'>S.</span> <span class='ocrx_word' id='word_1_839' title='bbox 1114 1704 1198 1726; x_wconf 89' lang='lat' dir='ltr'>Doctor</span> <span class='ocrx_word' id='word_1_840' title='bbox 1215 1704 1238 1725; x_wconf 87' lang='lat' dir='ltr'>in</span> <span class='ocrx_word' id='word_1_841' title='bbox 1255 1703 1432 1726; x_wconf 76' lang='lat' dir='ltr'>Commentariis</span> <span class='ocrx_word' id='word_1_842' title='bbox 1449 1705 1555 1732; x_wconf 89' lang='lat' dir='ltr'>genuinis</span> <span class='ocrx_word' id='word_1_843' title='bbox 1574 1711 1617 1727; x_wconf 89' lang='lat' dir='ltr'>non</span> <span class='ocrx_word' id='word_1_844' title='bbox 1636 1705 1695 1727; x_wconf 78' lang='lat' dir='ltr'>facit.</span> 
     </span>
    </p>

    <p class='ocr_par' dir='ltr' id='par_1_13' title="bbox 1064 1751 1925 3007">
     <span class='ocr_line' id='line_1_94' title="bbox 1136 1751 1924 1780; baseline 0.001 -7"><span class='ocrx_word' id='word_1_845' title='bbox 1136 1751 1220 1780; x_wconf 85' lang='lat' dir='ltr'>Quinto</span> <span class='ocrx_word' id='word_1_846' title='bbox 1232 1757 1301 1778; x_wconf 71' lang='lat' dir='ltr'>vero,</span> <span class='ocrx_word' id='word_1_847' title='bbox 1314 1751 1367 1779; x_wconf 89' lang='lat' dir='ltr'>plus</span> <span class='ocrx_word' id='word_1_848' title='bbox 1379 1751 1461 1773; x_wconf 85' lang='lat' dir='ltr'>ceteris</span> <span class='ocrx_word' id='word_1_849' title='bbox 1477 1758 1519 1774; x_wconf 91' lang='lat' dir='ltr'>nos</span> <span class='ocrx_word' id='word_1_850' title='bbox 1532 1754 1622 1779; x_wconf 86' lang='lat' dir='ltr'>movet,</span> <span class='ocrx_word' id='word_1_851' title='bbox 1639 1752 1703 1780; x_wconf 90' lang='lat' dir='ltr'>quod</span> <span class='ocrx_word' id='word_1_852' title='bbox 1716 1752 1737 1774; x_wconf 91' lang='lat' dir='ltr'>in</span> <span class='ocrx_word' id='word_1_853' title='bbox 1750 1752 1856 1780; x_wconf 90' lang='lat' dir='ltr'>plurimis</span> <span class='ocrx_word' id='word_1_854' title='bbox 1868 1753 1924 1775; x_wconf 86' lang='lat' dir='ltr'>locis</span> 
     </span>
     <span class='ocr_line' id='line_1_95' title="bbox 1073 1797 1924 1828; baseline 0.002 -8"><span class='ocrx_word' id='word_1_855' title='bbox 1073 1798 1142 1820; x_wconf 88' lang='lat' dir='ltr'>huius</span> <span class='ocrx_word' id='word_1_856' title='bbox 1158 1797 1321 1821; x_wconf 83' lang='lat' dir='ltr'>Cornmentarii</span> <span class='ocrx_word' id='word_1_857' title='bbox 1340 1804 1424 1826; x_wconf 89' lang='lat' dir='ltr'>magna</span> <span class='ocrx_word' id='word_1_858' title='bbox 1443 1798 1570 1821; x_wconf 84' lang='lat' dir='ltr'>verborum</span> <span class='ocrx_word' id='word_1_859' title='bbox 1583 1801 1605 1821; x_wconf 89' lang='lat' dir='ltr'>et</span> <span class='ocrx_word' id='word_1_860' title='bbox 1617 1799 1660 1821; x_wconf 91' lang='lat' dir='ltr'>stili</span> <span class='ocrx_word' id='word_1_861' title='bbox 1672 1799 1798 1821; x_wconf 79' lang='lat' dir='ltr'>differentia</span> <span class='ocrx_word' id='word_1_862' title='bbox 1816 1802 1924 1828; x_wconf 82' lang='lat' dir='ltr'>apparet,</span> 
     </span>
     <span class='ocr_line' id='line_1_96' title="bbox 1073 1845 1925 1874; baseline 0.001 -7"><span class='ocrx_word' id='word_1_863' title='bbox 1073 1851 1133 1874; x_wconf 90' lang='lat' dir='ltr'>quae</span> <span class='ocrx_word' id='word_1_864' title='bbox 1146 1845 1258 1873; x_wconf 86' lang='lat' dir='ltr'>insinuat,</span> <span class='ocrx_word' id='word_1_865' title='bbox 1275 1848 1393 1868; x_wconf 90' lang='lat' dir='ltr'>auctorem</span> <span class='ocrx_word' id='word_1_866' title='bbox 1407 1852 1451 1868; x_wconf 94' lang='lat' dir='ltr'>non</span> <span class='ocrx_word' id='word_1_867' title='bbox 1465 1846 1535 1868; x_wconf 82' lang='lat' dir='ltr'>fuisse</span> <span class='ocrx_word' id='word_1_868' title='bbox 1547 1846 1570 1868; x_wconf 88' lang='lat' dir='ltr'>S.</span> <span class='ocrx_word' id='word_1_869' title='bbox 1583 1846 1781 1874; x_wconf 81' lang='lat' dir='ltr'>Bonaventuram,</span> <span class='ocrx_word' id='word_1_870' title='bbox 1794 1846 1836 1868; x_wconf 90' lang='lat' dir='ltr'>sed</span> <span class='ocrx_word' id='word_1_871' title='bbox 1847 1847 1925 1874; x_wconf 89' lang='lat' dir='ltr'>potius</span> 
     </span>
     <span class='ocr_line' id='line_1_97' title="bbox 1072 1893 1925 1922; baseline 0 -7"><span class='ocrx_word' id='word_1_872' title='bbox 1072 1893 1143 1915; x_wconf 89' lang='lat' dir='ltr'>alium</span> <span class='ocrx_word' id='word_1_873' title='bbox 1155 1893 1240 1915; x_wconf 85' lang='lat' dir='ltr'>saeculi</span> <span class='ocrx_word' id='word_1_874' title='bbox 1257 1893 1318 1916; x_wconf 90' lang='lat' dir='ltr'>XlV.</span> <span class='ocrx_word' id='word_1_875' title='bbox 1335 1894 1385 1921; x_wconf 87' lang='lat' dir='ltr'>lpse</span> <span class='ocrx_word' id='word_1_876' title='bbox 1397 1893 1420 1915; x_wconf 92' lang='lat' dir='ltr'>P.</span> <span class='ocrx_word' id='word_1_877' title='bbox 1433 1893 1517 1916; x_wconf 87' lang='lat' dir='ltr'>Bonelli</span> <span class='ocrx_word' id='word_1_878' title='bbox 1530 1894 1589 1916; x_wconf 85' lang='lat' dir='ltr'>hanc</span> <span class='ocrx_word' id='word_1_879' title='bbox 1601 1893 1751 1916; x_wconf 76' lang='lat' dir='ltr'>differentiam</span> <span class='ocrx_word' id='word_1_880' title='bbox 1764 1893 1841 1922; x_wconf 87' lang='lat' dir='ltr'>aliquo</span> <span class='ocrx_word' id='word_1_881' title='bbox 1854 1893 1925 1916; x_wconf 91' lang='lat' dir='ltr'>modo</span> 
     </span>
     <span class='ocr_line' id='line_1_98' title="bbox 1073 1939 1923 1963; baseline 0 -1"><span class='ocrx_word' id='word_1_882' title='bbox 1073 1940 1172 1962; x_wconf 87' lang='lat' dir='ltr'>sensisse</span> <span class='ocrx_word' id='word_1_883' title='bbox 1190 1940 1290 1963; x_wconf 87' lang='lat' dir='ltr'>videtur.</span> <span class='ocrx_word' id='word_1_884' title='bbox 1306 1941 1368 1963; x_wconf 90' lang='lat' dir='ltr'>Licet</span> <span class='ocrx_word' id='word_1_885' title='bbox 1391 1941 1452 1962; x_wconf 91' lang='lat' dir='ltr'>enim</span> <span class='ocrx_word' id='word_1_886' title='bbox 1478 1939 1532 1962; x_wconf 87' lang='lat' dir='ltr'>alibi</span> <span class='ocrx_word' id='word_1_887' title='bbox 1557 1943 1725 1963; x_wconf 83' lang='lat' dir='ltr'>commemoret</span> <span class='ocrx_word' id='word_1_888' title='bbox 1747 1940 1923 1963; x_wconf 90' lang='lat' dir='ltr'>similitudinem</span> 
     </span>
     <span class='ocr_line' id='line_1_99' title="bbox 1072 1986 1924 2016; baseline 0 -7"><span class='ocrx_word' id='word_1_889' title='bbox 1072 1987 1190 2009; x_wconf 87' lang='lat' dir='ltr'>doctrinae</span> <span class='ocrx_word' id='word_1_890' title='bbox 1206 1990 1228 2009; x_wconf 91' lang='lat' dir='ltr'>et</span> <span class='ocrx_word' id='word_1_891' title='bbox 1241 1986 1383 2016; x_wconf 69' lang='lat' dir='ltr'>phi-astum,</span> <span class='ocrx_word' id='word_1_892' title='bbox 1401 1994 1443 2015; x_wconf 92' lang='lat' dir='ltr'>pro</span> <span class='ocrx_word' id='word_1_893' title='bbox 1455 1994 1503 2016; x_wconf 89' lang='lat' dir='ltr'>quo</span> <span class='ocrx_word' id='word_1_894' title='bbox 1520 1988 1585 2010; x_wconf 85' lang='lat' dir='ltr'>all&#39;ert</span> <span class='ocrx_word' id='word_1_895' title='bbox 1601 1987 1716 2016; x_wconf 84' lang='lat' dir='ltr'>quosdam</span> <span class='ocrx_word' id='word_1_896' title='bbox 1729 1988 1791 2010; x_wconf 88' lang='lat' dir='ltr'>locos</span> <span class='ocrx_word' id='word_1_897' title='bbox 1808 1993 1835 2009; x_wconf 88' lang='lat' dir='ltr'>ex</span> <span class='ocrx_word' id='word_1_898' title='bbox 1854 1988 1924 2009; x_wconf 86' lang='lat' dir='ltr'>Bona·</span> 
     </span>
     <span class='ocr_line' id='line_1_100' title="bbox 1072 2024 1922 2063; baseline 0 -6"><span class='ocrx_word' id='word_1_899' title='bbox 1072 2037 1170 2057; x_wconf 88' lang='lat' dir='ltr'>ventura</span> <span class='ocrx_word' id='word_1_900' title='bbox 1194 2035 1358 2063; x_wconf 86' lang='lat' dir='ltr'>transcriptos;</span> <span class='ocrx_word' id='word_1_901' title='bbox 1381 2037 1457 2057; x_wconf 84' lang='lat' dir='ltr'>tamen</span> <span class='ocrx_word' id='word_1_902' title='bbox 1480 2035 1502 2057; x_wconf 92' lang='lat' dir='ltr'>in</span> <span class='ocrx_word' id='word_1_903' title='bbox 1520 2035 1690 2057; x_wconf 87' lang='lat' dir='ltr'>Praelocutione</span> <span class='ocrx_word' id='word_1_904' title='bbox 1708 2035 1740 2063; x_wconf 91' lang='lat' dir='ltr'>(n.</span> <span class='ocrx_word' id='word_1_905' title='bbox 1757 2035 1805 2063; x_wconf 73' lang='lat'>24.)</span> <span class='ocrx_word' id='word_1_906' title='bbox 1828 2024 1922 2057; x_wconf 80' lang='lat' dir='ltr'>scribit:</span> 
     </span>
     <span class='ocr_line' id='line_1_101' title="bbox 1074 2080 1923 2110; baseline 0 -7"><span class='ocrx_word' id='word_1_907' title='bbox 1074 2081 1186 2110; x_wconf 78' lang='lat' dir='ltr'>«Quodsi</span> <span class='ocrx_word' id='word_1_908' title='bbox 1203 2081 1272 2103; x_wconf 87' lang='lat' dir='ltr'>etiam</span> <span class='ocrx_word' id='word_1_909' title='bbox 1295 2081 1363 2103; x_wconf 92' lang='lat' dir='ltr'>huius</span> <span class='ocrx_word' id='word_1_910' title='bbox 1385 2080 1551 2104; x_wconf 87' lang='lat' dir='ltr'>Commentarii</span> <span class='ocrx_word' id='word_1_911' title='bbox 1574 2081 1639 2104; x_wconf 86' lang='lat' dir='ltr'>stilus</span> <span class='ocrx_word' id='word_1_912' title='bbox 1656 2081 1774 2104; x_wconf 89' lang='lat' dir='ltr'>videretur</span> <span class='ocrx_word' id='word_1_913' title='bbox 1797 2082 1866 2109; x_wconf 91' lang='lat' dir='ltr'>paulo</span> <span class='ocrx_word' id='word_1_914' title='bbox 1888 2081 1923 2103; x_wconf 88' lang='lat' dir='ltr'>di-</span> 
     </span>
     <span class='ocr_line' id='line_1_102' title="bbox 1072 2128 1922 2157; baseline 0 -7"><span class='ocrx_word' id='word_1_915' title='bbox 1072 2135 1154 2151; x_wconf 80' lang='lat' dir='ltr'>versus</span> <span class='ocrx_word' id='word_1_916' title='bbox 1171 2128 1200 2150; x_wconf 88' lang='lat' dir='ltr'>ab</span> <span class='ocrx_word' id='word_1_917' title='bbox 1222 2128 1271 2151; x_wconf 87' lang='lat' dir='ltr'>aliis</span> <span class='ocrx_word' id='word_1_918' title='bbox 1293 2128 1399 2151; x_wconf 86' lang='lat' dir='ltr'>eiusdem</span> <span class='ocrx_word' id='word_1_919' title='bbox 1416 2128 1492 2157; x_wconf 83' lang='lat' dir='ltr'>libris3</span> <span class='ocrx_word' id='word_1_920' title='bbox 1516 2128 1593 2151; x_wconf 88' lang='lat' dir='ltr'>adhuc</span> <span class='ocrx_word' id='word_1_921' title='bbox 1613 2128 1671 2151; x_wconf 87' lang='lat' dir='ltr'>nulla</span> <span class='ocrx_word' id='word_1_922' title='bbox 1695 2134 1764 2150; x_wconf 88' lang='lat' dir='ltr'>causa</span> <span class='ocrx_word' id='word_1_923' title='bbox 1787 2131 1859 2155; x_wconf 86' lang='lat' dir='ltr'>esset,</span> <span class='ocrx_word' id='word_1_924' title='bbox 1881 2134 1922 2150; x_wconf 89' lang='lat' dir='ltr'>cur</span> 
     </span>
     <span class='ocr_line' id='line_1_103' title="bbox 1072 2175 1925 2199; baseline 0 -1"><span class='ocrx_word' id='word_1_925' title='bbox 1072 2175 1148 2198; x_wconf 89' lang='lat' dir='ltr'>eidem</span> <span class='ocrx_word' id='word_1_926' title='bbox 1166 2175 1337 2199; x_wconf 85' lang='lat' dir='ltr'>abiudicaretur</span> <span class='ocrx_word' id='word_1_927' title='bbox 1350 2185 1371 2198; x_wconf 89' lang='lat'>».</span> <span class='ocrx_word' id='word_1_928' title='bbox 1389 2176 1452 2199; x_wconf 88' lang='lat' dir='ltr'>ldem</span> <span class='ocrx_word' id='word_1_929' title='bbox 1469 2176 1491 2198; x_wconf 90' lang='lat' dir='ltr'>in</span> <span class='ocrx_word' id='word_1_930' title='bbox 1510 2176 1680 2199; x_wconf 89' lang='lat' dir='ltr'>Praelocutione</span> <span class='ocrx_word' id='word_1_931' title='bbox 1697 2179 1719 2199; x_wconf 91' lang='lat' dir='ltr'>et</span> <span class='ocrx_word' id='word_1_932' title='bbox 1736 2176 1760 2198; x_wconf 85' lang='lat' dir='ltr'>in</span> <span class='ocrx_word' id='word_1_933' title='bbox 1777 2176 1837 2199; x_wconf 90' lang='lat' dir='ltr'>notis</span> <span class='ocrx_word' id='word_1_934' title='bbox 1854 2176 1925 2198; x_wconf 86' lang='lat' dir='ltr'>etiam</span> 
     </span>
     <span class='ocr_line' id='line_1_104' title="bbox 1072 2223 1924 2253; baseline -0.001 -7"><span class='ocrx_word' id='word_1_935' title='bbox 1072 2224 1155 2252; x_wconf 83' lang='lat' dir='ltr'>allegat</span> <span class='ocrx_word' id='word_1_936' title='bbox 1172 2224 1273 2247; x_wconf 85' lang='lat' dir='ltr'>minutas</span> <span class='ocrx_word' id='word_1_937' title='bbox 1297 2224 1412 2253; x_wconf 86' lang='lat' dir='ltr'>quasdam</span> <span class='ocrx_word' id='word_1_938' title='bbox 1437 2230 1487 2251; x_wconf 88' lang='lat' dir='ltr'>res,</span> <span class='ocrx_word' id='word_1_939' title='bbox 1513 2230 1573 2253; x_wconf 89' lang='lat' dir='ltr'>quae</span> <span class='ocrx_word' id='word_1_940' title='bbox 1589 2230 1602 2246; x_wconf 89' lang='lat' dir='ltr'>a</span> <span class='ocrx_word' id='word_1_941' title='bbox 1627 2224 1698 2246; x_wconf 92' lang='lat' dir='ltr'>modo</span> <span class='ocrx_word' id='word_1_942' title='bbox 1714 2223 1806 2247; x_wconf 90' lang='lat' dir='ltr'>dicendi</span> <span class='ocrx_word' id='word_1_943' title='bbox 1832 2226 1854 2246; x_wconf 91' lang='lat' dir='ltr'>et</span> <span class='ocrx_word' id='word_1_944' title='bbox 1871 2229 1924 2245; x_wconf 93' lang='lat' dir='ltr'>con-</span> 
     </span>
     <span class='ocr_line' id='line_1_105' title="bbox 1071 2270 1920 2299; baseline -0.001 -5"><span class='ocrx_word' id='word_1_945' title='bbox 1071 2272 1178 2294; x_wconf 81' lang='lat' dir='ltr'>nectendi</span> <span class='ocrx_word' id='word_1_946' title='bbox 1194 2272 1217 2294; x_wconf 89' lang='lat' dir='ltr'>S.</span> <span class='ocrx_word' id='word_1_947' title='bbox 1234 2272 1320 2294; x_wconf 83' lang='lat' dir='ltr'>Bonav.</span> <span class='ocrx_word' id='word_1_948' title='bbox 1333 2272 1424 2294; x_wconf 80' lang='lat' dir='ltr'>differre</span> <span class='ocrx_word' id='word_1_949' title='bbox 1442 2271 1562 2299; x_wconf 82' lang='lat' dir='ltr'>videntur,</span> <span class='ocrx_word' id='word_1_950' title='bbox 1574 2274 1599 2294; x_wconf 91' lang='lat' dir='ltr'>ut</span> <span class='ocrx_word' id='word_1_951' title='bbox 1616 2271 1670 2294; x_wconf 91' lang='lat' dir='ltr'>illud</span> <span class='ocrx_word' id='word_1_952' title='bbox 1682 2270 1808 2299; x_wconf 72' lang='lat' dir='ltr'>continua,</span> <span class='ocrx_word' id='word_1_953' title='bbox 1829 2272 1920 2298; x_wconf 76' lang='lat' dir='ltr'>notate,</span> 
     </span>
     <span class='ocr_line' id='line_1_106' title="bbox 1072 2317 1925 2348; baseline -0.002 -6"><span class='ocrx_word' id='word_1_954' title='bbox 1072 2319 1129 2342; x_wconf 89' lang='lat' dir='ltr'>illud</span> <span class='ocrx_word' id='word_1_955' title='bbox 1152 2319 1365 2348; x_wconf 81' lang='lat' dir='ltr'>frequentissimum</span> <span class='ocrx_word' id='word_1_956' title='bbox 1388 2319 1422 2342; x_wconf 81' lang='lat' dir='ltr'>ita</span> <span class='ocrx_word' id='word_1_957' title='bbox 1443 2318 1508 2347; x_wconf 68' lang='lat' dir='ltr'>dixi,</span> <span class='ocrx_word' id='word_1_958' title='bbox 1526 2322 1547 2341; x_wconf 87' lang='lat' dir='ltr'>et</span> <span class='ocrx_word' id='word_1_959' title='bbox 1568 2319 1682 2341; x_wconf 85' lang='lat' dir='ltr'>interdum</span> <span class='ocrx_word' id='word_1_960' title='bbox 1699 2317 1754 2341; x_wconf 79' lang='lat' dir='ltr'>bene</span> <span class='ocrx_word' id='word_1_961' title='bbox 1776 2317 1841 2346; x_wconf 61' lang='lat' dir='ltr'>disci,</span> <span class='ocrx_word' id='word_1_962' title='bbox 1869 2323 1925 2340; x_wconf 81' lang='lat' dir='ltr'>vere</span> 
     </span>
     <span class='ocr_line' id='line_1_107' title="bbox 1071 2365 1923 2394; baseline -0.005 -4"><span class='ocrx_word' id='word_1_963' title='bbox 1071 2367 1126 2390; x_wconf 68' lang='lat' dir='ltr'>dixi</span> <span class='ocrx_word' id='word_1_964' title='bbox 1135 2370 1179 2390; x_wconf 90' lang='lat' dir='ltr'>etc.</span> <span class='ocrx_word' id='word_1_965' title='bbox 1191 2367 1235 2389; x_wconf 87' lang='lat' dir='ltr'>Sed</span> <span class='ocrx_word' id='word_1_966' title='bbox 1248 2368 1305 2389; x_wconf 86' lang='lat' dir='ltr'>haec</span> <span class='ocrx_word' id='word_1_967' title='bbox 1317 2366 1353 2389; x_wconf 86' lang='lat' dir='ltr'>vel</span> <span class='ocrx_word' id='word_1_968' title='bbox 1365 2366 1447 2389; x_wconf 89' lang='lat' dir='ltr'>similia</span> <span class='ocrx_word' id='word_1_969' title='bbox 1459 2366 1482 2388; x_wconf 89' lang='lat' dir='ltr'>in</span> <span class='ocrx_word' id='word_1_970' title='bbox 1494 2366 1601 2394; x_wconf 85' lang='lat' dir='ltr'>genuinis</span> <span class='ocrx_word' id='word_1_971' title='bbox 1617 2365 1794 2388; x_wconf 70' lang='lat' dir='ltr'>Commentariis</span> <span class='ocrx_word' id='word_1_972' title='bbox 1808 2365 1923 2388; x_wconf 85' lang='lat' dir='ltr'>interdum</span> 
     </span>
     <span class='ocr_line' id='line_1_108' title="bbox 1070 2412 1923 2447; baseline -0.005 -9"><span class='ocrx_word' id='word_1_973' title='bbox 1070 2421 1192 2438; x_wconf 90' lang='lat' dir='ltr'>occurrere</span> <span class='ocrx_word' id='word_1_974' title='bbox 1209 2421 1253 2437; x_wconf 89' lang='lat' dir='ltr'>non</span> <span class='ocrx_word' id='word_1_975' title='bbox 1269 2420 1395 2447; x_wconf 73' lang='lat' dir='ltr'>negamus;</span> <span class='ocrx_word' id='word_1_976' title='bbox 1408 2420 1450 2437; x_wconf 89' lang='lat' dir='ltr'>nec</span> <span class='ocrx_word' id='word_1_977' title='bbox 1461 2415 1518 2436; x_wconf 84' lang='lat' dir='ltr'>hacc</span> <span class='ocrx_word' id='word_1_978' title='bbox 1530 2413 1608 2441; x_wconf 87' lang='lat' dir='ltr'>magni</span> <span class='ocrx_word' id='word_1_979' title='bbox 1621 2419 1671 2436; x_wconf 90' lang='lat' dir='ltr'>esse</span> <span class='ocrx_word' id='word_1_980' title='bbox 1683 2413 1794 2435; x_wconf 88' lang='lat' dir='ltr'>momenti</span> <span class='ocrx_word' id='word_1_981' title='bbox 1806 2412 1923 2435; x_wconf 82' lang='lat' dir='ltr'>contendi-</span> 
     </span>
     <span class='ocr_line' id='line_1_109' title="bbox 1071 2459 1923 2488; baseline -0.005 -4"><span class='ocrx_word' id='word_1_982' title='bbox 1071 2468 1130 2484; x_wconf 92' lang='lat' dir='ltr'>mus.</span> <span class='ocrx_word' id='word_1_983' title='bbox 1148 2462 1196 2484; x_wconf 86' lang='lat' dir='ltr'>Alia</span> <span class='ocrx_word' id='word_1_984' title='bbox 1214 2461 1276 2484; x_wconf 90' lang='lat' dir='ltr'>enim</span> <span class='ocrx_word' id='word_1_985' title='bbox 1294 2464 1347 2483; x_wconf 88' lang='lat' dir='ltr'>sunt</span> <span class='ocrx_word' id='word_1_986' title='bbox 1363 2463 1386 2483; x_wconf 85' lang='lat' dir='ltr'>et</span> <span class='ocrx_word' id='word_1_987' title='bbox 1405 2460 1477 2483; x_wconf 60' lang='lat' dir='ltr'>verba</span> <span class='ocrx_word' id='word_1_988' title='bbox 1495 2463 1517 2483; x_wconf 87' lang='lat' dir='ltr'>et</span> <span class='ocrx_word' id='word_1_989' title='bbox 1532 2460 1625 2482; x_wconf 89' lang='lat' dir='ltr'>dicendi</span> <span class='ocrx_word' id='word_1_990' title='bbox 1642 2459 1718 2486; x_wconf 90' lang='lat' dir='ltr'>modi,</span> <span class='ocrx_word' id='word_1_991' title='bbox 1736 2465 1796 2488; x_wconf 88' lang='lat' dir='ltr'>quae</span> <span class='ocrx_word' id='word_1_992' title='bbox 1814 2459 1923 2481; x_wconf 84' lang='lat' dir='ltr'>lectorem</span> 
     </span>
     <span class='ocr_line' id='line_1_110' title="bbox 1069 2506 1923 2536; baseline -0.005 -5"><span class='ocrx_word' id='word_1_993' title='bbox 1069 2509 1198 2531; x_wconf 77' lang='lat' dir='ltr'>offendunt.</span> <span class='ocrx_word' id='word_1_994' title='bbox 1210 2520 1241 2525; x_wconf 79' lang='lat'>--</span> <span class='ocrx_word' id='word_1_995' title='bbox 1253 2508 1423 2531; x_wconf 86' lang='lat' dir='ltr'>Praemittimus</span> <span class='ocrx_word' id='word_1_996' title='bbox 1435 2507 1553 2536; x_wconf 87' lang='lat' dir='ltr'>quandam</span> <span class='ocrx_word' id='word_1_997' title='bbox 1563 2506 1750 2530; x_wconf 88' lang='lat' dir='ltr'>observationem</span> <span class='ocrx_word' id='word_1_998' title='bbox 1762 2506 1863 2529; x_wconf 86' lang='lat' dir='ltr'>auctoris</span> <span class='ocrx_word' id='word_1_999' title='bbox 1874 2506 1923 2534; x_wconf 87' lang='lat' dir='ltr'>qui-</span> 
     </span>
     <span class='ocr_line' id='line_1_111' title="bbox 1070 2553 1922 2583; baseline -0.005 -5"><span class='ocrx_word' id='word_1_1000' title='bbox 1070 2555 1124 2578; x_wconf 90' lang='lat' dir='ltr'>dem</span> <span class='ocrx_word' id='word_1_1001' title='bbox 1142 2556 1257 2583; x_wconf 86' lang='lat' dir='ltr'>suspecti,</span> <span class='ocrx_word' id='word_1_1002' title='bbox 1274 2555 1323 2578; x_wconf 88' lang='lat' dir='ltr'>scil.</span> <span class='ocrx_word' id='word_1_1003' title='bbox 1340 2554 1437 2581; x_wconf 90' lang='lat' dir='ltr'>Oudini,</span> <span class='ocrx_word' id='word_1_1004' title='bbox 1455 2554 1496 2577; x_wconf 87' lang='lat' dir='ltr'>sed</span> <span class='ocrx_word' id='word_1_1005' title='bbox 1513 2553 1592 2583; x_wconf 89' lang='lat' dir='ltr'>quoad</span> <span class='ocrx_word' id='word_1_1006' title='bbox 1607 2559 1633 2575; x_wconf 90' lang='lat' dir='ltr'>ea</span> <span class='ocrx_word' id='word_1_1007' title='bbox 1646 2559 1707 2582; x_wconf 88' lang='lat' dir='ltr'>quae</span> <span class='ocrx_word' id='word_1_1008' title='bbox 1723 2555 1859 2582; x_wconf 87' lang='lat' dir='ltr'>sequuntur,</span> <span class='ocrx_word' id='word_1_1009' title='bbox 1877 2559 1922 2574; x_wconf 92' lang='lat' dir='ltr'>non</span> 
     </span>
     <span class='ocr_line' id='line_1_112' title="bbox 1068 2600 1922 2631; baseline -0.005 -6"><span class='ocrx_word' id='word_1_1010' title='bbox 1068 2603 1202 2631; x_wconf 87' lang='lat' dir='ltr'>spernendi.</span> <span class='ocrx_word' id='word_1_1011' title='bbox 1219 2602 1277 2625; x_wconf 90' lang='lat' dir='ltr'>Cum</span> <span class='ocrx_word' id='word_1_1012' title='bbox 1296 2602 1365 2630; x_wconf 91' lang='lat' dir='ltr'>igitur</span> <span class='ocrx_word' id='word_1_1013' title='bbox 1382 2601 1488 2625; x_wconf 90' lang='lat' dir='ltr'>Oudinus</span> <span class='ocrx_word' id='word_1_1014' title='bbox 1506 2601 1564 2630; x_wconf 92' lang='lat' dir='ltr'>(loc.</span> <span class='ocrx_word' id='word_1_1015' title='bbox 1575 2601 1612 2623; x_wconf 90' lang='lat' dir='ltr'>cit.</span> <span class='ocrx_word' id='word_1_1016' title='bbox 1624 2601 1668 2623; x_wconf 90' lang='lat' dir='ltr'>col.</span> <span class='ocrx_word' id='word_1_1017' title='bbox 1686 2601 1741 2629; x_wconf 80' lang='lat'>393)</span> <span class='ocrx_word' id='word_1_1018' title='bbox 1755 2600 1808 2622; x_wconf 92' lang='lat' dir='ltr'>illud</span> <span class='ocrx_word' id='word_1_1019' title='bbox 1825 2606 1922 2627; x_wconf 86' lang='lat' dir='ltr'>opuscu-</span> 
     </span>
     <span class='ocr_line' id='line_1_113' title="bbox 1068 2647 1920 2679; baseline -0.005 -7"><span class='ocrx_word' id='word_1_1020' title='bbox 1068 2650 1116 2673; x_wconf 82' lang='lat' dir='ltr'>lum</span> <span class='ocrx_word' id='word_1_1021' title='bbox 1136 2649 1283 2679; x_wconf 77' lang='lat' dir='ltr'>Principium</span> <span class='ocrx_word' id='word_1_1022' title='bbox 1300 2655 1317 2672; x_wconf 86' lang='lat' dir='ltr'>s.</span> <span class='ocrx_word' id='word_1_1023' title='bbox 1336 2649 1491 2678; x_wconf 73' lang='lat' dir='ltr'>scripturae,</span> <span class='ocrx_word' id='word_1_1024' title='bbox 1503 2649 1533 2671; x_wconf 86' lang='lat' dir='ltr'>de</span> <span class='ocrx_word' id='word_1_1025' title='bbox 1549 2655 1596 2677; x_wconf 91' lang='lat' dir='ltr'>quo</span> <span class='ocrx_word' id='word_1_1026' title='bbox 1613 2654 1682 2676; x_wconf 86' lang='lat' dir='ltr'>supra</span> <span class='ocrx_word' id='word_1_1027' title='bbox 1700 2648 1714 2676; x_wconf 67' lang='lat' dir='ltr'>S</span> <span class='ocrx_word' id='word_1_1028' title='bbox 1731 2648 1753 2669; x_wconf 81' lang='lat'>2.</span> <span class='ocrx_word' id='word_1_1029' title='bbox 1771 2647 1875 2675; x_wconf 88' lang='lat' dir='ltr'>egimus,</span> <span class='ocrx_word' id='word_1_1030' title='bbox 1893 2653 1920 2669; x_wconf 77' lang='lat' dir='ltr'>ex</span> 
     </span>
     <span class='ocr_line' id='line_1_114' title="bbox 1067 2693 1923 2724; baseline -0.005 -5"><span class='ocrx_word' id='word_1_1031' title='bbox 1067 2696 1275 2719; x_wconf 79' lang='lat' dir='ltr'>Bonaventurianis</span> <span class='ocrx_word' id='word_1_1032' title='bbox 1292 2696 1418 2724; x_wconf 79' lang='lat' dir='ltr'>expungit,</span> <span class='ocrx_word' id='word_1_1033' title='bbox 1435 2695 1548 2718; x_wconf 90' lang='lat' dir='ltr'>rationem</span> <span class='ocrx_word' id='word_1_1034' title='bbox 1560 2694 1644 2722; x_wconf 85' lang='lat' dir='ltr'>accipit</span> <span class='ocrx_word' id='word_1_1035' title='bbox 1660 2699 1686 2717; x_wconf 88' lang='lat' dir='ltr'>ex</span> <span class='ocrx_word' id='word_1_1036' title='bbox 1702 2694 1770 2716; x_wconf 91' lang='lat' dir='ltr'>nimis</span> <span class='ocrx_word' id='word_1_1037' title='bbox 1788 2693 1888 2716; x_wconf 88' lang='lat' dir='ltr'>barbaro</span> <span class='ocrx_word' id='word_1_1038' title='bbox 1901 2696 1923 2715; x_wconf 83' lang='lat' dir='ltr'>et</span> 
     </span>
     <span class='ocr_line' id='line_1_115' title="bbox 1067 2740 1920 2771; baseline -0.006 -4"><span class='ocrx_word' id='word_1_1039' title='bbox 1067 2745 1171 2767; x_wconf 74' lang='lat' dir='ltr'>affectato</span> <span class='ocrx_word' id='word_1_1040' title='bbox 1189 2744 1258 2767; x_wconf 89' lang='lat' dir='ltr'>huius</span> <span class='ocrx_word' id='word_1_1041' title='bbox 1275 2743 1354 2771; x_wconf 87' lang='lat' dir='ltr'>scripti</span> <span class='ocrx_word' id='word_1_1042' title='bbox 1371 2743 1429 2765; x_wconf 91' lang='lat' dir='ltr'>stilo.</span> <span class='ocrx_word' id='word_1_1043' title='bbox 1448 2742 1493 2765; x_wconf 83' lang='lat' dir='ltr'>Sed</span> <span class='ocrx_word' id='word_1_1044' title='bbox 1510 2742 1540 2764; x_wconf 91' lang='lat' dir='ltr'>de</span> <span class='ocrx_word' id='word_1_1045' title='bbox 1551 2742 1659 2770; x_wconf 86' lang='lat' dir='ltr'>legitimis</span> <span class='ocrx_word' id='word_1_1046' title='bbox 1676 2740 1787 2769; x_wconf 81' lang='lat' dir='ltr'>operibus</span> <span class='ocrx_word' id='word_1_1047' title='bbox 1803 2741 1920 2763; x_wconf 76' lang='lat' dir='ltr'>Bonaven-</span> 
     </span>
     <span class='ocr_line' id='line_1_116' title="bbox 1067 2787 1921 2818; baseline -0.006 -5"><span class='ocrx_word' id='word_1_1048' title='bbox 1067 2794 1133 2814; x_wconf 89' lang='lat' dir='ltr'>turae</span> <span class='ocrx_word' id='word_1_1049' title='bbox 1149 2791 1192 2818; x_wconf 90' lang='lat' dir='ltr'>ait,</span> <span class='ocrx_word' id='word_1_1050' title='bbox 1210 2791 1232 2813; x_wconf 91' lang='lat' dir='ltr'>in</span> <span class='ocrx_word' id='word_1_1051' title='bbox 1249 2790 1283 2813; x_wconf 88' lang='lat' dir='ltr'>eis</span> <span class='ocrx_word' id='word_1_1052' title='bbox 1304 2798 1314 2810; x_wconf 89' lang='lat'>«</span> <span class='ocrx_word' id='word_1_1053' title='bbox 1327 2790 1381 2812; x_wconf 90' lang='lat' dir='ltr'>nihil</span> <span class='ocrx_word' id='word_1_1054' title='bbox 1394 2789 1491 2812; x_wconf 91' lang='lat' dir='ltr'>inveniri</span> <span class='ocrx_word' id='word_1_1055' title='bbox 1508 2789 1551 2811; x_wconf 91' lang='lat' dir='ltr'>nisi</span> <span class='ocrx_word' id='word_1_1056' title='bbox 1563 2795 1648 2816; x_wconf 77' lang='lat' dir='ltr'>grave,</span> <span class='ocrx_word' id='word_1_1057' title='bbox 1666 2788 1720 2810; x_wconf 89' lang='lat' dir='ltr'>nihil</span> <span class='ocrx_word' id='word_1_1058' title='bbox 1738 2787 1839 2809; x_wconf 80' lang='lat' dir='ltr'>infantile</span> <span class='ocrx_word' id='word_1_1059' title='bbox 1852 2790 1921 2815; x_wconf 87' lang='lat' dir='ltr'>atque</span> 
     </span>
     <span class='ocr_line' id='line_1_117' title="bbox 1066 2833 1917 2866; baseline -0.006 -6"><span class='ocrx_word' id='word_1_1060' title='bbox 1066 2838 1209 2866; x_wconf 80' lang='lat' dir='ltr'>affectatum,</span> <span class='ocrx_word' id='word_1_1061' title='bbox 1226 2837 1278 2859; x_wconf 90' lang='lat' dir='ltr'>licet</span> <span class='ocrx_word' id='word_1_1062' title='bbox 1294 2836 1359 2859; x_wconf 84' lang='lat' dir='ltr'>stilus</span> <span class='ocrx_word' id='word_1_1063' title='bbox 1381 2835 1507 2865; x_wconf 87' lang='lat' dir='ltr'>aliquando</span> <span class='ocrx_word' id='word_1_1064' title='bbox 1524 2835 1634 2863; x_wconf 90' lang='lat' dir='ltr'>tantisper</span> <span class='ocrx_word' id='word_1_1065' title='bbox 1652 2834 1744 2857; x_wconf 86' lang='lat' dir='ltr'>humilis</span> <span class='ocrx_word' id='word_1_1066' title='bbox 1761 2834 1788 2856; x_wconf 86' lang='lat' dir='ltr'>sit</span> <span class='ocrx_word' id='word_1_1067' title='bbox 1807 2841 1832 2861; x_wconf 73' lang='lat'>›³;</span> <span class='ocrx_word' id='word_1_1068' title='bbox 1851 2833 1917 2860; x_wconf 70' lang='lat' dir='ltr'>item.</span> 
     </span>
     <span class='ocr_line' id='line_1_118' title="bbox 1065 2880 1914 2920; baseline -0.006 -13"><span class='ocrx_word' id='word_1_1069' title='bbox 1065 2891 1111 2920; x_wconf 87' lang='lat' dir='ltr'>non</span> <span class='ocrx_word' id='word_1_1070' title='bbox 1128 2890 1179 2907; x_wconf 87' lang='lat' dir='ltr'>esse</span> <span class='ocrx_word' id='word_1_1071' title='bbox 1196 2884 1219 2906; x_wconf 93' lang='lat' dir='ltr'>in</span> <span class='ocrx_word' id='word_1_1072' title='bbox 1237 2883 1325 2907; x_wconf 84' lang='lat' dir='ltr'>eisdem</span> <span class='ocrx_word' id='word_1_1073' title='bbox 1348 2883 1472 2906; x_wconf 85' lang='lat' dir='ltr'>dictionem</span> <span class='ocrx_word' id='word_1_1074' title='bbox 1489 2882 1626 2909; x_wconf 57' lang='lat' dir='ltr'>barbaranu</span> <span class='ocrx_word' id='word_1_1075' title='bbox 1648 2888 1709 2910; x_wconf 85' lang='lat' dir='ltr'>quae</span> <span class='ocrx_word' id='word_1_1076' title='bbox 1725 2887 1810 2903; x_wconf 89' lang='lat' dir='ltr'>vocum</span> <span class='ocrx_word' id='word_1_1077' title='bbox 1834 2880 1914 2903; x_wconf 85' lang='lat' dir='ltr'>barba-</span> 
     </span>
     <span class='ocr_line' id='line_1_119' title="bbox 1064 2927 1923 2957; baseline -0.006 -4"><span class='ocrx_word' id='word_1_1078' title='bbox 1064 2931 1110 2955; x_wconf 85' lang='lat' dir='ltr'>ries</span> <span class='ocrx_word' id='word_1_1079' title='bbox 1132 2930 1256 2953; x_wconf 86' lang='lat' dir='ltr'>invaluerit</span> <span class='ocrx_word' id='word_1_1080' title='bbox 1277 2930 1368 2952; x_wconf 87' lang='lat' dir='ltr'>saeculo</span> <span class='ocrx_word' id='word_1_1081' title='bbox 1392 2929 1452 2957; x_wconf 90' lang='lat' dir='ltr'>XlV,</span> <span class='ocrx_word' id='word_1_1082' title='bbox 1474 2929 1542 2952; x_wconf 91' lang='lat' dir='ltr'>simul</span> <span class='ocrx_word' id='word_1_1083' title='bbox 1563 2934 1617 2951; x_wconf 88' lang='lat' dir='ltr'>cum</span> <span class='ocrx_word' id='word_1_1084' title='bbox 1638 2929 1744 2950; x_wconf 76' lang='lat' dir='ltr'>affectato</span> <span class='ocrx_word' id='word_1_1085' title='bbox 1766 2931 1788 2949; x_wconf 88' lang='lat' dir='ltr'>et</span> <span class='ocrx_word' id='word_1_1086' title='bbox 1808 2927 1923 2949; x_wconf 87' lang='lat' dir='ltr'>continuo</span> 
     </span>
     <span class='ocr_line' id='line_1_120' title="bbox 1067 2972 1923 3007; baseline -0.006 -7"><span class='ocrx_word' id='word_1_1087' title='bbox 1067 2984 1112 3000; x_wconf 87' lang='lat' dir='ltr'>usu</span> <span class='ocrx_word' id='word_1_1088' title='bbox 1130 2976 1276 3007; x_wconf 77' lang='lat' dir='ltr'>superlativo</span> <span class='ocrx_word' id='word_1_1089' title='bbox 1299 2975 1515 3005; x_wconf 75' lang='lat' dir='ltr'>(eminentissimis,</span> <span class='ocrx_word' id='word_1_1090' title='bbox 1538 2974 1737 3005; x_wconf 71' lang='lat' dir='ltr'>affluentissimis,</span> <span class='ocrx_word' id='word_1_1091' title='bbox 1757 2972 1923 3003; x_wconf 77' lang='lat' dir='ltr'>persptcm‘ssi-</span> 
     </span>
    </p>
   </div>
  </div>
 </body>
</html>
