2296 3316
9 528 105 554 beandum.

23 1183 108 1203 Tertium.

741 117 909 146 COMMENT.
932 118 964 147 IN
985 117 1130 147 IOANNEM
1151 118 1179 146 C.
1201 118 1243 147 XI.

122 199 284 229 duodecimo
296 199 321 226 l:
347 208 361 223 <1
375 197 461 225 Maria
480 204 547 233 ergo
566 195 671 232 accepit
701 195 800 224 libram
830 195 965 232 unguenti

123 246 200 276 nardi
221 245 327 282 pistici,
348 243 501 281 pretiosi»;
515 243 604 271 Lucae
625 242 753 278 septimo:
774 252 788 266 «
803 241 882 275 Ecce,
904 249 965 270 mu-

123 293 173 322 lier
206 291 299 320 attulit
329 290 499 319 alabastrum
529 288 709 325 unguenti».
747 287 839 316 Cuius
869 286 965 324 frater

126 340 262 368 Lazarus
283 336 512 374 infirmabatur,
534 335 615 364 cuius
639 335 720 363 etiam
753 334 883 370 precibus
913 334 965 362 fuit

124 384 316 418 resuscitatus,
338 383 410 412 sicut
430 385 543 410 notatur
556 382 629 410 infra
642 380 750 409 eodem:
776 391 789 405 «ε
802 380 876 408 165115
890 388 965 416 ergo,

123 434 155 461 111
174 430 241 460 vidit
262 429 374 458 Mariam
396 429 551 465 plorantem
565 439 592 455 ι).

200 477 227 505 lt.
249 476 338 512 (Vers.
361 475 408 511 3.).
431 475 574 503 Miserunt
593 482 661 511 erqo
674 482 790 502 sorores
810 473 881 502 eius.
896 474 966 501 Tan—

123 524 197 561 gitur
218 523 263 551 hic
283 522 450 555 secundum,
465 521 568 550 scilicet
583 520 765 557 infirmitatis
786 520 966 548 denuntiatio

123 570 192 599 sacta
212 577 229 598 a
249 568 392 597 sororibus
412 567 506 596 Lazari
527 567 655 601 Domino;
671 569 784 603 propter
799 566 874 603 quod
887 566 965 594 dicit:

124 617 266 645 Miserunt
284 623 352 652 eryo
373 622 488 642 sorores
508 614 571 642 eius
585 613 625 641 ad
644 621 724 647 eum,
747 612 887 641 dieentes:
911 612 966 640 Do-

124 663 216 697 mine,
238 670 316 695 ecee,
338 669 421 699 quem
442 669 529 689 amas
549 659 730 697 infirmatur.
749 659 905 687 Dominum
920 666 967 687 vo-

124 712 201 744 cant,
222 717 277 737 non
307 708 500 745 magistrum,
528 707 594 744 quia
624 706 753 743 petebant
784 705 966 739 miraculum,

124 764 177 785 non
198 755 407 789 documentum;
429 754 509 791 quasi
530 753 636 782 dicant:
658 752 786 786 Domine,
807 752 854 789 qui
870 755 967 788 potens

124 810 168 837 es;
189 801 316 830 Matthaei
347 800 482 829 octavo2:
509 811 522 825 α
537 799 668 832 Domine,
689 798 711 827 si
742 798 799 832 vis,
825 800 903 834 potes
924 805 967 826 me

125 848 259 878 mundare
272 860 299 876 n.
323 848 354 876 Et
374 847 509 876 rationem
529 845 659 874 adjutorii
680 845 859 881 exprimunt:
883 845 967 878 Eece,

125 903 207 933 quem
228 903 331 927 amas;
352 894 490 923 Psalmus:
516 904 530 918 «
544 893 661 929 Sperent
675 892 703 920 in
717 895 745 920 te
766 891 814 928 qui
830 893 968 920 noverunt

125 949 224 971 nomen
246 946 341 975 tuum,
362 940 493 978 quoniam
523 947 578 968 non
609 938 781 976 dereliquisti
802 942 968 975 quaerentes

125 991 160 1024 te,
181 988 296 1017 Domine
311 999 337 1016 ».
360 987 391 1016 Et
410 986 603 1023 opportunitas
620 988 676 1014 est:
699 985 886 1022 infirmatur,
907 984 968 1013 ideo

126 1035 272 1068 miserere;
295 1034 432 1062 Psalmus:
453 1044 467 1058 «
477 1032 607 1061 Miserere
620 1032 683 1066 mei,
698 1031 822 1065 Domine,
837 1031 968 1068 quoniam

125 1081 252 1110 infirmus
272 1088 334 1109 sum
349 1092 375 1108 n.

204 1128 230 1155 5.
253 1127 341 1163 (Vers.
364 1126 412 1162 4.).
436 1126 567 1154 Audiens
587 1128 685 1153 autem
706 1125 797 1159 Iesus,
819 1124 895 1153 dixit
915 1124 964 1152 eis.

126 1174 259 1211 Tangitur
289 1173 334 1202 hic
365 1173 491 1206 tertium,
523 1172 626 1201 scilicet
657 1171 841 1208 infirmitatis
871 1170 968 1204 ratio,

126 1229 209 1258 quam
230 1220 364 1249 Dominus
385 1219 506 1248 insinuat
526 1219 643 1248 salutem
664 1218 834 1255 petentibus;
856 1219 969 1254 propter

127 1267 200 1305 quod
220 1267 297 1295 dixit
316 1266 373 1295 eis:
395 1266 559 1303 Infi'rmitas
573 1265 643 1294 baec
656 1274 715 1293 non
728 1268 770 1293 est
783 1265 823 1293 ad
837 1267 968 1298 mortem,

126 1314 175 1343 sed
192 1322 249 1351 pro
268 1313 366 1351 yloria
389 1313 447 1341 Dei.
463 1313 516 1341 Hoc
536 1312 602 1341 dicit
620 1311 773 1341 secundum
794 1311 915 1339 divinam
929 1311 969 1339 di-

127 1359 343 1397 spensationem;
365 1361 478 1396 propter
499 1358 573 1396 quod
594 1358 702 1387 subdit:
729 1358 763 1386 Ut
788 1357 969 1395 glorificetur

127 1407 222 1436 Filius
245 1407 296 1435 Dei
314 1415 366 1444 per
387 1414 465 1440 eam,
487 1406 514 1434 id
535 1408 589 1440 est⁷
604 1413 654 1442 per
668 1413 739 1442 opus
759 1404 875 1442 gloriam
890 1412 969 1432 suam

127 1450 295 1488 manifestet,
317 1453 382 1490 quia
402 1453 430 1481 in
452 1452 661 1481 resuscitatione
675 1450 859 1480 manifestavit
874 1453 969 1487 poten-

128 1500 192 1529 tiam
224 1508 318 1534 suam,
339 1507 370 1528 ac
397 1507 447 1536 per
478 1500 530 1528 hoc
560 1498 688 1536 gloriam;
711 1498 785 1526 unde
813 1505 899 1534 supra
927 1505 969 1526 se-

127 1546 254 1576 cund0³z
281 1558 294 1572 «
312 1547 366 1575 Ηο6
393 1546 503 1583 signum
533 1545 597 1574 fecit
628 1545 703 1574 165115
730 1546 757 1573 61
786 1543 969 1572 manifestavit

127 1593 242 1631 gloriam
262 1601 366 1622 suam»
391 1601 483 1622 coram
504 1592 646 1629 discipulis
675 1591 740 1620 suis.
763 1591 855 1627 Quare
876 1593 969 1619 autem

127 1642 187 1669 erat
206 1639 235 1668 in
255 1647 287 1668 eo
307 1639 505 1668 manifestanda
525 1639 627 1676 gloria,
649 1638 756 1667 occulte
777 1637 867 1666 innuit
883 1637 970 1666 Evan-

128 1686 241 1724 gelista:
266 1689 380 1723 propter
401 1685 546 1723 specialem
566 1692 689 1713 amorem
710 1692 776 1721 erga
795 1684 855 1712 illas
876 1691 970 1720 perso-

128 1741 191 1768 nas;
213 1736 326 1770 propter
347 1732 421 1770 quod
441 1732 522 1761 dicit:

207 1780 231 1808 6.
254 1780 342 1817 (Vers.
366 1780 413 1816 5.).
436 1778 580 1817 Dz'liyebat
599 1782 698 1807 autem
719 1778 800 1806 Iesus
821 1775 970 1805 Maribam

128 1830 153 1854 et
173 1834 302 1854 sororem
322 1826 385 1854 eius
406 1825 535 1854 Mariam
555 1828 581 1853 et
607 1825 768 1853 Lazarum.
791 1823 852 1852 Ideo
873 1822 967 1859 dilige-

128 1872 175 1901 bat
194 1880 255 1907 eos,
276 1872 342 1910 quia
362 1872 412 1909 ipsi
443 1871 593 1908 diligebant
619 1879 699 1905 eum,
728 1870 880 1899 secundum
902 1869 970 1898 illud

128 1919 340 1948 Proverbiorum
361 1921 457 1947 octavo
468 1919 496 1946 ⁴²:
522 1929 535 1943 «
551 1918 605 1955 Ego
625 1917 769 1954 diligentes
789 1924 834 1945 me
847 1916 930 1953 diligo
941 1926 969 1950 »;

128 1973 178 1994 1166
199 1966 315 2000 mirum,
336 1965 402 2003 quia
422 1965 527 1999 omnia,
549 1964 702 2002 Sapientiae
722 1963 881 1998 undecimo,
900 1974 914 1988 «
929 1963 970 1991 di-

128 2012 201 2049 ligis,
222 2012 352 2046 Domine,
373 2019 445 2048 quae
466 2014 546 2046 sunt,
561 2014 589 2050 et
602 2011 670 2040 nihil
685 2010 765 2039 odisti
780 2018 878 2039 eorum
899 2017 970 2047 quae

128 2058 255 2088 fecisti».

191 2195 199 2208 ¹
219 2196 284 2219 Vers.
297 2196 320 2218 3.
330 2207 362 2212 —
373 2196 423 2218 Duo
435 2201 500 2224 seqq.
511 2195 555 2218 loci
566 2197 620 2217 sunt
630 2196 684 2218 Luc.
695 2195 722 2222 7,
734 2195 772 2217 37.
784 2197 807 2217 et
818 2195 879 2217 loan.
889 2195 926 2222 11,
936 2195 974 2217 33.

190 2233 199 2247 ²
218 2235 283 2258 Vers.
300 2235 321 2257 2.
339 2234 383 2257 Cir.
400 2235 459 2257 infra
470 2241 493 2257 n.
506 2235 542 2256 13,
553 2246 585 2251 —
597 2235 729 2263 Sequuntur
740 2234 777 2256 Ps.
789 2234 814 2261 9,
827 2234 864 2256 11,
876 2236 898 2256 61
909 2234 936 2261 6,
949 2234 972 2256 3.

190 2273 199 2286 ³
218 2276 282 2298 vers.
300 2275 338 2297 11.
354 2274 396 2297 Ed.
412 2280 455 2302 pro
472 2279 554 2297 coram
571 2273 692 2303 discipulis
709 2279 762 2296 cum
779 2273 877 2301 Vulgata
895 2274 917 2296 et
927 2278 974 2296 cre-

129 2312 239 2336 diderunt
255 2312 281 2336 in
297 2318 351 2335 eum
368 2311 478 2342 discipuli
493 2312 550 2335 eius.
572 2311 658 2334 Eadem
680 2312 717 2334 ed.
738 2311 846 2339 superius
867 2317 910 2339 pro
929 2317 973 2340 per

129 2357 188 2381 opus
205 2351 322 2374 substituit
337 2352 366 2374 ut
378 2357 423 2380 per
441 2350 487 2374 tale
504 2356 571 2380 opus,
588 2352 610 2373 et
627 2350 722 2372 inferius
739 2349 853 2373 occultius
876 2356 919 2378 pro
936 2355 974 2372 oo-

129 2389 198 2413 culte.

190 2428 200 2441 ⁴
217 2430 283 2453 Vers.
301 2429 338 2451 17.
354 2441 386 2445 -
403 2429 456 2457 Seq.
473 2429 537 2451 locus
553 2431 588 2451 est
603 2428 656 2456 Sap.
670 2428 712 2456 11,
724 2428 762 2451 25.
773 2440 805 2445 —
817 2428 910 2450 Inferius
922 2430 974 2456 post

130 2468 186 2498 quia
201 2468 282 2492 omnia
297 2467 314 2491 C
327 2469 344 2491 N
367 2469 475 2496 supplent
496 2467 589 2497 diligis,
613 2467 725 2496 Domine,
748 2467 786 2491 ed.
807 2473 861 2490 cum
883 2468 931 2490 HM
952 2469 974 2490 et

130 2507 232 2530 Gorrano
250 2506 326 2537 ditiytt
342 2507 467 2530 Dominus.

191 2544 201 2558 ⁵
218 2546 285 2569 Vers.
301 2546 323 2568 2.
340 2558 372 2562 —
387 2546 496 2574 Gregor„
513 2546 566 2568 XX.
582 2546 660 2568 Moral.
676 2552 696 2568 c.
714 2546 752 2568 31.
768 2552 790 2567 n.
807 2545 850 2567 64:
868 2545 903 2568 Ad
915 2545 974 2567 mul-

128 2585 277 2613 tiplicandam
293 2584 381 2613 quippe
397 2586 534 2608 Sanctorum
551 2584 687 2612 sapientiam
705 2584 807 2612 proficit,
819 2584 883 2612 quod
895 2586 975 2611 postu-

130 2624 173 2646 lata
195 2624 259 2646 tarde
280 2623 423 2652 percipiunt,
445 2626 471 2645 ut
486 2629 513 2646 ex
535 2623 642 2646 dilatione
661 2626 748 2646 crescat
770 2623 925 2650 desiderium,
947 2629 975 2645 ex

130 2662 244 2685 desiderio
267 2662 394 2685 intellectus
415 2663 534 2690 augeatur.
552 2662 680 2684 Intellectus
696 2668 753 2684 vero
770 2668 823 2684 cum
841 2662 974 2689 intenditur,

130 2701 179 2724 eius
201 2702 224 2723 in
245 2701 319 2724 Deum
341 2701 458 2724 ardentior
475 2702 569 2724 affectus
591 2701 701 2729 aperitur.
724 2701 824 2724 Affectus
845 2704 923 2723 autem
945 2701 974 2723 ad

130 2740 283 2768 promerenda
300 2740 405 2762 caelestia
422 2742 484 2762 lanto
500 2740 526 2762 fit
542 2746 626 2768 capax,
643 2742 730 2769 quanto
742 2740 809 2762 suerit
820 2740 974 2767 exspectando

130 2779 274 2807 longanimis.
296 2778 342 2802 Csr.
364 2778 419 2801 ibid.
441 2779 524 2801 XXVI.
547 2784 567 2801 e.
585 2779 621 2801 19.
641 2785 664 2801 n.
681 2778 719 2801 34.
735 2791 766 2795 —
788 2778 828 2801 Ed.
851 2778 976 2806 praemittit

131 2817 218 2841 Habac.
234 2816 265 2846 2,
283 2816 301 2841 5
309 2825 316 2840 :
333 2816 362 2840 Si
376 2823 471 2840 moram
487 2817 579 2847 fecerit,
596 2818 706 2847 exspecta
722 2823 787 2845 eum,
805 2816 862 2846 quia
882 2816 975 2840 veniens

131 2855 205 2879 veniet
220 2857 241 2879 et
257 2861 306 2878 non
323 2854 433 2879 tardabit.

193 2893 203 2907 ⁶
219 2895 283 2924 Quae
294 2894 324 2917 de
335 2895 500 2923 multiplicitate
512 2895 649 2918 infirmitatis
660 2895 767 2918 dicuntur
779 2894 811 2924 (n.
824 2894 897 2923 8-12.)
909 2894 976 2916 omit-

1806 120 1861 149 395
1896 153 1898 155 .

1099 197 1125 224 7.
1148 195 1237 231 (Vers.
1261 196 1307 232 6.).
1342 196 1377 224 Ut
1406 204 1474 233 erqo
1504 197 1627 225 audivit.
1659 196 1792 234 Tangitur
1817 197 1862 226 hic
1878 201 1975 225 Quat-turn.

1021 244 1169 277 quartum,
1191 242 1294 270 scilicet
1314 242 1477 270 curationis
1504 242 1614 271 dilatio.
1637 243 1768 279 Quamvis
1789 243 1862 272 enim

1021 287 1103 316 vellet
1123 295 1239 321 curare,
1261 296 1314 316 non
1343 290 1433 317 tamen
1454 289 1553 318 statim
1575 289 1676 323 voluit,
1698 289 1745 318 sed
1765 289 1863 318 maluit

1021 336 1191 370 exspectare.
1214 334 1362 371 Propterea
1381 335 1461 363 dicit:
1482 335 1517 363 Ut
1529 344 1597 372 erqo
1618 335 1742 369 audivit,
1758 335 1784 364 id
1805 338 1861 369 est,

1021 382 1167 416 postquam
1188 380 1308 414 audivit,
1329 380 1400 418 quia
1421 380 1649 418 infirmabatur;
1665 385 1732 409 tunc
1747 381 1862 419 quidem

1021 426 1132 455 mansit
1152 426 1183 454 in
1204 426 1298 455 eodem
1314 426 1373 455 loeo
1388 427 1501 456 duobus
1522 427 1629 456 diebus
1645 427 1706 456 Ideo
1720 428 1862 462 Dominus,

1021 472 1056 500 ab
1077 472 1172 501 amicis
1193 476 1322 507 vocatus,
1343 482 1397 501 non
1418 474 1510 502 statim
1531 474 1618 508 venit,
1640 474 1687 503 sed
1707 476 1862 511 exspectat,

1022 521 1054 547 ut
1074 518 1221 548 instantius
1241 523 1268 548 et
1287 520 1429 549 ardentius
1450 520 1625 557 requiratur;
1646 521 1680 549 ad
1691 521 1863 549 Colossenses

1022 565 1160 602 quartofiz
1190 577 1204 591 α
1219 565 1341 594 Orationi
1362 566 1476 601 instate,
1498 567 1641 603 vigilantes
1662 568 1689 596 in
1710 576 1778 596 ea».

1101 612 1127 639 8.
1151 611 1196 640 Est
1216 612 1363 648 multiplex
1378 612 1523 642 infirmitas
1534 613 1554 647 θ,
1570 613 1672 642 56111661
1684 614 1799 650 gratiae
1814 612 1862 641 lto·
1885 617 2008 644 Specie-wri-

1022 658 1143 686 ”estam
1164 658 1378 695 ampleelffldffl
1398 661 1425 687 θῑ
1446 660 1513 688 haec
1534 659 1722 696 quadruplex:
1745 659 1862 688 humili·
1872 641 2008 688 ffin'ffltmffiffi:

1024 704 1109 738 tatis;
1131 704 1344 733 Proverbiorum
1366 706 1505 742 trigesimo
1517 706 1542 734 ⁷:
1559 707 1724 740 Formieae,
1738 706 1863 744 populus
1873 687 1959 729 ᾱὲῗῗπιιῗ

1023 749 1178 786 infirmus,
1210 750 1262 788 qui
1288 755 1452 788 praeparat
1477 752 1508 780 in
1539 756 1644 780 aestate
1672 753 1768 781 cibum
1788 753 1844 781 sibi
1853 764 1863 785 ‚-

1023 797 1128 833 primae
1148 797 1183 826 ad
1203 797 1358 826 Corinthios
1379 798 1483 834 primo:
1505 798 1629 835 Infirma
1661 800 1765 827 mundi
1784 799 1865 836 eleyit

1027 844 1102 872 Deus
1135 847 1160 872 et
1191 844 1413 881 contemptibilia
1444 847 1508 879 etc.;
1541 845 1665 874 Matthaei
1698 845 1863 874 undecimo:

1026 890 1104 926 Quia
1118 890 1296 919 abscondisti
1309 889 1379 919 liaeo
1393 899 1413 919 a
1426 891 1605 928 sapientibus
1618 895 1643 919 et
1655 891 1863 928 prudentibus,

1024 940 1049 965 et
1069 936 1204 965 revelasti
1223 945 1257 965 ea
1281 937 1425 974 paruulis.
1441 954 1479 958 —-
1502 938 1711 975 Poenitentiae,·
1734 938 1864 966 Ecclesia-
1881 942 1973 961 Secunda-

1024 983 1084 1012 51161
1107 983 1247 1020 trigesimo
1269 984 1395 1020 primoss:
1420 984 1582 1021 Infirmitas
1611 985 1714 1021 qrauis
1734 984 1864 1013 sobriam

1024 1030 1119 1058 reddit
1139 1030 1291 1063 animam;
1311 1030 1345 1059 de
1366 1031 1417 1059 hac
1438 1031 1465 1059 in
1487 1031 1608 1059 Psalmo:
1626 1032 1683 1067 Qui
1696 1035 1784 1059 sanat
1798 1040 1864 1060 eon-

1026 1077 1108 1105 tritos
1130 1077 1215 1105 eorde
1235 1080 1260 1105 et
1280 1077 1382 1114 alligat
1403 1078 1602 1111 contritiones,
1626 1078 1667 1106 vel
1692 1078 1864 1107 infirmitates

1025 1131 1143 1157 eorum,
1165 1124 1316 1152 secundum
1338 1124 1419 1152 aliam
1434 1124 1561 1153 litteram.
1577 1141 1614 1144 —
1632 1125 1809 1158 patiendae,-
1824 1133 1865 1153 se-
1881 1128 1949 1146 Tertia·

1025 1170 1131 1198 eundae
1151 1170 1185 1197 ad
1206 1170 1361 1199 Corinthios
1381 1170 1580 1199 duodeciino⁹:
1609 1171 1705 1199 Virtus
1726 1171 1757 1199 in
1782 1171 1866 1208 infir-

1025 1217 1124 1245 mitate
1154 1215 1325 1253 perficitur,
1357 1217 1459 1245 scilicet
1491 1217 1650 1253 patientiae,
1683 1218 1748 1254 quia
1779 1218 1864 1246 Iacobi

1026 1263 1131 1300 primo:
1154 1263 1301 1291 Patientia
1332 1271 1405 1300 opus
1425 1262 1585 1299 perfectum
1606 1262 1695 1291 habet.
1719 1263 1779 1292 Ideo
1800 1264 1865 1292 dici-

1026 1313 1072 1338 tur
1094 1309 1230 1338 secundae
1244 1309 1276 1337 ad
1298 1309 1455 1338 Corinthios
1468 1309 1645 1338 duodecimo:
1661 1310 1791 1338 Libenter
1807 1310 1867 1347 910-

1025 1356 1127 1384 riabor
1150 1356 1180 1384 in
1201 1355 1424 1392 infirmitatibus
1451 1356 1537 1389 meis,
1559 1359 1592 1384 ut
1613 1355 1750 1384 inhabitet
1771 1356 1802 1384 in
1823 1364 1866 1384 me

1025 1402 1121 1430 virtus
1144 1401 1260 1430 Christi.
1277 1418 1314 1423 —
1331 1402 1555 1439 Conzpatientiae
1576 1402 1633 1431 sive
1654 1403 1865 1439 compassionis;
1883 1406 1960 1429 Quarta-

1026 1449 1163 1478 secundae
1176 1448 1210 1477 ad
1221 1448 1377 1477 Corinthios
1388 1448 1534 1477 undecimo
1546 1449 1581 1476 ¹⁰:
1598 1449 1670 1484 Quis
1685 1448 1866 1485 infirmatur,

1026 1499 1052 1524 et
1071 1504 1121 1533 eqo
1141 1504 1200 1524 non
1220 1494 1378 1530 infirmor?
1399 1498 1426 1524 et
1446 1495 1551 1532 primae
1565 1495 1599 1523 ad
1613 1495 1769 1524 Corinthios
1784 1504 1867 1524 nono:

1026 1544 1137 1571 Factus
1157 1551 1225 1571 sum
1246 1542 1374 1579 infirmis
1394 1541 1549 1582 infirmus,
1572 1546 1605 1570 ut
1625 1542 1759 1578 infirmos
1780 1542 1869 1571 lueri-

1025 1588 1161 1627 facerem.

1105 1637 1130 1664 9.
1153 1636 1235 1669 Item,
1257 1638 1298 1664 est
1311 1635 1458 1663 infirmitas
1475 1635 1678 1671 perversitatis
1698 1635 1800 1672 eulpae
1819 1635 1868 1673 fu-
1879 1638 1940 1680 ¹²⁴}th
1939 1639 2012 1680 {qenes

1023 1683 1146 1720 9ienda;
1167 1686 1194 1710 et
1217 1682 1283 1710 haec
1303 1681 1479 1719 quadruplex
1500 1684 1550 1715 est,
1565 1681 1667 1710 scilicet
1681 1682 1867 1718 cupiclitatis;
1883 1684 1952 1703 Prim-
1966 1667 1984 1680 θ’

1027 1729 1203 1758 Ecclesiastae
1214 1728 1311 1765 quinto
1320 1729 1357 1756 ¹¹:
1380 1729 1431 1756 Est
1443 1731 1469 1756 et
1482 1727 1544 1756 alia
1558 1727 1717 1764 infirmitas
1730 1729 1866 1765 pessima,

1026 1785 1115 1815 quam
1136 1776 1199 1804 vidi
1224 1775 1278 1803 sub
1305 1774 1378 1803 sole:
1400 1774 1519 1803 diuitiae
1540 1778 1730 1811 eonqreyatae
1751 1775 1782 1803 in
1803 1784 1866 1804 nia-

1027 1822 1087 1851 lum
1102 1822 1215 1851 domini
1227 1822 1276 1850 sui
1282 1832 1291 1855 ;
1303 1819 1426 1858 pereunt
1435 1821 1511 1849 enim
1523 1820 1554 1849 in
1566 1820 1721 1857 afflictione
1728 1822 1864 1858 pessima.

1027 1885 1066 1889 —
1091 1868 1230 1897 Carnutis
1254 1868 1428 1905 voluptatis,·
1453 1868 1536 1896 Isaiae
1560 1867 1691 1904 vigesimo
1710 1870 1810 1904 quarto
1826 1869 1865 1896 ¹2:
1883 1870 1975 1889 Secunda·

1027 1915 1117 1943 Luaeit
1135 1914 1300 1948 vindemia,
1321 1913 1475 1951 infirmata
1495 1917 1534 1942 est
1559 1913 1641 1947 vitis,
1664 1913 1867 1950 ingemuerunt

1027 1971 1140 1995 omnes,
1162 1961 1214 2000 qui
1234 1961 1419 1990 laetabantur
1439 1961 1532 1989 eorde.
1555 1976 1591 1981 -
1609 1960 1763 1994 Elationis;
1785 1961 1866 1989 Isaiae
1883 1964 1953 1983 Tertia·

1027 2009 1159 2046 vigesimo
1189 2012 1289 2045 quarto
1302 2008 1339 2036 ¹³:
1368 2007 1525 2044 Infirmata
1552 2011 1592 2035 est
1619 2007 1740 2035 altitudo
1768 2007 1881 2044 populi-

1028 2059 1139 2089 terrae,
1161 2058 1185 2083 et
1206 2058 1286 2083 terra
1307 2053 1415 2091 infecta
1435 2058 1475 2082 est
1501 2054 1537 2082 ab
1563 2053 1775 2082 habitatoribus
1796 2054 1866 2082 suis.

1029 2196 1108 2216 tuntur
1125 2199 1138 2215 a
1154 2192 1235 2221 paucis
1252 2191 1333 2218 codd.,
1349 2193 1375 2213 ut
1390 2190 1445 2219 CN;
1458 2191 1474 2212 E
1491 2190 1597 2217 primitus
1618 2190 1686 2212 etiam
1709 2190 1758 2218 ipsa
1781 2190 1868 2219 omisit,

1030 2232 1071 2255 sed
1088 2232 1117 2254 ab
1134 2232 1203 2254 altera
1226 2237 1295 2253 manu
1317 2229 1452 2252 exhibentur
1469 2229 1490 2251 in
1512 2228 1617 2256 margine
1638 2231 1747 2257 tanquam
1768 2230 1868 2252 schema.

1029 2272 1080 2300 ipsa
1097 2271 1167 2293 habet
1182 2270 1251 2293 etiam
1268 2270 1292 2292 B.
1309 2269 1406 2295 Albert„
1424 2268 1446 2290 in
1463 2268 1550 2290 Postilla
1567 2268 1590 2289 in
1607 2269 1666 2290 ioan.
1685 2268 1728 2295 11,
1746 2267 1767 2290 4.

1092 2309 1100 2322 ⁷
1118 2311 1184 2333 Vers.
1197 2310 1233 2332 25.
1245 2321 1276 2326 —
1288 2309 1418 2337 Sequuntur
1430 2308 1445 2330 l.
1457 2307 1507 2329 Cor.
1521 2307 1528 2328 1
1539 2324 1545 2334 ,
1557 2306 1594 2329 27.
1607 2313 1654 2335 seq.
1667 2309 1689 2329 et
1700 2307 1775 2329 Matth.
1786 2307 1822 2335 11,
1832 2307 1869 2330 25.

1029 2362 1060 2367 —
1077 2349 1188 2378 Superius
1205 2348 1302 2371 vocibus
1319 2346 1411 2377 yratzae
1427 2345 1553 2369 honestatis
1570 2345 1606 2368 ed.
1625 2345 1737 2367 Interserit
1753 2347 1782 2368 et.

1091 2386 1100 2399 Β
1119 2388 1183 2410 Vers.
1199 2388 1220 2409 2.
1238 2398 1268 2401 ——
1285 2385 1388 2408 Subinde
1410 2385 1520 2411 allegatur
1537 2384 1572 2405 Ps.
1590 2383 1648 2410 146,
1665 2383 1691 2411 3;
1714 2383 1804 2405 Hieron.
1828 2383 1870 2412 (Bi-

1029 2427 1109 2450 blioth.
1127 2426 1217 2453 divina,
1234 2424 1283 2447 libr.
1301 2424 1396 2450 Psalm.,
1414 2423 1449 2445 Ps.
1466 2422 1528 2451 447.)
1551 2428 1593 2450 pro
1616 2421 1765 2445 contritiones
1787 2428 1870 2445 eorum

1029 2465 1146 2488 substituit
1159 2464 1246 2493 plaqas
1263 2468 1354 2486 eorum.
1370 2463 1394 2484 ln
1410 2460 1557 2489 explicatione
1574 2460 1642 2482 huius
1659 2460 1702 2482 loci
1719 2460 1815 2482 Hilarius
1833 2459 1868 2488 (tr.

1031 2505 1053 2526 in
1071 2505 1106 2527 Ps.
1123 2503 1176 2526 146.
1192 2509 1215 2525 n.
1233 2502 1263 2530 4.)
1282 2501 1352 2523 utitur
1367 2506 1425 2523 voce
1441 2498 1576 2529 infirmitas.
1586 2498 1632 2521 Csr.
1644 2499 1681 2521 IV.
1693 2500 1753 2521 Sent.
1766 2499 1869 2521 Prooem.

1030 2545 1052 2566 in
1070 2544 1123 2565 Ilne.

1092 2580 1103 2594 ⁹
1119 2582 1184 2604 Vers.
1202 2580 1224 2602 9.
1239 2592 1271 2597 —
1287 2580 1418 2607 Sequuntur
1434 2578 1477 2600 lac.
1496 2578 1520 2604 1,
1540 2577 1561 2599 4.
1577 2579 1600 2599 et
1616 2577 1638 2599 11.
1656 2575 1707 2599 Cor.
1726 2577 1767 2603 1¹2,
1784 2576 1807 2598 9.

1094 2619 1113 2633 ¹⁰
1131 2621 1196 2642 Vers.
1213 2620 1251 2641 29.
1266 2630 1297 2635 -
1314 2618 1367 2646 Seq.
1383 2618 1447 2639 locus
1463 2619 1497 2639 est
1513 2617 1527 2638 1.
1544 2615 1595 2638 Cor.
1613 2616 1639 2642 9,
1657 2616 1695 2637 22.
1713 2628 1742 2631 —
1760 2615 1870 2643 Superius

1032 2663 1084 2689 post
1106 2657 1288 2688 compatientiae
1309 2663 1335 2679 ex
1351 2656 1370 2678 D
1392 2655 1524 2678 addidimus
1539 2654 1587 2678 sive
1604 2653 1785 2683 compassionis,
1807 2653 1870 2682 quod

1032 2698 1101 2722 habet
1117 2699 1143 2720 B.
1159 2697 1255 2725 Albert.,
1272 2697 1314 2718 loc.
1331 2696 1368 2718 cit.

1095 2736 1113 2749 ¹¹
1132 2737 1196 2758 vers.
1215 2736 1252 2758 12.
1268 2741 1329 2763 seq.;
1346 2735 1387 2756 cl'r.
1404 2739 1474 2761 supra
1490 2732 1618 2756 Comment.

1095 2774 1114 2788 ¹²
1131 2775 1198 2797 Vers.
1213 2774 1235 2796 7.
1249 2786 1278 2789 —
1290 2773 1330 2795 Ed.
1348 2773 1412 2795 addit
1428 2779 1451 2795 v.
1468 2773 1494 2794 8:
1510 2771 1613 2794 Cessavit
1629 2771 1740 2798 gaudium
1752 2773 1869 2798 tympano-

1032 2821 1097 2841 rum,
1115 2813 1203 2842 quievit
1218 2812 1306 2835 sonitus
1322 2811 1465 2838 laetantium,
1482 2810 1591 2833 conticuit
1607 2809 1705 2832 dulcedo
1716 2809 1815 2831 citharae
1826 2810 1869 2829 etc.

1095 2851 1115 2865 ¹³
1132 2853 1198 2875 Vers.
1216 2852 1237 2874 4.
1254 2854 1276 2874 et
1294 2851 1322 2878 5,
1338 2857 1365 2873 ex
1386 2857 1432 2879 quo
1454 2850 1491 2872 ed.
1513 2849 1644 2877 subiungit:
1661 2848 1715 2877 quia
1733 2846 1868 2874 transgressi

1033 2894 1085 2915 sunt
1101 2892 1176 2920 leges,
1192 2892 1339 2913 mutaverunt
1356 2889 1403 2916 ius,
1420 2888 1589 2916 dissipaverunt
1606 2887 1686 2910 foedus
1697 2885 1869 2914 sempiternum.
