2296 3316
204 1104 263 1128 Resp.
272 1103 296 1122 ad
305 1103 337 1122 lv.

250 1130 284 1146 est.
296 1132 338 1146 cum

226 1151 340 1170 *stinctionffi

253 1763 332 1783 Divisio.

351 172 388 200 46

352 250 389 278 tio
410 249 565 278 inordinata
579 249 607 278 in
629 257 670 284 se,
685 249 732 278 sed
754 249 881 278 ordinata
900 248 935 277 ad
952 248 1076 277 fructum
1098 251 1201 283 terrae;

351 296 389 325 sic
410 296 475 324 mali
497 298 630 333 praesunt
651 296 730 325 bonis
751 295 786 324 ad
807 295 945 324 bonorum
974 295 1203 325 exercitationem

350 346 377 372 et
399 343 535 372 malorum
557 343 739 380 punitionem.

430 392 456 419 2.
479 390 610 419 Similiter
638 390 671 419 de
693 390 918 419 remuneratione
945 390 1107 424 dicendum,
1129 389 1204 427 quod

350 438 378 467 in
399 438 537 475 praesenti
559 437 639 467 malis
658 437 730 466 bona
751 437 867 466 veniunt
887 437 961 466 iusto
985 437 1083 471 modo,
1104 439 1136 465 ut
1157 436 1203 465 hic

350 488 568 514 remunerentur
582 488 609 514 et
631 485 657 513 in
673 485 769 514 futuro
787 485 964 514 aeternaliter
985 484 1161 518 crucientur;
1176 486 1204 512 et

350 532 429 561 bonis
456 533 541 567 mala,
564 535 595 561 ut
623 532 668 561 hic
689 535 846 569 purgentur
874 535 901 561 et
922 531 1098 560 aeternaliter
1124 539 1201 568 prae—

349 579 481 608 mientur.

431 626 456 655 3.
479 627 558 664 Quod
578 627 708 656 obiicitur
729 627 763 655 de
785 627 853 660 vita,
868 626 1029 660 dicendum,
1050 625 1125 663 quod
1140 626 1203 654 mali

351 674 399 703 diu
421 673 519 702 vivunt
539 676 654 711 propter
668 673 769 702 dictam
788 680 914 706 causam,
929 672 977 701 sed
998 672 1062 700 honi
1078 671 1203 700 moriun-

352 724 411 755 tur;
434 720 500 758 quia
519 720 622 749 dicitur
647 720 680 749 de
702 720 828 753 Henoch,
857 718 931 756 quod
953 722 1059 756 raptas
1083 721 1140 752 est,
1169 726 1204 746 ne

350 767 467 796 malitia
487 771 616 796 mutaret
643 767 706 796 eins
728 766 900 795 intellectum
913 766 930 793 ¹.
954 765 1089 802 Quoniam
1118 765 1204 802 igitur

351 814 443 843 divina
464 814 566 843 iudicia
586 814 614 843 in
635 813 774 851 praesenti
795 813 904 841 occulta
924 815 990 841 sunt
1011 815 1125 849 propter
1154 812 1204 840 ho-

350 861 458 890 minum
480 861 687 898 probationem;
710 863 737 889 et
758 860 824 897 quia
846 860 984 897 simplices
1005 862 1031 888 et
1053 859 1138 888 rudes
1159 867 1204 888 oc-

351 908 425 937 culta
446 916 501 936 non
516 908 689 945 percipiunt:
705 907 824 941 videtur,
846 906 921 944 quod
939 906 1033 935 onmia
1053 906 1108 935 sint
1129 906 1204 935 inor-

351 955 456 989 dinata;
478 958 505 983 et
526 954 587 984 ideo
609 954 786 984 Ecclesiastes
807 954 886 983 docet
910 954 1048 991 respicere
1070 953 1104 982 ad
1124 961 1203 988 eum,

352 1002 404 1031 suh
425 1010 482 1039 quo
502 1002 595 1030 omnia
615 1001 790 1030 ordinantur.

430 1048 509 1086 Quod
530 1048 690 1086 quaeritur,
709 1048 773 1085 quis
794 1048 883 1085 magis
904 1050 1014 1085 peccet;
1037 1047 1203 1085 respondeo:

351 1095 514 1130 dicendum,
546 1095 621 1133 quod
649 1095 866 1133 providentiam
896 1103 1018 1132 nepai-e,
1042 1095 1093 1123 hoc
1115 1097 1205 1132 potest

351 1151 411 1173 esse
431 1143 595 1180 dupliciter:
624 1151 681 1172 uno
708 1142 802 1177 modo,
834 1143 901 1180 quia
932 1142 1079 1171 credamus
1114 1142 1203 1171 Deum

352 1191 553 1228 tymi-antem,
575 1193 624 1219 aut
644 1190 710 1227 quia
731 1190 893 1224 credamus,
916 1190 1008 1227 ipsum
1023 1198 1081 1218 non
1095 1198 1205 1218 curare

350 1237 384 1266 de
398 1237 476 1266 factis
497 1237 666 1266 mortalium.
682 1237 813 1265 Similiter
834 1240 862 1265 et
879 1245 1022 1265 accusare
1042 1236 1203 1273 dupliciter:

350 1288 399 1314 aut
420 1285 485 1322 quia
516 1293 575 1313 ‘non
605 1287 708 1318 curat,
730 1288 778 1313 aut
806 1284 872 1321 quia
900 1284 1048 1322 pervertit.
1081 1284 1204 1321 Utroque

350 1332 431 1361 modo
451 1340 583 1361 accusare
601 1332 802 1369 providentiam
817 1332 897 1369 peius
914 1334 968 1366 est,
984 1331 1050 1369 quia
1071 1339 1125 1360 non
1144 1333 1212 1359 tan-—

350 1383 410 1408 tum
432 1382 520 1414 errat,
542 1379 626 1408 immo
647 1379 736 1408 Deum
757 1379 898 1416 vituperat
919 1382 946 1408 et
967 1379 1157 1415 blasphemat;
1176 1381 1204 1407 et

350 1427 388 1455 ita
409 1426 570 1463 simpliciter
591 1426 678 1463 magis
699 1429 810 1463 peccat,
832 1429 860 1454 et
881 1426 1000 1463 cognitio
1018 1426 1055 1454 ihi
1077 1431 1131 1454 non
1153 1434 1203 1454 ex-

351 1476 444 1508 cusat,
466 1473 551 1501 immo
572 1477 712 1510 aggravat.

350 1569 412 1596 Aur.
429 1569 455 1596 ⁶2.
473 1568 512 1596 De
527 1568 653 1596 remedio
667 1571 771 1596 contra
788 1568 946 1596 vanitatem
961 1568 1119 1602 avaritiae,
1135 1576 1202 1596 cum

429 1615 550 1644 divitiae
564 1615 787 1644 contemnendae
800 1615 860 1643 sint
873 1615 984 1652 triplici
997 1614 1120 1643 ratione.

429 1710 551 1738 Avarus
571 1717 630 1737 non
652 1708 819 1746 implebitur
837 1708 974 1746 pecunia.
997 1709 1088 1746 Supra
1110 1709 1203 1746 posuit

350 1756 504 1786 remedium
526 1758 622 1785 contra
644 1755 793 1785 vanitatem
814 1756 960 1789 malitiae;
986 1756 1031 1785 hic
1059 1756 1202 1793 subiungit

351 1803 472 1833 secundo
493 1802 648 1832 remedium
676 1805 774 1831 contra
794 1803 943 1831 vanitatem
965 1803 1122 1832 avaritiae.
1153 1804 1202 1832 Re-

349 1850 471 1880 medium
493 1853 587 1879 autem
609 1853 706 1879 contra
726 1850 870 1878 avaritiam
895 1853 936 1879 est
957 1853 1133 1887 contemptus
1154 1851 1202 1879 ho-

349 1905 450 1926 norum
472 1900 663 1931 terrenorum;
684 1896 745 1925 ideo
766 1896 812 1925 hic
843 1896 992 1933 persuadet
1012 1899 1202 1933 contemptum

348 1944 517 1974 divitiarum.
540 1944 572 1973 Et
593 1944 646 1973 hoc
667 1943 779 1981 quidem
802 1943 867 1972 facit
887 1952 937 1981 per
959 1943 1096 1980 triplicem
1119 1943 1202 1972 ratio-

349 1999 427 2020 nem:
450 1992 541 2029 primo
555 1991 628 2020 enim
643 1991 774 2025 ostendit,
796 1990 906 2019 divitias
927 1999 981 2019 non
997 1998 1056 2019 esse
1071 1992 1202 2027 appeten-

349 2039 413 2073 das,
435 2039 501 2076 quia
514 2047 573 2067 non
587 2038 683 2067 ditant
703 2046 875 2076 possessores
890 2046 971 2073 suos;
987 2037 1117 2072 secundo,
1137 2037 1203 2075 quia

349 2094 408 2114 ‘non
423 2085 668 2114 transmittuntur
682 2085 844 2122 frequenter
859 2085 893 2114 ad
908 2088 1046 2122 posteros,
1062 2085 1099 2114 ibi
1112 2085 1135 2113 ²:
1152 2086 1202 2113 Est

350 2132 413 2161 alia
434 2132 595 2169 infirmitas
612 2132 743 2169 pessima
750 2143 761 2167 ;
782 2132 877 2167 tertio,
893 2132 958 2170 quia
979 2132 1140 2169 frequenter
1156 2132 1202 2161 de-

350 2179 508 2208 volvuntur
528 2179 569 2208 ad
588 2182 758 2213 extraneos,
780 2179 832 2207 ihi:
857 2180 908 2208 Est
927 2182 954 2207 et
975 2179 1060 2207 aliud
1073 2179 1201 2214 malum,

351 2226 428 2265 quod
448 2227 511 2255 vidi
530 2226 584 2255 sub
605 2226 663 2255 sote
684 2229 735 2255 etc.

935 170 1105 199 COMMENT.
1129 170 1160 198 lN
1182 169 1420 198 ECCLESI-ASTEN
1441 169 1469 198 C.
1492 169 1522 198 V.

1360 246 1452 278 Primo
1473 246 1689 278 contemnendae
1709 247 1843 285 divitiae,
1864 247 1931 288 quia
1951 256 2004 278 non

1271 293 1368 324 ditant
1381 301 1542 332 possessores
1556 302 1631 332 suos,
1648 294 1677 324 et
1691 293 1740 324 hoc
1754 293 1786 324 ob
1800 293 1940 333 triplicem
1954 294 2100 325 rationem.

1340 388 1431 417 Primo
1445 389 1530 426 igitur
1544 388 1688 418 avaritiam
1708 388 1878 423 detestatur,
1899 389 1966 426 quia
1985 389 2112 424 divitiae,
2129 394 2207 414 Divisio-

1260 443 1332 473 quae
1359 439 1547 473 appetuntur,
1569 444 1624 464 non
1644 435 1777 465 adiuvant
1804 443 1854 464 nec
1882 435 1979 464 ditant
2006 443 2112 473 posses-

1261 490 1353 517 sores,
1369 482 1435 519 quia
1454 491 1514 511 non
1533 482 1703 521 sufficiunt,-
1724 482 1858 517 secundm
1880 483 1946 520 quia
1966 491 2024 512 non
2042 491 2111 521 pro-

1260 533 1347 562 sum,-
1368 530 1466 564 tertio‚
1488 529 1554 566 quia
1574 529 1721 567 affliyunt.

1340 576 1430 613 (Vers.
1463 576 1510 612 9.).
1542 576 1723 605 Detestandae
1754 579 1820 606 sunt
1847 584 1914 613 ergo
1944 576 2055 605 divitiae
2085 579 2113 606 et
2125 582 2220 606 expositio
2229 582 2274 618 tit--

1260 623 1465 660 aspernandae,
1487 623 1553 660 quia
1573 632 1657 652 avaro
1678 632 1737 652 non
1756 623 1921 662 sufficiunt,
1936 627 1964 653 et
1978 624 2030 653 hoc
2048 632 2113 653 ava-

1262 678 1311 699 rus
1332 670 1423 707 primo
1450 670 1570 707 appetit,
1599 670 1702 700 scilicet
1732 670 1935 700 sufficientiam.
1965 671 2113 708 Propterea

1261 717 1341 746 dicit:
1364 718 1487 746 Avarus
1507 726 1567 746 non
1586 717 1753 755 implebitur
1771 717 1899 754 pecunia
1906 728 1916 752 ;
1932 717 2111 747 Ecclesiastici

1260 764 1367 793 decimo
1388 764 1527 801 quart0⁸:
1555 776 1568 789 «
1583 764 1746 793 Insatiabilis
1759 764 1859 793 oculus
1880 763 2014 801 cupidi».
2037 764 2113 793 Unde

1261 811 1459 848 Hieronymus:
1487 822 1501 836 «
1514 811 1603 840 Avaro
1623 811 1700 840 deest
1723 814 1781 844 ,tam
1810 811 1885 848 quod
1906 811 2005 846 habet,
2027 819 2111 849 quam

1261 858 1336 895 quod
1367 866 1421 887 non
1451 858 1575 893 habet»;
1597 860 1625 887 et
1656 858 1773 887 Seneca:
1800 870 1814 884 «
1828 858 1855 887 Si
1877 858 1919 887 vis
1948 860 1973 887 te
2000 858 2112 887 divitem

1261 905 1367 940 facere,
1389 914 1443 934 non
1466 905 1598 943 pecuniae
1627 908 1668 934 est
1695 905 1868 940 addendum,
1891 905 1938 934 sed
1969 905 2111 943 cupiditati

1261 952 1485 981 subtrahendum
1499 964 1526 981 ».

1341 999 1430 1036 (Vers.
1453 1000 1479 1028 9.
1504 1000 1569 1036 10.).
1594 999 1701 1038 Ecqui
1727 1003 1811 1028 amat
1841 999 1963 1028 divitias
1993 1002 2044 1029 etc.
2067 999 2113 1028 Hic

1262 1047 1383 1076 secundo
1403 1046 1569 1076 dehortatur
1600 1047 1636 1076 ab
1656 1055 1751 1076 amore
1771 1047 1948 1081 divitiarum,
1969 1047 2035 1084 quia
2055 1055 2113 1076 mm

1260 1097 1393 1131 prosunt.
1416 1093 1478 1122 ldeo
1498 1093 1578 1123 dicit:
1603 1095 1637 1122 Et
1658 1094 1711 1132 qui
1734 1097 1818 1122 amat
1837 1094 1959 1123 divitias
1979 1093 2113 1132 fructum

1261 1149 1320 1169 mm
1341 1141 1434 1178 capiet
1454 1149 1489 1169 ex
1510 1141 1568 1175 eis,
1589 1144 1617 1170 et
1644 1141 1680 1170 ita
1703 1149 1757 1170 non
1779 1143 1911 1178 prosunt;
1934 1140 2112 1170 Ecclesiastici

1260 1188 1367 1217 decimo
1378 1189 1402 1217 4;
1430 1200 1443 1214 «
1458 1188 1530 1217 Nihil
1550 1191 1593 1217 est
1613 1188 1738 1226 iniquius
1751 1196 1836 1226 quam
1849 1196 1944 1217 amare
1959 1188 2113 1225 pecuniam.

1261 1236 1308 1265 Hic
1329 1236 1402 1265 enim
1425 1236 1547 1265 animam
1568 1244 1647 1265 suam
1668 1236 1794 1265 venalem
1816 1235 1937 1270 habet»;
1953 1239 1980 1264 et
1994 1235 2032 1264 ita
2045 1235 2114 1264 nihil

1261 1286 1380 1321 prosunt
1400 1291 1485 1312 avaro
1499 1283 1610 1312 divitiae
1619 1306 1626 1317 ,
1641 1282 1708 1320 quia
1721 1283 1841 1311 animam
1855 1282 1903 1312 dat
1915 1291 1967 1320 pro
1981 1282 2113 1320 pecunia;

1260 1330 1334 1360 unde
1356 1331 1484 1360 Matthaei
1505 1330 1612 1360 decimo
1634 1333 1730 1359 sexto:
1751 1341 1764 1355 α
1779 1329 1850 1367 Quid
1871 1330 1984 1367 prodest
1998 1329 2113 1364 homini,

1261 1378 1282 1407 si
1305 1378 1468 1407 universum
1494 1377 1632 1407 mundum
1661 1377 1803 1412 lucretur,
1825 1377 1933 1406 animae
1953 1385 2021 1406 vero
2048 1384 2115 1406 suae

1260 1424 1459 1454 detrimentum
1481 1425 1604 1462 patiatur
1618 1427 1652 1453 n?
1673 1424 1753 1462 quasi
1767 1424 1855 1453 dicat:
1871 1424 1948 1453 nihil.
1965 1424 1997 1453 Et
2010 1432 2047 1453 ex
2062 1424 2115 1453 hoc

1260 1471 1343 1501 infert
1364 1472 1514 1501 vanitatem
1534 1472 1562 1501 in
1583 1472 1701 1501 amando
1722 1479 1784 1501 eas:
1815 1473 1848 1500 Et
1868 1470 1920 1500 lzoc
1940 1480 2009 1510 eryo
2029 1471 2114 1500 varti-

1261 1522 1320 1553 tas,
1343 1521 1398 1547 tam
1420 1518 1518 1555 culpae
1532 1526 1617 1556 quam
1631 1526 1754 1555 poenae;
1769 1518 1803 1547 de
1821 1518 1927 1555 prima,
1949 1518 2073 1547 Psalmus
2084 1517 2114 1546 ⁵:

1265 1577 1278 1590 α
1293 1565 1350 1594 Filii
1372 1565 1517 1594 hominum
1527 1588 1534 1600 ‚
1556 1573 1704 1603 usquequo
1718 1565 1796 1603 gravi
1811 1565 1894 1594 corde
1908 1577 1922 1590 n
1941 1567 2009 1600 etc.;
2024 1565 2058 1594 de
2072 1572 2114 1594 se-

1260 1613 1363 1647 cunda,
1386 1613 1529 1642 Psalmus:
1557 1624 1571 1638 «
1585 1613 1753 1642 Defecerunt
1779 1613 1808 1642 in
1835 1613 1956 1642 vanitate
1983 1613 2042 1642 dies
2069 1620 2114 1642 eo-

1260 1668 1323 1689 rum
1346 1672 1359 1685 ι)
1391 1663 1442 1689 etc.
1466 1660 1607 1689 Psalmus:
1638 1672 1651 1685 a
1666 1660 1734 1689 Ecce
1755 1660 1854 1695 homo,
1876 1660 1925 1697 qui
1946 1669 2000 1689 non
2021 1660 2114 1698 posuit

1259 1708 1348 1736 Deum
1369 1707 1524 1736 adiutorem
1546 1715 1646 1741 suum,
1669 1707 1717 1736 sed
1741 1707 1863 1744 speravit
1888 1707 1914 1736 in
1936 1707 2114 1737 multitudine

1259 1755 1420 1784 divitiarum
1439 1763 1555 1783 suarum
1577 1757 1604 1783 et
1625 1754 1781 1791 praevaluit
1794 1755 1822 1783 in
1837 1754 1958 1784 vanitate
1972 1763 2023 1784 sua
2037 1766 2063 1783 ».
2077 1771 2113 1775 —

1260 1802 1292 1830 Et
1319 1801 1394 1839 quod
1422 1801 1491 1830 nihil
1518 1801 1626 1838 prosint
1646 1801 1757 1830 divitiae
1784 1801 1950 1838 possidenti,
1978 1801 2112 1830 ostendit:

1260 1849 1326 1887 quia
1340 1851 1555 1883 consumuntur,
1570 1851 1597 1877 et
1612 1848 1680 1877 nihil
1694 1848 1758 1885 plus
1773 1848 1856 1877 habet
1870 1848 1999 1878 dominus
2017 1856 2112 1884 servo3

1260 1896 1320 1925 ideo
1341 1896 1421 1925 dicit:
1443 1895 1497 1924 Ubi
1509 1895 1619 1925 multae
1632 1899 1701 1924 sunt
1715 1904 1795 1933 opes,
1815 1895 1902 1924 multi
1921 1899 1946 1925 et
1966 1896 2019 1934 qui
2038 1904 2114 1925 com-

1259 1943 1348 1972 edunt
1369 1952 1436 1977 eas;
1460 1943 1499 1972 sic
1520 1943 1613 1972 omnia
1637 1946 1850 1972 consumuntur.
1876 1943 1951 1972 Unde
1976 1943 2112 1972 Senecass:

1265 2002 1278 2015 «
1292 1990 1431 2019 Cadavera
1453 1990 1527 2027 lupi,
1548 1998 1661 2019 muscae
1682 1990 1752 2024 mel;
1775 1990 1922 2027 praedam,
1948 1998 2003 2019 non
2025 1990 2113 2019 homi—

1260 2045 1322 2066 nem
1338 2037 1465 2074 sequitur
1481 2037 1565 2066 turha
1579 2037 1631 2066 ista
1645 2048 1675 2072 »ς
1692 2037 1738 2066 lob
1753 2037 1895 2075 trigesimo
1910 2045 1997 2066 nono:
2018 2049 2032 2062 «
2044 2037 2112 2066 Pulli

1259 2084 1320 2113 eius
1341 2084 1468 2113 lambunt
1489 2085 1668 2122 sanguinem,
1690 2087 1718 2113 et
1738 2084 1786 2113 ubi
1807 2084 1892 2113 suerit
1906 2084 2037 2120 cadaver,
2059 2087 2113 2114 sta-

1259 2132 1309 2160 tim
1329 2131 1406 2160 adest
1420 2142 1451 2166 »;
1473 2132 1552 2169 quia,
1581 2131 1735 2161 secundum
1764 2131 1839 2169 quod
1866 2131 1969 2161 dicitur
1997 2132 2113 2161 Prover—

1259 2178 1371 2208 biorum
1391 2179 1499 2208 decimo
1527 2187 1615 2213 nono,
1643 2190 1656 2204 α
1670 2179 1751 2207 multi
1780 2179 1875 2207 colunt
1896 2187 2043 2216 personam
2064 2187 2113 2216 po-

1260 2226 1342 2255 tentis
1357 2229 1384 2255 et
1398 2226 1477 2255 amici
1493 2229 1558 2255 sunt
1572 2226 1644 2255 dona
1663 2226 1811 2255 tribuentis
1822 2238 1848 2254 ».
1868 2227 1902 2254 Et
1913 2227 1985 2265 quid
1995 2227 2113 2264 prodest

415 2424 422 2437 ¹
441 2426 496 2453 Sap.
514 2425 539 2453 4,
559 2426 595 2448 Η.
612 2425 679 2448 Eccli.
696 2425 738 2452 44,
760 2426 799 2447 t6:
817 2426 909 2448 llenoch
928 2425 1014 2453 placuit
1030 2426 1078 2448 Deo
1095 2428 1117 2447 et
1134 2428 1204 2448 trans-

351 2464 410 2486 latus
427 2467 461 2486 est
478 2464 500 2486 in
518 2464 661 2492 paradisum.
677 2476 709 2481 --
725 2464 772 2487 Cir.
789 2464 818 2487 de
835 2464 921 2492 duplici
940 2465 982 2486 hac
994 2465 1129 2493 quaestione
1140 2465 1202 2487 Alex.

352 2503 412 2530 Hat,
429 2504 452 2525 S.
469 2509 494 2531 p.
510 2504 525 2525 l.
542 2510 565 2531 q.
583 2504 622 2525 26.
638 2510 670 2525 m.
690 2504 710 2525 l.
727 2506 749 2525 et
765 2509 797 2525 rn.
814 2504 836 2525 8.
853 2509 875 2526 a.
892 2505 914 2526 2.

414 2541 424 2554 ²
441 2542 497 2571 Cap.
515 2542 541 2570 5,
564 2543 600 2571 12:
617 2548 667 2571 seq.
683 2543 748 2565 locus
764 2545 799 2565 est
816 2543 843 2570 6,
865 2543 882 2565 l.

414 2580 423 2594 ³
441 2582 508 2604 Vers.
525 2582 547 2604 9.
563 2593 594 2598 -
611 2581 716 2609 Hieron„
734 2581 803 2610 Epist.
818 2582 870 2604 400.
884 2582 964 2611 (Epist.
975 2581 1097 2610 Theophili
1110 2582 1205 2604 Alexan-

353 2621 412 2643 drini
429 2621 501 2648 episc.
518 2620 547 2643 ad
565 2620 633 2643 totius
650 2620 748 2648 Aegypti
766 2620 889 2649 episcopos
910 2623 953 2643 etc.
975 2621 1116 2648 Hieronymo
1140 2621 1205 2643 inter·

352 2660 426 2689 prete)
445 2666 467 2682 n.
484 2660 526 2682 1l5:
544 2661 600 2688 Eget
620 2666 714 2688 semper
730 2660 771 2689 qui
794 2666 879 2682 avarus
900 2664 947 2689 est,
964 2660 1036 2683 nescit
1058 2666 1204 2687 mensuram,

353 2699 390 2721 cui
408 2702 494 2721 tantum
516 2699 581 2721 deest
602 2699 666 2728 quod
689 2698 771 2726 habet,
788 2702 901 2728 quantum
924 2699 988 2728 quod
1011 2706 1057 2721 non
1081 2699 1158 2721 habet.
1173 2711 1205 2716 ——

354 2739 452 2764 Seneca,
470 2739 539 2766 Epist.
557 2734 610 2760 tte.
628 2738 692 2766 (alias
712 2739 786 2767 ¹20.):
804 2739 924 2761 Neminem
943 2740 1039 2767 pecunia
1061 2739 1157 2761 divitem
1176 2740 1205 2761 se·

354 2778 395 2804 cit,
413 2777 485 2799 immo
502 2781 594 2804 contra,
611 2778 663 2800 nulli
681 2784 726 2800 non
745 2778 856 2800 maiorem
874 2778 909 2800 sui
927 2778 1076 2806 cupiditatem
1101 2778 1203 2801 incussit.

354 2816 462 2845 Quaeris,
485 2823 545 2845 quae
570 2817 599 2839 sit
615 2817 684 2840 huius
699 2817 733 2839 rei
750 2818 836 2840 causa?
853 2818 905 2840 Plus
927 2818 1006 2845 incipit
1028 2817 1205 2846 habere.posse

354 2856 394 2884 qui
412 2856 464 2883 plus
480 2855 557 2878 habet.
574 2856 608 2878 Ad
625 2863 755 2884 summam,
772 2863 842 2885 quem
860 2858 925 2879 voles
936 2857 992 2879 mihi
1004 2863 1031 2879 ex
1044 2858 1091 2886 his,
1103 2863 1203 2886 quorum

355 2895 446 2917 nomina
470 2901 523 2917 cum
546 2894 627 2917 Crasso
650 2896 784 2925 Licinioque
806 2899 964 2923 numerantur,
982 2896 1004 2918 in
1027 2896 1130 2919 medium
1153 2896 1205 2919 lieet

356 2936 490 2962 protrahas3
507 2935 586 2956 asserat
604 2940 708 2963 censum,
725 2938 747 2957 et
763 2935 879 2964 quidquid
898 2935 965 2958 habet
983 2938 1006 2958 et
1021 2936 1136 2965 quidquid
1154 2942 1204 2964 spe-

354 2976 389 2995 rat
406 2974 472 2995 simul
496 2976 626 3002 computet,
644 2974 697 3003 iste,
716 2974 734 2996 si
757 2975 812 2997 mihi
834 2975 921 3003 credis,
938 2981 1028 3003 pauper
1046 2978 1092 3002 est,
1109 2975 1127 2997 si
1151 2975 1203 3003 tibi,

1261 2427 1337 2453 potest
1353 2431 1410 2447 esse.
1428 2424 1456 2447 At
1473 2424 1509 2446 hic
1526 2424 1566 2453 qui
1584 2430 1609 2447 se
1626 2424 1654 2447 ad
1673 2424 1694 2446 id
1707 2424 1770 2453 quod
1783 2427 1863 2447 natura
1876 2424 1957 2453 exigit,
1970 2425 2113 2453 composuit,

1261 2470 1307 2486 non
1325 2466 1412 2486 tantum
1430 2466 1492 2486 extra
1508 2470 1603 2486 sensum
1621 2466 1655 2486 est
1666 2463 1821 2492 paupertatis,
1833 2463 1875 2486 sed
1886 2466 1948 2486 extra
1960 2466 2056 2486 metum.
2068 2463 2113 2487 err.

1262 2504 1332 2532 Epist.
1350 2504 1387 2526 46.
1404 2506 1427 2526 et
1443 2503 1532 2526 Consol.
1550 2503 1580 2525 ad
1597 2503 1715 2530 Helviam,
1733 2509 1752 2525 c.
1773 2503 1808 2525 tt.

1323 2541 1333 2554 ⁴¹
1350 2543 1416 2565 Vers.
1438 2543 1470 2564 lO.
1488 2554 1519 2559 —
1536 2542 1645 2571 Sequitur
1669 2543 1745 2565 Matth.
1769 2542 1810 2571 ’16Υ
1828 2542 1866 2564 26.
1888 2555 1919 2559 -—
1942 2542 2038 2564 lnserius
2060 2544 2113 2570 post

1261 2581 1365 2605 amando
1383 2588 1422 2605 cas
1441 2582 1492 2605 vat.
1515 2582 1592 2604 addit:
1609 2581 1712 2605 Seneca:
1731 2581 1797 2609 Quae
1819 2583 1853 2604 est
1873 2581 1983 2604 omnimo
2005 2582 2113 2611 eyestas?

1261 2621 1381 2650 avaritia,-
1398 2623 1419 2644 et
1435 2627 1467 2644 ex
1484 2621 1590 2651 opposito
1607 2620 1721 2644 dicuntur
1738 2620 1860 2643 maximae
1877 2619 1972 2643 diviciae
1989 2626 2037 2644 non
2053 2619 2112 2644 desi-

1261 2661 1347 2684 derare
1364 2661 1465 2684 divitias.

1324 2698 1334 2712 ⁵
1351 2700 1432 2723 Psalm
1453 2700 1479 2728 4,
1503 2701 1532 2729 3;
1555 2700 1640 2723 deinde
1662 2701 1697 2722 Ps.
1720 2700 1763 2727 717,
1786 2700 1825 2722 33.
1847 2701 1869 2721 et
1891 2699 1928 2726 51,
1946 2699 1969 2721 9.
1986 2711 2017 2716 —
2033 2698 2109 2722 Verba

1261 2741 1311 2762 tam
1326 2739 1434 2768 culpae...
1451 2746 1536 2763 eorum
1553 2742 1609 2767 etc.‚
1627 2740 1790 2768 supplevimus
1807 2745 1833 2761 ex
1852 2739 1875 2761 E.

1324 2777 1333 2790 ⁶
1350 2779 1455 2807 Excerpt.
1473 2779 1496 2801 ll.
1515 2780 1536 2806 (e
1553 2779 1616 2802 libris
1634 2780 1743 2808 Senecae)
1761 2779 1791 2801 de
1811 2778 1928 2801 Remediis
1952 2778 2112 2801 fortuitorum:

1261 2819 1302 2840 Mel
1320 2824 1414 2840 muscae
1430 2821 1567 2847 sequuntur,
1584 2819 1698 2841 cadavera
1716 2818 1776 2846 lupi,
1789 2819 1901 2840 frumenta
1915 2817 2036 2845 formicae,
2048 2823 2112 2845 prae-

1261 2858 1315 2881 dam
1333 2858 1437 2886 sequitur
1454 2858 1495 2880 ista
1514 2857 1593 2886 turba,
1611 2864 1655 2880 non
1674 2857 1801 2880 hominem.
1817 2856 1892 2880 Codd.
1908 2857 1999 2885 legunt:
2021 2857 2111 2879 Muscae

1262 2897 1387 2924 cadavera,
1405 2902 1461 2924 apes
1483 2897 1541 2924 mel,
1558 2896 1670 2924 praedam
1693 2899 1736 2919 etc.
1755 2909 1786 2913 —
1803 2896 1935 2924 Sequuntur
1952 2894 1991 2918 lob
2008 2895 2050 2924 39,
2067 2894 2111 2921 30,

1262 2935 1301 2958 ubi
1320 2935 1418 2963 Vulgata
1436 2934 1577 2964 ubicumque
1593 2941 1636 2963 pro
1655 2934 1708 2963 aba]
1726 2936 1794 2958 Prov.
1815 2935 1852 2962 19,
1871 2935 1892 2957 6.
1909 2937 1931 2957 et
1944 2935 2010 2957 Eccli.
2023 2934 2060 2961 Μ,
2074 2934 2110 2956 10.

2130 489 2185 508 Ratio
2197 488 2230 508 trt-

2153 512 2203 536 plex.

2149 606 2221 625 tei-alis.

2130 629 2172 656 Nun
2184 629 2235 648 suffl-

2150 655 2210 672 ciunt.

2132 1523 2205 1550 Duplex
2219 1529 2250 1543 va-

2156 1549 2213 1566 nitas.
