2296 3316
39 581 133 602 Secunda.

31 1424 128 1448 Quartum.

785 128 955 158 COMMENT.
978 130 1010 158 lN
1032 130 1178 159 [OANNEM
1199 131 1227 159 C.
1251 131 1268 159 1.

154 205 184 233 lit
204 213 268 240 ore,
289 206 356 242 quia
382 214 436 234 non
469 205 595 234 veniebat
625 205 766 234 voluntate
792 206 928 240 tentandi,
948 207 998 236 sed

153 252 244 281 studio
264 251 440 288 proficiendi;
471 254 625 289 quocontra
651 251 864 282 Proverbiorum
894 253 998 282 duode-

153 298 265 326 cimo¹:
292 309 306 323 (ε
324 298 410 326 Dolus
436 298 464 326 in
496 298 578 327 corde
599 298 779 335 cogitantium
806 300 878 328 mala
892 312 918 328 n.
946 300 998 329 Sed

153 344 302 373 Nathanael
323 352 377 373 non
399 344 486 373 credit
506 345 734 374 commendationi
749 353 830 379 suae,
846 347 896 375 nisi
913 354 998 384 super

152 392 205 420 hoc
226 390 320 419 audiat
340 391 554 425 certitudinem,
576 391 641 428 quia
663 400 716 421 non
738 392 819 422 debet
842 393 924 421 homo
937 401 998 422 esse

151 445 257 474 pronus
278 437 391 466 credere
411 437 445 466 de
466 445 495 466 se
516 438 595 467 hona.
618 439 680 468 Ideo

231 485 275 512 95.
299 484 387 521 (Vers.
410 485 478 518 48).
502 485 578 514 Dicit
597 486 624 514 ei
644 485 825 515 Nathanael:
852 486 931 515 Unde
953 495 998 514 me

150 531 247 560 nosti?
268 531 339 567 Quid
361 539 405 560 me
425 531 464 560 sic
485 533 684 562 commendas?
705 533 736 562 Et
757 533 891 562 Dominus
912 535 997 561 attra—

151 578 192 606 hit
223 585 272 615 per
302 581 479 607 secretorum
511 580 712 608 revelationem
719 591 729 614 ;
761 580 821 609 ideo
853 580 996 617 sequitur:

151 624 308 662 Respondit
330 625 409 653 lesus
430 629 456 654 et
475 626 550 658 dixit
571 626 613 655 ei:
637 627 820 665 Priusquam
840 630 865 655 tc
886 625 997 664 Philip-

146 679 207 708 pus
228 674 359 706 vocaret,
381 681 447 700 cum
468 681 542 702 esses
571 673 625 702 sub
646 673 722 710 sicu,
744 673 807 701 vidi
827 677 859 702 te.
885 674 931 702 Ad
952 673 996 702 lit-

151 721 257 746 teram:
279 717 338 754 ipse
358 718 386 746 in
408 719 467 747 loco
487 722 609 754 secreto,
624 720 696 748 utin
720 720 816 753 horto,
832 722 904 754 erat,
920 720 994 749 unde

149 772 214 793 eum
236 764 378 801 Philippus
398 764 514 795 vocavit.
530 766 591 795 Vel:
606 765 681 803 fleus
702 766 804 795 dicitur
825 767 996 795 consuetudo

149 810 293 848 peccandi,
315 814 346 840 ut
368 812 447 848 primi
479 815 608 849 parentes
636 813 688 841 sub
709 812 753 841 fici
775 812 846 842 foliis
867 821 896 842 se
917 816 995 842 texe-

149 861 229 892 runt,
249 857 361 887 Genesis
382 859 501 894 tertio2.;
523 859 569 888 ubi
591 862 633 888 est
654 859 732 896 prius
753 859 829 888 visus
850 867 866 888 a
880 860 996 889 Domino

149 907 176 933 et
196 904 354 941 quaesitus,
376 913 459 942 quam
491 905 549 942 ipse
580 905 727 934 Dominum
759 909 915 943 quaereret.
943 907 996 936 Hac

148 950 315 980 revelatione
346 952 495 981 Nathanael
523 954 658 981 attractus
688 955 744 987 est;
766 953 840 982 unde
868 954 1001 990 sequitur*

148 997 208 1026 eius
229 997 316 1026 fidelis
337 999 479 1028 confessio.

228 1044 273 1073 96.
295 1045 384 1081 (Vers.
406 1046 474 1077 49).
498 1046 655 1083 Respondit
679 1045 845 1076 Nathanael
871 1051 896 1076 et
921 1048 996 1077 dixit

148 1091 193 1120 ei:
215 1091 321 1126 Rabbi,
343 1095 372 1120 tu
395 1101 424 1121 es
447 1092 540 1121 Filius
564 1093 630 1127 Dei,
652 1096 788 1130 quantum
809 1093 842 1122 ad
864 1094 996 1123 Divinita-

148 1141 220 1172 tem,
241 1138 307 1175 quia
328 1139 397 1167 nosti
419 1142 526 1168 secreta
546 1139 652 1174 cordis;
674 1140 805 1169 Ieremiae
825 1140 932 1169 decimo
953 1149 995 1170 se-

148 1184 268 1222 ptimoss:
288 1196 302 1211 «
314 1186 368 1223 Ego
383 1186 517 1215 Dominus
528 1190 657 1216 scrutans
671 1187 755 1216 corda
769 1190 796 1216 et
810 1195 891 1216 renes
903 1200 928 1216 ».
952 1189 995 1217 Tu

147 1239 177 1260 es
197 1240 249 1260 rex
279 1232 385 1267 Israel,
407 1236 542 1269 quantum
571 1233 605 1261 ad
634 1234 842 1263 humanitatem.
865 1235 995 1274 Similiter

147 1278 271 1307 confessa
299 1282 340 1308 est
358 1279 456 1314 turba,
478 1280 550 1308 infra
577 1280 760 1309 duodecimo:
786 1292 800 1306 α
815 1279 993 1316 Benedictus,

146 1324 193 1362 qui
215 1325 291 1354 venit
311 1325 338 1354 in
360 1326 470 1355 nomine
492 1327 612 1361 Domini,
634 1335 686 1356 rex
708 1327 829 1356 lsrael».

226 1372 270 1400 97.
293 1372 382 1408 (Vers.
406 1373 472 1408 50).
496 1373 652 1410 Respondit
672 1374 753 1402 Iesus
778 1377 829 1402 etc.
860 1375 994 1411 Tangitur

146 1417 192 1446 hic
212 1421 360 1455 quartum,
376 1419 479 1448 scilicet
500 1420 553 1448 iam
576 1421 699 1449 attracti
711 1420 914 1457 confirmatam
929 1429 994 1450 con-

145 1464 239 1493 firmat
260 1465 332 1494 enim
354 1474 417 1495 eum
439 1474 489 1503 per
510 1466 720 1504 promissionem
745 1468 909 1497 ostensionis
936 1476 994 1497 ma-

145 1511 259 1551 iorurn;>
274 1516 388 1549 propter
408 1513 482 1551 quod
503 1513 584 1542 dicit:
606 1514 762 1551 Respondit
790 1515 871 1543 Iesus
890 1519 924 1549 ⁴et
951 1516 994 1544 di-

146 1558 189 1587 xit
202 1559 244 1588 ei:
268 1560 346 1595 Quia
366 1560 432 1589 dia-i
451 1560 518 1589 tibi.-
546 1561 612 1590 Vidi
626 1565 650 1590 te
663 1561 717 1590 sub
738 1561 814 1597 ficu,
836 1562 946 1596 credi&
966 1566 994 1591 et

145 1605 184 1634 ita
204 1614 255 1643 pro
275 1606 383 1636 modico
403 1615 433 1636 es
454 1610 560 1637 tractus
581 1608 614 1636 ad
636 1608 727 1637 fidem.
743 1609 842 1637 Maius
856 1608 901 1637 his
915 1609 992 1638 vide-

146 1651 206 1686 bis;
237 1653 309 1681 infra
339 1654 486 1691 quinto¹²:¹
508 1654 638 1683 «Maiora
667 1655 711 1684 his
741 1655 941 1684 demonstrabit
968 1656 992 1685 ei

145 1707 245 1736 opera,
266 1703 298 1729 ut
318 1709 367 1730 vos
387 1701 563 1730 miremini».
586 1702 618 1730 Et
639 1702 778 1738 specificat
799 1701 867 1731 illud
881 1703 990 1731 maius.

225 1748 270 1776 98.
293 1748 383 1782 (Vers.
406 1750 472 1783 51.).
497 1749 531 1777 Et
551 1748 622 1777 dicit
641 1749 681 1777 ei.-
704 1750 813 1783 Amen,
828 1757 914 1778 amen
928 1750 993 1779 dieo

144 1794 240 1828 vobis,
262 1795 356 1833 quia⁵
376 1795 509 1824 videbitis
528 1795 642 1825 eaelum
662 1800 813 1833 apertum,
836 1797 990 1826 secundum

144 1841 219 1878 quod
238 1841 340 1870 dicitur
354 1842 480 1871 Matthaei
497 1843 591 1877 tertio,
606 1843 681 1880 quod
695 1843 808 1872 loannes
822 1843 902 1879 vidit,
917 1844 992 1881 quod

144 1887 210 1917 caeli
232 1888 321 1925 aperti
341 1891 406 1917 sunt
427 1897 511 1926 super
532 1897 605 1918 eum.
630 1890 665 1917 Et
686 1889 810 1927 Angelos
826 1890 878 1919 Dei
892 1899 991 1920 ascen-

144 1934 240 1963 dente-s
264 1938 290 1963 et
315 1935 512 1964 descendentes
536 1944 625 1973 super
646 1935 758 1965 Filium
784 1935 918 1966 hominis.
943 1937 991 1966 Ad

143 1981 271 2010 litteram
301 1982 393 2020 Angeli
421 1983 454 2011 ad
486 1983 577 2020 ipsum
598 1983 814 2019 descenderunt,
837 1984 990 2014 secundum

143 2028 218 2066 quod
238 2029 339 2057 dicitur
360 2030 487 2058 Matthaei
509 2030 648 2067 quartoss:
675 2042 688 2055 «
702 2031 882 2060 Accesserunt
896 2032 987 2069 Angeli

143 2079 170 2104 et
191 2075 385 2105 ministrabant
405 2076 428 2105 ei
441 2087 468 2111 »;
490 2076 685 2114 spiritualiter
706 2086 788 2112 vero,
803 2081 835 2107 ut
855 2078 922 2107 dicit
935 2079 988 2107 Au-

206 2251 214 2264 ¹
233 2253 298 2275 Vers.
315 2253 351 2275 20.
369 2253 415 2277 Csr.
431 2253 501 2282 supra
518 2260 573 2282 pag.
590 2254 648 2283 202,
666 2257 719 2278 nota
736 2255 759 2278 7.

205 2290 214 2304 ²
231 2292 297 2315 Vers.
313 2292 336 2314 7.
352 2305 384 2309 —
401 2293 474 2321 Beda,
492 2293 514 2315 in
531 2293 592 2316 loan.
610 2293 630 2321 1,
649 2293 692 2316 48:
703 2294 747 2317 Sed
761 2294 815 2323 quia
827 2294 895 2323 primi
907 2301 990 2323 paren-

143 2333 176 2353 tes
187 2331 270 2359 nostri,
282 2333 347 2354 reatu
364 2332 568 2360 praevaricationis
585 2333 685 2362 confusi,
702 2332 729 2356 de
745 2332 785 2364 fici
800 2332 845 2357 sibi
859 2326 923 2363 soliis
939 2340 990 2357 suc-

143 2369 257 2393 cinctoria
272 2370 379 2399 fecerunt
396 2370 461 2397 (Gen.
474 2371 499 2399 3,
511 2370 556 2400 7.);
568 2373 644 2399 potest
655 2372 712 2394 haee
723 2371 793 2394 arbor
804 2372 841 2394 tici
853 2378 899 2395 non
911 2372 990 2395 incon-

142 2415 201 2437 grue
217 2409 277 2431 male
298 2409 415 2432 dulcorata
438 2410 517 2438 generi
540 2411 642 2433 humano
663 2411 855 2434 consuetudinem
878 2411 989 2440 peccandi

142 2447 234 2476 signare
251 2451 294 2470 etc.
311 2447 356 2471 Csr.
373 2449 482 2477 August,
500 2449 522 2471 in
539 2450 601 2472 loan.
618 2450 707 2478 Evang.
723 2452 750 2472 tr.
766 2450 790 2473 7.
806 2457 827 2473 n.
846 2451 883 2473 21.
901 2463 932 2468 -
949 2451 989 2473 Su-

142 2487 220 2514 perius
237 2493 280 2515 pro
304 2486 342 2510 Vel
358 2488 374 2510 N
392 2487 525 2516 Moralaer,
543 2488 579 2511 ed.
601 2488 641 2511 Vel
657 2488 760 2518 mystice.

204 2524 214 2538 ¹³
230 2526 298 2549 Vers.
315 2527 357 2549 ⁴0:
374 2527 422 2555 Ego
440 2527 552 2550 Dominus
568 2530 673 2550 scrutans
690 2534 730 2551 cor
746 2531 768 2551 et
788 2528 891 2557 probans
913 2535 989 2552 renes.

142 2577 173 2582 —
189 2565 297 2594 Sequitur
314 2566 375 2588 loan.
392 2566 433 2593 12,
452 2566 490 2589 13.
506 2566 551 2589 Ctr.
569 2566 643 2595 Cyrill.
661 2567 795 2595 Alexandr.,
807 2568 829 2591 in
840 2568 901 2591 loan.
914 2569 935 2596 l,
948 2568 986 2592 49.

203 2602 214 2616 ‘²
231 2604 297 2627 Vers.
314 2605 352 2627 20.
368 2617 400 2621 —
418 2605 512 2628 inferius
528 2612 571 2634 pro
588 2605 650 2631 illud
665 2605 682 2629 C
693 2607 708 2629 E
725 2606 789 2636 quod
803 2608 839 2630 est
859 2606 933 2635 illud,
950 2608 987 2630 ed.

142 2641 206 2672 quod
222 2643 257 2666 est
273 2642 328 2666 illis.

204 2679 213 2693 ⁵
230 2682 331 2710 Vulgata
346 2682 429 2704 omittit
446 2681 509 2712 quia.
521 2694 552 2700 ·-
563 2683 672 2712 Sequitur
689 2684 764 2706 Matth.
783 2684 810 2712 3,
828 2684 869 2707 46:
885 2685 911 2707 Et
922 2691 988 2713 ecce,

142 2720 213 2749 aperti
230 2723 284 2743 sunt
300 2721 321 2743 ei
338 2721 404 2744 caeli.

203 2757 213 2771 ⁶
230 2760 297 2783 Vers.
314 2760 352 2783 11.
369 2772 401 2777 -
418 2761 532 2783 Sententia
550 2761 646 2789 August.
663 2761 761 2784 habetur
779 2763 801 2785 in
818 2764 879 2785 ioan.
897 2764 984 2792 Evang.

141 2800 170 2821 tr.
186 2799 209 2821 7.
225 2805 247 2821 n.
265 2799 308 2826 233
326 2799 372 2822 ΧΠ.
388 2802 466 2822 contra
483 2800 605 2828 Faustum,
623 2806 644 2823 c.
660 2801 703 2830 26,
716 2801 789 2824 Serm.
803 2802 855 2825 122.
869 2802 934 2831 (alias
947 2802 984 2826 40.

141 2837 171 2860 de
193 2837 276 2860 Verbis
297 2838 398 2866 Domini)
416 2844 437 2860 c.
454 2839 475 2860 2.
491 2845 516 2861 n.
533 2839 555 2861 2.
577 2845 643 2868 seqq.
660 2852 689 2855 —
712 2840 806 2863 Inferius
828 2847 871 2869 pro
894 2847 987 2864 orcam

141 2875 238 2899 Deitatis
255 2876 332 2904 plures
349 2876 418 2899 codd.
434 2882 527 2900 arcana
546 2876 593 2900 Dei.

203 2912 212 2926 ⁷
230 2914 295 2937 Vers.
315 2914 352 2937 12.
369 2921 418 2944 seq.

1844 137 1900 165 267

1055 207 1199 244 gostinus,
1220 209 1295 246 quod
1315 209 1419 238 dictum
1442 213 1483 239 est
1503 211 1662 240 Nathanaeli
1676 212 1758 241 modo
1772 212 1902 250 impletur

1054 254 1082 282 in
1103 254 1281 290 Christianis,
1303 256 1381 293 quia,
1403 260 1549 294 postquam
1571 258 1645 287 Deus
1666 259 1750 288 homo
1764 260 1901 295 ascendit,

1054 300 1232 330 credentibus
1253 302 1281 331 in
1302 310 1366 331 eum
1388 304 1513 340 aperitur
1544 304 1636 333 aditus
1656 306 1740 340 caeli,
1761 309 1788 335 et
1809 306 1902 336 vident

1054 347 1185 384 Angelos,
1207 348 1234 377 id
1255 351 1297 378 est
1318 350 1536 387 praedicatoreS‚
1558 352 1754 386 ascendentes,
1775 353 1841 382 dum
1856 361 1902 382 ar-

1055 402 1123 423 cana
1143 394 1256 424 Deitatis
1276 396 1466 431 considerant;
1487 400 1514 425 et
1533 397 1746 433 descendentes,
1767 399 1833 428 dum
1849 400 1902 429 hu-

1054 449 1136 469 mana
1155 441 1189 470 de
1210 450 1243 471 eo
1263 443 1430 479 praedicant.
1452 444 1505 472 Ista
1525 444 1594 472 visio
1615 444 1721 482 signata
1735 449 1776 474 est
1790 446 1901 476 Genesis

1054 487 1186 525 vigesimo
1206 492 1303 518 octavo
1312 489 1334 524 ⁷,
1356 490 1404 518 ubi
1426 489 1543 525 dicitur,
1565 491 1640 528 quod
1661 492 1740 521 Iacob
1760 493 1828 521 vidit
1847 494 1900 522 Do-

1054 534 1161 563 minum
1182 535 1311 564 innixum
1334 537 1423 565 scalae
1441 540 1468 565 et
1489 537 1604 574 Angelos
1622 538 1799 568 ascendentes
1814 542 1841 568 et
1854 539 1900 568 de-

1054 579 1223 608 scandentes.

1379 674 1579 711 Quans'riouns.

1132 767 1177 796 99.
1200 768 1310 804 Quaest.
1335 768 1350 796 Ι.
1374 768 1425 797 Sed
1446 769 1592 805 quaeritur
1607 769 1651 799 hic
1665 770 1699 799 de
1712 771 1831 800 adventu
1846 772 1899 801 Do-

1052 813 1119 842 mini
1141 814 1168 842 in
1189 814 1352 843 Galilaeam:
1374 823 1461 852 quare
1482 815 1584 845 dicitur
1605 817 1663 851 hic,
1685 818 1759 854 quod
1780 818 1812 847 in
1832 827 1899 848 cra-

1050 861 1177 895 stinum,
1211 864 1271 898 post
1302 862 1490 891 testimonium
1522 863 1643 898 loannis,
1666 865 1740 893 venit
1768 865 1795 893 in
1827 865 1898 894 Gali—

1052 907 1159 935 laeam?

1129 954 1251 983 CONTRA:
1276 956 1299 983 1.
1316 956 1365 984 Alii
1380 956 1571 993 Evangelistae
1589 957 1700 992 dicunt,
1716 959 1788 996 quod
1805 960 1896 988 statim

1051 1001 1157 1029 ductus
1177 1005 1217 1030 est
1238 1002 1278 1030 inv
1290 1002 1434 1031 desertum
1450 1012 1469 1032 a
1485 1004 1609 1041 Spiritu,
1632 1005 1758 1035 Matthaei
1774 1007 1897 1044 quarto⁸

1051 1050 1079 1075 et
1100 1048 1181 1076 Marci
1204 1049 1302 1085 primo.

1131 1096 1156 1122 2.
1173 1094 1239 1123 Item
1254 1096 1355 1127 ibidem
1366 1096 1377 1113 ⁹
1391 1096 1506 1131 dicitur,
1521 1098 1595 1134 quod
1611 1099 1692 1127 Iesus
1705 1099 1782 1128 venit
1793 1100 1824 1128 in
1838 1100 1897 1129 Ga-

1052 1140 1185 1175 lilaeam,
1204 1146 1360 1181 postquam
1383 1144 1507 1172 Ioannes
1528 1145 1658 1174 traditus
1678 1149 1737 1179 est;
1758 1146 1805 1175 sed
1832 1155 1897 1175 con-

1051 1190 1120 1221 stat,
1136 1189 1208 1225 quod
1224 1189 1315 1218 adhuc
1329 1198 1384 1221 non
1399 1193 1459 1218 erat
1479 1191 1610 1226 traditus,
1625 1192 1696 1220 sicut
1710 1193 1811 1221 dicitur
1826 1193 1898 1222 infra

1051 1235 1147 1269 tertio,
1169 1235 1244 1272 quod
1265 1236 1377 1265 loannes
1399 1237 1479 1273 longo
1500 1241 1560 1274 post
1582 1241 1705 1275 tempore
1727 1239 1882 1276 baptizavit.

1130 1282 1166 1310 Ad
1188 1283 1240 1311 hoc
1261 1283 1409 1319 respondet
1431 1284 1600 1321 Augustinus
1629 1285 1656 1313 in
1678 1286 1749 1314 libro
1769 1286 1803 1315 de
1828 1287 1897 1316 Con—

1050 1327 1144 1356 cordia
1165 1328 1400 1366 Evangelistarum
1430 1331 1551 1359 secundo
1564 1331 1595 1365 ¹⁰,
1617 1332 1690 1368 quod
1718 1332 1823 1369 duplex
1844 1333 1896 1362 fuit

1050 1374 1185 1403 adventus
1206 1375 1314 1404 Domini
1337 1376 1364 1404 in
1385 1376 1541 1405 Galilaeam.
1565 1378 1673 1406 Primus
1703 1378 1756 1407 suit
1776 1382 1838 1416 post
1858 1382 1898 1409 te—

1050 1421 1210 1450 stimonium
1234 1422 1354 1457 loannis,
1376 1417 1523 1460 antequam
1552 1425 1654 1453 missus
1684 1425 1737 1454 fuit
1757 1426 1785 1454 in
1807 1434 1899 1456 carce-

1050 1475 1122 1502 rem;
1144 1471 1171 1497 et
1191 1468 1225 1497 de
1247 1469 1300 1497 hoc
1324 1478 1420 1499 omnes
1448 1470 1492 1499 alii
1521 1471 1709 1508 Evangelistae
1730 1468 1829 1501 tacent.
1852 1474 1899 1502 Se-

1049 1514 1158 1543 cundus
1179 1522 1246 1543 vero
1275 1515 1343 1549 fuit,
1365 1520 1511 1554 postquam
1540 1517 1652 1546 loannes
1679 1518 1781 1547 missus
1808 1523 1849 1548 est
1870 1519 1898 1548 in

1049 1569 1205 1596 carcerem,
1227 1564 1255 1590 et
1274 1562 1308 1591 de
1329 1563 1382 1591 hoc
1402 1563 1504 1592 dicitur
1520 1563 1591 1592 infra
1612 1569 1712 1602 quarto
1733 1566 1853 1603 capitulo
1866 1567 1887 1583 ¹¹

1049 1608 1077 1636 In
1093 1608 1183 1644 primo
1197 1608 1318 1637 adventu
1332 1609 1396 1638 fecit
1410 1610 1577 1639 miraculum
1591 1611 1625 1640 de
1640 1612 1791 1641 mutatione
1809 1621 1897 1650 aquae

1048 1654 1075 1683 in
1098 1655 1194 1683 vinum
1214 1655 1243 1683 in
1264 1656 1377 1692 nuptiis,
1399 1656 1425 1685 in
1448 1657 1569 1686 secundo
1583 1651 1709 1688 'adventu
1730 1659 1896 1689 miraculum

1048 1701 1082 1729 de
1103 1701 1160 1730 filio
1181 1702 1279 1739 reguli.

1130 1749 1154 1776 1.
1170 1748 1248 1785 Quod
1270 1757 1336 1786 ergo
1356 1749 1472 1784 dicitur,
1495 1751 1569 1788 quod
1589 1751 1690 1781 ductus
1704 1756 1745 1782 est
1759 1753 1785 1782 in
1801 1753 1895 1783 deser-

1048 1797 1122 1829 tum;
1144 1795 1352 1832 intelligendum
1374 1800 1428 1831 est,
1450 1798 1524 1834 quod
1546 1799 1732 1828 testimonium
1755 1800 1894 1830 illudfuit

1046 1842 1142 1870 datum
1163 1846 1224 1879 post
1246 1843 1364 1872 reditum
1386 1844 1494 1873 Domini
1515 1845 1549 1874 de
1570 1845 1688 1875 deserto.

1128 1890 1190 1918 100.
1213 1890 1323 1926 Quaest.
1345 1890 1373 1919 Il.
1398 1891 1462 1920 Item
1484 1892 1629 1928 quaeritur
1644 1893 1678 1922 de
1692 1895 1839 1924 vocatione
1853 1895 1894 1924 di-

1046 1936 1233 1973 scipulorum,
1255 1937 1321 1974 quja
1341 1937 1486 1967 dubitatur
1507 1939 1641 1968 similiter.

1127 1985 1150 2012 1.
1172 1984 1279 2013 Dicitur
1299 1985 1372 2013 enim
1394 1985 1455 2019 hic,
1478 1985 1552 2022 quod
1573 1987 1660 2015 vocati
1675 1987 1799 2023 fuerunt,
1815 1991 1893 2025 ante-

1045 2039 1128 2068 quam
1160 2032 1272 2060 Ioannes
1304 2032 1470 2061 traderetur.
1503 2033 1657 2062 Matthaeus
1669 2034 1692 2051 ¹2
1714 2042 1780 2063 vero
1811 2035 1892 2070 dicit,

1045 2078 1119 2115 quod
1140 2081 1202 2115 post
1223 2079 1396 2108 traditionem
1419 2079 1526 2108 loannis
1547 2080 1634 2109 vocati
1655 2081 1778 2110 fuerunt.

1108 2254 1118 2268 ⁸
1135 2257 1201 2279 Vei-s.
1219 2257 1240 2279 1.
1257 2259 1279 2279 et
1295 2257 1363 2280 Marc.
1381 2257 1402 2285 1,
1421 2257 1456 2279 12.
1474 2269 1505 2274 --
1523 2257 1634 2285 Superius
1652 2264 1693 2286 pro
1711 2257 1799 2282 Contra
1811 2259 1892 2287 plures

1046 2295 1115 2319 codd.
1132 2294 1252 2325 quoniam.

1107 2332 1118 2345 ⁹
1134 2334 1203 2356 Marc.
1220 2334 1241 2362 1,
1259 2334 1297 2356 14.
1312 2347 1343 2350 —-
1361 2335 1413 2363 Seq.
1431 2335 1494 2357 locus
1511 2338 1545 2357 est
1562 2336 1622 2358 ioan.
1640 2337 1666 2364 3,
1684 2337 1721 2359 23.
1740 2339 1762 2359 et
1779 2337 1817 2359 24.

1109 2371 1128 2385 ¹⁰
1144 2372 1200 2401 Cap.
1218 2373 1254 2395 18.
1271 2379 1295 2395 11.
1313 2373 1354 2395 42:
1371 2373 1436 2396 Unde
1454 2374 1596 2402 intelligitur,
1614 2376 1656 2397 hos
1673 2378 1718 2398 tres
1735 2376 1892 2404 Evangelistas

1044 2419 1091 2435 non
1108 2412 1184 2435 loanni
1201 2412 1356 2440 evangelistae
1373 2413 1487 2435 contraria
1510 2419 1627 2442 narrasse,
1645 2414 1687 2437 sed
1709 2415 1891 2442 praetermisisse

1045 2452 1148 2480 primum
1160 2452 1249 2474 Domini
1262 2452 1388 2475 adventum
1406 2452 1429 2474 in
1444 2452 1578 2481 Gaffiaeam,
1590 2455 1668 2481 postea
1681 2460 1751 2482 quam
1764 2453 1892 2482 baptizatus

1045 2493 1091 2518 est,
1107 2491 1201 2520 quando
1218 2490 1261 2513 illic
1278 2496 1363 2519 aquam
1380 2491 1493 2513 convertit
1510 2491 1532 2514 in
1544 2492 1624 2514 vinum
1638 2491 1711 2521 [ioan.
1725 2494 1752 2520 2,
1765 2493 1786 2515 1.
1798 2493 1891 2523 seqq.];

1044 2532 1099 2552 tunc
1116 2530 1177 2552 enim
1194 2529 1297 2552 nondum
1315 2533 1364 2552 erat
1380 2530 1476 2553 traditus
1493 2531 1600 2559 loannes;
1617 2537 1671 2554 eum
1690 2538 1746 2554 vero
1763 2532 1890 2555 adventum

1044 2568 1094 2591 eius
1111 2569 1132 2590 in
1150 2568 1272 2591 Galilaeam
1290 2569 1441 2591 connexuisse
1457 2569 1626 2592 narrationibus
1642 2570 1703 2598 suis,
1714 2570 1755 2599 qui
1767 2573 1820 2599 post
1830 2571 1891 2593 loan-

1044 2614 1098 2631 nem
1116 2608 1223 2631 traditum
1242 2609 1313 2630 tactus
1330 2610 1376 2637 est;
1394 2608 1423 2631 de
1440 2614 1487 2637 quo
1504 2608 1553 2631 eius
1570 2609 1644 2631 reditu
1661 2610 1685 2631 in
1702 2609 1825 2632 Galilaeam
1841 2610 1891 2638 ipse

1045 2648 1140 2670 loannes
1156 2647 1296 2675 evangelista
1314 2647 1347 2669 sic
1363 2647 1464 2676 loquitur
1482 2646 1515 2677 [c.
1534 2647 1560 2675 4,
1579 2648 1600 2670 1.
1617 2654 1682 2677 seqq.
1689 2647 1711 2678 ].:
1734 2648 1765 2671 Ut
1779 2654 1836 2678 erqo
1853 2655 1891 2672 co-

1044 2685 1124 2716 quovit
1140 2687 1229 2709 lesus...
1245 2685 1341 2715 reliquit
1358 2685 1472 2709 Iudaeam
1488 2688 1511 2710 et
1526 2686 1583 2710 abiit
1600 2686 1688 2710 iterum
1704 2686 1737 2710 in'
1747 2687 1887 2711 Galilaeam.

1107 2723 1126 2737 ¹¹
1144 2725 1209 2747 Vers.
1226 2725 1249 2747 3.
1266 2727 1288 2747 et
1305 2724 1342 2747 43.
1359 2731 1436 2754 seqq.‚
1448 2725 1488 2747 ubi
1500 2726 1569 2748 etiam
1587 2726 1616 2748 de
1628 2726 1746 2748 sanatione
1758 2726 1795 2748 filii
1808 2727 1889 2754 reguli.

1043 2775 1074 2780 —-
1090 2763 1183 2786 Inferius
1208 2769 1250 2791 pro
1275 2763 1422 2786 miraculum
1438 2763 1466 2787 de
1482 2764 1613 2787 mutatione
1629 2771 1706 2794 aquae
1722 2765 1747 2787 in
1764 2764 1845 2787 vinum
1865 2764 1889 2787 in

1042 2801 1142 2831 nuptiis,
1162 2802 1225 2831 quod
1243 2802 1340 2830 praebet
1357 2802 1388 2829 D,
1400 2803 1416 2825 N
1435 2802 1517 2826 vinum
1534 2802 1562 2825 de
1578 2809 1655 2832 aqua,
1673 2803 1709 2825 alii
1727 2804 1794 2826 codd.
1812 2806 1833 2825 et
1851 2803 1887 2825 ed.

1042 2840 1188 2864 miraculum
1205 2840 1233 2863 de
1249 2840 1346 2870 nuptiis.

1076 2910 1078 2912 ι
1105 2878 1124 2891 ¹²
1141 2879 1197 2907 Cap.
1215 2879 1241 2907 4,
1259 2881 1296 2902 12.
1313 2886 1378 2909 seqq.

1914 1293 1971 1318 Resp.

1911 1761 1942 1780 Ad
1955 1761 1972 1780 1.
