2296 3316
16 787 95 808 “etlinun

17 1587 93 1613 martum.

731 97 900 127 COMMENT.
923 98 955 127 lN
976 98 1122 128 IOANNEM
1143 100 1170 128 C.
1193 100 1246 128 VII.

114 174 241 211 primo1:
270 175 371 203 «Mane
392 177 560 211 consurgent
581 177 608 203 et
629 182 683 202 non
705 174 845 202 invenient
860 182 913 208 me,
928 183 960 204 eo

115 221 189 258 quod
209 229 322 250 exosam
344 220 505 249 habuerunt
525 219 687 257 sapientiam
702 231 728 247 ».
743 236 783 240 —
797 220 846 248 Vel
866 220 958 249 aliter:

119 267 270 303 Quae-retis
291 276 351 301 me,
373 266 514 295 voluntate
535 265 664 300 nocendi;
679 269 704 294 et
718 274 777 294 non
798 266 959 300 invenietis,

114 316 247 351 potestate
268 313 437 348 offendendi3
460 313 526 350 quia
555 313 664 342 dicetur
691 313 715 342 ei
747 316 809 350 post
833 321 960 342 resurre-

114 361 248 390 ctionem:
275 372 289 386 «ι
302 360 370 390 Sede
397 369 414 389 a
434 360 542 389 dextris
573 360 655 394 meis,
676 360 763 389 donec
784 368 884 397 ponam
908 360 958 389 ini-

113 408 200 437 micos
230 410 293 436 tuos
323 407 473 436 scabellum
505 406 606 444 pedum
638 407 813 436 tuorum2».
837 407 868 436 Et
898 408 960 437 ideo

114 453 223 488 subdit,
250 454 324 491 quod
359 462 459 483 nocere
490 462 544 482 non
576 457 715 491 poterunt.
747 456 780 483 Et
814 455 866 484 ubi
892 464 958 484 sum

112 509 179 538 eqo,
200 509 251 529 vos
271 509 329 529 non
349 501 466 537 potestis
486 501 601 534 venire‚·
622 501 683 530 ideo
703 510 758 530 non
779 502 905 538 poteritis
917 503 958 530 in-

113 547 223 582 venire,
252 547 317 584 quia
347 547 375 576 in
396 547 471 576 caelo
501 551 562 576 erat
591 548 720 583 futurus;
749 548 821 577 infra
852 549 959 578 decimo

113 594 251 631 quarto³:
278 605 292 619 «
306 594 380 623 Vado
401 602 501 631 parare
522 595 599 624 vobis
620 595 726 630 locum,
747 598 775 624 et
795 596 897 624 iterum
913 603 960 624 ve—

112 640 185 669 niam
206 643 234 670 et
254 641 385 678 accipiam
417 649 466 670 vos
496 641 530 670 ad
551 650 594 671 me
622 642 727 679 ipsum,
757 646 803 677 ut,
826 643 874 671 ubi
895 651 959 671 sum

112 694 177 724 ego,
198 690 226 716 et
246 695 295 717 vos
315 688 375 717 sitis
389 699 416 716 ».

191 736 236 763 50.
259 735 347 770 (Vers.
370 735 437 771 351).
460 736 607 764 Dixeritnt
626 745 694 774 erqo
716 736 821 765 ludaei
838 740 889 765 etc.
912 736 958 765 Hic

114 781 235 818 tangitur
256 781 368 810 tertium
378 804 385 816 ,
400 782 503 811 scilicet
523 790 695 820 consequens
710 783 890 812 Iudaeorum
904 783 958 811 du-

113 827 213 857 bitatio
234 836 270 857 ex
292 829 359 863 hoc,
380 830 453 866 quod
476 830 565 867 ipsum
588 838 642 859 non
663 830 867 867 intelligebam
884 829 958 858 unde

111 875 220 905 dicunt:
244 876 306 911 Quo
327 874 373 905 liic
403 876 503 905 iturus
530 880 586 911 est,
608 877 679 915 quia
697 885 755 905 non
777 877 958 905 inveniemus

112 922 196 951 euni?
217 922 249 951 Et
270 923 451 960 colloquendo
482 927 622 961 quaerunt
641 924 675 952 de
707 924 786 953 loco:
816 923 958 962 Nunquid

111 969 143 998 in
156 969 364 1007 dispersionem
378 971 509 1008 yentium
523 971 624 999 iturus
638 975 679 999 est
693 974 717 999 et
731 971 874 999 docturus
889 979 958 1008 yen-

112 1016 172 1045 tes?
198 1028 212 1042 α
227 1017 274 1046 Hic
294 1017 461 1052 dubitando,
483 1021 515 1046 ut
535 1018 601 1046 dicit
621 1018 791 1055 Augustinus
801 1018 822 1052 4,
838 1017 957 1054 prophe-

111 1067 249 1093 taverunt.
273 1065 366 1094 iturus
386 1065 460 1094 enim
481 1068 541 1094 erat
561 1065 595 1093 ad
616 1068 727 1102 gentes,
743 1073 796 1093 non
813 1073 862 1101 per
877 1073 957 1101 prae-

111 1111 226 1140 sentiam
249 1112 291 1141 sui
313 1112 453 1149 corporis,
479 1112 526 1141 sed
553 1120 602 1149 per
631 1112 788 1149 Apostolos;
818 1112 956 1140 psalmus:

111 1158 246 1195 Populus,
268 1167 351 1196 quem
372 1167 426 1187 non
448 1159 578 1196 cognovi,
606 1159 720 1188 servivit
741 1158 824 1192 mihi,
852 1158 880 1186 in
908 1167 957 1187 au-

111 1205 171 1234 ditu
191 1205 269 1234 auris
289 1205 409 1234 obedivit
430 1206 498 1234 mibi
513 1218 539 1233 ι).
561 1206 592 1234 Et
613 1206 678 1242 quia
703 1205 824 1233 multum
845 1205 956 1233 dubita-

110 1252 192 1286 bant,
213 1251 274 1280 ideo
294 1251 396 1280 iterant
416 1252 624 1281 dubitationem.

190 1300 235 1327 51.
258 1299 346 1333 (Vers.
373 1299 441 1334 36).
471 1299 543 1335 Quis
564 1303 604 1328 est
626 1299 699 1328 iste⁵
730 1308 840 1333 sermo,
872 1308 956 1338 quem

111 1346 202 1376 dixit:
226 1346 377 1382 Quaeretis
398 1355 443 1375 ine
463 1350 488 1375 et
507 1356 566 1375 non
586 1347 754 1380 invenietis‚·
772 1350 799 1375 et
818 1346 870 1375 ubi
889 1355 957 1374 sum

110 1402 177 1431 690,
198 1401 249 1421 vos
269 1402 328 1422 non
351 1394 470 1431 potestis
501 1393 620 1422 venire?
642 1393 703 1422 ldeo
724 1401 778 1422 non
810 1396 955 1421 merentur

111 1440 278 1478 intelligere,
301 1441 367 1478 quia
388 1441 538 1470 noluerunt
566 1440 599 1469 ad
621 1440 790 1470 credendum
812 1448 841 1469 se
862 1440 955 1469 humi—

110 1488 186 1517 liare.

189 1536 234 1564 52.
258 1535 346 1571 (Vers.
369 1535 436 1571 37.).
458 1536 494 1564 In
524 1535 682 1564 novissimo
713 1539 811 1563 autem
836 1535 881 1563 die
902 1537 953 1563 etc.

110 1582 243 1619 Tangitur
264 1585 412 1619 quartum,
434 1582 537 1611 scilicet
550 1582 591 1611 ad
610 1581 696 1618 sidem
711 1582 858 1616 invitatio,
874 1581 955 1610 cuius

1807 103 1862 132 349

1016 176 1115 205 merito
1135 177 1218 205 datur
1239 177 1372 214 sapientia
1392 181 1419 207 et
1441 179 1627 216 intelligentia.
1651 180 1797 216 Propterea
1823 180 1864 208 di-

1017 221 1068 251 cit:
1090 222 1126 250 In
1146 223 1304 251 nouissimo
1326 227 1423 252 autem
1444 224 1489 253 die
1503 226 1607 262 moyni
1619 224 1687 263 festi
1696 226 1726 259 ⁶;
1741 226 1786 254 hic
1800 229 1859 255 erat

1016 270 1131 297 octavus
1152 271 1179 297 et
1200 269 1331 304 ultimus,
1353 271 1400 307 qui
1422 274 1482 299 erat
1503 272 1647 306 soleinnis;
1669 272 1766 300 stabat
1780 273 1862 301 Iesus

1016 319 1042 343 et
1062 315 1216 344 clamabat.
1239 316 1357 352 Stabat,
1379 325 1428 354 per
1450 318 1676 347 immobilitatem
1683 329 1694 352 ,·
1715 319 1862 348 MalachIae

1017 362 1099 390 tertio
1111 362 1137 391 ⁷:
1163 374 1176 388 «
1191 363 1247 400 Ego
1267 363 1400 393 Dominus
1421 367 1448 394 et
1467 373 1520 394 non
1542 369 1635 395 mutor
1653 378 1680 400 »;
1696 366 1860 401 clamabat,

1016 417 1065 446 per
1086 411 1256 445 caritatem;
1287 412 1424 442 psalmus:
1450 425 1464 439 «
1479 413 1612 443 Laboravi
1641 415 1761 444 clamans
1776 427 1803 450 »,
1829 418 1861 444 ut

1016 457 1151 486 excitaret
1171 458 1205 486 ad
1226 459 1403 488 veniendum:
1433 460 1531 489 Veniat
1551 465 1577 489 et
1597 461 1684 495 bibat,
1706 462 1858 490 secundum

1018 511 1105 531 ineam
1138 504 1312 541 largitatem.
1340 506 1372 534 Si
1396 507 1461 543 quis
1489 507 1565 540 sitit,
1587 509 1682 536 veniat
1712 513 1738 536 et
1766 508 1860 541 bibam

1017 549 1100 578 Isaiae
1121 550 1351 587 quinquagesimo
1372 552 1484 588 quinto:
1512 564 1525 577 «
1540 553 1642 582 Omnes
1670 554 1793 582 sitientes
1814 562 1860 583 ve-

1016 596 1072 625 nite
1093 596 1126 624 ad
1148 605 1246 633 aquas;
1270 598 1374 632 venite,
1396 599 1478 627 emite
1492 599 1597 636 absque
1617 604 1730 637 argento
1752 604 1778 629 et
1799 601 1861 629 abs-

1016 651 1071 680 que
1092 643 1149 671 ulla
1169 645 1384 674 commutatione
1400 646 1493 674 vinum
1509 650 1536 675 et
1551 647 1591 675 lac
1606 659 1632 675 υ,
1648 648 1679 675 Et
1693 648 1792 676 modus
1812 648 1860 677 ad-

1016 690 1141 719 veniendi
1163 691 1346 726 describitur,
1362 692 1428 729 quia
1441 696 1482 721 est
1496 701 1545 729 per
1567 693 1669 729 βάψω
1691 694 1764 722 unde
1778 694 1858 723 dicit:

1095 736 1140 765 53.
1163 737 1252 773 (Vers.
1275 738 1342 773 38.).
1367 739 1425 774 Qui
1445 739 1534 768 credit
1560 740 1591 768 in
1611 749 1671 774 ine,
1693 741 1769 769 sicut
1789 741 1861 769 dicit

1016 784 1190 820 Scriptura,
1212 784 1338 821 flumina
1368 786 1402 814 de
1432 790 1529 815 ventre
1556 787 1619 815 eius
1647 787 1738 824 fluent
1766 796 1860 824 aquae

1015 840 1105 859 vinae.

1094 878 1139 906 54.
1162 878 1275 914 Quaerit
1296 879 1541 915 Clirysostomus³‚
1563 880 1609 909 ubi
1642 881 1694 909 hoc
1718 880 1811 917 ,dicat;
1833 884 1860 910 et

1014 924 1088 959 dicit,
1104 925 1177 962 quod
1197 937 1209 950 α
1222 934 1359 963 nusquam
1376 927 1427 955 hoc
1441 927 1545 962 dicit»,
1560 928 1594 956 ad
1609 928 1744 962 litteram,
1760 928 1807 957 sed
1825 928 1860 957 ad

1015 971 1198 1006 intellectuum
1212 972 1294 1001 Isaiae
1309 973 1538 1011 quinquagesimo
1552 977 1660 1003 octavo:
1681 987 1694 1000 «
1706 975 1765 1003 Eris
1780 975 1858 1014 quasi

1015 1018 1114 1048 hortus
1134 1018 1258 1055 irriguus
1289 1023 1316 1048 et
1343 1021 1421 1057 quasi
1443 1021 1503 1049 sons
1523 1029 1676 1058 aquarum,
1698 1022 1778 1051 cuius
1803 1030 1857 1051 non

1014 1065 1142 1094 deficient
1172 1067 1260 1102 aquae
1275 1077 1301 1101 »3
1323 1067 1536 1096 Proverbiorum
1563 1068 1682 1105 quinto⁹
1704 1069 1856 1097 secundum

1014 1112 1094 1140 aliam
1127 1113 1348 1141 translationem:
1375 1114 1569 1144 «Deriventur
1595 1115 1683 1143 sontes
1708 1115 1746 1143 tui
1769 1115 1857 1149 foras,

1014 1162 1041 1187 et
1062 1159 1089 1187 in
1111 1159 1208 1195 plateis
1229 1167 1315 1196 aquas
1337 1162 1398 1188 tuas
1422 1160 1513 1189 divide
1527 1172 1553 1189 ».
1578 1161 1608 1189 Et
1628 1161 1694 1190 dicit
1713 1161 1856 1198 flumina,

1014 1205 1080 1242 quia
1098 1205 1207 1242 flumen
1227 1206 1293 1234 dicit
1313 1206 1509 1235 abundantiam
1531 1210 1558 1236 et
1578 1207 1724 1244 impetum,
1746 1211 1773 1237 et
1795 1208 1856 1245 plu-

1014 1252 1109 1280 raliter
1123 1252 1197 1280 dicit.
1213 1253 1288 1281 Unde
1304 1252 1517 1289 Cbrysostomus
1529 1254 1567 1282 1⁰:
1587 1265 1600 1279 «
1616 1254 1725 1283 Videbis
1746 1255 1858 1283 manife-

1014 1301 1055 1327 ste
1076 1299 1221 1335 impletum
1252 1299 1326 1336 quod
1357 1299 1473 1334 dicitur,
1495 1300 1516 1328 si
1538 1300 1570 1328 ad
1601 1301 1729 1337 Stephani
1752 1301 1858 1338 sapien-

1015 1346 1094 1380 tiam,
1117 1346 1138 1374 si
1160 1346 1194 1375 ad
1215 1346 1286 1375 Petri
1309 1346 1446 1383 linguam,
1469 1347 1490 1375 si
1511 1347 1545 1375 ad
1571 1347 1645 1375 Pauli
1676 1355 1790 1376 cursum
1817 1349 1858 1377 in-

1013 1393 1153 1429 spexeris,
1176 1393 1245 1421 nihil
1265 1393 1338 1422 enim
1360 1393 1399 1422 eis
1421 1393 1577 1427 resistebat,
1600 1402 1650 1422 nec
1671 1394 1759 1430 plebis
1779 1394 1858 1423 furor

1013 1448 1063 1469 nec
1084 1444 1267 1477 tyrannorum
1290 1441 1455 1469 insurrectio
1476 1448 1527 1469 nec
1555 1441 1720 1470 daemonum
1746 1441 1858 1471 insidiae

1013 1495 1063 1516 nec
1091 1490 1193 1516 mortes
1224 1487 1414 1524 quotidianae;
1444 1487 1490 1516 sed
1523 1488 1595 1516 sicut
1625 1487 1741 1516 flumina
1768 1488 1858 1517 omnia

1012 1542 1106 1563 secum
1129 1534 1269 1563 trahentes
1290 1534 1442 1563 abibant».
1461 1534 1491 1563 Et
1506 1535 1571 1571 quia
1592 1535 1644 1563 hoc
1666 1534 1855 1571 spiritualiter,

1012 1589 1067 1609 non
1088 1580 1234 1609 carnaliter
1256 1584 1315 1609 erat
1329 1581 1450 1615 dictum,
1466 1581 1526 1610 ideo
1541 1581 1656 1618 exponit
1672 1581 1855 1619 Evangelista:

173 1717 180 1731 ¹
201 1719 264 1741 Vers.
282 1720 319 1741 28.
337 1725 384 1748 seq.

172 1756 182 1770 ⁹
199 1758 281 1780 Psalm.
299 1758 356 1785 109,
374 1758 395 1780 l.

173 1795 183 1808 ⁸
201 1797 266 1819 Vers.
284 1798 305 1819 9..
324 1803 371 1826 seq.
390 1797 433 1819 Cir.
451 1797 561 1825 August,
573 1797 596 1819 in
614 1797 673 1819 loan.
692 1798 778 1825 Evang.
796 1800 823 1819 tr.
841 1798 880 1820 3i.
894 1804 915 1819 n.
929 1797 955 1819 9:

110 1837 159 1860 Non
171 1836 236 1859 dixit:
248 1835 290 1859 ubi
305 1842 357 1864 ero,
370 1836 411 1858 sed
423 1835 464 1859 ubi
473 1842 535 1859 sum.
553 1837 650 1864 Semper
662 1837 724 1859 enim
736 1836 767 1858 ibi
782 1839 830 1859 erat
841 1836 955 1863 Christus,

110 1882 157 1905 quo
175 1877 248 1899 suerat
264 1875 381 1898 rediturus
391 1884 397 1903 ς
415 1875 448 1898 sic
464 1875 526 1898 enim
543 1875 617 1903 venit,
635 1878 660 1898 ut
676 1882 721 1898 non
745 1876 886 1898 recederet...
911 1876 956 1898 Nec

110 1916 180 1939 dixit:
197 1922 245 1939 non
254 1915 370 1945 poteritis,
383 1915 423 1938 sed
435 1921 484 1938 non
493 1914 589 1945 potestis
597 1934 603 1943 ,
616 1916 672 1938 tales
688 1915 750 1938 enim
763 1918 817 1938 tunc
829 1917 904 1944 erant,
916 1916 956 1944 qui

110 1961 156 1978 non
173 1957 267 1983 possent
283 1957 326 1977 etc.

172 1992 183 2006 ‘¹
200 1994 224 2016 ln
241 1995 304 2016 ioan.
321 1994 407 2021 Evang.
426 1997 452 2015 tr.
470 1994 508 2016 31.
525 1999 547 2015 n.
567 1994 608 2016 ¹10:
626 1994 674 2016 Non
691 1994 751 2016 cuim
769 1993 871 2016 sciebant
892 1993 956 2022 quod

110 2033 227 2061 duxerunt,
245 2033 286 2056 sed
302 2034 357 2062 quia
374 2034 410 2055 ille
421 2033 505 2060 voluit,
517 2034 722 2061 prophetaverunt.
738 2034 811 2055 iturus
828 2032 890 2055 enim
908 2035 956 2054 erat

110 2073 221 2095 Dominus
243 2073 273 2095 ad
295 2076 388 2101 gentes,
406 2079 452 2095 non
474 2072 603 2101 praesentia
626 2072 730 2100 corporis
752 2072 799 2098 sui,
817 2072 858 2094 sed
878 2074 955 2094 tamen

110 2111 210 2140 pedibus
232 2112 287 2134 suis.
309 2113 353 2141 Qui
374 2115 438 2134 erant
459 2112 531 2140 pedes
552 2112 618 2134 eius?
641 2112 703 2140 Quos
726 2111 798 2139 pedes
820 2112 956 2133 conculcare

111 2150 203 2173 volebat
219 2151 381 2180 persequendo
399 2151 505 2173 Saulus...
522 2151 569 2173 Hoc
586 2156 643 2178 ergo
665 2150 696 2172 illi
718 2151 780 2173 nullo
803 2150 873 2173 inodo
895 2150 956 2172 intel-

111 2190 226 2217 lexerunt,
243 2193 266 2213 et
282 2193 358 2213 tamen
376 2197 403 2212 ex
420 2191 463 2213 hac
480 2190 600 2213 occasione
622 2191 718 2213 salutem
742 2192 843 2212 nostram
866 2189 956 2218 praedi-

110 2232 203 2256 xerunt,
220 2230 283 2258 quod
300 2230 411 2252 Dominus
433 2230 506 2252 iturus
527 2232 587 2252 esset
609 2229 638 2251 ad
660 2229 829 2257 dispersionem
851 2229 955 2256 gentium

111 2270 133 2290 et
150 2268 287 2296 impleturus
304 2269 367 2297 quod
384 2268 492 2296 legebant
508 2271 530 2290 et
546 2274 591 2290 non
605 2267 761 2296 intelligebant
779 2267 829 2297 [ΡΞ.
842 2268 878 2295 17,
891 2268 955 2296 45.];

110 2307 230 2336 Populus,
249 2314 318 2337 quem
335 2303 383 2331 no'n
400 2307 500 2337 coynovi
515 2310 559 2330 etc.

173 2345 182 2358 ⁵
201 2347 298 2375 Vulgata
316 2346 360 2370 hic.
888 2370 892 2372 ,

172 2384 299 2413 ⁰·Vulgata
324 2385 360 2409 die
385 2392 473 2415 manno
498 2385 637 2416 festivitatis.
654 2399 685 2403 —
702 2386 827 2413 chrysost„
850 2386 872 2408 in
894 2387 955 2408 loan.

112 2424 190 2447 homil.
208 2424 246 2447 51.
268 2424 332 2452 (alias
354 2425 400 2454 50.)
424 2432 445 2447 n.
464 2425 489 2447 i:
506 2425 534 2447 At
556 2431 596 2447 cur
619 2425 763 2453 Evangelista
780 2425 812 2447 sic
830 2425 955 2452 expressit:

111 2465 140 2487 ln
158 2462 286 2487 novissimo
309 2463 345 2486 die
367 2465 471 2493 manno?
488 2464 576 2486 Etenim
600 2464 689 2492 primus
706 2466 728 2486 et
745 2464 839 2486 ultimus
855 2470 956 2491 magnus

111 2505 172 2531 erat,
190 2503 261 2526 medii
278 2505 355 2525 autem
373 2503 450 2531 potius
466 2503 488 2524 in
507 2503 593 2525 deliciis
614 2502 816 2525 consumebantur.
833 2502 879 2525 Cur
898 2508 955 2530 ergo

111 2543 139 2565 In
150 2542 278 2565 novissimo
289 2542 359 2564 dicit?
372 2542 429 2570 Quia
446 2542 482 2564 illo
499 2542 536 2564 die.
553 2547 633 2564 omnes
650 2541 826 2564 conveniebant.
842 2542 865 2563 ln
879 2542 955 2569 primo

111 2587 157 2603 non
169 2581 232 2603 venit
244 2581 278 2603 ille
290 2585 312 2603 et
324 2587 417 2603 causam
429 2581 485 2603 dixit
497 2580 603 2603 fratribus
616 2580 694 2610 [supra
707 2587 729 2603 v.
747 2581 769 2602 8.
782 2587 802 2603 n.
816 2581 836 2602 8.
853 2583 875 2603 et
893 2579 939 2609 46.]
950 2587 955 2608 3

111 2613 154 2643 sed
170 2625 213 2642 nec
229 2620 252 2642 in
270 2619 372 2642 secundo
390 2625 432 2642 nec
450 2619 472 2641 in
488 2619 554 2642 tertio
571 2619 691 2648 quidpiam
709 2620 752 2641 tale
769 2619 835 2647 dicit,
847 2625 876 2641 ne
893 2619 955 2641 irrita

112 2658 186 2680 rorent
202 2657 288 2685 verba,
306 2658 363 2680 dum
381 2658 483 2680 futurum
500 2660 560 2685 erat,
578 2661 603 2680 ut
618 2658 649 2679 illi
667 2658 689 2679 in
707 2657 794 2680 deliciis
810 2660 893 2679 essent.
910 2657 956 2680 No-

111 2696 207 2720 vissima
224 2699 302 2719 autem
319 2695 362 2725 die,
383 2696 476 2725 quando
493 2696 633 2719 recedebant
650 2696 759 2724 domum,
776 2696 859 2718 viatica
876 2696 907 2718 ad
923 2702 956 2718 sa-

112 2736 182 2759 lutem
200 2736 239 2759 dat
255 2736 297 2759 illis
314 2738 336 2759 et
352 2737 435 2759 clamat
451 2738 492 2759 etc.

175 2773 183 2787 ⁷
202 2776 267 2798 Vers.
286 2776 309 2798 6.
322 2788 353 2792 -
365 2775 415 2798 Duo
432 2782 497 2804 seqq.
514 2775 558 2798 loci
574 2777 627 2797 sunt
643 2775 678 2797 Ps.
690 2776 733 2803 68,
745 2775 767 2797 4.
779 2777 801 2797 et
818 2775 868 2797 lsai.
880 2774 920 2803 55,
938 2775 955 2796 1.

175 2812 184 2826 ⁸
202 2815 226 2837 ln
249 2815 309 2837 loan.
333 2815 410 2837 homil.
432 2815 469 2837 51.
487 2814 551 2841 (alias
573 2814 620 2844 50.)
643 2821 665 2836 n.
686 2815 710 2836 l:
733 2815 759 2836 Et
783 2813 877 2836 ubinam
901 2813 957 2835 dicit

113 2854 245 2882 Scriptura:
269 2853 381 2876 Flumina
405 2853 432 2877 de
456 2855 536 2877 ventre
552 2853 602 2876 eius
618 2853 694 2883 fluent
708 2859 785 2883 aquae
801 2852 884 2876 vivae?
901 2853 956 2875 Nus-

110 2899 191 2922 quam.
209 2893 269 2922 Quid
285 2892 330 2915 sibi
346 2894 395 2916 vult
410 2899 466 2921 ergo
484 2893 551 2916 illud:
570 2892 617 2921 Qui
632 2892 706 2916 credit
722 2892 746 2915 in
762 2898 812 2921 me,
824 2892 885 2915 sicut
902 2891 957 2914 dicit

1012 1718 1157 1749 Scriptura?
1169 1720 1210 1741 Hic
1228 1719 1437 1747 interpungendum
1455 1721 1500 1746 est,
1518 1719 1619 1741 utillud:
1633 1718 1745 1742 Flumina
1761 1718 1788 1742 de
1804 1726 1856 1743 ven-

1013 1760 1048 1781 tre
1060 1758 1109 1781 eius
1121 1758 1206 1787 fluent,
1224 1759 1252 1780 sit
1268 1758 1350 1781 Christi
1365 1758 1482 1780 sententia.
1494 1771 1525 1774 —
1537 1758 1644 1787 Sequitur
1661 1758 1710 1780 lsai.
1722 1758 1764 1787 58,
1777 1759 1814 1780 44,
1825 1771 1855 1775 —

1013 1797 1054 1820 Ed.
1070 1797 1138 1825 legit:
1156 1797 1187 1820 Et
1202 1796 1268 1824 dicit,
1289 1796 1352 1827 quod
1373 1803 1508 1826 nnsqnam;
1525 1798 1545 1820 et
1564 1796 1616 1820 ideo
1637 1796 1672 1820 sic
1693 1796 1757 1820 debet
1777 1796 1855 1820 subdi-

1012 1836 1106 1865 stinyui
1119 1836 1249 1860 secundnm
1266 1836 1358 1865 ipsum:
1376 1836 1419 1865 Qui
1436 1836 1508 1859 credit
1531 1837 1553 1858 in
1575 1842 1625 1863 me,
1641 1837 1701 1859 sicut
1722 1836 1777 1859 dicit
1798 1837 1855 1859 Scri-

1013 1878 1094 1904 ptura,
1110 1882 1186 1905 supra
1204 1875 1239 1905 [5‚
1258 1875 1320 1905 39.]:
1339 1876 1476 1898 Scrutamini
1501 1875 1641 1903 Scripturas,
1659 1876 1707 1898 illae
1724 1878 1777 1898 sunt
1794 1882 1854 1904 quae

1014 1915 1169 1937 testimonium
1187 1914 1309 1943 perbibent
1326 1915 1355 1937 de
1372 1921 1423 1942 me,
1435 1916 1456 1937 et
1469 1916 1551 1944 postea
1567 1913 1739 1944 subsequatur:
1751 1915 1854 1937 Flumina

1013 1954 1043 1976 de
1059 1957 1139 1976 ventre
1156 1957 1198 1976 etc.
1221 1953 1259 1976 Vel
1280 1953 1411 1977 secundnm
1433 1953 1507 1976 aliam
1529 1953 1708 1976 translationem
1730 1953 1773 1977 ltoc
1793 1954 1856 1977 Scri-

1009 1995 1086 2023 ptura
1097 2000 1217 2023 nusquam
1231 1993 1284 2016 [licit
1296 1992 1328 2015 ad
1339 1992 1454 2020 litteram,
1466 1992 1506 2015 sed
1519 1992 1551 2015 ad
1567 1992 1744 2022 intelligentiam
1762 1992 1803 2022 [ita
1822 1994 1855 2015 in-

1888 887 1962 910 Quaest.
1977 888 2004 907 in·

1877 911 1941 929 cidens
1950 912 2005 930 solvi-

1877 936 1912 952 tur.

1013 2035 1149 2061 terpretatur
1166 2032 1273 2062 Bouav.].
1286 2032 1360 2055 Isaiae
1371 2031 1421 2055 58:
1438 2031 1493 2055 Eris
1511 2031 1581 2061 quasi
1595 2034 1638 2054 etc.
1656 2031 1711 2060 (Csr.
1727 2031 1854 2055 Comment.
1876 2029 1878 2032 ’

1013 2072 1036 2094 in
1054 2073 1113 2095 loan.
1131 2078 1144 2094 a
1162 2072 1270 2094 Vaticana
1288 2072 1323 2094 ed.
1344 2071 1388 2093 sub
1414 2071 1506 2093 nomine
1523 2072 1609 2093 Bonav.
1626 2071 1810 2100 promulgatum,
1827 2078 1854 2094 ex

1013 2118 1059 2141 quo
1076 2113 1120 2134 hoc
1137 2112 1320 2134 additamentum
1338 2111 1429 2133 videtur
1446 2116 1496 2133 esse
1512 2110 1633 2139 sumtum).

1075 2148 1085 2161 ⁹
1103 2151 1168 2173 Vers.
1188 2151 1223 2172 16.
1240 2150 1294 2173 Alia
1311 2151 1367 2172 naec
1389 2149 1504 2171 translatio
1526 2148 1624 2171 habetur
1645 2149 1668 2171 in
1686 2149 1790 2177 Vulgata.
1809 2149 1855 2172 Sed

1013 2189 1132 2218 quomodo
1149 2191 1214 2211 sonat
1233 2188 1314 2218 prima
1336 2188 1467 2211 translatio?
1485 2188 1510 2210 B.
1526 2188 1619 2216 Albert.,
1636 2188 1725 2210 Postilla
1749 2188 1771 2210 in
1794 2189 1854 2211 Ioan.

1013 2229 1035 2256 7,
1053 2229 1090 2251 38.
1107 2229 1151 2251 ait:
1172 2237 1183 2248 α
1196 2229 1262 2251 Prov.
1279 2228 1305 2250 ’5;
1317 2227 1458 2251 Dertcentur
1472 2227 1547 2256 fontes
1564 2226 1680 2256 tuiforis,
1693 2228 1714 2249 et
1731 2226 1754 2249 in
1768 2227 1854 2256 pluteis

1013 2274 1089 2298 aquas
1106 2270 1160 2291 tuas
1178 2267 1260 2290 divide.
1277 2266 1316 2295 lbi,
1333 2268 1359 2289 ut
1375 2266 1474 2294 dicitur,
1493 2266 1608 2289 translatio
1626 2266 1773 2294 Septuaginta
1786 2265 1854 2289 habet

1013 2306 1126 2330 Flumina
1143 2306 1170 2330 [le
1187 2308 1267 2329 ventre
1283 2307 1323 2329 tuo
1339 2305 1419 2334 fluant
1433 2311 1510 2334 aquae
1525 2304 1619 2327 vivae».
1632 2305 1774 2332 Inspeximus
1786 2307 1855 2327 trans-

1013 2346 1120 2368 lationem
1138 2346 1299 2373 Septuaginta,
1311 2351 1381 2373 quam
1398 2350 1453 2372 prae
1470 2343 1577 2366 manibus
1593 2343 1719 2370 habemuS,
1731 2344 1771 2366 sed
1783 2343 1854 2366 verba

1013 2392 1041 2407 eo
1058 2385 1140 2413 niodo,
1158 2391 1204 2413 quo
1222 2390 1234 2406 a
1251 2384 1276 2406 B.
1293 2383 1384 2405 Alberto
1406 2384 1538 2411 afferuntur,
1560 2389 1606 2405 non
1630 2383 1768 2405 invenimus.
1787 2383 1854 2406 Nota-

1013 2431 1065 2447 mus
1087 2425 1189 2452 insuper,
1206 2423 1269 2452 quod
1294 2423 1385 2445 Hieron.
1413 2422 1434 2444 in
1459 2422 1556 2450 Prologo
1574 2422 1595 2444 in
1612 2422 1667 2443 Gen.
1690 2422 1747 2444 inter
1769 2424 1853 2449 textus,

1013 2464 1052 2492 qui
1071 2464 1093 2485 in
1109 2463 1226 2490 Scriptura
1246 2462 1372 2489 allegantur
1395 2463 1417 2483 et
1433 2461 1536 2488 explicite
1553 2466 1598 2482 non
1615 2460 1769 2487 inveniuntur,
1785 2461 1852 2483 etiam

1013 2505 1116 2525 recenset
1133 2502 1213 2529 istum,
1231 2503 1252 2523 et
1269 2501 1334 2529 dicit,
1346 2500 1409 2529 quod
1422 2499 1532 2522 habeatur
1550 2499 1574 2521 in
1591 2498 1739 2527 Proverbiis,-
1756 2499 1779 2521 in
1797 2506 1854 2522 mar-

1013 2542 1066 2570 gine
1088 2541 1125 2563 ed.
1144 2542 1214 2563 Maur.
1231 2541 1341 2567 allegatur
1362 2540 1429 2561 Prov.
1448 2540 1488 2566 18,
1507 2538 1536 2561 4;
1553 2540 1621 2568 Aqua
1639 2538 1762 2568 profunda
1783 2538 1853 2562 verba

1013 2587 1043 2603 ez·
1060 2586 1101 2603 ore
1117 2579 1175 2607 viri,
1192 2581 1213 2602 et
1238 2581 1331 2601 torrens
1355 2577 1492 2601 redundans
1516 2577 1569 2607 fons
1594 2576 1728 2606 sapientiae.
1752 2578 1854 2606 (Septua-

1013 2619 1091 2647 ginta:
1108 2619 1173 2646 Aqua
1191 2617 1305 2645 protunda
1323 2623 1399 2639 sermo
1418 2616 1440 2638 in
1457 2616 1527 2638 corde
1543 2616 1599 2643 viri,
1611 2616 1698 2638 flumen
1714 2619 1790 2638 autem
1808 2621 1853 2638 sca-

1014 2658 1069 2680 turit
1077 2660 1099 2680 et
1108 2659 1157 2680 sons
1166 2657 1242 2685 vitae).
1252 2668 1283 2672 —
1292 2656 1332 2678 Ed.
1345 2656 1427 2678 omittit
1437 2654 1567 2678 secundum
1579 2654 1653 2677 aliam
1665 2653 1853 2678 translationem.

1077 2695 1096 2708 ¹⁰
1113 2696 1136 2718 ln
1153 2696 1212 2718 ioan.
1230 2695 1308 2717 homil.
1326 2694 1364 2716 51.
1382 2694 1445 2723 (alias
1462 2693 1509 2722 50.)
1526 2700 1550 2715 n.
1568 2693 1589 2720 l,
1606 2693 1645 2715 uhi
1663 2695 1715 2721 post
1734 2692 1805 2715 verba
1824 2693 1853 2715 al-

1014 2737 1087 2763 legata
1105 2734 1223 2763 sequitur:
1241 2734 1272 2756 Ut·
1285 2739 1341 2761 ergo
1364 2733 1458 2761 [aquam
1483 2731 1572 2761 vivam]
1595 2732 1663 2755 simul
1688 2735 1710 2754 et
1734 2738 1851 2760 nunquam

1013 2774 1113 2797 deficere
1135 2776 1157 2795 et
1178 2772 1318 2795 ineffabiliter
1340 2772 1431 2800 operari
1453 2772 1557 2800 denotet,
1575 2772 1659 2794 sontem
1677 2774 1699 2793 et
1715 2771 1798 2793 fluvios
1814 2777 1852 2799 ap-

1013 2815 1095 2842 pellat;
1114 2820 1157 2835 non
1180 2818 1250 2835 unum
1275 2812 1385 2839 fluvium,
1403 2812 1442 2833 sed
1461 2810 1645 2833 innumerabiles.
1662 2811 1688 2833 Et
1708 2810 1753 2832 illic
1774 2810 1851 2832 salien-

1013 2855 1058 2875 tem
1077 2852 1153 2881 [ioan.
1171 2851 1197 2878 4,
1218 2850 1264 2880 14]
1281 2857 1324 2878 pro
1341 2850 1466 2872 inundante
1482 2849 1545 2872 dixit.
1561 2861 1592 2866 —
1609 2849 1718 2878 Superius
1740 2851 1792 2877 post
1811 2848 1851 2871 iin-

1012 2892 1092 2920 petum
1109 2890 1147 2912 ed.
1164 2890 1227 2912 addit
1243 2888 1406 2918 spiritualium
1423 2888 1566 2918 oratiarum.
