2296 3316
7 0 15 179 ¹

40 889 111 909 Divisio
114 903 118 908 .

18 1780 64 1799 visio
76 1780 96 1799 in
108 1780 119 1799 5

0 1812 1 1817 =
17 1804 106 1823 membra.

18 2014 41 2034 Oe
52 2015 119 2040 primo.

720 157 889 187 COMMENT.
912 157 944 186 IN
965 157 1156 188 SAPIENTlAM
1177 160 1204 188 C.
1227 160 1279 188 Vll.

133 238 310 268 Ecclesiastici
332 238 454 267 decimo:
481 238 595 266 «ludex
616 237 725 274 sapiens
739 235 870 265 iudicabit
891 244 979 273 popu—

132 285 190 314 lum
210 293 309 320 suum,
330 288 358 314 et
378 285 551 322 principatus
572 284 672 313 sensati
694 283 799 312 stabilis
818 283 909 312 erit».
925 283 979 311 Hoc

132 335 225 362 autem
245 333 367 362 maxime
398 332 530 369 competit
550 331 676 366 Christo,
697 331 724 360 in
750 331 831 359 cuius
862 338 980 367 persona

132 379 249 408 dicitur:
276 391 289 405 «
304 379 383 408 Salus
401 378 495 416 populi
511 386 561 416 ego
583 385 645 407 sum
660 390 686 406 ».
702 394 742 399 —-
757 377 787 406 Et
807 377 873 414 quia
887 377 925 405 ita
938 379 980 405 est

132 426 209 455 utilis
229 426 378 463 sapientia,
406 434 475 463 eryo
503 425 624 462 accipite
651 424 855 461 disciplinam,
883 423 911 452 id
939 425 980 452 est

131 473 307 511 sapientiam,
325 481 380 510 per
399 480 545 501 sermones
565 480 655 505 meos,
677 470 826 500 excitative
853 470 911 499 sive
935 477 980 498 oc-

1006 364 1010 502 l

1827 160 1878 188 151

1036 237 1223 272 casionaliter,
1245 237 1292 266 sed
1313 246 1362 275 per
1384 237 1591 274 inspirationem
1613 237 1733 266 divinam
1759 236 1883 266 effective

1035 286 1062 312 et
1076 284 1238 318 causaliter;
1260 284 1334 313 unde
1355 284 1534 313 Ecclesiastici
1557 284 1647 321 primo
1660 285 1682 312 ¹:
1702 295 1716 308 «
1730 283 1826 312 Omnis
1840 291 1882 312 sa-

1035 330 1138 367 pientia
1157 339 1174 359 a
1194 331 1310 359 Domino
1330 331 1387 360 Deo
1407 334 1449 360 est
1464 343 1490 359 ».
1508 332 1543 360 Et
1553 331 1687 368 proderit
1706 330 1802 364 vobis,
1818 330 1883 367 quia

1035 376 1138 405 dicitur
1160 377 1337 406 Ecclesiastae
1356 378 1468 406 ultimo:
1489 389 1502 403 α
1518 378 1609 407 Verba
1622 377 1787 414 sapientium
1803 377 1882 414 quasi

1036 423 1183 457 stimuli»,
1205 424 1308 453 scilicet
1329 424 1503 461 provocando
1524 424 1558 453 ad
1580 424 1700 458 honum;
1726 435 1740 448 «
1755 426 1783 452 et
1803 423 1884 460 quasi

1037 470 1106 498 clavi
1121 470 1149 498 in
1163 470 1251 498 altum
1265 470 1389 504 defixi»,
1402 471 1605 507 praeservando
1619 478 1635 499 a
1649 478 1716 499 casu
1730 470 1758 498 in
1770 470 1882 498 malum.

890 579 1051 608 CAPrroLnM
1073 579 1126 607 Vll.

240 691 361 723 Secundo
381 690 468 722 sumit
487 690 626 721 rationem
647 689 812 721 exhortandi
833 688 870 719 ad

342 738 512 778 sapientiam
532 747 550 768 a
570 747 617 769 suo
637 737 765 777 exemplo.

214 833 288 863 Sum
308 833 425 872 quidem
455 837 480 861 et
507 841 557 871 eqo
585 835 636 862 etc.
669 832 780 870 Supra²
808 831 916 860 monuit
937 838 981 859 re-

135 883 226 910 ctores
245 880 280 910 ad
300 879 497 917 acquirendam
527 880 689 917 sapientiam
713 882 741 908 et
761 879 906 908 amandam
931 885 981 915 per

135 928 270 957 rationem
284 930 405 956 sumtam
419 934 455 956 ex
471 927 595 964 periculo
609 927 690 956 officii
706 927 765 961 sui,
781 926 826 955 hic
837 934 873 955 ex
888 934 981 954 exem-

131 975 180 1012 plo
200 974 257 1003 sui.
279 974 311 1003 Et
330 974 421 1011 primo
442 974 576 1009 ostendit,
598 974 718 1011 qualiter
747 973 908 1010 sapientiam
933 981 981 1001 ac-

134 1021 254 1059 ceperit,
277 1021 380 1050 scilicet
400 1021 428 1050 in
449 1021 502 1050 isto
523 1021 659 1058 capitu103
682 1019 819 1053 secundo,
845 1021 982 1056 quantum

133 1077 194 1098 eam
209 1068 370 1103 amaverit,
392 1069 496 1098 scilicet
520 1068 641 1105 capitulo
659 1071 768 1101 octavo;
784 1066 878 1101 tertio,
894 1074 981 1103 quan-

135 1119 194 1145 tum
214 1116 312 1145 devote
332 1124 392 1145 eam
413 1124 430 1144 a
450 1115 566 1144 Domino
587 1114 761 1153 quaesierit,
784 1113 888 1143 scilicet
908 1112 982 1150 capi-

135 1163 193 1193 tulo
213 1172 294 1192 nono.

164 1256 268 1285 Primo
289 1256 428 1291 ostendit,
450 1257 577 1295 qualiter
597 1256 774 1294 sapientiam
796 1254 947 1293 acceperit.

213 1350 241 1379 ln
262 1352 341 1387 parte
363 1351 466 1387 prima,
488 1353 520 1379 ut
550 1351 584 1379 ad
614 1351 787 1388 propositum
818 1349 981 1384 descendat,

135 1397 226 1435 primo
246 1398 384 1427 humanae
402 1396 579 1435 fragilitatis
599 1398 752 1427 miseriam
772 1397 904 1426 describit
911 1408 918 1432 ;
940 1405 982 1426 se-

135 1444 226 1473 cundo
239 1444 373 1479 ostendit,
385 1444 460 1481 quod
471 1445 539 1473 haec
550 1445 656 1473 occasio
668 1445 760 1482 ipsum
774 1444 814 1473 ad
829 1444 982 1482 acquiren-

135 1490 205 1519 dam
215 1490 392 1528 sapientiam
403 1491 591 1528 provocavit:
604 1491 729 1528 Propter
740 1489 792 1519 lzoe
806 1490 905 1527 optavi
915 1493 981 1524 etc.;

135 1538 217 1567 tertio
236 1538 370 1573 ostendit,
393 1547 412 1567 a
433 1547 489 1577 quo
511 1538 627 1567 edoctus
646 1537 755 1576 fuerit.-
777 1537 851 1567 Mihi
874 1541 981 1566 autem.

288 1639 376 1671 Primo,
394 1639 420 1663 (le
436 1640 549 1663 humanae
565 1639 709 1669 fragilitatis
726 1639 827 1663 miseria.

214 1727 242 1755 In
263 1726 354 1763 prima
374 1726 465 1763 primo
485 1726 572 1763 tangit
593 1729 721 1754 naturae
739 1724 888 1754 humanae
908 1723 983 1762 defe-

135 1773 330 1807 ctibilitatem5
345 1773 480 1807 secundo,
499 1773 691 1810 conceptionis
720 1772 868 1801 humanae
888 1772 984 1801 vilita-

136 1823 202 1849 tem:
219 1821 255 1849 Et
268 1820 300 1849 in
313 1823 425 1853 ventre,·
441 1820 531 1854 tertio,
546 1820 712 1849 nativitatis
727 1819 933 1848 conditionem:
949 1820 985 1848 Et

135 1875 200 1905 eyo;
215 1870 328 1904 quarto,
343 1866 524 1895 educationis
540 1866 681 1895 laborem:
704 1867 739 1895 In
759 1866 983 1899 involumentis;

135 1914 246 1951 quinto,
267 1913 404 1942 miseriae
425 1914 681 1942 communitatem:
704 1913 793 1942 Nemo
814 1914 891 1942 enim
912 1917 962 1942 etc.

215 1961 303 1998 (Vers.
329 1962 374 1997 l.).
398 1961 471 1989 Sum
491 1961 607 2000 quidem
621 1964 672 1990 etc.
689 1962 727 1990 lta
741 1961 835 1990 monui
851 1969 900 1990 vos
914 1961 984 1990 acci-

137 2016 203 2046 pere
224 2008 395 2045 disciplinam
416 2008 565 2045 sapientiae
590 2020 603 2034 «
618 2017 668 2046 per
683 2016 825 2038 sermones
843 2016 919 2037 meos
930 2008 941 2025 ³
956 2020 984 2042 »;

137 2058 164 2085 et
184 2055 237 2084 hoc
257 2055 371 2092 potestis
392 2063 446 2084 non
471 2055 560 2085 solum
582 2064 632 2092 per
656 2063 798 2085 sermones
819 2063 909 2090 meos,
937 2055 985 2084 sed

137 2101 220 2130 etiam
241 2101 368 2139 exemplo
388 2111 464 2136 meo,
485 2102 552 2139 quia
571 2105 596 2131 et
616 2111 666 2140 eqo
680 2111 765 2136 sum,·
787 2101 917 2141 quidem,
932 2103 985 2131 hoc

137 2150 179 2177 est
199 2150 289 2182 certe;
311 2148 446 2177 mortalis
467 2147 565 2183 homo,
587 2149 659 2178 sicut
679 2157 743 2183 vos;
765 2149 916 2183 mortalis,
944 2149 985 2177 in—

138 2203 235 2233 quam,
257 2195 284 2224 id
305 2198 346 2224 est
366 2198 464 2232 potens
484 2196 556 2224 mori
576 2204 613 2225 ex
634 2196 725 2233 prima
745 2196 916 2230 conditione,
938 2196 986 2225 sed

137 2250 248 2271 necesse
269 2242 374 2271 habens
394 2242 465 2271 mori
486 2251 523 2271 ex
544 2243 634 2280 prima
648 2243 881 2280 transgressione;
904 2243 986 2272 homo

138 2289 227 2323 enim,
256 2289 410 2318 secundum
441 2289 585 2318 Boethium
600 2290 621 2323 4,
643 2292 685 2318 est
715 2289 816 2318 animal
837 2289 986 2324 rationale,

139 2336 271 2370 mortale;
293 2336 358 2365 item
379 2336 413 2364 ad
434 2337 569 2365 Romanos
589 2339 699 2365 octavo:
725 2348 738 2362 «
753 2337 860 2374 Corpus
875 2337 987 2374 quidem

138 2385 282 2412 mortuum
302 2386 344 2412 est
364 2386 478 2420 propter
507 2386 650 2420 peccatum
665 2395 693 2418 »,
715 2384 742 2412 id
769 2387 811 2413 est
832 2384 987 2413 necessitati

138 2429 273 2458 moriendi
303 2429 452 2458 addictum.
482 2430 593 2459 Similis
620 2430 771 2465 omnibus,
799 2431 860 2460 aliis
880 2431 908 2460 in
936 2432 988 2460 hac

139 2476 294 2506 conditione
314 2477 504 2512 mortalitatis;
526 2477 638 2507 secundi
661 2478 766 2515 Regum
783 2478 890 2507 decimo
904 2486 988 2516 quar-

204 2660 212 2674 ¹
229 2661 296 2684 Vers.
314 2662 335 2684 i.
352 2674 383 2679 -—
400 2662 508 2691 Sequitur
525 2663 598 2686 Eccle.
616 2664 657 2691 12,
675 2664 712 2686 Μ.

204 2699 213 2712 ²
230 2700 286 2728 Cap.
303 2701 328 2729 6,
347 2702 368 2723 2.
385 2707 450 2730 seqq.

204 2737 214 2751 ²
230 2740 361 2768 Respicitur
380 2746 450 2769 snpra
467 2741 495 2767 6,
513 2740 558 2763 27:
576 2742 635 2769 Ergo
660 2742 757 2770 accipite
781 2742 927 2770 disciplinam
948 2748 990 2770 per

142 2784 262 2801 sermones
279 2785 344 2801 meos
360 2782 404 2802 etc.

205 2816 215 2829 ‘¹
231 2818 256 2840 ln
272 2818 384 2846 Porphyr.
402 2819 490 2847 Dialog.
506 2819 531 2841 ll.
548 2818 575 2842 de
592 2819 745 2849 Differentia,·
763 2820 799 2842 lVl
816 2819 946 2842 Comment.
967 2820 990 2841 in

142 2857 254 2885 Porphyr.
271 2856 299 2880 de
310 2857 448 2887 Differentia
464 2860 487 2880 et
503 2858 518 2880 l.
534 2858 564 2892 de
581 2858 718 2881 Differentiis
734 2859 803 2887 topic.
815 2871 846 2875 —
858 2859 990 2887 Sequuntur

142 2896 210 2918 Rom.
229 2896 255 2923 8,
274 2896 311 2918 10,
329 2899 351 2919 et
367 2897 392 2919 ll.
408 2897 465 2925 Reg.
484 2897 526 2925 Μ,
545 2897 581 2920 44,

205 2933 215 2946 ⁵
232 2935 297 2957 Vers.
314 2934 336 2957 7.
354 2947 385 2951 —
401 2935 451 2958 Duo
468 2942 533 2964 seqq.
550 2936 593 2958 loci
610 2939 663 2958 sunt
680 2937 694 2958 l.
712 2936 764 2959 Cor.
783 2936 824 2964 ⁴5,
843 2936 880 2959 47.
897 2939 920 2959 et
937 2936 974 2959 48.

206 2971 216 2985 ⁵
233 2974 325 3001 Quaest.
342 2974 380 2996 56.

1016 2668 1019 2840 1

1037 699 1079 725 to:
1105 708 1119 722 <1
1134 696 1236 725 Omnes
1257 696 1402 733 morimur,
1424 699 1451 725 et
1472 697 1551 733 quasi
1572 705 1660 734 aquae
1684 697 1832 726 dilabimur
1857 698 1885 726 in

1038 746 1158 778 terram,
1180 751 1251 780 quae
1272 751 1327 772 non
1349 746 1531 772 revertuntur
1546 755 1571 771 ».
1597 744 1630 772 Et
1650 752 1684 772 ex
1706 752 1809 781 yenere
1829 748 1885 773 ter-

1038 791 1104 820 reni
1123 791 1219 825 illius,
1242 791 1346 820 scilicet
1366 790 1437 819 Adae
1457 790 1702 827 praevaricatoris,
1723 791 1775 829 qui
1798 792 1885 829 prior

1038 837 1137 876 sactus
1157 841 1212 872 est,
1226 838 1261 867 de
1282 840 1357 867 terra
1371 837 1486 872 scilicet;
1509 837 1581 866 unde
1596 837 1708 867 Genesis
1728 838 1848 867 secundo
1859 838 1884 867 ⁵:

1043 897 1057 911 «
1071 885 1209 914 Formavit
1230 885 1304 914 Deus
1335 884 1475 913 hominem
1507 884 1540 913 de
1562 884 1627 913 limo
1658 888 1748 914 terrae
1767 896 1797 919 »;
1820 885 1885 914 item

1038 932 1145 970 primae
1165 932 1200 961 ad
1214 932 1371 961 Corinthios
1391 932 1499 961 decimo
1514 931 1625 969 quinto:
1652 943 1665 957 α
1681 932 1789 961 Primus
1803 933 1886 962 homo

1038 979 1072 1008 de
1094 982 1169 1008 terra
1183 982 1355 1014 terrenus»;
1377 979 1442 1008 item
1465 979 1581 1008 ibidem:
1601 990 1614 1003 «
1627 979 1720 1015 Qualis
1741 983 1885 1014 terrenus,

1039 1026 1107 1055 tales
1128 1029 1155 1055 et
1186 1026 1330 1056 terreni».
1357 1027 1390 1055 Et
1420 1026 1452 1054 in
1478 1029 1575 1054 ventre
1600 1026 1707 1054 matris
1737 1025 1886 1064 fiyuratus

1038 1082 1106 1101 sum
1137 1081 1217 1101 earo.
1250 1072 1406 1102 Secundum
1438 1072 1510 1101 enim
1542 1072 1725 1109 Augustinum
1756 1073 1784 1101 in
1816 1073 1886 1101 libro

1039 1120 1184 1157 Octoginta
1200 1120 1285 1149 trium
1302 1120 1501 1157 Quaestionum
1513 1119 1533 1154 ⁸,
1549 1119 1645 1156 primis
1664 1128 1714 1148 sex
1728 1120 1826 1149 diebus
1844 1128 1886 1149 se-

1039 1175 1104 1196 men
1124 1170 1166 1196 est
1196 1167 1276 1204 quasi
1303 1167 1361 1201 lac;
1383 1167 1500 1204 reliquis
1527 1174 1626 1195 novem
1648 1167 1689 1195 lac
1713 1167 1886 1195 convertitur

1039 1215 1067 1244 in
1089 1214 1267 1251 sanguinem;
1296 1214 1412 1251 reliquis
1439 1213 1583 1242 duodecim
1606 1214 1744 1250 figuratur
1771 1214 1799 1242 in
1827 1221 1886 1242 car-

1039 1268 1118 1294 nem;
1141 1260 1256 1297 reliquis
1276 1260 1370 1289 decem
1392 1263 1419 1288 et
1441 1262 1503 1288 octo
1524 1260 1660 1288 formatur
1677 1260 1705 1288 in
1726 1268 1827 1297 corpus
1841 1268 1886 1288 or-

1039 1307 1177 1344 ganicum.
1200 1307 1232 1335 Et
1253 1311 1319 1336 tunc
1340 1307 1432 1335 anima
1453 1307 1526 1335 circa
1547 1307 1789 1343 quadragesimum
1806 1307 1887 1344 quin-

1040 1357 1100 1383 tum
1133 1354 1176 1383 vel
1207 1353 1451 1391 quadragesimum
1482 1356 1595 1382 sextum
1629 1353 1701 1382 diem
1733 1354 1887 1382 infunditur

1039 1401 1158 1438 corpori.
1181 1401 1249 1429 Toto
1270 1408 1336 1429 vero
1365 1400 1473 1436 reliquo
1494 1402 1618 1436 tempore
1640 1402 1700 1436 post
1720 1400 1827 1429 animae
1847 1400 1887 1428 in-

1039 1448 1177 1477 fusionem
1198 1440 1301 1484 corpus
1322 1450 1467 1484 vegetatur
1489 1450 1516 1475 et
1537 1449 1664 1483 augetur.

1120 1494 1209 1530 (Vers.
1233 1494 1281 1530 2).
1298 1494 1399 1522 Decem
1414 1493 1558 1522 mensium
1574 1497 1698 1530 tempore
1716 1493 1889 1531 coagulatus

1039 1550 1107 1570 sum
1127 1541 1159 1570 in
1189 1541 1334 1578 sanguine
1361 1549 1395 1569 ex
1426 1540 1533 1569 semine
1564 1539 1707 1574 hominis,
1736 1541 1889 1569 secundum

1040 1588 1181 1626 physicos,
1196 1590 1228 1617 ut
1241 1588 1308 1617 dicit
1321 1587 1416 1616 Glossa
1426 1588 1450 1616 ⁷:
1470 1599 1483 1613 «
1495 1588 1592 1616 Semen
1607 1587 1732 1616 mulieris
1743 1588 1890 1625 sanguino-

1040 1636 1147 1665 lentum
1169 1638 1226 1669 est,
1248 1643 1341 1664 semen
1362 1635 1415 1663 viri
1437 1634 1599 1669 candidum;
1621 1642 1658 1663 ex
1673 1643 1793 1672 quorum
1814 1643 1888 1664 com-

1040 1682 1175 1711 mixtione
1194 1682 1278 1711 unius
1300 1685 1431 1719 tanquam
1454 1681 1553 1719 passivi
1575 1685 1602 1710 et
1622 1682 1736 1711 alterius
1758 1685 1886 1719 tanquam

1040 1729 1120 1758 activi
1143 1729 1174 1757 fit
1195 1729 1349 1766 coagulatio
1364 1739 1395 1763 »;
1418 1729 1463 1757 lob
1477 1729 1599 1757 decimo:
1626 1741 1639 1754 «
1654 1729 1747 1758 Nonne
1761 1730 1832 1758 sicut
1847 1730 1888 1759 lac

1040 1776 1160 1805 mulsisti
1180 1784 1240 1810 me,
1262 1779 1289 1805 et
1310 1776 1381 1805 sicut
1402 1783 1513 1804 caseum
1537 1784 1580 1804 me
1601 1776 1749 1813 coagulasti
1764 1779 1798 1804 »2²
1818 1777 1887 1805 Haec

1040 1826 1133 1852 autem
1148 1823 1302 1860 coagulatio
1322 1823 1354 1851 fit
1368 1823 1394 1851 in
1417 1823 1506 1859 prima
1528 1825 1605 1859 parte
1621 1823 1715 1851 decem
1736 1823 1886 1857 mensium;

1041 1871 1100 1908 ipsa
1122 1878 1187 1899 vero
1208 1873 1265 1899 tota
1292 1878 1371 1898 mora
1390 1870 1563 1898 formationis
1585 1872 1693 1907 tempus
1720 1873 1762 1898 est
1788 1878 1887 1898 novem

1041 1917 1191 1947 mensibus.

1120 1964 1173 1991 San
1194 1971 1319 1992 commi:
1335 1963 1405 2000 Quia
1420 1963 1574 1992 communis
1588 1963 1759 1992 formationis
1780 1966 1889 2000 tempus
1905 1975 2003 1998 Quaestio.

1041 2012 1083 2039 est
1103 2018 1200 2039 novem
1223 2010 1379 2044 mensium;
1409 2010 1483 2039 unde
1511 2010 1632 2039 secundo
1660 2010 1888 2039 Machabaeorum

1042 2057 1195 2094 septimossz
1223 2068 1236 2082 «
1250 2057 1380 2086 Miserere
1401 2057 1472 2091 mei,
1494 2057 1545 2091 fili,
1561 2064 1632 2094 quae
1654 2060 1680 2085 te
1694 2064 1792 2085 novem
1813 2064 1889 2085 men-

1043 2104 1119 2133 sibus
1140 2104 1289 2141 portavi».

1122 2151 1296 2188 Respondeo:
1312 2151 1388 2180 Sicut
1401 2151 1468 2180 dicit
1482 2151 1576 2179 Glossa
1587 2151 1607 2185 ⁹,
1625 2162 1637 2176 (ι
1649 2150 1761 2188 quidam
1772 2158 1889 2179 nascun-
1907 2162 1964 2186 nesp.

1044 2200 1090 2227 tur
1111 2206 1205 2227 mense
1236 2198 1369 2235 septimo,
1391 2198 1504 2235 quidam
1531 2200 1640 2232 octavo,
1669 2197 1780 2235 quidam
1802 2206 1889 2231 nono;

1043 2245 1091 2274 sed
1111 2245 1160 2282 qui
1182 2245 1210 2274 in
1230 2245 1350 2279 decimo,
1371 2244 1549 2282 perfectiores
1566 2248 1593 2273 et
1615 2244 1729 2273 sanativi
1750 2247 1778 2273 et
1796 2244 1891 2273 vitales

1043 2300 1103 2321 esse
1124 2292 1256 2321 dicuntur
1268 2304 1294 2320 ».
1317 2292 1445 2321 Christus
1459 2295 1565 2325 autem,
1587 2291 1739 2320 secundum
1755 2291 1890 2325 Glossam,

1044 2338 1096 2366 fuit
1116 2338 1144 2366 in
1165 2340 1246 2366 utero
1270 2338 1367 2366 matris
1393 2349 1407 2363 <r
1421 2346 1520 2366 novem
1541 2337 1682 2366 mensibus
1709 2340 1736 2365 et
1757 2345 1807 2366 sex
1835 2337 1891 2366 die-

1044 2384 1097 2413 bus
1112 2395 1138 2418 »ς
1154 2384 1228 2413 unde
1243 2384 1317 2421 quod
1331 2384 1383 2413 ait:
1406 2385 1501 2413 decem
1516 2384 1673 2418 mensium,
1695 2384 1891 2420 synecdochice

1044 2431 1191 2468 accipitur;
1208 2442 1221 2455 «
1233 2431 1285 2459 fuit
1296 2431 1369 2459 enim
1381 2431 1416 2460 ab
1431 2434 1527 2460 octavo
1542 2431 1673 2459 kalendas
1690 2431 1788 2468 Aprilis
1802 2438 1891 2467 usque

1044 2478 1079 2507 ad
1099 2481 1227 2507 octavum
1249 2478 1381 2507 kalendas
1402 2478 1519 2507 Ianuarii
1535 2490 1561 2506 ».

1903 1037 1932 1056 De
1941 1037 2032 1057 secundo.

1108 2662 1117 2675 ⁷
1135 2663 1225 2686 Scilicet
1241 2662 1367 2686 ordinaria
1384 2662 1423 2689 (ad
1435 2663 1462 2689 6,
1475 2662 1520 2691 27)
1539 2669 1566 2685 ex
1582 2662 1692 2684 Rabano:
1705 2662 1733 2684 Ut
1750 2662 1810 2684 enirn
1827 2662 1891 2684 aiunt

1046 2703 1148 2731 physici,
1165 2709 1244 2725 semen
1256 2702 1299 2724 viri
1317 2702 1454 2730 candidum,
1472 2704 1494 2724 et
1511 2702 1612 2724 mulieris
1629 2704 1663 2724 est
1679 2701 1891 2729 sanguinolentum,

1046 2749 1146 2771 quorum
1164 2741 1327 2764 commixtione
1344 2742 1411 2763 certis
1428 2741 1506 2769 spatiis
1523 2747 1608 2768 corpus
1625 2742 1742 2768 formatur,
1754 2740 1829 2762 donec
1847 2739 1891 2761 ani-

1047 2784 1134 2804 matum
1152 2781 1272 2809 perveniat
1289 2781 1317 2803 ad
1335 2783 1434 2808 partum.
1453 2793 1481 2796 —
1500 2780 1607 2808 Sequitur
1624 2779 1662 2801 lob
1683 2780 1720 2806 lO,
1740 2779 1776 2801 io.

1109 2819 1118 2831 Β
1136 2820 1202 2842 Vers.
1215 2820 1252 2841 27.
1266 2832 1297 2836 —-
1308 2819 1325 2841 Ε
1337 2819 1405 2841 codd.
1417 2818 1578 2846 supplevimus
1590 2817 1637 2841 Sed
1647 2820 1755 2841 consta„
1766 2817 1891 2840 mensium.

1109 2857 1119 2870 ⁹
1136 2858 1225 2880 Scilicet
1242 2857 1367 2881 ordinaria
1385 2857 1421 2886 (ex
1437 2857 1542 2885 Rabano)
1560 2857 1589 2879 ad
1608 2863 1626 2879 c.
1640 2857 1666 2883 6,
1678 2856 1715 2879 ⁴27.
1734 2856 1785 2884 Seq.
1800 2856 1889 2883 Glossa,

1046 2903 1107 2926 quae
1118 2899 1152 2919 est
1163 2896 1301 2923 ordinario,
1313 2898 1389 2919 sumta
1406 2898 1440 2918 est
1456 2902 1483 2918 ex
1500 2895 1608 2922 Rabano,
1620 2895 1659 2923 qui
1672 2895 1775 2923 sequitur
1786 2895 1890 2922 August,

1047 2937 1075 2958 83
1094 2937 1137 2965 (Μ.
1154 2943 1176 2965 q.
1194 2936 1231 2958 56.
1249 2938 1270 2957 et
1287 2936 1323 2958 IV.
1341 2936 1371 2957 de
1387 2935 1451 2957 Trin.
1467 2941 1487 2957 c.
1505 2936 1527 2957 5
1544 2941 1565 2957 n.
1583 2935 1603 2956 9.
