2296 3316
724 163 893 192 COMMENT.
917 163 949 191 IN
971 163 1161 192 SAPIENTIAM
1182 164 1210 192 C.
1233 164 1274 193 XI.
1819 168 1871 195 179

125 243 222 277 viso»,
237 242 303 280 quia
323 242 349 271 in
371 242 480 271 deserto
500 245 528 271 et
548 242 581 271 de
595 244 674 278 petra
694 241 798 270 fluente
818 249 867 277 per
889 241 972 269 mira-

127 290 221 319 culum
243 290 270 318 in
291 289 408 318 deserto.
435 300 448 314 «
463 289 625 317 Miraculnm
648 290 691 317 est
710 295 781 324 opus
801 287 920 315 arduum
945 290 973 315 et

127 337 268 365 insolitum
289 344 374 372 supra
402 343 479 372 spem
506 337 533 363 et
559 335 717 363 facultatem
739 334 862 363 existens
886 333 972 362 admi-

127 383 214 412 rantis
227 384 235 400 ¹
250 395 277 411 n.
299 382 475 410 Humanum
501 381 676 419 sanquinem
696 384 762 414 etc.,
784 380 862 417 quasi
892 380 973 409 vellet

126 430 233 464 dicere,
254 428 407 458 secundum
428 428 563 457 Glossam:
585 427 722 464 Aegyptiis
740 435 791 464 pro
818 435 891 463 aqua
911 434 972 455 san-

126 477 256 513 guinem,
288 475 416 504 Israelitis
447 483 498 512 pro
531 474 664 511 sanguine
699 481 850 510 puerorum
885 473 972 501 effuso

127 530 227 560 aquam
249 521 355 550 dedisti.

205 569 294 605 (Vers.
324 569 371 603 9.).
403 568 574 601 Ostendens,
603 576 619 596 o
642 567 769 600 Domine,
795 575 848 604 per
875 566 971 600 silim,

127 624 201 654 quae
222 619 290 643 lunc
314 614 386 652 fait,
415 615 518 644 scilicet
539 615 566 643 in
588 615 708 651 Aegypto
736 614 873 651 Aegyptiis
897 616 924 642 et
945 613 971 641 in

126 662 235 691 deserto
263 661 408 696 Israelitis;
439 661 684 700 quemadmodum
715 664 780 689 taos
810 659 971 693 exaltares,

127 708 230 738 scilicet
258 708 285 736 in
313 708 423 743 futuro,
452 716 515 737 cum
541 719 555 733 «
577 710 700 736 torrente
732 707 881 744 voluptatis
909 709 973 735 tuae

127 755 234 793 potabis
254 756 323 784 e0s2
337 766 368 789 »;
391 755 417 783 in
446 755 498 783 hoe
519 755 635 788 scilicet,
661 754 735 791 quod
765 757 818 782 tam
841 753 973 782 mirabili-

128 805 170 831 ter
193 802 289 839 potasti
310 810 357 830 eos
379 802 406 829 in
427 801 573 838 praesenti.
597 801 630 829 El
651 800 840 829 adversarios
855 799 973 828 illorum

127 857 266 881 necarem
280 848 390 877 Glossa:
410 859 423 872 «
439 848 487 876 Siti
501 851 614 876 aeterna
627 859 654 881 ι»,
670 847 741 876 sicut
755 846 867 875 divitem
882 846 974 883 epulo-

127 903 203 930 nem,
224 895 258 924 de
278 903 334 932 quo
349 895 436 923 Lucae
450 894 556 923 decimo
571 897 665 928 sexto;
682 894 746 922 item
762 893 845 922 Isaiae
860 901 973 929 sexage-

127 943 196 971 simo
217 941 329 978 quinto:
356 953 370 966 «
385 941 467 975 Ecce,
482 941 534 970 mei
550 941 622 970 servi
643 941 753 974 bibent,
774 948 821 968 vos
836 940 932 968 sitietis
946 952 973 968 ».

127 990 176 1018 Vel
203 989 355 1018 secundum
383 989 501 1017 litteram
528 997 577 1025 per
598 989 651 1017 hoc
671 987 865 1024 figurabantur
891 988 974 1024 Aegy-

127 1036 175 1073 ptii
197 1036 224 1064 in
245 1036 313 1064 mari
336 1036 423 1064 rubro
444 1035 557 1064 necandi
578 1038 605 1063 et
628 1034 763 1063 Israelitae
785 1033 917 1062 liberandi
930 1034 949 1061 ³.

208 1083 296 1120 (Vers.
328 1083 393 1119 10.).
425 1082 498 1111 Cam
526 1082 601 1110 enim
631 1081 731 1110 tentati
757 1084 842 1115 sunl,
870 1081 974 1109 scilicet

127 1129 175 1158 filii
198 1129 279 1157 Israel
300 1129 327 1157 in
348 1129 458 1158 deserto
483 1128 680 1157 tentationibus
702 1127 797 1156 multis
823 1131 850 1156 et
872 1127 972 1164 plagis;

127 1176 256 1204 Glossa4:
283 1176 442 1204 «israelitas
463 1177 607 1212 peccantes
621 1174 710 1211 dignis
731 1174 817 1211 plagis
838 1174 974 1210 corripuit

127 1223 201 1251 Deus
219 1225 246 1251 et
267 1223 436 1259 poenitentes
455 1222 611 1251 consolatus
632 1225 673 1250 est
688 1233 713 1249 n.
736 1221 811 1250 Unde
832 1221 972 1257 sequitur:

129 1270 164 1298 Et
184 1269 312 1307 quidem,
339 1269 365 1297 id
386 1272 428 1297 est
455 1272 543 1302 certe,
565 1277 632 1296 cum
660 1268 865 1296 misericordia
886 1267 973 1296 disci-

125 1315 240 1353 plinam
260 1315 469 1352 acceperunl⁵;
492 1315 519 1343 in
543 1315 659 1343 Psalmo:
687 1326 699 1339 «
716 1315 804 1343 Iratus
825 1322 854 1343 es
875 1317 902 1342 et
923 1314 973 1342 mi-

128 1365 220 1391 sertus
240 1370 269 1391 es
290 1362 369 1390 nobis
384 1372 415 1395 »;
436 1370 503 1390 cum
519 1361 736 1395 misericordia,
758 1361 862 1390 scilicet
877 1369 973 1389 conso-

128 1409 213 1442 lante,
234 1408 435 1445 disciplinam,
457 1408 665 1444 corripientem3
688 1409 743 1436 vel:
766 1408 971 1437 misericordem

127 1459 155 1484 et
175 1456 262 1484 levem
284 1455 485 1492 correptionem
507 1463 556 1484 seu
581 1455 790 1492 flagellationem
813 1464 864 1492 pro
885 1456 973 1492 culpis

128 1502 201 1536 suis,
223 1504 250 1530 et
270 1501 330 1530 ideo
351 1502 438 1538 ipsam
459 1502 578 1531 abiicere
597 1510 651 1530 non
672 1501 842 1535 debuerunt;
859 1503 973 1531 Prover—

127 1549 237 1578 biorum
259 1548 352 1577 tertio:
379 1560 392 1573 «
404 1548 451 1576 Fili
466 1548 516 1582 ml,
539 1549 710 1585 disciplinam
727 1549 835 1577 Domini
857 1557 891 1578 ne
906 1549 973 1578 abii-

128 1595 183 1625 cias
194 1606 225 1629 »;
246 1595 281 1624 ad
302 1595 438 1624 Hebraeos
452 1595 628 1624 duodecimo:
655 1607 668 1621 «
680 1595 782 1632 Quodsi
797 1598 879 1624 extra
893 1596 973 1624 disci-

128 1642 229 1680 plinam
250 1642 331 1676 estis,
352 1641 469 1670 adulteri
492 1642 557 1670 estis
578 1645 605 1670 et
626 1650 681 1670 non
703 1642 751 1670 tilii
771 1653 797 1670 ».
821 1642 972 1675 Sciet-unt,

128 1689 231 1718 scilicet
245 1697 294 1726 per
309 1689 548 1725 experimentum,
567 1688 813 1726 quemadmodum
827 1697 895 1717 cum
909 1689 973 1722 ira,

128 1736 155 1765 id
175 1739 217 1765 est
236 1744 319 1773 quam
341 1743 451 1772 aspere,
466 1736 541 1773 quod
560 1736 672 1764 timebat
687 1736 845 1772 Propheta⁶
867 1735 973 1764 dicens:

132 1794 146 1808 (ι
160 1783 290 1816 Domine,
305 1790 339 1811 ne
360 1783 388 1811 in
403 1782 498 1811 surore
520 1786 568 1811 tuo
589 1790 690 1819 arguas
704 1790 761 1816 me,
783 1790 873 1819 neque
891 1782 918 1810 in
934 1782 973 1810 ira

128 1832 176 1858 tua
196 1829 330 1866 corripias
351 1837 393 1858 me
408 1840 434 1863 »;
457 1829 582 1857 indicati
601 1829 700 1865 impii,
723 1829 826 1857 scilicet
846 1829 872 1857 in
895 1836 974 1865 prae-

129 1876 213 1910 senti,
229 1879 371 1904 lormenta
391 1879 572 1912 paterentur,
587 1876 691 1904 scilicet
712 1876 739 1904 in
755 1875 850 1904 futuro
872 1876 974 1904 incom-

128 1922 287 1959 parabiliter
307 1922 451 1959 graviora:
478 1934 491 1948 «
507 1923 583 1951 Pluet
603 1922 676 1951 enim
705 1930 789 1959 super
817 1925 975 1959 peccatores

128 1969 241 2006 laqueos
256 1980 269 1994 n
288 1971 338 1997 etc.
361 1968 509 2002 Scierunc,
528 1969 657 2005 inquam,
679 1976 728 2005 per
749 1969 974 2005 experimentum

128 2018 156 2044 et
175 2016 202 2044 in
225 2016 290 2050 hoo,
312 2015 385 2052 quod
407 2019 462 2044 tam
481 2024 579 2052 aspere
599 2016 716 2044 correcti
732 2019 809 2050 sunt;
832 2016 920 2044 Lucae
935 2016 974 2044 vi-

128 2063 231 2100 gesimo
252 2063 368 2092 tertio⁷:
389 2063 439 2091 «Si
462 2063 490 2091 in
511 2063 591 2091 viridi
614 2063 686 2100 ligno
708 2063 760 2091 hoc
781 2063 827 2096 fit,
850 2063 877 2091 in
897 2063 974 2092 arido

128 2109 195 2147 quid
209 2110 256 2138 [iet
268 2112 305 2138 »ἵ
326 2110 392 2138 Item
407 2110 620 2138 Proverbiorum
639 2110 797 2139 undecimo:
818 2121 831 2135 «
843 2110 867 2138 Si
884 2110 975 2140 iustus

128 2157 156 2185 in
178 2160 253 2185 terra
274 2156 384 2194 rec-ipit,
406 2159 509 2194 quanto
528 2157 614 2194 magis
634 2157 736 2193 impius
750 2160 777 2185 et
799 2160 926 2194 peccator
937 2160 974 2185 »ἵ

191 2301 199 2314 ¹
218 2302 351 2325 secundum
368 2303 466 2330 August.
483 2302 528 2325 iam
550 2308 621 2331 supra
643 2309 698 2330 pag.
724 2303 779 2330 162,
796 2306 848 2325 nota
870 2304 904 2326 13.
921 2304 974 2326 alle-

129 2343 218 2369 gatum.
234 2353 265 2358 ·-
281 2341 373 2368 Glossa,
390 2347 451 2370 quae
467 2341 585 2370 sequitur,
602 2341 625 2363 in
642 2341 670 2364 iis
692 2347 752 2370 quae
778 2342 846 2369 paulo
867 2342 974 2370 superius

128 2380 230 2408 exposita
247 2382 311 2408 sunt,
328 2380 436 2403 occurrit.

190 2417 200 2431 ³
218 2419 299 2441 Psalm.
316 2419 359 2447 35,
377 2419 397 2441 9.
411 2431 440 2434 —
453 2418 555 2441 Subinde
567 2419 695 2447 allegantur
706 2420 785 2442 Glossa
798 2419 970 2447 interlinearis,

128 2458 182 2480 Luc.
201 2457 241 2485 46,
259 2457 301 2480 24:
319 2458 384 2480 Pater
395 2457 523 2486 Abraham,
537 2458 646 2480 miserere
663 2458 707 2480 mei
730 2461 753 2481 et
770 2459 833 2481 mitte
849 2460 973 2487 Lazarum,

130 2498 155 2518 ut
171 2496 267 2524 intingat
283 2499 411 2519 extremum
429 2496 493 2524 digiti
510 2497 546 2519 sui
561 2497 583 2519 in
594 2503 692 2525 aquam,
705 2500 729 2519 ut
740 2497 859 2526 refrigeret
870 2498 974 2526 linguam

130 2541 206 2557 meam
223 2538 278 2563 ete.;
295 2538 318 2557 et
334 2536 384 2558 lsai.
400 2536 443 2563 65,
461 2536 498 2558 43.

193 2572 202 2585 ⁵
218 2573 264 2596 Csr.
281 2574 351 2596 Exod.
368 2574 409 2602 44,
428 2574 464 2596 ¹13.
481 2581 546 2603 seqq.

192 2611 202 2624 ⁴
219 2612 306 2640 Nempe
323 2612 447 2636 ordinaria
464 2619 491 2635 ex
508 2613 612 2636 Rabano.

193 2649 202 2662 ‘⁵
219 2651 249 2673 lta
267 2651 335 2673 etiam
352 2651 415 2674 card.
432 2652 500 2680 Hugo
518 2652 538 2674 in
557 2654 617 2674 textu
639 2655 662 2675 et
684 2653 787 2680 Lyrnnus
809 2653 832 2675 in
855 2653 973 2680 margine;

131 2689 228 2717 Vulgata
245 2689 390 2719 accipientes.
406 2702 437 2707 —
454 2691 586 2720 Sequuntur
603 2692 638 2714 Ps.
656 2691 698 2720 59,
716 2692 738 2714 3.
750 2691 830 2721 (quem
844 2692 898 2714 edd.
909 2692 974 2714 omit-

130 2728 202 2757 tunt);
220 2729 287 2750 Prov.
304 2729 331 2756 3,
350 2729 386 2751 Μ.
403 2731 425 2751 et
442 2729 512 2752 Hebr.
532 2730 574 2758 ⁷1⁸2,
590 2730 618 2757 8,
635 2730 674 2752 ubi
691 2733 744 2758 post
755 2730 905 2760 disciplinam
919 2730 974 2753 estis

131 2767 228 2795 Vulgata
253 2768 318 2790 addit
342 2768 409 2791 cuius
431 2769 559 2798 participes
584 2769 642 2799 sacti
664 2771 722 2793 sunt
744 2776 839 2793 omnes:
862 2775 927 2799 erqo.
943 2782 975 2786 —

131 2806 209 2829 Glossa
226 2806 400 2830 interlinearis:
419 2807 478 2830 Cum
494 2807 657 2831 misericordia
674 2808 837 2838 disciplinam,
855 2809 974 2831 correctio-

130 2850 197 2872 nem,
213 2845 364 2874 accipientes,
383 2845 500 2874 scierant,
518 2847 687 2875 experimento,
710 2847 909 2877 quemadmodum
931 2850 972 2870 ete.

193 2882 202 2895 ὅ
220 2884 302 2906 Psalm.
319 2884 345 2912 6,
363 2885 389 2911 2;
406 2884 463 2907 ibid.
484 2885 526 2912 40,
543 2885 565 2907 7.
583 2888 616 2908 est
633 2892 681 2914 seq.
699 2886 770 2908 locus.

193 2920 201 2934 ⁷
222 2923 285 2945 Vers.
303 2923 345 2950 31,
363 2923 401 2945 ubi
419 2930 461 2951 pro
479 2923 523 2947 hoc
539 2924 565 2954 fil
583 2925 680 2952 Vulgata
698 2924 754 2948 haec
770 2925 870 2954 saciant.
883 2938 910 2941 —
924 2926 974 2948 Duo

131 2966 195 2989 seqq.
212 2961 254 2982 loci
272 2964 323 2984 sunt
341 2962 408 2984 Prov.
426 2962 466 2990 ill,
485 2962 521 2985 3l.
539 2966 561 2985 et
577 2963 617 2985 Ier.
635 2964 677 2992 25,
695 2964 733 2986 29.

1028 241 1094 269 Item
1116 241 1245 270 Ieremiae
1266 242 1396 278 vigesimo
1421 243 1532 280 quinto:
1559 255 1572 268 «
1588 244 1669 278 Ecce,
1692 244 1719 272 in
1747 244 1872 278 civitate,

1028 288 1054 316 in
1077 296 1133 324 qua
1160 288 1317 317 invocatum
1338 291 1380 317 est
1408 297 1508 318 nomen
1537 298 1645 324 meum,
1673 298 1723 328 ego
1744 291 1872 327 incipiam

1028 334 1163 370 affligere;
1185 338 1212 363 et
1227 343 1274 363 vos
1295 336 1373 372 quasi
1389 336 1546 365 innocentes
1564 340 1591 365 et
1606 337 1743 366 immunes
1756 337 1873 366 eritisn?

1029 380 1108 416 quasi
1129 380 1216 409 dicat:
1239 390 1301 410 non.

1108 427 1196 462 (Vers.
1222 429 1286 461 11.).
1304 429 1362 457 Hos
1383 429 1496 467 quidem
1503 441 1513 463 ,·
1527 430 1653 459 Glossass:
1673 443 1686 456 «
1700 431 1834 460 Israelitas
1846 442 1872 465 »;
1890 439 1988 461 Quartum-

1030 477 1171 511 tanquam
1189 478 1275 511 paler
1302 484 1437 510 monens,
1463 477 1566 505 scilicet
1593 477 1626 505 ad
1653 478 1783 506 maiorem
1810 486 1873 515 pro-

1029 520 1129 548 fectum
1156 521 1197 549 vel
1219 521 1251 549 ad
1274 522 1472 558 proficiendum
1494 524 1521 551 in
1543 524 1653 557 melius,
1674 524 1820 561 probasti,
1846 525 1872 553 id

1030 570 1084 600 est,
1105 567 1138 595 de
1160 575 1210 595 sua
1231 569 1401 597 correctione
1423 570 1557 599 monendo
1574 570 1704 607 probatos
1724 571 1872 600 reddidisti.

1034 625 1047 638 «
1063 614 1189 651 Flagellat
1211 615 1283 643 enim
1300 616 1432 645 Dominus
1453 625 1562 646 onmem
1585 617 1685 651 filium,
1701 626 1783 655 quem
1806 619 1873 647 reci-

1030 660 1115 696 pit»,
1137 660 1169 688 ad
1192 661 1327 690 Hebraeos
1347 662 1524 696 duodecimo;
1539 667 1566 692 et
1589 664 1799 693 Proverbiorum
1819 667 1873 693 ter-

1031 707 1082 735 tio:
1106 707 1217 743 «Quem
1238 708 1325 745 diligit
1346 709 1479 738 Dominus
1499 710 1628 747 corripit,
1650 714 1676 739 et
1697 711 1774 748 quasi
1797 714 1874 748 pater

1030 753 1057 781 in
1079 753 1135 781 filio
1163 754 1313 790 complacet
1334 755 1383 783 sibi
1400 767 1430 789 »;
1453 756 1516 784 item
1545 764 1629 793 supra
1650 758 1745 785 tertio:
1773 770 1786 782 «
1804 759 1874 786 Tan-

1030 808 1114 836 quam
1128 808 1229 829 aurum
1246 801 1271 829 in
1294 801 1403 831 fornace
1419 803 1544 839 probavit
1561 804 1658 832 illos».
1680 805 1745 833 Illos
1763 808 1874 839 autem,-

1030 846 1162 875 Glossaf’:
1191 859 1204 872 «
1226 848 1385 885 Aegyptios,
1407 852 1455 877 aut
1475 850 1652 879 Chananaeos
1674 862 1704 885 »3
1733 855 1874 889 tanquam

1031 902 1082 921 rex
1103 894 1212 928 daras,
1234 902 1283 931 per
1304 895 1433 924 effectum
1459 896 1561 925 scilicet
1583 898 1747 933 punitionis,
1770 898 1817 935 qui
1846 898 1873 926 in

1031 943 1131 968 natura
1152 944 1199 969 tua
1220 941 1355 978 benignus
1375 950 1416 976 es;
1440 943 1641 980 interroyans,
1658 945 1752 980 poenis
1773 945 1875 973 scilicet

1031 989 1058 1015 et
1078 988 1285 1023 quaestiombus
1311 992 1526 1023 tormentorum,
1549 991 1620 1019 sicut
1642 991 1761 1020 latrones
1785 994 1811 1020 et
1832 992 1875 1020 su-

1032 1041 1076 1062 res
1107 1038 1134 1062 et
1165 1034 1353 1064 malefactores
1384 1039 1526 1072 ponuntur
1555 1037 1581 1065 in
1613 1037 1821 1074 quaestionibus
1849 1042 1875 1067 et

1032 1083 1213 1117 torquentur,
1239 1081 1403 1118 Gregorius:
1430 1094 1443 1107 α
1459 1083 1546 1111 Poena
1573 1083 1740 1121 interrogat,
1769 1084 1791 1112 si
1812 1085 1875 1121 quis

1030 1126 1142 1163 quietus
1169 1128 1313 1157 veritatem
1340 1132 1460 1157 amat».
1485 1129 1705 1164 Condemnasli,
1734 1131 1799 1167 quia
1827 1139 1876 1168 per

1031 1174 1138 1210 flagella
1159 1182 1212 1202 non
1234 1179 1298 1203 sunt
1319 1176 1467 1209 emendati,
1490 1176 1536 1204 sed
1552 1176 1726 1211 deteri0rati;
1750 1177 1875 1207 Ezechie-

1031 1221 1063 1249 lis
1085 1220 1215 1257 vigesimo
1236 1224 1336 1258 quarto
1350 1222 1387 1250 ¹⁰:
1414 1234 1427 1247 «
1443 1223 1527 1251 Multo
1553 1223 1646 1252 labore
1667 1224 1797 1252 sudatum
1818 1228 1875 1259 est,

1030 1270 1056 1296 et
1078 1276 1131 1296 non
1159 1268 1245 1296 exivit
1270 1268 1303 1297 de
1329 1276 1361 1297 ea
1382 1269 1465 1297 nimia
1492 1270 1591 1306 rubigo
1619 1270 1679 1299 eius
1708 1279 1798 1308 neque
1826 1279 1876 1308 per

1030 1314 1120 1351 ignem
1135 1326 1166 1349 »ς
1189 1316 1252 1343 item
1269 1316 1398 1345 Ieremiae
1419 1320 1510 1345 sexto:
1533 1328 1546 1341 «
1561 1318 1710 1354 Argentum
1726 1319 1875 1355 reprobum

1030 1364 1124 1390 vocate
1145 1370 1207 1396 eos,
1229 1363 1294 1399 quia
1315 1363 1449 1391 Dominus
1471 1363 1585 1399 proiecit
1606 1364 1707 1392 illos».

1109 1408 1197 1444 (Vers.
1213 1409 1277 1443 12).
1296 1408 1430 1438 Absentes
1445 1410 1597 1444 eminete,
1614 1411 1692 1447 quasi
1708 1411 1792 1440 dicat:
1808 1412 1876 1441 benc

1029 1455 1101 1489 dixi,
1117 1455 1191 1492 quod
1209 1455 1279 1484 dure
1294 1456 1493 1485 condemnasti
1502 1464 1556 1486 eos.
1573 1457 1709 1487 Absentes
1723 1459 1812 1493 enim,
1829 1460 1877 1488 sci-

1031 1503 1093 1531 Iicet
1115 1503 1235 1539 Aegyptii
1257 1510 1273 1530 a
1294 1503 1449 1539 praesentia
1469 1504 1551 1540 Moysi
1574 1508 1601 1533 et
1623 1505 1783 1539 Pharaonis,
1805 1506 1877 1535 vela

1030 1549 1093 1577 filiis
1115 1549 1210 1583 Israel,
1231 1552 1256 1577 et
1268 1553 1446 1586 praesentes,
1469 1550 1571 1579 scilicet
1587 1552 1705 1580 malitiae
1728 1552 1876 1580 Pharaonis

1030 1603 1162 1632 expresse
1187 1596 1403 1629 consentientes;
1433 1597 1475 1625 vel
1497 1597 1594 1630 etiam,
1623 1598 1776 1626 secundnm
1801 1598 1876 1629 Glos-

1031 1650 1088 1670 sam
1101 1643 1133 1675 ¹¹,
1148 1641 1316 1675 chananaei,
1332 1642 1389 1670 sive
1410 1642 1457 1679 qui
1473 1643 1507 1671 ab
1523 1643 1604 1671 Israel
1622 1644 1704 1672 occisi
1720 1647 1797 1678 sunt,
1819 1636 1876 1673 sive

1031 1688 1078 1725 qui
1100 1688 1243 1716 victoriam
1271 1688 1389 1717 aliorum
1410 1690 1575 1724 audierunt;
1600 1691 1735 1719 similiter
1763 1695 1875 1730 corque-

1032 1735 1150 1769 bantnr,
1173 1735 1239 1772 quia
1260 1735 1354 1772 plagae
1375 1739 1454 1764 erant
1477 1736 1528 1764 «in
1551 1740 1607 1765 tota
1629 1740 1704 1766 terra
1724 1739 1874 1775 Aegypti»,

1031 1785 1063 1810 ut
1091 1784 1164 1818 patet
1192 1782 1225 1810 de
1253 1782 1332 1818 plaga
1360 1783 1517 1819 sanguinis,
1547 1783 1632 1812 Exodi
1661 1785 1784 1821 septimo.
1812 1786 1874 1814 Vel:

1028 1832 1194 1865 praesentes
1215 1828 1427 1866 torquebantur
1441 1837 1573 1866 corpore,
1596 1830 1738 1865 absentes,
1760 1833 1806 1869 qui
1824 1833 1875 1861 hoe

1031 1875 1191 1907 audiebant,
1214 1875 1424 1913 torquebantur
1445 1880 1544 1905 mente.

1110 1922 1161 1950 Sed
1177 1924 1242 1950 tunc
1257 1922 1419 1958 quaeritur:
1435 1923 1574 1960 quomodo
1589 1931 1654 1961 ergo
1671 1925 1805 1953 simililer
1819 1929 1877 1954 lor-
1887 1932 1982 1956 Quaestio-

1031 1968 1204 2007 (luebantur,
1226 1969 1329 1997 scilicet
1353 1969 1480 1998 absentes
1506 1974 1609 2005 mente,
1632 1976 1790 2008 praesentes
1811 1980 1876 2001 vero

1031 2019 1169 2053 corpore?
1884 2019 1886 2022 ”

1109 2063 1277 2098 Dicendum,
1305 2064 1378 2100 quod
1407 2064 1532 2093 similiter
1560 2065 1592 2093 in
1620 2074 1739 2103 genere,
1772 2067 1875 2096 scilicet
1894 2073 1950 2097 Resp-

1031 2113 1166 2147 quantum
1181 2110 1214 2139 ad
1236 2111 1301 2144 hoc,
1323 2111 1397 2148 quod
1413 2115 1467 2139 tam
1488 2112 1531 2140 isti
1551 2120 1634 2149 quam
1650 2113 1688 2141 illi
1707 2114 1875 2150 torqueban-

1032 2160 1087 2191 tur,
1109 2157 1156 2185 sed
1177 2165 1231 2185 non
1253 2157 1379 2186 similiter
1400 2158 1431 2186 in
1451 2158 1542 2195 specie
1565 2159 1607 2187 vel
1629 2159 1718 2188 modo.

1093 2302 1103 2315 ⁸
1120 2304 1209 2326 Scilicet
1218 2303 1385 2326 interlinearis.
1395 2316 1425 2320 —
1435 2304 1567 2332 Sequuntur
1576 2304 1646 2327 Hebr.
1656 2305 1692 2331 la,
1702 2305 1723 2333 63
1733 2305 1800 2328 Prov.
1810 2306 1831 2334 3,
1840 2306 1876 2328 42.

1031 2344 1053 2364 et
1070 2342 1124 2370 Sap.
1142 2342 1168 2369 3,
1186 2342 1208 2364 6.

1093 2379 1103 2392 ⁹
1120 2381 1207 2409 Nempe
1226 2381 1394 2405 interlinearis.
1408 2394 1438 2398 —
1451 2382 1565 2404 Sententia
1578 2383 1682 2410 Gregorii
1701 2383 1795 2406 inferius
1811 2384 1874 2406 allata

1030 2419 1128 2442 habetur
1145 2420 1229 2443 XXIV.
1246 2421 1324 2443 llloral.
1340 2427 1360 2443 c.
1376 2421 1399 2443 9.
1417 2427 1439 2442 n.
1456 2421 1499 2443 23:
1517 2421 1601 2443 Secure
1613 2422 1720 2444 videlicet
1731 2422 1822 2451 iniquos
1834 2429 1876 2445 nos

1030 2459 1141 2486 dicimus,
1159 2465 1211 2481 cum
1230 2459 1354 2482 vindictam
1372 2460 1456 2482 nullam
1474 2460 1504 2482 de
1529 2460 1646 2488 iniquitate
1671 2461 1791 2484 sentimus.
1819 2463 1873 2485 Nam

1030 2501 1164 2526 peccatores
1181 2505 1223 2521 nos
1240 2499 1335 2527 quidem
1353 2499 1375 2521 in
1393 2499 1552 2528 tranquillitate
1569 2500 1697 2529 loquimur,
1714 2501 1755 2523 sed
1772 2507 1826 2523 cum
1847 2502 1875 2524 de

1030 2537 1131 2565 peccatis
1147 2538 1203 2566 ipsis
1220 2538 1309 2565 flagello
1334 2538 1497 2560 interveniente
1523 2538 1672 2567 corripimur,
1694 2545 1874 2563 murmuramus.

1031 2576 1105 2597 Poena
1122 2581 1179 2603 ergo
1196 2582 1237 2598 nos
1253 2576 1391 2604 interrogat,
1409 2576 1426 2598 si
1452 2576 1564 2599 veraciter
1588 2577 1753 2605 cognoscimus
1775 2579 1875 2606 culpam.

1030 2627 1061 2631 —
1078 2614 1135 2637 Cod.
1152 2616 1169 2637 Α
1187 2615 1253 2642 legit:
1270 2615 1348 2637 Poena
1366 2614 1510 2644 interrogat,
1528 2615 1550 2638 si
1565 2615 1618 2645 qais
1634 2616 1750 2639 veraciter
1767 2618 1841 2640 amal.

1094 2651 1113 2665 ¹⁰
1132 2654 1198 2676 Vers.
1216 2654 1252 2676 ⁴2.
1269 2665 1300 2670 -—
1317 2654 1370 2682 Seq.
1387 2654 1451 2676 locus
1467 2656 1501 2676 est
1517 2654 1558 2676 ler.
1575 2655 1602 2681 6,
1619 2654 1657 2676 30.

1094 2692 1112 2704 ¹¹
1131 2693 1220 2715 Scilicet
1237 2692 1386 2716 ordinariam
1399 2693 1434 2721 (ex
1450 2692 1568 2721 Rabano):
1588 2693 1775 2723 quuebantnr,
1792 2700 1804 2716 a
1822 2695 1876 2716 Pha-

1031 2738 1114 2759 raone,
1126 2732 1268 2760 ubicumque
1280 2732 1363 2754 scilicet
1374 2735 1457 2754 essent.
1469 2732 1523 2754 Vel:
1535 2738 1579 2754 non
1592 2736 1678 2755 tantum
1696 2733 1717 2755 hi
1735 2739 1794 2761 quos
1806 2733 1875 2755 Israe-

1031 2771 1082 2793 litae
1098 2771 1182 2793 recenti
1194 2771 1259 2793 clade
1271 2777 1312 2798 per
1324 2771 1426 2798 singulas
1439 2771 1541 2793 civitates
1554 2774 1712 2799 peremerunt,
1725 2772 1797 2799 puniti
1810 2774 1874 2798 sunt,

1031 2810 1072 2832 sed
1089 2813 1111 2832 et
1127 2816 1209 2832 onmes
1225 2809 1354 2832 chananaei
1372 2810 1492 2832 audientes
1508 2810 1628 2832 victoriam
1646 2810 1726 2838 populi
1744 2811 1795 2837 Dei;
1814 2810 1874 2832 undo

1031 2848 1112 2870 Rahab
1129 2848 1184 2870 dicit
1202 2847 1253 2877 [Ios.
1270 2849 1296 2875 2,
1314 2848 1358 2877 9.]:
1376 2847 1452 2870 [rrail
1474 2847 1499 2870 in
1523 2854 1566 2870 nos
1591 2849 1669 2871 terror
1694 2850 1768 2871 vester
1785 2851 1828 2870 etc.
1844 2861 1874 2865 —

1031 2887 1125 2909 Inferius
1147 2887 1258 2916 allegatur
1281 2887 1351 2909 Exod.
1368 2887 1393 2913 7,
1412 2888 1454 2909 2¹:
1475 2888 1500 2909 Et
1524 2888 1563 2909 suit
1586 2888 1680 2915 sanguis
1703 2888 1725 2909 in
1748 2890 1791 2908 tota
1815 2890 1872 2908 tei-ra

1031 2926 1136 2953 Aegypti.
