2296 3316
14 725 16 744 l

29 465 140 485 Notandum.

13 782 54 821 jeliu
66 793 138 817 exposi-

13 824 15 843 l

61 817 95 836 tio.

22 1402 67 1421 ertia
79 1407 135 1427 expo-

49 1426 98 1444 uitio.

15 2060 29 2078 ὀ
41 2059 130 2079 secundo.

744 146 914 174 COMMENT.
938 145 969 174 lN
991 145 1227 176 ECCLESIASTEN
1247 148 1275 176 C.
1298 148 1328 177 X.

159 225 223 256 bitis
242 226 348 254 animas
368 227 474 253 vestras
485 235 512 258 »;
533 223 639 261 primae
654 224 724 252 Petri
740 223 873 252 secundo:
894 235 907 248 «
918 224 1005 257 Servi,

159 273 260 302 subditi
282 275 369 301 estote
390 272 416 300 in
438 271 512 300 omni
545 271 644 300 timore
674 271 792 299 dominis
813 271 928 305 vestris,
950 279 1005 299 non

158 323 266 349 tantum
288 319 430 353 modestis,
451 318 498 347 sed
520 321 547 347 et
566 318 690 352 discolis;
713 318 781 347 haec
799 320 841 346 est
854 318 926 346 enim
943 325 1005 354 gra-

159 366 210 400 tia,
232 365 253 394 si
276 369 390 402 propter
411 365 605 393 conscientiam
626 365 674 393 Dei
697 364 815 393 sustinet
836 364 927 401 quis»
952 367 1003 392 etc.

157 413 189 442 Et
210 412 336 441 redditur
357 412 427 440 ratio
447 412 590 440 utilitatis:
614 411 692 447 Quia
713 411 829 439 curatio
843 410 934 448 saciet
946 419 1004 439 ces-

156 468 225 489 sare
242 462 363 497 peccata
382 459 526 487 maxima.
549 458 670 487 Vocatur
698 458 742 486 hic
773 458 890 486 curatio
911 458 1004 494 flagel-

157 507 248 536 lorum
269 506 396 540 afflictio,
418 506 446 534 in
466 505 570 542 quibus
592 506 675 534 homo
695 508 827 539 curatur;
850 505 1004 541 Sapientiae

156 556 237 582 sexto
249 554 274 581 ²:
301 564 315 578 <r
328 552 402 581 Cura
421 552 581 589 disciplinae
601 555 643 580 est
656 551 781 586 dilectio,
797 555 824 580 et
837 551 947 580 dilectio
962 555 1004 580 est

155 600 302 629 custoditio
312 600 405 637 legum
416 611 443 627 n.
457 599 595 628 Causalis
606 602 647 627 est
661 599 811 636 utrobique
826 598 1002 635 praedicatio,

154 647 235 684 quia,
250 647 271 675 si
288 654 337 683 per
358 646 446 674 multa
461 646 568 683 flagella
589 646 751 682 pervenitur
766 645 801 674 ad
815 645 1002 681 dilectionem,

154 697 181 723 et
194 701 245 731 per
261 694 330 722 hanc
344 693 500 722 custoditur
521 693 580 727 lex;
600 701 666 729 ergo
680 700 789 721 cessare
803 693 867 721 facit
882 696 1000 730 peccata.

232 740 316 769 Aliter
336 740 503 777 exponitur:
526 740 559 769 Si
577 740 703 777 spiritus
714 737 881 776 potestatem
896 739 1002 769 liaben-

154 788 204 821 tis,
225 787 252 816 id
273 790 329 822 est,
351 788 372 816 si
395 787 510 824 spiritus
530 787 714 821 ambitioni&
730 786 757 815 id
771 790 813 816 est
826 787 930 816 malitia
944 795 1001 816 am-

152 834 260 869 bitiosi,
282 834 444 863 ascenderit
467 842 556 872 super
587 837 626 868 te,
649 833 676 862 id
703 836 757 868 est,
779 833 801 862 si
824 834 931 863 venerit
953 835 1000 863 tibi

153 882 181 910 in
202 884 337 916 mentem,
359 884 390 910 ut
411 881 479 910 velis
499 889 559 914 esse
580 881 736 918 praelatus;
758 880 852 909 locum
868 882 952 909 ‘cutim
966 890 1001 910 ne

153 929 318 963 dimiseris,
346 928 440 957 locum
466 928 570 957 scilicet
594 927 773 956 subiectionis
794 930 821 956 et
841 928 1000 963 servitutis,

151 976 185 1005 de
206 984 262 1014 quo
283 976 372 1005 Lucae
392 975 498 1004 decimo
519 975 658 1012 quarto2:
685 974 778 1003 «Cum
794 975 926 1004 invitatus
940 976 999 1004 sue-

151 1023 190 1052 ris
210 1023 244 1052 ad
264 1023 388 1060 nuptias,
410 1023 541 1051 recumbe
562 1022 589 1051 in
610 1022 759 1051 novissimo
781 1022 839 1051 loco
854 1033 881 1057 »;
903 1026 930 1052 et
950 1023 1000 1052 Ec-

151 1070 292 1099 clesiastici
314 1068 476 1099 undecimo:
497 1069 632 1098 «Confide
647 1072 739 1098 autem
754 1069 782 1098 in
796 1069 862 1103 Deo,
877 1073 904 1099 et
919 1078 999 1099 mane

150 1117 178 1145 in
198 1116 257 1145 loco
279 1119 327 1145 tuo
341 1128 367 1144 ».
392 1116 423 1144 Et
437 1116 507 1145 ratio
522 1116 663 1144 redditur:
681 1116 758 1152 Quia
773 1117 889 1145 curatio
910 1115 999 1154 faciet

149 1171 263 1192 cessare
271 1166 391 1200 peccata
401 1163 544 1191 mamma.
554 1163 708 1191 Translatio
719 1163 875 1199 Symmachi
889 1163 997 1192 habet-⁹³:

151 1210 228 1246 Quia
246 1209 410 1247 pudicitia,-
432 1209 505 1238 unde
530 1210 635 1247 primae
659 1209 692 1238 ad
720 1210 878 1239 Corinthios
906 1219 996 1239 nono:

154 1268 167 1282 a
180 1257 288 1294 Castigo
308 1265 411 1294 corpus
431 1265 525 1285 meum
550 1261 577 1285 et
597 1257 625 1285 in
647 1257 810 1286 servitutem
832 1257 940 1294 redigo,
964 1266 997 1286 ne

147 1304 233 1339 sorte,
248 1312 311 1333 cum
327 1304 387 1333 aliis
402 1303 610 1341 praedicavero,
625 1304 683 1341 ipse
699 1304 836 1341 reprobus
850 1304 954 1333 efficiar
969 1317 996 1333 υ.

226 1351 309 1380 Aliter
330 1352 481 1389 exponitur
502 1351 535 1380 de
567 1350 696 1380 diabolo:
723 1351 757 1380 Si
776 1351 901 1389 spiritus
918 1355 996 1389 poie-

146 1402 249 1428 statem
277 1398 424 1433 habentis,
456 1399 482 1428 id
514 1402 555 1427 est
585 1398 698 1433 diaholi;
729 1399 774 1427 lob
802 1400 994 1436 penultimo⁴:

152 1457 165 1471 «
179 1446 237 1474 Non
258 1448 300 1475 est
320 1449 440 1483 potestas
454 1453 539 1483 super
554 1449 674 1480 terram,
696 1454 768 1483 quae
782 1446 868 1483 possit
882 1446 905 1474 ei
921 1453 995 1474 com-

146 1492 238 1529 parari
254 1503 281 1527 »;
302 1492 466 1521 ascenderit
484 1501 574 1529 super
596 1496 636 1526 te,
657 1495 685 1521 et
706 1493 758 1521 hoc
780 1492 925 1526 tentando;
942 1493 995 1521 Lu-

146 1547 193 1568 cae
214 1539 375 1569 undecimo:
402 1551 415 1565 «
429 1539 499 1568 Cum
520 1540 680 1569 immundus
701 1540 817 1577 spiritus
837 1541 938 1569 exierit
959 1540 993 1569 ab

145 1587 272 1622 bomine,
294 1587 417 1616 ambulat
446 1595 494 1624 per
523 1587 582 1616 loca
613 1588 761 1624 inaquosa,
790 1595 928 1625 quaerens
950 1595 993 1616 re-

145 1634 252 1671 quiem,
274 1636 301 1662 et
321 1642 375 1663 non
397 1634 539 1663 invenit».
562 1635 667 1662 Locum
685 1638 819 1662 tuumne
833 1634 991 1668 dimiseris,

145 1681 239 1710 locum
254 1681 357 1710 scilicet
372 1681 571 1718 poenitentiae;
586 1681 620 1710 ad
635 1681 767 1718 Ephesios
781 1684 895 1718 quarto:
916 1693 929 1706 «
942 1682 992 1709 No-

144 1728 191 1757 lite
212 1728 303 1757 locum
323 1728 390 1757 dare
410 1728 519 1757 diabolo
531 1741 556 1756 n.
581 1729 658 1764 Quia
679 1728 796 1756 curatio
818 1736 931 1756 cessare
944 1727 992 1764 fa-

143 1775 197 1804 ciet
213 1779 335 1813 peccata
358 1775 512 1809 mamimm
533 1775 624 1804 littera
644 1775 793 1811 Origenis⁵
815 1775 913 1804 habet:
933 1775 993 1803 sal-

142 1821 239 1856 vatio,
259 1829 331 1859 quae
352 1821 463 1859 quidem
484 1824 526 1850 est
547 1829 597 1858 per
618 1821 781 1849 medicinam
795 1821 991 1858 poenitentiae;

143 1868 322 1898 Ecclesiastici
343 1869 504 1898 undecimo:
524 1880 537 1894 «
552 1868 653 1897 Malitia
673 1868 758 1897 unius
772 1869 857 1897 horae
878 1868 992 1897 oblivio-

142 1923 206 1945 nem
227 1916 291 1945 facit
311 1916 442 1945 luxuriae
469 1916 608 1945 maximae
623 1927 650 1950 »,
673 1915 699 1944 id
720 1919 762 1944 est
784 1916 877 1945 brevis
898 1916 992 1953 poeni—

142 1963 228 1991 tentia
249 1963 340 2000 magni
361 1963 474 2000 peccati.

221 2010 311 2046 (Vers.
333 2010 381 2046 5.).
405 2011 456 2038 Est
475 2010 603 2044 malum,
618 2010 695 2048 quod
708 2010 772 2038 vidi
790 2013 842 2039 etc.
857 2010 991 2047 Tangitur

142 2057 187 2086 hic
198 2057 361 2091 secundum,
373 2057 476 2086 scilicet
487 2057 645 2086 stultorum
652 2057 798 2094 praelatio
807 2057 990 2091 inordinata,

142 2106 202 2132 tum
222 2106 336 2141 propter
357 2103 494 2132 defectum
514 2104 667 2138 scienciae,
697 2107 756 2132 tum
782 2107 896 2141 propter
916 2103 990 2132 defe-

141 2154 217 2180 ctum
238 2151 330 2185 vitae,
351 2151 418 2188 quia
431 2151 507 2180 stulti
523 2154 550 2180 et
563 2151 627 2180 mali
650 2151 867 2188 praeficiuntur,
886 2151 934 2180 sed
948 2159 990 2180 sa-

141 2198 247 2235 pientes
260 2202 288 2227 et
301 2198 400 2227 divites
420 2198 499 2227 bonis
513 2199 639 2227 moribus
652 2198 858 2235 deprimuntur.
875 2199 989 2235 Propter

204 2358 212 2372 ¹
230 2360 297 2382 Vers.
313 2360 351 2382 49.
364 2360 407 2382 Pro
419 2359 543 2383 custodite'o
561 2361 659 2388 Vulgata
677 2360 791 2384 custodia.
805 2374 835 2377 —
847 2361 880 2384 De
897 2360 991 2385 causali

141 2399 311 2427 praedicatione
327 2400 368 2422 cfr.
385 2402 440 2423 tom.
458 2400 490 2422 ΙΙΙ.
509 2406 561 2428 pag.
580 2400 638 2428 528,
657 2404 708 2423 nota
727 2400 748 2422 5.

203 2436 212 2450 ²
230 2437 293 2460 Vers.
312 2438 334 2461 8.
351 2441 374 2461 et
391 2439 434 2465 ⁴0,
452 2438 490 2461 uhi
515 2439 585 2461 verba
603 2438 712 2462 recumbe
733 2439 757 2461 iu
779 2439 907 2462 novissimo
930 2439 988 2462 loco.

139 2488 170 2493 —
188 2477 297 2505 Sequitur
313 2477 381 2499 Eccli.
398 2478 436 2504 Μ,
453 2478 492 2500 22.

202 2514 211 2528 ³
229 2516 333 2544 merom,
349 2516 480 2540 Comment.
498 2517 519 2540 in
538 2518 598 2540 hunc
615 2518 704 2540 locum:
722 2518 876 2545 Symmachus
888 2518 987 2540 verbum

139 2555 278 2578 Hebraicum
295 2555 408 2585 marphe,
425 2557 488 2585 quod
506 2563 587 2579 ornnes
600 2554 670 2586 ’ίαμα,
688 2558 732 2579 hoc
754 2560 789 2579 est
804 2557 930 2580 sanitatem
951 2558 987 2579 vel

139 2594 299 2623 curationem,
316 2595 419 2618 similiter
436 2596 611 2623 transtulerunt,
629 2596 790 2624 interpretatus
806 2599 841 2619 est
852 2596 881 2619 ad
893 2602 986 2618 sensum

139 2636 161 2656 et
177 2634 220 2656 ait:
237 2634 266 2657 Si
280 2634 379 2664 spiritus
395 2634 510 2664 principis
527 2635 628 2658 irruerit
644 2635 696 2662 libi,
713 2635 741 2658 de
759 2635 809 2658 loco
825 2637 866 2659 tuo
883 2642 912 2658 ne
926 2641 987 2658 rece-

138 2672 197 2701 das,*
209 2673 265 2703 quia
273 2673 389 2703 pudicitia
406 2674 543 2703 comprimit
555 2676 652 2704 peccata
669 2681 768 2703 nmqmz.
780 2687 809 2691 —-
822 2674 924 2697 Subinde
937 2675 986 2697 alle-

139 2715 206 2740 gatur
218 2713 231 2734 l.
244 2712 296 2735 Cor.
308 2713 333 2741 9,
345 2713 382 2740 27,
395 2713 435 2735 uhi
448 2720 490 2741 pro
499 2713 669 2743 praedifflvero
681 2714 778 2742 Vulgata
789 2714 986 2744 praedicaverim.

200 2750 210 2763 ⁴¹
228 2752 292 2774 Vers.
313 2752 350 2774 24.
374 2752 473 2780 Vulgata
495 2759 556 2782 quae
579 2755 733 2782 comparetur
755 2753 783 2776 ei.
803 2765 834 2770 —
853 2754 986 2782 Sequuntur

138 2790 193 2813 Luc.-
204 2791 242 2819 Μ,
255 2790 297 2813 24ε
316 2790 399 2814 Cum...
416 2791 444 2814 de
460 2791 576 2815 homine...
593 2794 614 2815 et
630 2798 678 2815 ium
690 2792 809 2815 ini-emens
821 2792 890 2816 decit:
903 2793 985 2816 Rever-

138 2830 177 2852 tar
193 2833 248 2857 etc.;
266 2830 322 2858 Eph.
342 2830 367 2857 4,
384 2831 423 2853 27.

200 2867 209 2880 ⁵
226 2869 250 2891 ln
267 2875 307 2892 sua
326 2870 424 2898 Hexapla
446 2875 489 2898 pro
507 2871 550 2892 hoc
567 2871 617 2893 loco
633 2871 697 2893 affert.
715 2871 764 2899 ipse
781 2871 882 2898 (praeter
899 2874 983 2894 textum

137 2907 289 2936 Hebraicum,
311 2909 433 2936 Vulgatam
456 2912 478 2932 et
500 2909 675 2937 Symmachum)
694 2910 838 2937 versionem,
855 2916 926 2939 quam
949 2911 984 2932 tri-

137 2946 187 2969 buit
204 2948 352 2976 Septuaginta
368 2948 547 2977 interpretibus:
560 2949 617 2978 Quia
629 2948 719 2972 medela
731 2949 821 2972 sedabit
832 2952 925 2977 peccata
939 2955 984 2971 ma-

230 2994 256 3018 S.
274 2995 363 3018 Bonav.
374 3007 405 3012 —
417 2995 485 3018 Tom.
503 2996 540 3018 Vt.

1872 153 1904 182 81

1063 224 1137 261 quod
1158 224 1238 253 dicit:
1257 226 1305 253 Est
1319 226 1449 261 malum,
1465 231 1542 265 quoa
1556 229 1618 257 vidi
1630 229 1683 257 sub
1698 230 1768 264 sole,
1784 230 1811 259 id
1825 234 1866 260 est
1880 232 1907 260 in

1062 272 1200 307 praesenti
1221 275 1295 301 statu
1317 274 1476 309 hominum,
1497 277 1586 313 quasi
1602 285 1655 313 per
1679 286 1809 306 errorem
1830 287 1907 316 69η-

1062 318 1160 353 άίθης,
1176 327 1230 347 non
1245 327 1294 356 per
1309 328 1433 349 errorem
1449 322 1602 351 secundum
1626 324 1783 359 veritatem,
1799 325 1846 354 sed
1860 334 1907 362 ap—

1063 367 1192 401 parenter
1214 373 1264 402 per
1285 374 1423 401 errorem,
1453 368 1499 396 sed
1521 371 1613 397 tamen
1634 370 1785 399 secundum
1807 372 1905 400 iustam

1061 411 1276 446 discussionem;
1298 421 1318 441 a
1337 412 1414 450 faeie
1429 415 1591 452 principis,
1607 416 1681 445 illius
1695 417 1806 451 scilicet,
1821 426 1837 446 a
1851 426 1907 455 quo

1061 461 1103 486 est
1124 459 1213 487 omnis
1233 462 1369 496 potestas,
1391 461 1438 497 qui
1461 462 1532 490 iusto
1560 462 1660 492 iudicio
1687 464 1733 494 dat
1760 465 1907 502 aliquando

1061 505 1148 533 malos
1168 506 1317 541 praelat0s;
1333 506 1402 536 Osee
1416 507 1521 536 decimo
1543 509 1623 538 tertio
1634 510 1660 538 6;
1682 522 1694 535 «
1710 511 1785 540 Dabo
1800 512 1847 540 tibi
1863 519 1906 541 re-

1061 559 1122 588 gem
1137 552 1164 580 in
1179 552 1274 581 furore
1296 561 1372 588 meo,
1387 557 1414 582 et
1428 555 1551 584 auferam
1570 556 1597 585 in
1612 557 1796 594 indignatione
1810 566 1905 587 mea».

1139 599 1228 634 (Vers.
1252 600 1299 634 6.).
1323 600 1354 628 Et
1375 602 1522 638 exprimit,
1544 604 1618 640 quod
1638 608 1679 633 est
1707 605 1774 633 illud
1802 605 1907 634 malum
1923 611 1988 634 Quoad
2001 612 2052 639 dese-

1060 648 1196 682 quantum
1217 646 1251 674 ad
1282 646 1420 676 defectum
1447 649 1599 679 scientiae.-
1631 652 1763 680 Positum
1784 651 1906 680 stultum
1935 636 1985 677 51²5?
1992 640 2051 654 mn*

1060 692 1090 720 in
1112 692 1253 730 dignitate
1266 694 1387 723 sublimi
1393 705 1403 728 ,·
1414 696 1559 732 positum,
1580 698 1648 726 bene
1662 698 1743 732 dicit,
1765 698 1831 735 quia
1852 707 1905 729 non

1059 742 1101 768 est
1121 739 1157 768 ibi
1180 740 1231 769 nisi
1263 741 1330 770 salsa
1362 743 1475 779 positio;
1497 744 1658 773 Psalmus⁷:
1685 757 1699 771 «
1714 746 1830 774 Posuisti
1851 746 1905 781 eis,

1058 786 1179 815 deiecisti
1200 795 1260 821 eos,
1281 788 1348 816 dum
1369 789 1597 819 allevarentur».
1621 792 1684 820 Vel:
1703 793 1832 829 positum
1847 796 1906 821 tan-

1059 841 1143 870 quam
1165 834 1283 871 lapidem
1310 835 1452 871 inutilem3
1485 838 1557 867 unde
1585 838 1733 868 Zachariae
1760 839 1905 868 undecimo

1058 879 1160 908 dicitur
1182 881 1267 909 stulto
1288 882 1425 918 praelato:
1453 895 1466 909 «
1480 884 1503 912 Ο
1525 888 1618 921 pastor
1638 888 1666 914 et
1687 885 1804 914 idolum!
1826 886 1905 915 dere-

1059 926 1186 964 linquens
1211 936 1340 965 gregem,
1367 930 1475 967 gladius
1505 940 1589 969 super
1620 932 1767 961 brachium
1791 933 1852 961 eius
1878 937 1905 962 et

1057 980 1143 1010 super
1163 974 1276 1003 oculum
1290 975 1438 1005 dexterum
1453 978 1525 1013 eius;
1542 978 1688 1007 brachium
1702 979 1762 1007 eius
1779 978 1905 1007 ariditate

1057 1020 1216 1056 siccabitur,
1237 1025 1264 1051 et
1285 1023 1383 1052 oculus
1404 1024 1503 1053 dexter
1517 1025 1577 1054 eius
1592 1026 1785 1054 tenebrescens
1805 1025 1904 1055 obscu-

1057 1068 1166 1096 rabitur
1186 1080 1217 1103 »;
1249 1072 1276 1097 et
1306 1070 1367 1099 ideo
1398 1071 1612 1101 Proverbiorum
1644 1072 1777 1109 vigesimo
1809 1074 1903 1101 sexto:

1061 1126 1074 1139 «
1089 1115 1166 1144 Sicut
1186 1117 1233 1153 qui
1257 1117 1341 1146 mittit
1362 1118 1478 1155 lapidem
1501 1120 1527 1147 in
1549 1127 1680 1148 acervum
1700 1120 1845 1154 mercurii,
1867 1120 1905 1148 ita

1056 1162 1103 1198 qui
1136 1162 1234 1191 tribuit
1261 1163 1399 1201 insipienti
1432 1165 1564 1194 honorem
1581 1178 1607 1194 ».
1638 1166 1766 1194 Econtra:
1799 1166 1904 1195 Diuites

1055 1209 1152 1237 sedere
1173 1210 1327 1244 deorsum;
1355 1212 1474 1246 divites,
1496 1213 1599 1241 scilicet
1627 1213 1706 1241 bonis
1733 1213 1857 1241 moribus
1877 1217 1904 1241 et

1055 1256 1168 1285 scientia
1188 1260 1215 1285 et
1236 1258 1339 1294 gratia,
1360 1258 1394 1287 de
1415 1259 1519 1296 quibus
1550 1260 1655 1296 primae
1686 1259 1720 1288 ad
1748 1259 1904 1288 Corinthios

1055 1303 1180 1339 primo⁸z
1207 1316 1221 1329 «
1237 1305 1264 1333 ln
1285 1305 1414 1334 omnibus
1441 1306 1540 1335 divites
1565 1306 1627 1335 sacti
1654 1306 1720 1335 estis
1741 1306 1769 1334 in
1791 1306 1850 1340 illo,
1872 1309 1904 1334 ut

1054 1350 1123 1379 nihil
1144 1351 1222 1380 vohis
1242 1351 1312 1381 desit
1333 1353 1361 1381 in
1383 1353 1439 1381 ulla
1460 1354 1549 1390 gratia
1564 1364 1590 1388 »;
1612 1357 1640 1382 et
1661 1353 1744 1382 Isaiae
1763 1352 1904 1389 trigesimo

1054 1398 1151 1426 tertio:
1177 1410 1190 1423 «
1206 1399 1322 1428 Divitiae
1342 1401 1440 1429 salutis
1461 1401 1594 1438 sapientia
1615 1404 1642 1429 et
1663 1400 1778 1429 scientia
1792 1412 1818 1428 ».

1131 1446 1220 1482 (Vers.
1244 1448 1291 1483 7.).
1323 1447 1463 1484 Quantum
1491 1448 1525 1477 ad
1552 1448 1630 1477 vitae
1657 1448 1794 1476 defectum
1822 1447 1902 1476 dicit:
1920 1452 2050 1495 ‹gffidvidgge-

1059 1492 1124 1521 Vidi
1142 1501 1241 1522 servos
1273 1495 1304 1523 in
1335 1495 1433 1532 equi9;
1460 1504 1558 1523 servos
1585 1495 1652 1523 dicit
1673 1498 1848 1531 peccatores,
1869 1494 1903 1523 de
2038 1490 2041 1494 ’

1051 1540 1155 1576 quibus
1183 1541 1289 1570 loannis
1313 1542 1446 1570 octavo⁹z
1474 1542 1552 1579 «Qui
1582 1542 1647 1571 facit
1675 1545 1819 1578 peccatum
1846 1550 1903 1570 ser-

1051 1595 1103 1615 vus
1124 1590 1166 1616 est
1186 1588 1289 1625 peccati
1301 1599 1328 1623 »;
1343 1589 1375 1617 in
1388 1589 1483 1627 equis,
1499 1589 1645 1626 pluraliter
1659 1588 1725 1617 dicit
1739 1588 1773 1617 ad
1786 1596 1905 1627 expres7

1050 1633 1155 1662 sionem
1170 1642 1301 1671 pompae;
1314 1635 1519 1664 Deuteronomii
1534 1636 1641 1665 decimo
1656 1636 1788 1672 septimo:
1808 1647 1821 1661 «
1833 1636 1899 1664 Cum

1049 1680 1134 1709 fuerit
1154 1681 1334 1716 constitutus,
1356 1690 1410 1710 non
1440 1682 1633 1719 multiplicabit
1659 1682 1709 1710 sibi
1732 1690 1818 1719 equos
1833 1694 1859 1710 n.
1882 1682 1899 1710 Ε

1050 1731 1162 1756 contra:
1191 1728 1345 1766 Principes
1375 1729 1558 1758 ambulantes·
1588 1729 1678 1767 quasi
1703 1738 1818 1763 servos,
1840 1729 1900 1757 illos

1050 1774 1153 1803 scilicet
1174 1775 1328 1812 principes,
1350 1776 1398 1812 qui
1419 1776 1469 1804 sibi
1492 1784 1542 1813 per
1563 1776 1663 1804 bonam
1690 1776 1773 1804 vitam
1802 1776 1900 1812 princi-

1049 1824 1167 1857 pantur;
1183 1822 1299 1851 Seneca:
1317 1834 1330 1848 «
1345 1823 1369 1851 Si
1386 1823 1455 1851 bene
1471 1826 1496 1851 te
1512 1824 1634 1857 rexeris,
1656 1823 1785 1860 princeps
1805 1823 1898 1857 eris»;

1049 1868 1116 1897 istos
1130 1868 1198 1897 vidit
1211 1870 1300 1908 quasi
1312 1878 1420 1904 servae,
1435 1870 1482 1899 sed
1498 1870 1524 1898 in
1540 1870 1637 1899 futuro
1647 1870 1701 1898 erit
1715 1878 1730 1898 e
1744 1870 1897 1903 contrari0;

1049 1915 1137 1944 Lucae
1168 1915 1274 1944 decimo
1304 1919 1419 1953 quarto:
1446 1928 1460 1941 κ
1480 1916 1592 1951 Omnis,
1620 1917 1668 1953 qui
1697 1924 1726 1945 se
1754 1916 1897 1950 humiliat,

1049 1962 1233 1996 exaltabitur,
1255 1967 1282 1991 et
1302 1963 1351 2000 qui
1371 1971 1400 1992 se
1421 1963 1525 1992 exaltat
1546 1963 1741 1992 humiliabitur
1756 1975 1782 1991 ».

1397 2058 1544 2094 ΟυΑΕςτιο.

1126 2152 1276 2188 Quaeritur
1304 2152 1364 2186 hic,
1396 2155 1492 2180 utrum
1519 2152 1624 2181 iustum
1652 2152 1703 2185 sit,
1731 2151 1805 2188 quod
1832 2152 1895 2180 mali

1048 2199 1171 2236 praesint
1192 2199 1279 2228 bonis.
1302 2199 1379 2236 Quod
1400 2199 1459 2233 sic,
1482 2199 1609 2228 videtur:

1047 2362 1144 2391 gnatita
1156 2362 1192 2384 ed.
1206 2362 1292 2389 Migne,
1311 2362 1393 2384 Patrol.
1411 2363 1496 2384 Graeca
1515 2364 1570 2384 tom.
1589 2362 1649 2383 XVl.
1673 2361 1715 2383 col.
1738 2361 1821 2389 4553),
1841 2366 1893 2382 cum

1045 2409 1090 2431 qua
1114 2401 1222 2424 convenit
1245 2402 1398 2424 Theodotion.
1416 2401 1507 2423 Hieron.
1526 2404 1602 2423 autem
1621 2407 1674 2423 cum
1693 2400 1777 2423 nostris
1793 2399 1895 2422 editioni-

1046 2441 1090 2463 bus
1108 2441 1237 2463 versionem
1256 2440 1404 2468 Septuaginta
1428 2441 1579 2468 interpretum
1599 2441 1668 2468 (quae
1685 2439 1747 2467 apud
1771 2439 1893 2466 Origenem

1046 2483 1070 2502 ut
1093 2483 1166 2502 textus
1189 2479 1315 2502 Hebraicus
1332 2481 1437 2508 refertur)
1457 2480 1484 2501 ita
1504 2478 1606 2502 exhibet:
1624 2479 1681 2507 Quia
1699 2479 1790 2501 sanitas
1807 2478 1894 2506 requie-

1044 2525 1110 2542 scere
1135 2520 1186 2542 facit
1212 2523 1304 2547 peccata
1332 2525 1423 2547 magna.
1442 2531 1470 2534 —
1489 2519 1540 2547 Seq.
1567 2519 1630 2541 locus
1652 2521 1687 2540 est
1712 2518 1778 2540 Ercli.
1804 2518 1838 2544 Μ,
1856 2517 1893 2539 29.

1045 2559 1143 2587 Vulgata
1162 2559 1245 2582 omittit
1263 2559 1333 2582 unius
1346 2562 1368 2581 et
1380 2558 1444 2586 ponit
1459 2564 1561 2587 magnae.
1579 2563 1621 2586 pro
1638 2557 1769 2580 mammae.
1785 2569 1816 2573 —
1833 2557 1893 2578 Haec

1044 2599 1156 2626 expositio
1173 2601 1207 2621 est
1224 2605 1250 2620 ex
1268 2598 1359 2620 Ilieron.
1377 2598 1400 2619 in
1419 2599 1479 2619 bunc
1497 2598 1582 2620 locum.

1107 2637 1117 2650 ⁶
1135 2639 1199 2661 Vers.
1219 2639 1256 2661 Η.

1106 2676 1115 2689 ⁷
1133 2678 1214 2700 Psalm.
1232 2673 1274 2703 722
1289 2678 1323 2699 18.
1335 2689 1366 2693 -
1378 2677 1511 2705 Sequuntur
1523 2677 1592 2698 Zach.
1605 2676 1642 2702 Μ,
1656 2675 1692 2697 17.
1704 2678 1726 2697 et
1738 2676 1804 2697 Prov.
1816 2675 1856 2702 26,
1869 2675 1889 2696 8.

1106 2714 1115 2727 ⁸
1133 2716 1199 2739 Vers.
1216 2716 1237 2738 5.
1255 2718 1277 2738 et
1293 2716 1321 2738 7:
1338 2716 1366 2738 ita
1385 2718 1409 2738 ut
1427 2715 1481 2737 nibil
1499 2715 1567 2737 vobis
1589 2718 1631 2737 etc.
1648 2726 1679 2731 —
1696 2715 1749 2742 Seq.
1773 2714 1835 2735 locus
1857 2716 1888 2735 est

1043 2755 1092 2777 lsai.
1110 2756 1153 2782 33,
1170 2756 1192 2778 6,

1105 2793 1115 2806 ⁹
1132 2795 1199 2817 Vers.
1216 2794 1252 2816 34.
1272 2807 1300 2810 -
1319 2795 1451 2823 Sequuntur
1472 2794 1538 2816 Deut.
1561 2793 1602 2820 47,
1623 2793 1656 2815 16.
1681 2794 1733 2819 (pro
1753 2798 1801 2814 <mm
1819 2791 1890 2813 (ΖΒΕ

1041 2833 1095 2861 reoe)
1113 2835 1135 2855 et
1152 2834 1206 2855 Luc.
1225 2833 1266 2859 14,
1285 2833 1322 2855 Μ.
1339 2845 1369 2849 -
1387 2834 1486 2858 Seneca,
1505 2832 1573 2859 Epist.
1593 2831 1633 2853 37:
1652 2831 1674 2853 Si
1698 2831 1732 2852 vis
1755 2830 1830 2852 omnia
1849 2828 1887 2850 tibi

1042 2870 1169 2898 subiicere,
1188 2875 1208 2894 te
1225 2871 1313 2894 subiice
1330 2872 1423 2898 rationi;
1441 2871 1524 2893 multos
1540 2876 1620 2897 reges,
1638 2870 1655 2891 si
1679 2869 1736 2891 ratio
1754 2871 1775 2890 te
1797 2868 1887 2890 rexerit.

1041 2910 1110 2938 Epist.
1128 2911 1181 2933 4⁴3.
1193 2911 1257 2936 (alias
1271 2910 1331 2938 ⁴14.)
1344 2911 1404 2932 eirca
1418 2910 1500 2932 finem:
1514 2910 1628 2936 imperare
1648 2908 1690 2930 sibi
1710 2908 1834 2929 maximum
1848 2907 1887 2928 im*

1041 2950 1132 2977 perium
1145 2952 1186 2971 est.
1198 2961 1228 2966 --
1240 2949 1362 2977 Aliquanto
1375 2949 1468 2971 iuferius
1481 2955 1523 2976 pro
1535 2948 1607 2971 vitam
1622 2948 1671 2969 Vat.
1684 2952 1806 2974 perperam
1818 2945 1885 2968 viam.

1766 2993 1787 3014 Μ
