2296 3316
352 136 408 163 270

351 213 508 250 pauxillum
530 220 618 249 aquae
639 212 672 240 de
694 212 792 248 hydria
813 214 862 240 tua
882 223 909 239 n.
939 212 992 240 Hae
1013 211 1128 248 hydriae
1146 219 1199 248 po—

351 259 424 287 sitae
443 259 603 287 secundum
623 258 859 296 purificationem
882 258 1076 292 Iudaeorum,
1104 257 1132 287 id
1159 260 1201 286 est

352 306 505 335 secundum
521 314 626 334 morem
648 306 811 334 ludaeorum
834 304 867 333 ad
882 312 911 333 se
932 304 1145 341 purificandum.
1161 304 1200 333 De

309 362 310 365 ¹
354 354 404 382 1106
419 360 504 386 111016,
526 353 607 381 Marci
627 352 743 389 septimo
755 353 777 380 ¹:
798 363 811 377 «
828 352 859 380 Et
872 360 889 380 a
902 351 961 380 foro
976 351 1133 385 redeuntes,
1148 351 1200 380 nisi

240 1250 336 1273 Quartum.

352 399 542 436 baptizentur,
563 407 618 427 non
640 398 806 431 comedunt;
822 401 849 427 et
863 398 916 426 alia
930 398 1018 427 multa
1032 401 1113 431 sunt,
1128 406 1200 435 quae

352 446 452 475 tradita
467 449 532 474 sunt
546 446 599 474 illis
613 453 739 479 servare,
755 445 919 482 baptismata
933 445 1049 473 calicum
1065 447 1092 473 et
1102 452 1201 473 urceo-

352 501 415 521 rum
427 505 453 520 ».
472 493 620 530 Cupientes
634 492 769 529 sinyulae
784 495 920 520 metretas
935 491 1020 520 binas
1034 491 1077 520 vel
1092 496 1199 520 ternas.

352 540 469 568 Metreta
490 539 592 567 dicitur
613 547 629 567 a
642 543 768 572 metron,
784 538 858 575 quod
872 541 914 567 est
927 546 1060 567 mensura
1071 538 1090 572 ²³,
1112 541 1139 567 61
1153 546 1200 567 vo-

352 590 432 615 catur
453 586 497 614 hic
518 593 650 614 mensura
670 585 825 614 6011111111615
847 588 873 614 61
895 585 1011 619 usitata,
1033 585 1105 614 sicut
1127 585 1200 614 Pari-

352 633 410 662 sius
438 632 591 661 sextarium
620 632 675 660 vini
697 632 824 661 dicimus.
854 632 1011 669 Secundum
1038 632 1088 661 lias
1115 632 1201 669 igitur

352 688 496 709 mensuras
526 680 693 708 factumest
724 679 890 708 miraculum
919 679 952 708 ad
983 680 1089 708 Domini
1115 680 1201 717 impe-

352 728 441 760 rium;
464 730 577 764 propter
599 727 673 764 quod
694 726 806 755 subdit:

431 775 456 802 7.
490 774 578 809 (Vers.
612 774 659 807 7.).
695 773 769 802 Dicit
799 773 841 802 cis
873 774 973 802 lesus:
1008 773 1122 810 Implete
1150 772 1202 812 hy-

352 821 437 849 drias
462 829 550 858 aqua.
575 820 609 848 Et
642 820 832 857 impleverunt
852 828 902 848 eas
933 828 1024 858 usque
1054 819 1095 848 ad
1121 828 1202 848 sum-

351 876 441 896 mum.
475 867 506 895 Et
537 867 760 904 intelligendum,
792 866 867 904 quod
888 874 953 895 cum
984 867 1112 904 impletae
1142 867 1202 896 fue-

353 918 434 948 runt,
456 914 563 942 Domini
593 914 696 942 virtute
724 914 751 942 in
772 914 868 942 vinum
897 921 1030 942 conversa
1051 917 1092 942 est
1116 922 1201 951 aqua3

354 962 414 990 ideo
435 961 551 998 impleri
571 961 726 997 praecepit,
748 964 779 989 ut
801 960 913 997 plenum
929 968 1000 997 opus
1021 960 1138 994 faceret,
1160 969 1202 989 56-

353 1008 474 1037 cundum
497 1007 570 1045 quod
592 1008 619 1036 in
642 1007 796 1036 conditione
815 1001 924 1041 rerum,
945 1006 1058 1036 Genesis
1079 1007 1170 1044 primo
1181 1008 1201 1042 ⁸,

358 1055 453 1083 «vidit
474 1055 547 1083 Deus
575 1058 687 1088 cuncta,
717 1062 788 1091 quae
816 1054 933 1088 fecerat,
962 1057 989 1083 et
1016 1057 1097 1083 erant
1124 1054 1203 1083 valde

352 1102 470 1135 bona»;
499 1104 526 1130 et
550 1101 755 1129 Deuteronomii
787 1101 927 1138 trigesimo
956 1100 1092 1129 secundo:
1119 1112 1132 1126 (κ
1154 1101 1203 1129 Dei

355 1148 474 1185 perfecta
496 1152 561 1177 51161
582 1156 667 1185 opera
681 1159 708 1175 ».

433 1196 459 1224 8.
482 1196 570 1231 (Vers.
587 1196 635 1229 8.).
660 1196 692 1223 Et
714 1195 811 1223 dimit4
832 1195 872 1223 eis
895 1195 983 1223 lesus.
1006 1195 1140 1232 Tangitur
1159 1195 1204 1224 hic

354 1247 503 1280 quartum,
525 1243 628 1271 scilicet
649 1242 790 1270 miraculi
809 1242 997 1279 approbatio,
1019 1242 1046 1271 in
1067 1242 1204 1279 approba-

356 1290 427 1319 tione
448 1289 503 1318 vini
519 1289 589 1318 facta
611 1289 767 1318 testimonio
782 1288 979 1323 architriclini,
995 1289 1076 1318 cuius
1096 1292 1156 1317 erat
1170 1289 1204 1318 de

355 1338 418 1367 vino
433 1337 560 1374 probare.
583 1337 697 1373 Propter
719 1336 793 1373 quod
807 1335 891 1370 dicit:
910 1336 943 1364 Et
964 1335 1039 1364 dimit
1053 1335 1093 1364 eis
1108 1336 1203 1370 Iesus,

355 1385 457 1414 scilicet
470 1384 620 1413 ministris:
638 1383 762 1412 Haurite
776 1391 854 1411 nunc
865 1386 890 1411 et
904 1382 977 1420 ferte
992 1381 1203 1411 architriclino.

357 1433 391 1460 Et
406 1431 550 1465 tulerunt,
566 1430 716 1459 secundum
730 1430 789 1458 61115
801 1430 965 1469 imperium,
980 1430 1084 1458 scilicet
1098 1429 1159 1458 ideo
1170 1429 1204 1458 ad

355 1480 446 1516 ipsum
461 1478 600 1516 praecepit
614 1478 693 1511 ferri,
708 1477 774 1514 quia
788 1477 893 1514 nuptiis
908 1480 1035 1514 praeerat
1055 1480 1082 1505 et
1101 1476 1204 1505 iudica-

355 1527 401 1556 bat
415 1526 448 1555 de
463 1525 622 1555 huiusmodi
640 1524 854 1553 architriclinus.
875 1535 888 1549 «
903 1523 1078 1558 Triclinium,
1100 1523 1126 1552 id
1148 1527 1204 1557 651,

355 1577 412 1602 tres
432 1573 543 1602 ordines
570 1572 817 1605 discumbentium,
838 1571 982 1600 altitudine
1003 1571 1157 1600 distantes⁵
1173 1582 1203 1605 »;

355 1620 417 1649 inde
438 1619 677 1653 architriclinus,
699 1619 765 1656 quia
789 1621 917 1655 praeerat
945 1618 1071 1646 convivio
1099 1617 1204 1646 ordinis

355 1667 440 1695 trium
455 1674 630 1699 meusarum3
653 1666 695 1694 vel
711 1664 943 1699 architriclinus,
966 1665 1096 1702 princeps
1118 1665 1203 1693 trium

354 1721 544 1747 camerarum;
560 1713 602 1741 vel
618 1712 793 1750 generaliter,
816 1712 863 1749 qui
879 1715 988 1749 praeest
1003 1711 1204 1747 servientibus,

354 1763 386 1789 ut
403 1760 468 1788 dicit
489 1759 702 1796 Chrysostomus
713 1760 733 1787 6.
755 1759 793 1788 Ad
815 1759 890 1788 hunc
909 1759 1049 1796 praecepit
1070 1759 1152 1793 ferri,
1174 1762 1206 1788 ut

354 1808 387 1837 de
408 1808 472 1836 vino
492 1807 641 1840 iudicaret;
664 1810 777 1843 propter
799 1807 873 1844 quod
893 1806 974 1835 dicit:

435 1855 460 1883 9.
484 1854 572 1888 (Vers.
589 1854 636 1887 9.).
659 1853 693 1882 Ut
713 1857 810 1882 autem
827 1854 958 1891 qustavit
979 1852 1205 1882 architriclinus

355 1910 464 1940 aquam
496 1901 599 1929 vinum
625 1899 755 1937 factam,
784 1900 811 1929 id
839 1904 880 1929 est
908 1901 1003 1929 vinum
1036 1900 1139 1929 facturn
1168 1909 1204 1930 ex

354 1957 441 1986 aqua;
463 1952 488 1976 et
508 1957 567 1976 non
587 1947 711 1981 sciebat,
740 1948 817 1976 unde
838 1951 924 1982 esset,
946 1948 1079 1976 ministri
1106 1951 1203 1976 autem

354 1995 497 2029 sciebant,
524 1994 576 2033 qui
602 1993 766 2023 hauserant
793 2003 924 2033 aquam‚·
952 1997 1036 2023 vocat
1062 2002 1205 2031 sponsiom

355 2041 593 2075 architriclinus,
616 2044 647 2069 ut
662 2041 765 2070 scilicet
785 2041 877 2078 ipsum
892 2041 1041 2078 redarguat
1062 2044 1089 2070 et
1109 2041 1204 2069 vinum

356 2088 530 2117 commendet
550 2091 577 2117 et
598 2088 721 2117 extollat.

440 2137 481 2164 10.
505 2135 593 2171 (Vers.
619 2136 683 2170 10.).
708 2136 742 2163 Et
763 2135 834 2163 dicit
853 2135 892 2163 ei:
917 2134 1019 2163 Omnis
1037 2133 1120 2163 homo
1139 2134 1203 2171 pri-

357 2191 437 2210 mum
460 2182 567 2210 bonum
588 2181 691 2210 vinum
708 2182 806 2218 ponit,·
819 2181 966 2218 primurn,
989 2181 1015 2209 id
1030 2183 1071 2209 est
1086 2181 1112 2209 in
1128 2180 1205 2217 prin-

357 2229 440 2266 cipio;
462 2232 488 2256 et
507 2237 573 2257 cum
595 2228 734 2257 inebriati
754 2227 883 2265 fuerint,
913 2232 981 2256 tunc
1003 2228 1034 2256 id
1054 2227 1131 2265 quod
1158 2227 1204 2255 de—

988 133 1157 162 COMMENT.
1180 133 1212 162 IN
1235 133 1379 163 ΙΟΛΝΝΕΜ
1401 134 1428 162 C.
1451 134 1480 162 ΙΙ.

1258 212 1349 241 terius
1369 215 1425 245 est,
1457 211 1523 249 quia
1552 215 1617 240 tunc
1649 219 1703 239 non
1736 211 1827 240 valent
1858 211 2025 246 diiudicare,
2058 211 2103 241 sed

1257 266 1339 287 omne
1359 258 1454 287 vinum
1476 258 1572 286 dicunt
1593 258 1706 286 bonum.
1735 257 1780 286 Tu
1801 260 1898 286 autem
1912 257 2038 287 servasti
2058 257 2104 287 bo-

1257 313 1329 333 num
1350 305 1453 333 vinum
1475 313 1566 343 usque
1587 303 1703 338 adhuc;
1728 304 1755 333 id
1782 307 1824 333 est
1851 312 1940 342 usque
1960 305 1994 333 ad
2013 305 2105 338 finem,

1258 354 1285 380 et
1305 351 1343 380 ita
1360 351 1514 380 inordinate
1528 354 1555 380 et
1576 354 1673 380 contra
1694 359 1800 380 morem
1825 351 1921 389 fecisti.
1944 351 2031 380 Malus
2045 358 2105 380 mos

1258 401 1318 426 erat
1339 398 1398 432 iste,
1427 398 1492 435 quia
1513 401 1608 426 contra
1634 398 1778 426 veritatem
1800 400 1827 426 et
1855 400 1951 426 contra
1972 397 2104 426 sobrieta-

1258 447 1332 478 tem3
1354 444 1428 473 unde
1452 444 1486 473 ad
1512 444 1642 481 Ephesios
1663 444 1761 481 quinto
1776 444 1805 472 ⁷:
1832 456 1846 469 «
1864 444 1952 473 Nolite
1973 444 2103 473 inebriari

1258 491 1335 525 vino,
1364 491 1390 520 in
1419 499 1476 528 quo
1500 494 1542 520 est
1570 491 1699 525 luxuria,
1728 491 1774 520 sed
1804 491 1972 528 impleamini
1997 490 2105 529 ‘Spiritu

1258 541 1366 572 sancto,
1388 538 1556 575 loquentes»
1582 541 1633 567 etc.

1341 586 1383 614 11.
1407 585 1495 621 (Vers.
1521 586 1585 618 11.).
1609 585 1669 613 Hoc
1690 585 1807 613 initium
1823 585 1986 622 siynorum.
2009 585 2107 622 Tangi-

1258 635 1306 662 tur
1326 633 1372 661 hic
1389 632 1533 669 quintum,
1548 631 1651 660 56111661
1672 631 1790 660 divinae
1802 631 1915 668 gyloriae
1935 630 2107 669 manifesta-

1259 680 1297 708 tio
1318 682 1346 708 et
1366 678 1435 715 fidei
1451 678 1665 715 discipulorum
1680 677 1854 715 aedificatio.
1878 678 1991 707 Ratione
2011 679 2107 708 mani—

1258 725 1423 763 festationis
1442 733 1515 754 suae
1535 725 1619 753 dicit:
1642 725 1702 753 Hoc
1723 724 1842 753 initium
1863 725 2019 762 siynorum
2038 724 2108 763 fecit

1263 772 1342 800 Iesus
1363 772 1394 800 in
1417 772 1497 800 Cana
1529 770 1678 800 Galilaeae
1702 774 1726 799 et
1754 769 1957 808 manifestavit
1978 771 2106 809 yloriam

1259 827 1365 852 suam;
1386 818 1518 847 Glossa⁸:
1539 829 1552 843 «
1568 818 1594 846 ld
1616 820 1658 846 est
1678 818 1806 846 latentem
1822 818 1998 848 Divinitatem
2013 829 2043 854 »;
2067 819 2108 847 16-

1260 865 1302 894 fra
1316 865 1422 894 decimo
1436 868 1550 902 quarto:
1570 876 1583 890 «
1599 865 1653 902 Ego
1667 864 1778 901 diligam
1801 872 1865 893 eum
1880 868 1908 894 et
1929 865 2107 895 manifestabo

1260 913 1284 942 ei
1296 921 1340 942 me
1352 913 1443 949 ipsum
1454 924 1480 940 ».
1495 928 1529 932 —
1543 911 1655 940 Ratione
1666 911 1881 948 aedificationis
1894 912 2109 951 discipulorum

1260 960 1342 988 dicit:
1367 960 1400 988 Et
1420 958 1607 987 erediderunt
1628 958 1660 987 in
1673 967 1739 987 eum
1754 958 1893 995 discipuli
1913 959 1990 994 eius,
2012 959 2039 988 id
2053 962 2107 993 est,

1261 1006 1370 1037 firmius
1384 1005 1570 1035 crediderunt.
1587 1005 1657 1033 Beda
1669 1005 1695 1033 ⁰:
1712 1016 1725 1030 «
1738 1005 1934 1034 Discumbente
1948 1006 2064 1035 Domino
2075 1006 2107 1035 ad

1261 1054 1388 1090 nuptias,
1401 1053 1495 1081 vinum
1511 1052 1625 1086 defecit,
1638 1055 1684 1087 ut,
1696 1052 1760 1081 vino
1773 1052 1879 1081 meliori
1893 1061 1941 1090 per
1956 1053 2047 1090 ipsum
2059 1055 2107 1082 mi-

1261 1100 1340 1129 rabili
1355 1099 1451 1128 ordine
1466 1099 1552 1133 16610,
1574 1098 1799 1127 manifestaretur
1814 1099 1841 1127 in
1857 1099 1903 1128 illo
1925 1099 2034 1129 latentis
2052 1100 2109 1137 glo-

1261 1147 1304 1176 ria
1317 1147 1379 1181 Dei,
1394 1150 1421 1175 et
1435 1146 1607 1175 credentium
1624 1145 1650 1174 in
1666 1153 1728 1174 eum
1744 1145 1813 1174 fides
1826 1149 1908 1174 aucta
1922 1147 2069 1183 proficeret
2083 1158 2109 1174 ».

1344 1195 1387 1222 12.
1402 1193 1573 1231 Alleyorice:
1589 1192 1702 1229 Triplex
1714 1195 1755 1221 est
1767 1192 1827 1221 dies
1839 1193 1991 1222 secundum
2007 1194 2110 1231 triplex
2122 1200 2217 1225 Expositi«)
2227 1200 2250 1222 ,1.

1262 1245 1384 1278 tempus,
1406 1244 1522 1269 naturae
1537 1240 1653 1274 scilicet,
1676 1239 1753 1276 Legis
1770 1243 1797 1268 et
1815 1240 1927 1277 gratiae.
1944 1241 1972 1269 ln
1987 1241 2040 1270 hoc
2055 1244 2110 1270 ter-

1263 1288 1301 1317 tio
1323 1287 1435 1324 nuptiae
1456 1287 1542 1315 factae
1563 1289 1628 1315 sunt
1653 1287 1725 1315 inter
1746 1286 1887 1316 Christum
1909 1290 1936 1316 et
1965 1288 2110 1317 Ecclesiam

1262 1336 1288 1364 in
1312 1335 1403 1364 carnis
1429 1334 1612 1368 assumtione,
1634 1334 1668 1362 de
1696 1334 1799 1371 quibus
1820 1335 1949 1364 Matthaei
1978 1335 2111 1372 vigesimo

1263 1381 1427 1410 secundom:
1444 1380 1542 1409 Simile
1556 1384 1597 1409 est
1608 1389 1731 1418 requam
1747 1381 1894 1410 caelorum
1908 1380 2020 1411 homini
2033 1381 2110 1419 reyi,

1262 1429 1315 1467 qui
1327 1427 1394 1465 feeit
1407 1427 1528 1464 nuptias
1542 1427 1602 1463 silio
1619 1436 1681 1456 sua
1698 1428 1726 1456 ln
1743 1428 1785 1457 his
1800 1428 1904 1465 nuptiis
1918 1437 1969 1457 sex
1984 1427 2109 1467 hydriae
2123 1435 2250 1461 0111111511,-

1263 1484 1358 1514 aquae
1372 1474 1505 1511 insipidae
1522 1477 1549 1503 et
1570 1474 1628 1503 sine
1643 1475 1814 1504 nutrimento
1835 1483 1985 1504 conversae
2003 1478 2068 1504 sunt
2083 1475 2109 1504 in

1263 1522 1357 1550 vinum
1380 1522 1506 1559 sapidum
1529 1523 1556 1550 et
1577 1521 1746 1550 iucundum:
1769 1522 1835 1559 quia
1856 1522 1964 1551 umbra
1979 1522 2061 1560 Leyis
2082 1522 2109 1551 in

1263 1569 1421 1603 veritatem3
1443 1569 1475 1597 ad
1499 1569 1636 1598 Hebraeos
1659 1568 1767 1598 decimo
1780 1570 1815 1597 ¹¹:
1847 1569 1986 1598 Umbram
2004 1568 2111 1601 habens

1263 1617 1321 1645 Lex
1341 1615 1517 1653 futurorum
1539 1615 1681 1644 bonorum
1702 1619 1754 1645 616.
1778 1633 1813 1636 -
1843 1616 1976 1645 Varietas
1995 1615 2110 1654 sacrifi-

1263 1663 1378 1691 ciorum
1399 1662 1426 1691 in
1448 1662 1602 1697 unitatem;
1631 1662 1665 1691 ad
1694 1663 1829 1692 Hebraeos
1857 1662 1980 1692 decimo:
2011 1662 2111 1691 Omnis

1263 1710 1378 1748 quidem
1406 1709 1542 1738 sacerdos
1560 1713 1678 1747 praesto
1703 1713 1744 1738 est
1764 1709 1891 1748 quotidie
1917 1709 2110 1744 ministrans,

1263 1760 1288 1785 et
1308 1757 1423 1786 easdem
1443 1765 1528 1794 saepe
1555 1756 1677 1795 offerens
1705 1755 1832 1791 hostias,
1854 1765 1929 1795 quae
1955 1765 2111 1795 nunquam

1260 1807 1384 1841 possunt
1405 1803 1527 1842 auferre
1537 1807 1672 1841 peccata:
1688 1802 1734 1832 hic
1755 1807 1853 1845 autem
1868 1812 1960 1832 unam
1977 1811 2035 1841 pro
2046 1812 2111 1841 pec-

1263 1852 1336 1880 catis
1358 1850 1479 1889 offerens
1499 1850 1625 1884 hostiam
1646 1854 1697 1880 etc.
1722 1867 1758 1872 —-
1775 1851 1928 1888 Asperitas
1943 1859 2113 1888 poenarum

1264 1899 1290 1927 in
1313 1899 1466 1933 levitatem3
1488 1900 1605 1927 Actuum
1634 1898 1741 1927 decimo
1769 1898 1867 1935 quinto
1880 1898 1917 1926 ¹2:
1948 1898 2027 1934 Quid
2053 1901 2111 1927 ten-

1264 1946 1333 1974 tatis
1357 1946 1461 1979 Deum,
1483 1946 1630 1983 imponere
1650 1945 1755 1983 ingram
1769 1954 1858 1982 super
1879 1945 2003 1974 eervices
2025 1945 2112 1974 disei-

1260 1993 1400 2030 pulorum
1433 1996 1507 2022 etc?
1533 2010 1567 2013 -—
1596 1993 1773 2030 Aenigmata
1794 1993 1820 2021 in
1843 1993 1948 2027 lucem;
1974 1992 2111 2022 secundae

1262 2040 1296 2069 ad
1317 2040 1474 2069 Corinthios
1496 2040 1596 2069 tertio:
1627 2040 1718 2078 Usque
1736 2040 1766 2068 in
1782 2039 1955 2068 hodiernum
1976 2039 2052 2068 diem
2066 2048 2112 2068 ve-

1263 2086 1359 2115 lamen
1373 2090 1414 2115 est
1425 2087 1555 2124 positum
1569 2095 1658 2124 super
1673 2096 1723 2116 cor
1737 2096 1853 2121 eorum,
1866 2095 1921 2115 nos
1936 2090 2048 2121 autem,
2067 2095 2112 2116 re-

1261 2133 1357 2161 velata
1387 2132 1464 2170 facie
1490 2133 1617 2171 qloriam
1646 2134 1763 2162 Domini
1789 2133 1969 2171 speculantes
2000 2137 2051 2163 etc.
2073 2151 2113 2155 -

1269 2180 1406 2209 Terrores
1427 2180 1454 2209 in
1476 2188 1619 2215 amorem;
1645 2181 1677 2210 ad
1704 2181 1840 2210 Romanos
1867 2184 1964 2210 octavo
1977 2181 2015 2209 ¹⁵:
2044 2180 2108 2210 Non

1262 2227 1415 2263 accepistis
1435 2226 1577 2264 spiritum
1597 2228 1746 2256 servitutis
1760 2228 1866 2256 iterum
1882 2228 1914 2256 in
1929 2227 2046 2262 timore,
2061 2228 2111 2256 sed

420 2406 427 2419 ¹
446 2407 512 2429 Vers.
530 2407 551 2429 4.
568 2407 621 2429 Post
636 2406 689 2436 foro
706 2406 840 2429 auctoritate
858 2407 876 2428 D
893 2406 1028 2429 addidimus
1045 2406 1176 2430 redeuntes.

420 2445 429 2458 ²
446 2447 555 2474 August.²
572 2446 594 2468 in
613 2447 673 2468 ioan.
691 2446 778 2473 Evang.
796 2448 823 2468 tr.
841 2446 861 2467 9.
880 2452 904 2467 n.
920 2446 948 2468 7:
964 2445 1055 2468 Μετοον
1072 2446 1133 2468 enim
1147 2452 1208 2468 men-

359 2492 437 2516 snram
455 2486 534 2508 dicunt
551 2485 631 2507 Graeci
638 2494 643 2511 ς
661 2485 716 2507 inde
727 2485 856 2513 appellatae
867 2486 987 2508 metretae.
999 2497 1030 2502 —
1043 2485 1075 2507 De
1085 2484 1192 2508 scalario
1200 2502 1206 2512 ‚

358 2525 422 2553 quod
439 2524 566 2547 secundum
590 2524 696 2546 diversos
716 2524 779 2546 locos
802 2524 909 2546 diversae
931 2526 981 2546 erat
1002 2523 1148 2551 capacitatis,
1166 2524 1207 2545 cfr.

360 2564 392 2586 [111
410 2563 500 2591 Gange,
518 2564 658 2586 Glossarium
676 2566 717 2585 etc.
736 2576 765 2579 —
783 2563 827 2585 Pro
843 2562 980 2586 sextarium
997 2562 1034 2585 ed.
1050 2562 1192 2592 septarium.

420 2601 430 2614 ³
448 2603 512 2625 Vers.
531 2603 568 2624 311.
585 2614 615 2619 -
631 2603 739 2631 Sequitur
757 2602 822 2624 Dent.
840 2603 883 2629 32,
901 2602 922 2624 4.

420 2641 430 2654 ⁴
448 2643 477 2664 lta
494 2642 563 2664 etiam
582 2642 604 2664 S.
622 2642 724 2664 Thomas
745 2642 767 2664 in
789 2641 918 2665 Commeat.
940 2648 1011 2669 super
1033 2642 1094 2663 huuc
1116 2642 1206 2668 locum,

358 2682 459 2709 Vulgata
475 2681 537 2704 ‹ia-it.

421 2718 430 2731 ⁵
447 2721 477 2742 lta
494 2720 569 2747 Beda,
587 2720 608 2742 in
631 2721 691 2742 hunc
714 2720 798 2742 locum.
820 2719 920 2746 fiebam,
945 2719 1005 2742 XIV.
1027 2719 1057 2742 de
1079 2719 1206 2746 Universo,

359 2766 379 2782 c.
396 2760 438 2782 20:
459 2768 469 2779 ι(
483 2759 616 2781 Triclinium
639 2762 672 2781 est
693 2760 844 2781 coenaculum
863 2765 875 2781 a
898 2758 971 2781 tribus
994 2759 1082 2781 lectulis
1104 2759 1207 2781 discum—

360 2798 463 2821 bentium
480 2798 567 2821 dictum
580 2807 601 2820 υ.
619 2798 677 2820 Ρ611·.
689 2797 815 2826 Comestor,
828 2798 911 2820 Histor.
922 2798 1070 2825 scholastica,
1083 2798 1104 2820 in
1118 2798 1207 2826 Evang.

359 2844 379 2860 6.
397 2838 439 2860 38:
458 2837 591 2859 Tricliniuni
608 2837 704 2865 quidam
720 2837 799 2859 dieunt
816 2837 886 2860 1111556
903 2837 1000 2859 domum
1022 2837 1205 2864 tricameratam,

359 2877 395 2899 vel
418 2880 464 2899 tres
486 2876 607 2898 habentem
630 2876 768 2903 testudines,
785 2875 829 2898 sub
850 2876 937 2905 quibus
959 2875 1150 2903 discumbebant;
1168 2876 1205 2898 vel

361 2918 417 2939 sorte
434 2918 480 2939 tres
489 2918 553 2938 erant
570 2915 600 2937 ibi
611 2922 743 2938 mensarum
753 2916 859 2943 ordines,
870 2919 895 2938 ut
907 2916 931 2938 in
939 2916 1067 2938 refectoriis
1076 2915 1126 2938 fleri
1138 2916 1202 2938 solet.

1326 2404 1336 2417 ⁶
1353 2406 1376 2428 ln
1394 2406 1454 2428 loan.
1472 2406 1550 2428 homil.
1569 2406 1606 2428 22.
1623 2405 1687 2434 (alias
1705 2405 1751 2434 21.)
1770 2413 1793 2428 n.
1811 2407 1833 2428 2.

1326 2443 1335 2456 '¹
1353 2445 1419 2467 Vers.
1436 2445 1473 2467 118.
1490 2451 1552 2473 seq.,
1570 2444 1610 2467 ubi
1628 2445 1725 2473 Vulgata
1738 2444 1882 2474 implemini,
1895 2445 1973 2473 plures
1984 2444 2053 2467 codd.
2065 2443 2110 2466 ine-

1265 2483 1384 2506 lrriamini.

1328 2520 1337 2534 ⁸
1354 2523 1444 2545 Scilicet
1460 2522 1627 2546 interlinearis.
1644 2522 1689 2545 Csr.
1706 2523 1775 2550 paulo
1793 2522 1886 2545 inferius
1903 2521 1975 2544 verba
1987 2521 2070 2544 Bedae.
2081 2533 2113 2538 —

1265 2562 1374 2591 Sequitur
1391 2563 1451 2584 loan.
1469 2561 1511 2590 14,
1529 2563 1566 2584 21.

1327 2599 1337 2612 ⁹
1354 2602 1378 2623 ln
1396 2602 1455 2623 loan.
1473 2602 1559 2629 Evang.
1577 2602 1604 2628 2,
1623 2602 1631 2623 1
1642 2618 1648 2628 ,
1665 2600 1705 2623 ubi
1722 2607 1765 2629 pro
1782 2600 1807 2623 in
1819 2598 1860 2624 illo
1872 2599 1966 2623 latentis
1978 2598 2058 2634 yloria
2069 2599 2112 2623 Dei

1264 2643 1339 2662 textus
1355 2640 1473 2668 originalis
1490 2640 1569 2670 qloria
1587 2640 1679 2664 latentis
1697 2640 1722 2664 in
1739 2639 1833 2663 homine
1850 2639 1899 2663 Dei.

1329 2678 1348 2691 ¹⁰
1366 2680 1431 2702 Vers.
1448 2681 1473 2702 2:
1492 2680 1569 2702 Simile
1586 2681 1670 2702 factum
1688 2682 1722 2702 est
1739 2682 1781 2702 etc.
1795 2692 1824 2695 —
1836 2679 1897 2701 Haec
1913 2678 2034 2706 allegorica
2045 2683 2113 2706 expo-

1263 2718 1315 2741 sitio
1332 2718 1407 2741 trium
1423 2719 1513 2741 dierum
1532 2722 1566 2741 est
1582 2719 1710 2742 secundum
1728 2719 1828 2745 Bedam,
1839 2718 1862 2740 in
1879 2719 1939 2741 loan.
1952 2718 2040 2745 evang.
2052 2718 2078 2744 2,
2090 2717 2111 2739 ’1.

1328 2756 1345 2769 ¹¹
1365 2758 1431 2780 Vei-s.
1449 2758 1483 2786 l.;
1500 2757 1556 2780 ibid.
1575 2764 1597 2779 v.
1616 2758 1653 2780 Μ.
1671 2758 1708 2780 12.
1720 2761 1754 2780 est
1765 2764 1814 2786 seq.
1830 2758 1907 2784 locus,
1924 2757 1947 2779 in
1958 2762 2005 2786 quo
2017 2762 2030 2778 a
2041 2756 2112 2779 codd.

1262 2798 1327 2826 plura
1346 2798 1492 2820 omittuntur.

1325 2835 1345 2848 ¹⁹
1362 2837 1428 2859 Vers.
1447 2837 1483 2858 10.
1500 2848 1531 2853 —-
1547 2836 1655 2865 Sequitur
1673 2837 1697 2859 ll.
1717 2836 1770 2859 Cor.
1787 2836 1814 2864 3,
1832 2835 1869 2858 15.
1891 2838 1913 2860 et
1931 2835 1972 2857 181
1990 2835 2036 2857 Νο5
2052 2840 2109 2857 vero

1261 2882 1354 2905 omnes,
1371 2876 1470 2898 revelata
1487 2879 1530 2898 etc.
1548 2876 1640 2899 Plurimi
1658 2876 1739 2898 codd.:
1765 2876 1843 2904 Usque
1859 2874 1926 2898 hodie
1942 2874 2050 2896 velamen
2067 2876 2111 2896 etc.

1324 2913 1344 2927 ¹³
1361 2915 1428 2938 Vers.
1446 2915 1487 2938 ⁴5:
1505 2915 1553 2937 Non
1571 2915 1632 2937 enim
1650 2915 1770 2943 accepistis
1787 2917 1830 2937 616.

2138 591 2225 617 Quintum
2240 587 2243 609 ἶ
2274 581 2275 594 ³

2124 615 2184 640 tangit
2195 616 2238 636 duo.

2127 685 2216 706 Primum.

2127 920 2238 940 Secundum.
2276 909 2277 937 Ῐ

2142 1224 2229 1248 legor-tea.

2155 1459 2215 1478 ariae.

2274 609 2296 633 ,m

2285 637 2296 652 Ι
