2296 3316
0 755 23 790 lli.
35 773 77 788 cum

0 791 83 814 unctione.

15 1569 52 1589 asp.
65 1564 83 1583 1.

16 1850 51 1870 esp.
63 1845 82 1864 2.

702 164 873 193 COMMENT.
896 164 928 192 IN
950 163 1097 193 IOANNEM
1119 164 1146 192 C.
1168 164 1224 192 XX.

103 251 202 280 thaeo:
238 248 301 277 Tibi
328 247 423 281 dabo;
451 246 517 284 quia
545 253 611 274 vero
638 245 682 273 alii
712 253 778 274 suae
806 245 949 282 potestatis

102 299 181 326 erant
202 296 366 334 participes,
388 294 449 323 ideo
470 293 592 322 dicitur:
614 292 743 329 Accipite
764 295 816 320 etc.

181 345 226 372 52.
248 344 358 380 Quaest.
382 342 423 370 1V.
447 341 524 375 Item,
541 348 605 368 cum
627 338 762 367 Dominus
776 347 831 367 non
845 338 950 367 dixerit

101 391 153 421 nisi
174 390 318 420 undecim:
343 388 470 425 Accipite
492 387 639 424 Spiritum
653 390 807 419 sanction,-
822 394 950 424 quorum

101 438 273 468 remiseritis
293 439 364 470 etc.;
387 435 512 468 videtur,
534 433 608 471 quod
630 441 684 461 non
706 441 801 462 omnes
823 433 949 462 sacerdo-

101 489 143 515 tes
164 485 283 514 habeant
304 484 376 512 hanc
397 484 577 519 potestatem,
599 480 647 509 sed
668 480 757 509 solum
780 480 817 509 illi
840 480 887 517 qui
911 483 950 508 te-

101 535 168 562 nent
188 533 280 560 locum
302 529 511 567 Apostolorum,
533 528 629 565 quales
650 530 716 557 sunt
736 527 873 565 episcopi,
895 535 949 555 non

101 579 239 616 simplices
267 577 432 607 sacerdotes.
460 592 499 595 ——
528 575 610 609 Item,
639 575 749 604 videtur
777 574 949 610 Gregorius¹

101 627 154 656 hoc
174 625 282 659 dicere,
303 623 378 661 quod
404 634 417 647 «
432 622 554 651 solvendi
576 625 603 650 et
627 621 728 658 ligandi
757 620 949 649 auctoritatem

101 672 241 710 accipiunt
261 670 309 708 qui
332 670 423 698 locum
444 668 586 705 regiminis
607 668 765 697 sortiuntur
780 679 806 694 ».

180 719 218 748 Ad
238 719 291 747 hoc
311 715 476 750 dicendum,
498 715 573 753 quod
593 714 742 751 dupliciter
757 716 799 742 est
814 713 908 750 lipare
923 716 950 742 et

100 767 227 796 solvere:
250 764 293 794 vel
313 764 341 792 111
363 763 423 792 foro
443 761 656 800 poenitentiali,
679 761 721 790 vel
744 760 771 789 in
793 760 853 789 foro
872 760 949 789 iiidi-

101 814 179 844 ciali.
202 812 293 842 Primo
314 811 401 839 modo·
416 810 544 839 convenit
571 808 742 846 presbyteris
771 808 877 837 ratione
904 816 950 836 or-

101 860 188 895 dinis;
209 858 330 888 secundo
351 857 433 886 modo
454 856 582 886 convenit
596 855 733 892 episcopis
747 858 774 884 et
789 855 888 884 ceteris
903 862 949 883 su-

101 906 258 945 perioribus
286 905 392 934 ratione
419 903 567 940 dignitatis.
594 902 670 931 Unde
692 902 769 938 Hugo
793 901 827 930 de
855 904 949 930 sancto

101 953 252 983 Victore2:
278 964 291 977 «
307 951 363 980 Alia
384 953 425 979 est
446 950 554 987 ligatio,
576 957 632 986 qua
653 948 738 985 ligant
760 948 878 976 ministri
902 948 949 976 Ec-

101 1001 199 1031 clesiae
220 999 356 1029 veraciter
377 997 549 1035 poenitentes
569 996 662 1024 debito
683 995 823 1024 iniunctae
844 995 950 1023 satisfa—

100 1048 214 1082 ctionis,
242 1049 270 1076 61
296 1047 365 1080 alia,
393 1052 450 1082 qua
478 1044 599 1081 ligantur
628 1042 838 1071 intolerabiliter
863 1042 950 1071 delin-

100 1098 217 1133 quentes
238 1093 350 1122 vinculo
371 1091 555 1120 anathematis
570 1102 596 1118 ».

179 1141 225 1170 53.
247 1140 358 1177 Quaest.
381 1139 412 1166 V.
436 1138 501 1166 item
523 1137 657 1166 obiiciunt
679 1137 810 1166 haeretici
824 1137 834 1154 ³
849 1137 882 1166 de
898 1137 950 1166 hoc

100 1188 174 1227 quod
195 1187 275 1225 prius
296 1186 413 1215 dicitur:
438 1184 566 1221 Accipite
588 1184 733 1221 Spiritum
753 1187 908 1218 sanctiam
923 1186 950 1212 et

99 1238 180 1274 post:
203 1235 337 1271 Quorum
359 1232 532 1261 remiseritis
544 1236 666 1269 peccata
681 1234 732 1260 etc.
743 1254 750 1265 ,
765 1231 839 1268 quod
854 1231 950 1260 nullus

100 1282 228 1314 sacerdos
256 1280 339 1310 habet
366 1281 530 1317 potestatem
560 1278 659 1316 ligandi
682 1281 709 1307 et
730 1278 869 1312 solvendi,
897 1278 949 1306 nisi

99 1330 200 1360 habeat
227 1328 361 1366 Spiritum
390 1330 518 1356 sanctum
547 1326 766 1354 inhabitantem:
789 1333 855 1362 ergo
885 1325 949 1353 mali

100 1376 257 1407 sacerdotes
278 1383 332 1404 non
354 1374 518 1408 absolvunt,
540 1381 590 1402 1160
611 1373 693 1402 etiam
716 1380 844 1401 summus
859 1372 950 1401 Ponti-

99 1425 163 1459 fex,
185 1424 207 1453 si
229 1423 318 1452 malus
339 1424 388 1451 est.
411 1420 512 1457 Quodsi
535 1421 604 1454 hoc,
626 1422 693 1448 tunc
714 1420 741 1448 in
763 1419 888 1456 periculo
909 1423 950 1449 est

99 1473 195 1500 nostra
215 1470 299 1499 salus.

177 1517 216 1546 Ad
243 1517 296 1546 hoc
323 1515 514 1552 multipliciter
543 1514 739 1551 respondetur.
767 1531 803 1536 —
830 1515 949 1551 Quidam

99 1565 173 1595 enim
195 1564 306 1597 dicunt,
327 1561 402 1599 quod
422 1561 502 1598 prius
522 1561 605 1589 datur
626 1560 746 1597 Spiritus
767 1564 894 1596 sanctus,
923 1564 950 1590 et

99 1615 161 1650 post
181 1610 325 1640 exsecutio
347 1608 490 1646 potestatis
517 1607 656 1642 solvendi,
685 1608 751 1644 quia
777 1608 878 1637 solutio
905 1609 950 1637 vel

99 1657 226 1688 remissio
246 1665 301 1686 non
323 1656 354 1684 fit
374 1655 427 1684 nisi
448 1655 476 1683 in
498 1654 613 1683 caritate
635 1654 788 1688 Ecclesiae;
811 1655 885 1683 unde
909 1655 949 1683 di-

97 1707 181 1739 cunt,
203 1703 277 1741 quod
299 1711 353 1731 non
376 1705 418 1731 est
438 1709 567 1736 necesse,
597 1701 671 1738 quod
700 1701 828 1730 sacerdos
850 1701 950 1730 habeat

99 1752 258 1785 caritatem,
280 1750 327 1779 sed
349 1749 467 1783 sufficit,
490 1748 564 1786 quod
586 1748 683 1777 saltem
705 1748 740 1777 sit
754 1748 782 1776 in
799 1748 918 1777 Ecclesia
928 1749 948 1777 4.

177 1798 262 1827 Aliter
282 1797 483 1834 respondetur,
505 1795 580 1833 quod
601 1795 749 1832 dupliciter
770 1798 812 1824 est
825 1795 949 1830 solvere,

100 1846 204 1876 scilicet
224 1845 328 1874 merito
348 1848 375 1872 et
395 1843 488 1881 officio
509 1846 539 1871 et
563 1842 655 1880 officio
678 1845 802 1870 tantum.
824 1842 862 1871 Ad
882 1842 948 1877 hoc,

100 1892 175 1931 quod
194 1891 298 1921 merito
312 1891 430 1931 solvat,
452 1897 565 1918 necesse
586 1892 643 1923 est,
665 1889 740 1926 1111011
761 1889 862 1918 habeat
890 1889 949 1926 Spi-

84 1940 185 1973 ‚ritum
206 1941 349 1971 sanctum;
372 1937 419 1966 sed
440 1937 474 1965 ad
490 1937 555 1971 hoc,
570 1937 645 1974 quod
667 1936 755 1965 solvat
769 1935 878 1974 officio,
894 1945 948 1965 non

99 1989 216 2024 oportet.
239 1984 318 2021 Quod
339 1991 406 2021 ergo
427 1983 562 2012 Dominus
582 1983 662 2020 prius
676 1983 722 2012 dat
737 1983 870 2020 Spiritum
887 1991 949 2012 san-

98 2035 192 2067 ctum,
213 2032 266 2061 hoc
287 2033 344 2065 est,
366 2033 398 2059 ut
418 2031 505 2068 diyne
525 2034 715 2067 exsequatur,
731 2031 774 2059 vel
789 2030 821 2059 ad
844 2031 949 2068 signifi-

100 2079 234 2114 candum,
255 2078 330 2116 quod
352 2077 411 2106 sine
431 2078 521 2115 gratia
541 2077 661 2114 Spiritus
682 2078 768 2106 sancti
790 2086 845 2106 non
866 2078 950 2106 datur

99 2127 227 2156 remissio
246 2129 433 2164 peccatorum.
456 2125 508 2154 Sed
528 2133 584 2154 non
598 2127 723 2162 oportet,
739 2125 813 2162 quod
827 2125 874 2153 illa
887 2133 951 2162 gra-

100 2174 138 2203 tia
158 2174 193 2204 sit
213 2174 241 2202 in
263 2173 422 2208 sacerdote,
444 2172 491 2202 sed
512 2172 539 2201 in
562 2171 747 2201 sacramentis
758 2172 778 2200 ⁵.

162 2335 171 2348 ¹
188 2335 250 2358 Libr.
267 2336 291 2358 11.
308 2335 391 2358 Homil.
409 2335 432 2357 in
455 2335 543 2363 Evang.
560 2335 639 2357 homil.
657 2335 695 2357 26.
712 2341 735 2357 n.
752 2334 781 2357 5:
798 2335 897 2363 Ligandi
919 2338 949 2358 at-

99 2380 146 2404 que
169 2374 275 2397 solvendi
300 2373 460 2397 auctoritatem
486 2373 615 2402 suscipiunt
637 2373 677 2403 qui
702 2373 803 2402 gradum
827 2374 949 2402 regiminis

99 2413 234 2437 sortiuntur.

161 2451 171 2465 ²
189 2453 231 2476 Vel
247 2452 325 2481 potius
341 2451 475 2476 Richardus
497 2452 527 2475 de
550 2452 572 2475 S.
590 2452 657 2481 Vict.,
674 2452 703 2475 de
723 2452 837 2475 Potestate
862 2452 949 2481 ligandi

100 2494 122 2515 et
143 2491 260 2520 solvendi,
278 2498 297 2514 6.
315 2491 342 2514 9:
359 2491 408 2514 Alia
433 2494 468 2514 est
491 2491 527 2514 illa
552 2491 643 2520 ligatio,
666 2497 712 2520 qua
737 2491 810 2519 ligant
834 2492 949 2514 veraciter

99 2532 241 2560 poenitentes
265 2530 344 2554 debito
369 2531 485 2553 iniunctae
509 2531 681 2559 satisfactionis,
698 2532 721 2553 et
736 2531 793 2558 alia,
810 2537 856 2560 qua
878 2531 950 2559 ligant

99 2570 240 2593 intoleranda
257 2570 440 2597 committentes,
457 2576 500 2593 nec
517 2572 595 2592 tamen
612 2570 769 2598 poenitentes,
786 2570 879 2593 vinculo
896 2577 949 2593 ana-

99 2609 214 2632 thematis.
230 2608 276 2632 Ctr.
293 2609 330 2631 lV.
348 2609 409 2632 Sent.
427 2609 450 2632 d.
469 2609 505 2631 18.
523 2615 546 2637 p.
565 2610 588 2631 11.
605 2615 629 2638 q.
646 2609 669 2631 3.
685 2609 707 2631 in
725 2615 791 2637 corp.

162 2646 172 2660 ³
188 2648 341 2677 Waldenses;
359 2649 400 2670 cfr.
423 2649 488 2671 Alan.
513 2648 543 2670 ab
568 2648 661 2676 Insulis,
682 2649 705 2671 11,
731 2650 811 2671 contra
836 2649 948 2672 Haeretic.

100 2693 119 2710 c.
137 2687 159 2710 5.
176 2693 254 2716 seqq.;
271 2687 326 2710 vide
348 2687 417 2709 etiam
440 2687 476 2710 lV.
495 2687 557 2710 Sent.
579 2687 611 2709 lit.
633 2687 748 2715 Magistri,
765 2687 787 2710 d.
805 2688 867 2710 XIX.
888 2693 910 2710 c.
927 2688 948 2710 l.

99 2733 177 2756 seqq„
194 2728 217 2749 et
233 2725 288 2749 ibid.
305 2725 436 2749 Comment.
452 2732 472 2748 3.
492 2726 513 2748 l.
529 2732 553 2755 q.
573 2727 595 2748 2.

161 2763 172 2777 ⁴
187 2765 212 2788 B.
230 2765 325 2794 Albert.‚
343 2765 432 2787 Postilla
448 2765 472 2787 in
489 2765 551 2787 loan.
568 2765 610 2792 20,
627 2766 669 2787 22:
681 2765 764 2788 Adhuc
780 2765 876 2788 ulterius
892 2765 949 2788 obii-

99 2803 159 2826 citur
175 2810 218 2832 pro
235 2810 314 2827 errore
331 2803 514 2832 haereticorum,
525 2803 566 2832 qui
577 2803 714 2827 Manichaei
728 2803 844 2827 dicuntur.
861 2804 949 2827 Dicitur

100 2842 161 2865 enim
178 2843 215 2865 hic
231 2843 324 2871 primo:
341 2842 443 2872 Accipite
460 2841 579 2872 Spiritum
594 2844 719 2871 sanctum,
736 2845 759 2866 et
775 2845 855 2871 postea
872 2843 949 2866 subin-

100 2881 185 2904 fertur:
204 2881 314 2910 Quorum
330 2877 470 2905 remiseritis
484 2883 607 2911 peccata...
627 2882 661 2904 Ad
681 2883 725 2904 hoc
741 2882 866 2910 respondet
878 2883 949 2911 magi-

100 2922 147 2943 ster
162 2920 314 2948 Wilhelmus,
331 2920 394 2949 quod
421 2920 510 2943 collatio
527 2920 669 2949 praecedens
694 2921 793 2950 Spiritus
814 2922 885 2944 sancti
902 2928 948 2945 non

100 2959 214 2988 significat
230 2960 371 2982 sanctitatem
389 2960 499 2989 ministri,
516 2960 539 2982 in
556 2966 602 2989 qua
620 2960 739 2983 sanctitate
756 2963 850 2988 peccata
872 2961 949 2983 remit-

1784 165 1840 193 515

1085 245 1176 273 Potest
1203 248 1295 273 autem
1318 248 1345 274 et
1365 245 1445 274 aliter
1466 245 1535 279 dici,
1557 245 1629 282 quod
1652 245 1771 282 Spiritus
1792 253 1854 273 san-

1007 294 1068 319 ctus
1089 291 1191 320 dicitur
1212 292 1287 326 dari,
1309 292 1420 329 quando
1440 292 1542 321 dantur
1561 292 1632 321 dona
1647 301 1704 321 sua.
1721 293 1790 321 Sunt
1804 292 1854 329 igi-

1007 340 1053 366 tur
1081 338 1215 376 quaedam
1243 339 1328 373 dona,
1357 348 1428 376 quac
1450 342 1515 368 sunt
1536 348 1554 368 a
1576 339 1680 377 Spiritu
1705 343 1799 368 sancto
1827 342 1854 368 et

1007 394 1074 414 cum
1096 385 1200 422 Spiritu
1221 388 1315 414 sancto
1343 389 1370 415 ct
1397 394 1538 423 nunquam
1566 386 1643 421 sine,
1672 389 1703 415 ut
1731 386 1852 415 caritas.

1008 433 1077 461 Sunt
1098 435 1125 461 et
1145 433 1214 467 alia,
1235 441 1307 469 quae
1332 437 1397 462 sunt
1425 442 1444 462 a
1473 434 1577 470 Spiritu
1606 437 1699 462 sancto
1727 437 1754 462 61
1782 442 1853 462 111111-

1008 487 1092 516 quam
1122 487 1189 507 cum
1217 480 1322 516 Spiritu
1347 484 1456 515 sancto,
1478 484 1509 509 ut
1531 481 1618 509 timor
1639 481 1761 509 sei-citis.
1785 481 1854 509 Sunt

1008 529 1035 555 ct
1055 526 1123 560 alia,
1152 534 1223 563 quae
1251 530 1316 555 sunt
1344 530 1371 555 et
1398 536 1417 555 a
1445 528 1548 564 Spiritu
1575 531 1668 556 sancto
1689 531 1716 556 et
1738 531 1853 564 possunt

1008 581 1067 601 esse
1088 582 1156 601 cum
1177 574 1281 610 Spiritu
1303 577 1397 603 sancto
1418 577 1444 603 et
1465 575 1543 608 sinc,
1565 578 1592 603 ct
1614 575 1676 603 talia
1699 578 1763 603 311111
1785 574 1853 603 clia-

1008 622 1136 648 ractcrcs
1147 620 1166 647 ⁶.
1191 620 1221 648 Et
1241 620 1308 657 quia
1328 624 1449 657 potestas
1470 621 1631 650 conficiendi
1653 625 1680 650 ct
1702 622 1800 659 ligandi
1827 624 1853 650 et

1008 667 1129 696 solvendi
1159 670 1225 695 sunt
1249 668 1333 702 tales,
1355 670 1467 696 manent
1487 671 1514 696 et
1536 668 1562 696 in
1585 668 1664 697 iustis
1685 671 1712 697 et
1732 668 1760 697 in
1782 669 1854 697 iniu-

1007 714 1074 748 stis;
1096 717 1123 742 ct
1144 714 1196 743 hoc
1217 714 1310 743 divina
1330 715 1533 751 dispensatione
1553 718 1644 743 actum
1667 719 1723 749 est,
1745 719 1853 753 1111166-

1007 763 1099 789 catum
1121 761 1235 797 praelati
1259 761 1369 790 subdito
1392 769 1445 789 non
1467 761 1646 797 praeiudicet.

1087 808 1132 836 54.
1155 808 1265 844 Quaest.
1288 808 1330 837 VI.
1353 808 1417 836 ltem
1440 808 1586 845 quaeritur
1607 808 1640 837 de
1660 808 1711 837 hoc
1726 809 1854 845 1111011111-

1007 855 1059 889 cit,
1081 855 1156 892 quod
1177 854 1303 884 Tliomas
1317 864 1376 883 non
1390 858 1455 883 crat
1469 864 1536 883 cum
1551 855 1720 892 discipulis,
1736 856 1853 893 quando

1006 902 1082 930 venit
1103 902 1205 935 Icsns,·
1226 902 1292 939 quia
1314 903 1401 931 Lucae
1422 902 1520 931 ultimo
1533 902 1542 919 ⁷
1564 902 1666 931 dicitur
1687 902 1720 930 dc
1745 902 1854 931 duobus

1006 949 1149 985 discipulis
1163 949 1295 978 euntibus
1311 949 1337 977 in
1354 950 1496 984 Emmaus,
1512 949 1586 986 quod
1601 949 1729 986 regii-essi
1741 953 1810 977 sunt
1824 950 1854 977 in

1010 996 1168 1024 Ierusalem
1190 1000 1216 1024 ct
1236 996 1409 1025 invenerunt
1429 1000 1619 1034 conqrcyatos
1644 996 1779 1025 undecim
1791 1007 1801 1030 ;
1829 999 1855 1025 et

1007 1043 1074 1071 dum
1096 1043 1147 1080 ipsi
1176 1046 1325 1072 narrarent
1346 1044 1420 1081 quod
1441 1044 1582 1078 viderant,
1604 1044 1684 1078 dicit,
1707 1044 1780 1081 quod
1801 1048 1855 1072 stc-

1008 1090 1042 1119 tit
1062 1091 1143 1118 lestis
1171 1091 1202 1119 in
1229 1091 1322 1119 medio
1344 1099 1465 1119 eorum.-
1487 1100 1553 1128 ergo
1574 1092 1595 1120 si
1619 1100 1671 1120 non
1695 1094 1774 1120 erant
1802 1100 1854 1120 un-

1007 1138 1095 1166 decim
1117 1138 1167 1166 nisi
1190 1145 1252 1166 cum
1272 1138 1395 1172 -Thoma,
1418 1138 1543 1172 videtur,
1563 1139 1637 1175 quod
1653 1139 1773 1167 Thomas
1788 1141 1854 1167 tunc

1007 1185 1043 1213 ibi
1066 1187 1145 1213 esset.

1086 1231 1123 1260 Ad
1145 1232 1197 1260 hoc
1219 1231 1366 1268 respondet
1387 1232 1558 1269 Augustinus
1579 1232 1605 1260 in
1629 1232 1710 1261 tertio
1731 1232 1764 1261 de
1785 1232 1854 1261 Con-

1007 1278 1101 1307 cordia
1123 1278 1359 1315 Evangelistarum
1371 1278 1397 1306 8:
1421 1290 1434 1303 «
1452 1279 1659 1316 Intelligendum
1675 1282 1732 1313 cst,
1748 1279 1853 1316 inquit,

1008 1325 1080 1362 quod
1103 1326 1222 1354 Thomas
1244 1325 1306 1354 inde
1327 1326 1450 1360 exierat,
1475 1328 1622 1363 antequam
1652 1326 1691 1354 eis
1718 1326 1855 1363 loquenti-

1008 1372 1061 1401 bus
1088 1372 1224 1401 Dominus
1248 1375 1396 1409 appareret
1411 1383 1437 1407 »3
1467 1372 1540 1401 unde
1568 1381 1667 1401 verum
1696 1376 1753 1407 est,
1781 1373 1855 1410 quod

1007 1418 1135 1456 discipuli
1157 1419 1195 1447 illi
1221 1419 1384 1448 invenerant
1411 1420 1560 1453 Thomam,
1589 1419 1637 1448 sed
1664 1419 1731 1448 dum
1759 1419 1797 1448 illi
1827 1419 1854 1448 in

1008 1474 1135 1495 sermone
1163 1466 1358 1503 persisterent,
1387 1467 1506 1495 Thomas
1534 1467 1638 1501 exivit,
1666 1470 1693 1495 et
1720 1467 1856 1496 Dominus

1008 1513 1130 1542 intravit.

1159 1614 1189 1638 De
1207 1615 1305 1638 secunda.
1321 1614 1508 1639 manifestatione
1525 1615 1637 1639 notantur
1655 1615 1705 1639 duo.

1088 1703 1132 1729 53.
1157 1702 1191 1730 Et
1208 1705 1274 1738 post
1294 1702 1355 1731 dics
1375 1706 1444 1730 octo.
1471 1702 1517 1731 Hic
1545 1702 1637 1739 agitur
1665 1702 1698 1731 de
1726 1703 1856 1731 secunda>

1007 1747 1245 1785 manifestatione
1265 1749 1390 1783 Domini,
1405 1749 1476 1778 facta
1497 1749 1530 1778 ad
1553 1749 1752 1778 removendum
1767 1749 1856 1778 incre-

1007 1795 1151 1824 dulitatem
1172 1796 1335 1830 Thomae⁹;
1357 1798 1384 1825 et
1404 1796 1460 1825 duo
1482 1796 1509 1825 111
1538 1796 1589 1825 hac
1617 1799 1695 1833 parte
1724 1799 1856 1824 notantur

1008 1843 1098 1880 primo
1118 1842 1337 1880 manifestam,-
1358 1843 1492 1878 secundo,
1507 1851 1543 1872 cx
1560 1843 1777 1872 manifestatione
1791 1851 1856 1871 con-

1007 1897 1128 1926 sequens
1149 1889 1219 1926 fidei
1238 1889 1421 1927 aedificatio,
1443 1890 1500 1919 ibi:
1524 1890 1681 1927 Respondit
1708 1889 1841 1918 leomas.

1087 1937 1114 1965 In
1136 1936 1373 1974 manifestatione
1393 1938 1475 1974 plura
1496 1937 1575 1966 nobis
1596 1937 1783 1971 insinuantur,
1806 1937 1856 1966 sci-

1007 1984 1071 2013 licet
1092 1984 1307 2021 discipulorum
1328 1984 1532 2022 conyreyatio,
1554 1984 1675 2012 Domini
1688 1984 1855 2021 apparitio,

1007 2031 1136 2060 eiusdem
1157 2031 1293 2060 allocutio
1315 2034 1342 2060 et
1362 2031 1412 2060 sui
1431 2032 1472 2060 act
1492 2040 1521 2060 se
1538 2031 1726 2068 palpandum
1746 2030 1855 2060 exhibi-

1008 2078 1046 2107 tio
1067 2078 1125 2107 sive
1145 2078 1179 2107 ad
1201 2078 1333 2106 Thomam
1356 2078 1478 2115 perfecta
1498 2078 1626 2107 ostensio.

1087 2125 1176 2163 (Vers.
1199 2126 1267 2161 26.)
1290 2125 1496 2162 Discipulorum
1518 2126 1703 2163 conyreyatio
1722 2126 1853 2163 tangitur,

1008 2180 1071 2201 cum
1093 2171 1214 2201 dicitur:
1243 2172 1315 2200 Post
1338 2172 1399 2200 dies
1421 2175 1498 2206 octo,
1520 2172 1624 2200 scilicet
1644 2175 1706 2208 post
1727 2180 1853 2201 resurre-

1006 2338 1097 2363 tuntur;
1115 2336 1156 2358 sed
1179 2335 1256 2364 potius
1281 2334 1423 2357 sanctitatem
1449 2334 1575 2362 Ecclesiae,
1592 2334 1659 2356 cuius
1678 2334 1729 2362 ipse
1745 2334 1854 2357 sacerdos

1006 2375 1109 2397 minister
1126 2377 1172 2402 est,
1190 2375 1244 2403 quia
1261 2380 1307 2396 non
1323 2374 1366 2396 nisi
1392 2374 1416 2396 in
1440 2374 1558 2396 sanctitate
1580 2373 1694 2395 Ecclesiae
1711 2376 1804 2401 peccata
1821 2379 1854 2396 re-

1006 2414 1134 2436 mittuntur.
1152 2414 1177 2436 Et
1199 2414 1256 2435 haec
1273 2413 1355 2435 solutio
1373 2416 1407 2435 est
1429 2418 1493 2435 vera.
1509 2413 1535 2434 Et
1552 2412 1617 2439 ideo,
1639 2412 1733 2440 quando
1755 2412 1853 2434 dicitur:

1006 2451 1108 2481 Accipite
1125 2451 1243 2481 Spiritum
1259 2453 1383 2479 sanctum,
1403 2452 1446 2473 hoc
1471 2457 1517 2473 non
1542 2451 1626 2473 dicitur
1646 2451 1688 2473 illis
1708 2450 1853 2475 hominibuS.

1006 2494 1076 2520 prout
1091 2491 1220 2519 singulares
1238 2491 1343 2513 homines
1359 2492 1424 2517 sunt,
1436 2490 1478 2512 sed
1495 2490 1578 2512 dicitur
1595 2490 1641 2517 eis,
1659 2492 1727 2518 prout
1745 2492 1797 2512 sunt
1815 2490 1854 2511 mi-

1005 2531 1070 2554 nistri
1087 2530 1212 2558 Ecclesiae,
1229 2530 1269 2558 qui
1291 2536 1334 2557 pro
1356 2529 1455 2552 Ecclesia
1472 2532 1495 2551 et
1512 2535 1557 2551 non
1575 2535 1618 2557 pro
1635 2535 1659 2551 se
1676 2529 1789 2557 recipiunt
1811 2530 1853 2551 hoc

1006 2570 1070 2599 quod
1087 2570 1202 2598 recipiunt
1218 2572 1261 2591 etc.
1278 2568 1324 2591 Ctr.
1341 2569 1378 2590 lv.
1395 2569 1457 2591 Sent.
1473 2568 1497 2590 d.
1515 2568 1551 2590 49.
1564 2574 1583 2590 a.
1598 2568 1619 2590 1.
1630 2574 1653 2597 11.
1666 2569 1688 2590 2.
1706 2568 1735 2591 311
1757 2569 1775 2590 l.
1793 2571 1814 2590 et
1831 2569 1854 2590 2.

1069 2607 1078 2620 ⁵
1095 2608 1140 2631 Csr.
1159 2608 1194 2630 lV.
1212 2609 1274 2630 Sent.
1293 2608 1324 2629 111,
1341 2607 1455 2635 Magistri,
1472 2607 1495 2629 d.
1513 2607 1573 2629 XlX.
1591 2612 1612 2629 6.
1630 2607 1650 2634 l,
1671 2609 1693 2629 et
1715 2606 1770 2629 ibid.
1787 2606 1853 2629 Corn-

1006 2650 1077 2670 ment.
1095 2654 1116 2670 a.
1137 2648 1158 2670 l.
1175 2653 1199 2676 11.
1216 2648 1237 2669 2.
1255 2647 1279 2669 in
1296 2652 1360 2675 corp.

1068 2685 1078 2698 ⁶
1097 2686 1154 2709 Vide
1171 2686 1205 2708 ill.
1225 2686 1287 2708 Sent.
1304 2686 1326 2708 d.
1346 2684 1383 2707 34.
1400 2691 1424 2713 p.
1440 2686 1464 2707 11.
1482 2691 1503 2707 3.
1524 2685 1543 2707 l.
1560 2691 1583 2713 q.
1605 2685 1623 2707 l.
1641 2684 1669 2706 ad
1689 2685 1709 2707 l.
1727 2697 1757 2701 —
1774 2684 1815 2707 Ed.
1831 2687 1853 2707 et

1005 2725 1064 2749 talia
1080 2727 1138 2749 sunt
1153 2724 1243 2748 donum
1251 2723 1390 2754 prophetiae
1400 2725 1422 2747 et
1433 2723 1522 2747 donum
1538 2723 1648 2747 scientiae
1659 2725 1682 2747 et
1692 2723 1850 2747 elmi-ueteres.

1005 2764 1036 2788 Et
1052 2764 1108 2794 quia
1122 2765 1227 2794 potestas
1245 2763 1371 2793 confitendi
1387 2762 1542 2793 [perperam].

1069 2802 1078 2815 ⁷
1095 2804 1161 2826 Vers.
1178 2803 1215 2825 33.
1232 2805 1255 2825 et
1271 2803 1309 2825 36.
1322 2802 1381 2825 Vide
1397 2801 1526 2825 Comment.
1543 2803 1565 2825 S.
1578 2803 1664 2825 Bonav.
1682 2802 1704 2825 in
1723 2803 1764 2825 hos
1781 2803 1850 2825 locos.

1069 2841 1079 2854 Β
1094 2842 1150 2871 Cap.
1169 2842 1206 2865 25.
1225 2848 1246 2864 n.
1264 2841 1303 2864 74.

1067 2880 1078 2894 ⁹
1094 2881 1139 2905 Cir.
1158 2888 1228 2910 supra
1246 2888 1268 2903 n.
1285 2881 1323 2903 36.
1339 2893 1370 2897 —
1387 2881 1520 2903 Secundum
1538 2881 1606 2903 huius
1624 2881 1695 2909 partis
1717 2881 1849 2903 membrum

1006 2921 1103 2944 habetur
1120 2928 1143 2943 V.
1160 2921 1205 2944 28:
1224 2919 1347 2950 Respondit
1366 2919 1475 2943 Thomas.

1871 250 1927 274 [lesp.
1942 250 1959 268 3.

1872 1234 1928 1258 Resp.

1872 1801 1951 1820 Divisio.

1871 1942 1897 1960 De
1911 1942 1951 1966 ipsa
1964 1947 2001 1961 ma-

1881 1966 2001 1985 nitestatioue

1881 1991 1967 2013 quatuor.

1872 2130 1961 2149 Primum.
