2296 3316
9 1396 12 1459 l

19 1411 72 1435 Resp.
87 1410 104 1429 1.

16 1785 77 1810 186311.
89 1785 107 1804 2.

730 154 900 182 COMMENT.
923 153 954 182 IN
976 152 1122 181 lOANNEM
1144 153 1171 181 C.
1194 153 1248 181 XX.

117 235 265 268 mundum,
288 233 339 263 nisi
360 233 408 270 qui
436 232 539 266 credit,
561 232 692 268 quoniam
714 231 789 260 Iesus
817 233 859 259 est
879 230 963 259 Filius

116 282 212 311 Dein?
236 281 266 309 Et
286 280 352 318 quia
373 288 427 308 non
455 281 497 307 est
528 281 616 307 status
647 278 675 306 in
697 278 766 312 fide,
788 277 849 306 ideo
880 277 962 305 finem

117 329 200 358 istum
221 328 330 357 ordinat
360 326 394 355 ad
422 326 572 355 ultimum:
595 326 631 353 Et
651 328 682 353 at
707 325 851 353 credentes
871 325 962 353 vitam

117 374 263 408 habeam,
285 373 364 411 quia,
379 373 451 402 sicut
465 371 568 400 dicitur
582 371 616 399 ad
631 371 768 400 Hebraeos
782 371 963 404 undecimo¹,

121 433 135 447 «ι
149 422 208 451 sine
228 421 282 450 fide
303 419 472 457 impossibile
503 421 545 448 est
575 418 684 455 placere
713 418 807 451 Deo»,
836 417 883 446 sed
904 424 965 446 cre-

116 468 213 497 dentes
232 467 325 496 vitam
345 465 501 503 possident;
523 465 630 501 primae
651 464 722 492 Petri
745 464 847 500 primo:
874 463 964 492 “Cre-

117 514 213 544 dentes
233 512 410 542 exsultabitis
432 511 535 540 laetitia
555 510 735 540 inenarrabili
755 513 783 539 et
803 510 964 547 glorificata.

118 563 291 597 reportantes
321 559 404 587 finem
432 558 496 587 fidei
524 561 633 587 vestrae
664 557 781 586 salutem
809 557 964 585 animarum

119 610 274 637 vestrarum
290 617 316 633 ».
339 606 375 633 In
395 605 511 633 nomine
531 605 611 639 eius,
633 604 660 633 id
691 607 733 634 est
754 604 781 633 in
803 604 857 633 tide
877 603 963 632 nomi—

117 654 160 683 nis
180 654 256 687 eius;
278 653 395 681 Actuum
417 652 556 689 quart02:
583 663 596 677 «
611 652 669 680 Non
700 654 742 680 est
769 651 844 680 aliud
865 658 965 680 nomen

118 701 171 730 sub
191 700 267 729 caelo
287 699 383 727 datum
405 698 580 732 horninibus,
595 699 623 727 in
637 706 693 735 quo
707 700 835 735 oporteat
848 705 898 726 nos
913 697 966 726 sal-

119 755 167 777 vos
188 746 248 775 fieri
263 756 290 780 »ς
306 745 412 782 primae
427 745 535 774 Ioannis
549 745 663 774 ultimo:
690 745 785 773 «Haec
806 744 897 773 scribo
918 752 966 772 vo—

118 794 175 828 bis,
190 796 222 822 ut
236 791 341 826 sciatis,
363 791 494 828 quoniam
517 791 603 820 vitam
622 794 762 820 aeternam
779 791 902 825 habetis,
917 790 965 828 qui

118 839 231 869 creditis
251 838 279 867 in
301 838 413 867 nomine
433 838 491 867 Filii
512 838 562 867 Dei
576 850 603 866 n.

440 932 643 969 QUAEsrioNES.

198 1024 243 1054 63.
266 1025 377 1062 Quaest.
400 1026 417 1053 1.
440 1025 492 1054 Sed
512 1025 659 1063 quaeritur
681 1025 726 1054 hic
753 1025 787 1054 de
819 1025 871 1054 boc
892 1024 966 1062 quod

118 1072 198 1101 dicit:
228 1073 307 1101 Venit
322 1073 412 1107 lesus,
427 1073 529 1101 ianuis
544 1072 663 1101 clausis.
683 1089 720 1092 —
736 1072 761 1101 Si
777 1072 850 1101 enim
865 1071 900 1101 ad
915 1072 966 1100 hoc

119 1120 261 1154 veniebat,
283 1123 314 1149 ut
335 1128 384 1157 per
406 1123 511 1149 tactum
532 1120 654 1148 Thomae
675 1122 905 1157 cognosceretur;
927 1119 966 1147 vi-

119 1167 217 1201 detur,
249 1166 323 1204 quod
348 1167 376 1195 in
402 1167 462 1204 ipso
488 1167 569 1196 modo
598 1167 724 1196 veniendi
753 1167 851 1201 fidem,
883 1174 966 1203 quam

119 1214 276 1248 astruebat,
299 1214 468 1248 infirmaret;
490 1214 571 1251 quia,
593 1215 665 1243 sicut
679 1214 794 1251 spiritus
809 1222 863 1242 non
878 1216 967 1250 potest

122 1261 208 1298 tangi,
230 1261 269 1290 sic
283 1268 333 1289 nec
348 1261 422 1298 quod
444 1264 534 1298 potest
555 1261 628 1298 tangi
650 1261 751 1290 clausis
772 1263 863 1297 potest
876 1261 967 1290 ianuis

120 1308 248 1342 introire;
263 1311 291 1336 et
304 1307 365 1336 ideo
381 1308 467 1337 videri
488 1311 597 1344 poterat
619 1310 708 1336 totum
729 1308 934 1344 phantasticum
946 1308 966 1336 ³.

200 1354 374 1391 Respondent
394 1355 519 1392 quidam,
535 1355 610 1392 quod
624 1354 752 1383 Christus
766 1354 862 1383 debuit
876 1358 967 1383 osten-

121 1402 187 1431 dere
207 1410 261 1430 non
283 1402 389 1436 solum,
412 1409 441 1430 se
468 1402 571 1430 habere
599 1409 717 1438 corpus,
739 1402 767 1430 in
792 1410 849 1438 quo
870 1409 968 1438 passus

122 1451 175 1483 est,
203 1448 251 1477 sed
282 1448 364 1477 etiam
392 1456 496 1485 corpus
526 1448 677 1482 divinam,
705 1447 733 1476 id
760 1451 801 1476 est
827 1448 967 1476 Divinitati

122 1495 240 1524 unitum.
264 1495 295 1523 Et
315 1498 347 1523 ut
361 1495 533 1529 ostenderet,
548 1503 608 1524 esse
622 1495 746 1524 divinum
756 1518 763 1529 ,
779 1495 880 1524 clausis
894 1495 969 1523 venit

122 1542 220 1571 ianuis.
242 1541 318 1570 Unde
342 1542 549 1579 Augustinus-4:
577 1553 590 1567 «
605 1542 666 1571 Moli
694 1542 831 1579 corporis,
854 1542 901 1571 ubi
923 1542 967 1570 Di-

123 1589 222 1618 vinitas
242 1592 317 1623 erat,
332 1589 401 1618 ostia
415 1589 508 1618 clausa
529 1597 584 1618 non
598 1589 774 1618 obstiterunt.
791 1589 837 1618 Ille
851 1589 967 1626 quippe,

123 1645 178 1665 non
199 1636 238 1666 eis
258 1636 374 1673 apertis,
396 1637 501 1665 intrare
522 1637 624 1673 potuit,
640 1645 695 1674 quo
717 1640 862 1671 nascente⁷
885 1637 968 1673 virgi-

124 1683 194 1713 nitas
215 1683 309 1712 Matris
330 1683 459 1712 inviolata
479 1684 671 1720 permansit».

203 1730 250 1759 Alii
272 1738 339 1759 vero
360 1730 542 1767 respondent,
564 1731 638 1768 quod
659 1739 708 1768 per
730 1731 782 1760 hoc
804 1739 856 1759 non
882 1734 970 1759 osten-

125 1778 179 1811 dit,
201 1785 230 1807 se
251 1785 352 1814 corpus
374 1778 476 1806 habere
496 1778 637 1816 divinum,
653 1778 700 1807 sed
714 1778 890 1816 ylarioszmm
905 1778 971 1815 quia

127 1824 178 1852 boe
199 1832 253 1852 non
275 1827 335 1853 erat
355 1832 451 1857 suum,
473 1824 520 1853 sed
542 1825 665 1852 omnium
696 1832 845 1861 corporum
867 1824 970 1861 glorifi-

126 1873 260 1899 catorum.
283 1871 314 1899 Et
334 1871 452 1900 verbum
473 1871 616 1908 Augustini
637 1871 845 1908 intelligendum
859 1873 901 1899 est
922 1878 970 1907 per

191 2042 198 2055 ¹
216 2043 282 2065 Vers.
301 2043 321 2065 6.
339 2056 369 2060 —
387 2044 440 2072 Seq.
458 2045 521 2067 locus
538 2047 573 2066 est
590 2045 603 2066 l.
621 2045 681 2067 Petr.
699 2045 720 2072 1,
738 2046 760 2067 8.
777 2051 837 2073 seq„
855 2044 894 2067 uhi
906 2044 973 2066 multi

128 2082 197 2105 codd.
215 2081 303 2105 laetitia
320 2081 513 2105 immarcescibili
528 2084 550 2106 et
562 2082 749 2106 incontaminata
763 2083 813 2113 [cfr.
826 2077 883 2105 ibid.
895 2089 918 2105 v.
931 2082 973 2112 4.].

191 2120 199 2133 ²
218 2122 284 2144 Vers.
302 2122 337 2144 42.
355 2134 386 2138 —
403 2121 507 2144 Subinde
523 2123 633 2150 allegatur
651 2124 665 2145 1,
684 2123 743 2145 ioan.
761 2123 788 2150 5,
807 2123 844 2145 13.

194 2159 203 2172 ⁸
217 2160 348 2189 Chrysost.‚
367 2161 388 2183 in
406 2162 467 2184 10311,
486 2162 565 2184 homil.
583 2162 619 2184 86.
639 2162 703 2189 (alias
721 2162 766 2190 85.)
780 2168 802 2184 11.
814 2163 840 2188 2,
854 2161 895 2184 11111
907 2167 974 2189 expo-

129 2207 186 2223 nens
202 2201 263 2223 loan.
280 2201 322 2228 20,
341 2201 378 2223 19.
395 2201 440 2223 ait:
458 2200 503 2223 Cur
521 2201 544 2223 in
561 2207 659 2229 vespere
675 2202 801 2230 apparuit?
819 2201 877 2230 Quia
894 2201 975 2223 verisi-

131 2239 182 2262 mile
199 2243 261 2267 erat,
273 2240 335 2268 ipsos
347 2242 401 2262 tunc
418 2240 518 2262 maxime
535 2240 666 2262 formidare.
680 2241 723 2263 Sed
737 2240 801 2269 quod
813 2239 918 2262 mirabile
929 2242 975 2266 est,

129 2278 248 2307 quomodo
266 2284 311 2301 non
329 2279 404 2306 ipsum
419 2278 566 2308 phantasma
583 2285 633 2301 esse
652 2279 802 2307 putaverint?
819 2279 875 2301 Nam
896 2278 975 2301 ianuis

130 2316 231 2345 clausis,
249 2319 271 2339 et
287 2317 363 2340 statim
381 2318 498 2345 ingressus
515 2320 557 2340 est.

192 2354 202 2367 ⁴
219 2356 242 2378 ln
259 2356 321 2378 Ioan.
337 2357 426 2384 Evang.
452 2359 478 2379 tr.
509 2357 557 2379 l2l.
583 2363 605 2379 n.
632 2356 653 2379 4.
678 2357 701 2379 B.
726 2356 825 2384 Albert.‚
842 2356 931 2379 Postilla
954 2356 975 2378 in

131 2396 190 2417 loan.
209 2396 250 2422 20,
269 2396 313 2417 119:
331 2395 366 2417 Ad
384 2397 440 2418 baec
457 2398 534 2418 autem
551 2398 573 2418 et
590 2396 672 2418 similia
689 2396 738 2418 sine
755 2396 898 2424 praeiudicio
914 2395 977 2418 vide-

131 2437 167 2456 tur
184 2440 235 2457 esse
251 2435 390 2462 dicendum,
407 2435 471 2463 quod
488 2441 535 2457 non
547 2438 581 2457 est
592 2435 696 2463 corporis
715 2434 816 2464 plor-iusi
831 2435 928 2462 intrare,
945 2434 977 2457 ia-

131 2473 186 2497 nuis
203 2473 303 2501 clausis,
322 2474 363 2496 sed
380 2474 485 2502 corporis
509 2473 584 2496 divini
608 2474 695 2502 potius,
720 2475 784 2503 quod
810 2480 836 2496 ex
854 2474 978 2496 Divinitate

133 2512 202 2535 babet
215 2518 285 2541 posse
301 2511 404 2542 faciendi
420 2513 483 2541 qnod
500 2513 557 2535 vult.
574 2514 600 2535 Et
617 2514 661 2535 tale
677 2519 762 2541 corpus
782 2513 887 2535 divinum
905 2513 978 2535 inten-

132 2551 166 2574 dit
182 2551 303 2573 ostendere
321 2551 454 2579 discipulis,
471 2557 499 2574 ex
523 2558 570 2580 quo
594 2552 656 2574 Deus
681 2558 751 2574 verus
775 2552 934 2575 ostenderetur
956 2555 978 2574 et

133 2591 202 2613 homo
219 2597 303 2618 verus;
319 2593 341 2613 et
359 2591 422 2617 ideo,
440 2590 504 2614 ostiis
525 2591 626 2619 clausis,
644 2592 743 2614 intravit.
761 2592 787 2614 Et
804 2593 847 2614 hoc
864 2594 898 2614 est
913 2592 977 2620 quod

133 2629 188 2652 dicit
213 2629 371 2657 Augustinus:
399 2638 411 2649 u
423 2630 473 2652 Moli
499 2631 626 2658 corporis...
651 2631 780 2658 permansit
791 2639 812 2652 11.
837 2630 977 2658 Gregorius:

134 2667 193 2696 Quid
211 2668 295 2690 mirum
313 2671 355 2690 etc.
372 2680 404 2685 —
422 2669 532 2696 Superius
549 2675 591 2697 pro
609 2668 633 2691 id
648 2671 683 2692 est
698 2668 821 2692 Dz'cz’nitati
839 2669 912 2692 maior
924 2675 978 2697 pars

134 2707 202 2730 codd.
219 2709 241 2729 et
258 2707 374 2730 Gorranus
390 2709 412 2730 et
427 2701 558 2731 Dicinitatz‘.

196 2744 205 2757 ⁵
223 2746 284 2769 Libr.
301 2747 324 2769 ll.
341 2747 424 2769 Homil.
441 2747 463 2769 in
480 2748 568 2775 Evang.
585 2748 664 2770 homil.
690 2748 726 2770 26.
752 2754 774 2770 n.
801 2748 825 2776 l,
848 2747 889 2770 ubi
905 2750 979 2770 textus

135 2785 265 2813 originalis,
283 2792 353 2815 quem
370 2786 407 2809 ed.
424 2787 541 2815 sequitur,
559 2790 609 2815 post
636 2793 707 2810 suam
732 2787 796 2811 addit
813 2787 838 2810 in
854 2789 979 2810 aeternum

135 2823 184 2847 iam
201 2824 308 2848 victurus
326 2828 348 2847 et
364 2825 497 2848 moriturus
519 2829 571 2853 post
588 2825 630 2855 qui
644 2827 723 2848 antea.
740 2838 771 2843 —
788 2826 820 2848 De
837 2827 888 2848 loco
904 2832 920 2848 a
936 2825 980 2848 mi-

135 2862 191 2885 nori
206 2865 247 2885 ct‘r.
265 2866 320 2886 tom.
337 2865 352 2886 1.
370 2870 423 2892 pag.
449 2864 507 2892 835,
525 2866 577 2886 nota
596 2864 616 2886 5.
634 2877 665 2881 —
683 2865 795 2893 Superius
812 2864 909 2887 vocibus
931 2870 980 2887 non

134 2903 187 2924 erat
203 2902 239 2924 ed.
257 2908 310 2925 cum
327 2903 430 2926 Gorrano
447 2904 560 2926 interserit
576 2905 678 2927 tuntum.

198 2939 207 2952 ⁸
225 2940 349 2970 Chrysost.,
367 2942 390 2964 in
407 2943 469 2965 ioan.
486 2943 565 2965 homil.
582 2944 620 2966 87.
638 2943 703 2972 (alias
720 2943 767 2972 86.)
785 2950 807 2965 n.
827 2944 834 2965 1
848 2951 853 2965 :
866 2944 980 2972 Quaeren-

1811 155 1865 182 517

1020 230 1111 259 locum
1133 239 1152 259 a
1173 230 1298 264 minori;
1319 234 1346 259 et
1368 231 1405 259 ita
1433 231 1548 268 exponit
1578 230 1646 259 illud
1677 231 1866 268 Gregorius⁶:

1025 287 1038 301 <¹
1053 277 1125 313 Quid
1141 277 1258 311 mirum,
1273 278 1305 312 si,
1322 278 1412 307 ianuis
1427 278 1536 313 clausis,
1552 282 1613 315 post
1635 279 1867 308 resurrectionem

1020 330 1099 351 suam
1119 323 1248 358 intravit,
1263 324 1312 362 qui
1325 328 1406 354 antea
1427 325 1551 360 veniens,
1567 334 1621 354 non
1636 329 1732 363 aperto
1747 326 1868 364 Virginis

1021 371 1118 404 utero,
1139 370 1208 399 exiit
1223 373 1256 399 »2
1277 371 1317 400 Et
1330 371 1368 400 ita
1389 379 1438 408 per
1459 372 1550 401 locum
1571 381 1591 401 a
1612 373 1723 402 minori
1742 373 1843 410 arguit.

1100 417 1330 454 Respondendum
1350 426 1416 455 ergo
1437 418 1471 447 ad
1493 419 1643 454 rationem,
1669 420 1743 457 quod
1764 420 1803 449 sic
1824 420 1868 449 de-

1021 462 1104 491 bebat
1124 463 1243 500 probare
1264 463 1336 493 idem
1357 472 1417 494 esse
1438 473 1553 502 corpus,
1575 469 1607 495 ut
1637 466 1720 495 etiam
1741 467 1867 496 ostende-

1022 511 1065 537 ret
1085 508 1245 545 gloriosum,

1102 555 1146 584 64.
1169 556 1279 592 Quaest.
1302 557 1330 585 ll.
1353 558 1420 586 Item
1441 560 1586 596 quaeritur
1606 560 1641 589 de
1662 560 1714 589 hoc
1732 560 1806 598 quod
1826 560 1868 589 di-

1022 602 1074 630 cit:
1096 601 1180 640 infer
1204 602 1329 640 digitum
1351 607 1435 633 taum
1456 604 1513 635 huc
1533 610 1559 635 et
1585 607 1664 635 mitte
1691 616 1815 636 manum
1836 608 1868 636 in

1022 649 1109 678 latus.

1104 697 1127 724 1.
1150 696 1191 725 Ex
1213 697 1265 726 hoc
1286 698 1411 734 videtur,
1433 700 1507 737 quod
1538 708 1641 737 corpus
1671 701 1771 729 Christi
1797 705 1868 730 esset

1024 743 1215 778 vulneratum
1238 745 1285 773 sed
1306 746 1329 774 si
1350 746 1418 781 hoc,
1440 755 1494 776 non
1509 750 1569 776 erat
1590 747 1750 783 gloriosum.

1102 792 1128 819 2.
1152 791 1232 826 item,
1255 792 1276 821 si
1298 793 1387 827 dicas,
1410 794 1484 831 quod
1499 794 1642 823 cicatrices
1661 797 1867 829 remanserunt;

1023 837 1148 872 videtur,
1170 839 1244 875 quod
1267 848 1319 869 non
1334 840 1443 877 plenam
1465 841 1580 877 gloriam
1596 840 1711 875 habeat,
1727 841 1792 877 quia
1807 849 1869 878 per-

1023 883 1122 912 fectius
1143 888 1274 920 curatur,
1297 886 1323 915 in
1346 895 1402 923 quo
1423 887 1500 915 nulla
1521 890 1665 915 remanent
1686 887 1869 924 imperfectio-

1023 930 1066 959 nis
1088 931 1217 968 vestigia:
1239 940 1305 970 ergo
1326 934 1451 968 videtur,
1473 934 1548 971 quod
1569 942 1671 970 corpus
1691 934 1793 963 Christi
1814 943 1869 963 non

1023 977 1059 1005 sit
1089 978 1209 1014 perfecte
1240 980 1424 1016 glorificatum
1436 981 1456 1009 ⁶.
1480 997 1515 1000 —
1539 981 1572 1009 Si
1601 981 1698 1015 dicas,
1727 981 1801 1018 quod
1827 989 1870 1010 re-

1024 1028 1184 1053 manserant
1204 1030 1318 1063 propter
1338 1027 1489 1063 discipulos
1510 1030 1634 1062 tantum;
1658 1031 1723 1057 tunc
1744 1028 1869 1063 videtur,

1023 1071 1098 1108 quod
1119 1080 1173 1100 non
1195 1081 1291 1107 verae,
1314 1074 1361 1102 sed
1382 1074 1466 1102 falsae
1488 1074 1630 1103 cicatrices
1650 1078 1749 1104 essent.

1102 1119 1256 1155 Respondet
1276 1120 1447 1157 Augustinus
1474 1120 1501 1149 in
1530 1121 1601 1149 libro
1621 1122 1655 1150 de
1676 1123 1730 1150 Sex
1752 1123 1869 1151 50111110-

1024 1165 1106 1194 nibus
1116 1169 1212 1194 contra
1224 1174 1344 1203 paganos
1355 1167 1379 1194 ⁷:
1400 1167 1528 1201 «Sciant,
1544 1168 1643 1205 inquit,
1658 1169 1705 1206 qui
1721 1170 1771 1198 has
1785 1178 1869 1206 quae-

1024 1212 1126 1241 stiones
1153 1216 1374 1249 proposuerunt,
1405 1213 1548 1243 Christum
1579 1223 1634 1244 non
1665 1216 1797 1251 vulnera,
1823 1216 1870 1245 sed

1023 1260 1165 1289 cicatrices
1185 1260 1328 1297 discipulis
1349 1260 1569 1296 demonstrasse,
1591 1270 1662 1299 quae
1694 1266 1760 1292 tunc
1787 1264 1871 1293 falsae

1023 1310 1130 1341 essent,
1152 1307 1173 1335 si
1189 1307 1265 1335 nulla
1286 1307 1404 1337 vulnera
1417 1308 1648 1344 praecessissent;
1663 1317 1713 1338 nec
1727 1318 1763 1338 ex
1784 1311 1872 1347 impo-

1024 1354 1109 1383 tentia
1130 1357 1210 1388 sunt,
1232 1354 1281 1391 qui
1301 1354 1396 1382 divina
1419 1354 1622 1391 dispensatione
1643 1359 1671 1384 et
1690 1360 1750 1385 arte
1776 1358 1871 1394 optimi

1024 1401 1121 1429 medici
1143 1404 1209 1429 sunt
1230 1401 1342 1430 relictae
1367 1412 1393 1429 ›>.
1416 1401 1581 1438 Exemplum
1603 1402 1680 1439 ponit
1704 1403 1873 1440 Augustinus

1024 1448 1058 1477 de
1080 1448 1165 1476 milite
1188 1448 1347 1482 vulnerato,
1370 1448 1418 1485 qui
1440 1456 1495 1477 non
1523 1449 1583 1477 vult
1605 1450 1695 1478 sanari
1717 1458 1733 1478 a
1754 1450 1872 1485 medico,

1025 1495 1091 1532 quin
1115 1495 1192 1531 signa
1215 1495 1362 1523 vulnerum
1386 1498 1555 1524 remaneant.

1104 1541 1181 1570 Ratio
1201 1544 1311 1575 autem,
1333 1549 1422 1578 quare
1436 1546 1562 1571 servatae
1584 1546 1664 1577 sunt,
1684 1543 1787 1580 triplex
1808 1544 1874 1579 fuit,

1025 1589 1097 1617 sicut
1117 1588 1183 1616 dicit
1206 1588 1336 1616 Victorss:
1357 1599 1370 1613 «
1386 1589 1441 1623 Sic,
1463 1589 1607 1626 inquiens,
1622 1590 1764 1620 cicatrices
1779 1591 1875 1620 vulne-

1026 1644 1089 1664 rum
1111 1643 1165 1664 non
1187 1643 1222 1664 ex
1244 1635 1406 1672 impotentia
1427 1637 1542 1665 curandi
1564 1638 1700 1672 servavit,
1722 1638 1769 1667 sed
1795 1641 1826 1667 ut
1846 1639 1875 1667 in

1026 1685 1192 1720 perpetuum
1216 1682 1347 1711 victoriae
1361 1690 1428 1711 suae
1449 1683 1626 1712 circumferat
1641 1684 1832 1721 triumphum3
1848 1688 1875 1714 et

1026 1731 1060 1759 ad
1074 1730 1155 1758 fidem
1178 1730 1392 1758 resurrectionis
1407 1730 1598 1765 astruendam,
1620 1734 1651 1760 ut
1666 1731 1737 1760 idem
1759 1740 1873 1769 corpus,

1027 1777 1101 1814 quod
1132 1777 1266 1810 moritur,
1299 1784 1447 1813 resurgere
1468 1777 1685 1813 demonstraret;
1707 1782 1734 1807 et
1765 1782 1797 1807 ut
1824 1787 1875 1808 sua

1028 1826 1118 1851 morte
1140 1822 1306 1859 redemptis,
1333 1830 1417 1859 quani
1450 1823 1665 1853 misericorditer
1696 1825 1750 1854 sint
1771 1825 1874 1860 adiuti,

1028 1869 1177 1907 propositis
1204 1872 1231 1897 et
1261 1870 1378 1898 ostensis
1399 1870 1522 1899 eiusdem
1553 1872 1650 1900 mortis
1678 1872 1775 1901 innuat
1805 1873 1875 1901 indi-

1029 2044 1086 2066 dum
1104 2046 1180 2065 autem
1199 2043 1323 2072 incumbit,
1339 2044 1459 2072 quomodo
1476 2050 1561 2072 corpus
1573 2045 1745 2073 incorruptibile
1756 2046 1875 2068 clavorum

1030 2083 1148 2105 cicatrices
1173 2082 1280 2105 habuerit
1301 2086 1324 2105 et
1340 2089 1353 2105 a
1371 2083 1459 2105 mortali
1477 2090 1546 2105 manu
1565 2084 1626 2111 tangi
1646 2085 1754 2112 potuerit.
1771 2084 1828 2107 ibid.
1844 2085 1876 2107 di-

1031 2122 1074 2144 cit:
1091 2122 1187 2149 Propter
1204 2122 1344 2149 discipulum
1363 2122 1498 2151 [Thomam]
1516 2123 1577 2145 enim
1595 2123 1619 2145 id
1636 2124 1771 2146 ostenditur.

1094 2159 1102 2172 ⁷
1122 2161 1176 2183 Sive
1194 2161 1263 2188 Epist.
1284 2161 1337 2183 102.
1355 2161 1419 2189 (alias
1437 2161 1483 2189 49.)
1501 2168 1525 2190 q.
1543 2162 1562 2183 l.
1581 2168 1602 2183 n.
1620 2162 1646 2189 7,
1664 2162 1704 2184 ubi
1715 2165 1791 2184 tamen
1803 2165 1876 2185 textus

1031 2200 1150 2228 originalis
1166 2200 1232 2228 plura
1250 2200 1302 2223 hinc
1318 2200 1373 2222 inde
1389 2200 1460 2222 addit.
1472 2200 1529 2223 ibid.
1546 2201 1644 2223 babetur
1659 2201 1727 2223 etiam
1745 2202 1875 2229 exemplum

1033 2239 1063 2261 de
1079 2239 1151 2261 milite
1167 2239 1296 2261 vulnerato.

1084 2276 1105 2309 ¹⁸
1122 2277 1168 2300 Cir.
1185 2284 1254 2305 supra
1273 2283 1328 2305 pag.
1339 2277 1397 2304 275,
1411 2280 1463 2300 nota
1476 2278 1484 2299 1
1496 2278 1512 2299 Ι.
1525 2278 1582 2300 Vide
1594 2279 1704 2306 August,
1716 2279 1765 2301 loco
1778 2279 1801 2301 in
1813 2285 1877 2307 prae-

1034 2317 1130 2340 cedente
1147 2320 1201 2339 notu
1218 2317 1266 2343 cit.,
1284 2316 1324 2339 ubi
1341 2316 1399 2339 duas
1411 2317 1498 2344 primas
1510 2317 1608 2339 rationes
1621 2317 1726 2339 insinuat.
1738 2318 1810 2340 Serm.
1824 2318 1877 2340 242.

1034 2356 1100 2384 (alias
1118 2356 1171 2379 147,
1191 2356 1220 2378 de
1237 2356 1351 2383 tempore)
1369 2362 1388 2378 c.
1407 2357 1428 2377 2.
1441 2362 1463 2377 n.
1477 2356 1489 2378 3
1501 2364 1506 2377 ;
1522 2364 1532 2375 α
1545 2356 1620 2383 Quare
1631 2362 1688 2383 ergo
1701 2356 1813 2379 Dominus
1825 2363 1877 2379 cum

1033 2402 1129 2418 suorum
1147 2396 1270 2418 vulnerum
1288 2395 1433 2419 cicatricibus
1458 2395 1599 2417 resurrexit?
1625 2395 1685 2423 Quid
1710 2395 1740 2417 ad
1760 2397 1810 2418 hoc
1825 2396 1879 2418 dici-

1034 2442 1099 2462 mus,
1125 2434 1168 2457 nisi
1186 2434 1240 2463 quia
1258 2436 1280 2456 et
1297 2435 1340 2456 hoc
1358 2434 1476 2461 potestatis
1494 2433 1545 2461 suit,
1563 2440 1608 2455 non
1625 2434 1777 2456 necessitatis.
1794 2434 1830 2456 Sic
1846 2441 1880 2457 re-

1034 2480 1131 2502 surgere
1147 2474 1231 2500 voluit,
1248 2473 1281 2495 sic
1297 2478 1323 2495 se
1339 2473 1412 2495 voluit
1428 2472 1569 2501 quibusdam
1586 2472 1747 2495 dubitantibus
1763 2473 1879 2496 exhibere.

1035 2514 1058 2535 ln
1075 2513 1110 2535 illa
1127 2518 1197 2535 carne
1221 2512 1313 2533 cicatrix
1338 2511 1440 2534 vulneris
1459 2511 1549 2533 sanavit
1570 2512 1656 2533 vulnus
1681 2511 1879 2534 incredulitatis».

1034 2552 1080 2575 Csr.
1097 2551 1226 2579 chrysost„
1244 2550 1321 2578 Cyrill.
1338 2550 1458 2573 Alexandr.
1467 2567 1472 2577 ‚
1486 2550 1666 2578 Theophylact.,
1678 2551 1700 2572 in
1713 2552 1773 2577 ioan.
1786 2551 1828 2579 20,
1841 2552 1878 2574 20.

1034 2594 1057 2614 et
1073 2591 1114 2618 27,
1131 2591 1173 2619 qui
1189 2590 1280 2617 dicunt,
1298 2589 1413 2612 Christum
1431 2589 1550 2612 cicatrices
1561 2596 1678 2617 servasse,
1690 2592 1714 2612 ut
1725 2590 1792 2617 signa
1803 2593 1880 2613 essent

1035 2630 1137 2653 veritatis
1153 2630 1258 2657 corporis
1274 2631 1296 2651 et
1312 2628 1485 2651 resurrectionis
1502 2628 1584 2656 ipsius.
1602 2627 1722 2655 Ambros.,
1740 2629 1770 2651 X.
1786 2629 1808 2650 in
1825 2629 1880 2651 Luc.

1035 2676 1056 2692 c.
1074 2670 1110 2693 26.
1129 2675 1151 2691 n.
1170 2668 1213 2690 170
1224 2672 1236 2690 ;’
1246 2668 1302 2691 Ν3111
1320 2667 1439 2696 quomodo
1456 2673 1500 2689 non
1519 2673 1615 2695 corpus,
1640 2667 1663 2689 in
1688 2673 1735 2696 quo
1756 2667 1880 2690 manebant

1037 2708 1134 2735 insignia
1152 2708 1287 2733 vulnerum,
1305 2706 1402 2734 vestigia
1414 2706 1557 2733 cicatricum,
1570 2712 1630 2735 quae
1641 2706 1754 2728 Dominus
1765 2707 1879 2734 palpanda

1036 2747 1137 2769 obtulit?
1155 2747 1177 2769 ln
1195 2753 1242 2774 quo
1258 2752 1305 2768 non
1322 2746 1396 2768 solum
1414 2745 1484 2768 fldem
1498 2745 1586 2772 firmat,
1599 2746 1639 2768 sed
1652 2746 1720 2767 etiam
1733 2746 1879 2768 devotionem

1036 2787 1110 2813 acuit;
1126 2786 1191 2814 quod
1215 2785 1310 2808 vulnera
1335 2787 1442 2812 suscepta
1462 2790 1504 2812 pro
1521 2784 1588 2806 nobis
1605 2785 1669 2806 caelo
1686 2784 1770 2807 inferre
1787 2784 1879 2811 maluit,

1036 2825 1129 2847 abolere
1146 2824 1228 2851 noluit,
1246 2827 1270 2846 ut
1286 2824 1334 2845 Deo
1351 2824 1409 2845 Patri
1426 2826 1518 2845 nostrae
1535 2824 1606 2851 pretia
1619 2823 1730 2846 libertatis
1741 2824 1880 2846 ostenderet.

1037 2865 1117 2886 Talem
1135 2863 1179 2886 sibi
1197 2864 1261 2885 Pater
1278 2863 1308 2885 ed
1324 2863 1427 2885 dextram
1446 2863 1515 2889 locat,
1532 2865 1625 2890 tropaea
1643 2865 1733 2884 nostrae
1745 2862 1823 2885 salutis
1834 2868 1880 2884 am-

1036 2904 1153 2931 plectens;
1172 2902 1227 2924 tales
1244 2901 1287 2923 illie
1304 2901 1414 2928 Martyres
1431 2900 1497 2923 nobis
1514 2901 1626 2924 cicatricis
1642 2907 1698 2923 suae
1715 2907 1799 2923 corona
1817 2906 1880 2923 mon-

1036 2941 1123 2965 strabit.

1888 424 1918 444 Ad
1931 424 1999 444 obiect.

1886 1124 1943 1148 Resp.

1887 1544 1943 1564 Ratio
1952 1544 2020 1571 triplex

1895 1568 1982 1587 servandi
1994 1567 2021 1587 ei-

1894 1592 1980 1611 catrices.
