2296 3316
324 636 381 660 neap.

266 1198 324 1222 nasp.
339 1203 381 1216 cnm

259 1222 386 1241 distinctione.

325 1667 382 1692 Resp.

402 178 459 207 524

725 252 928 288 Quaesrionns.

479 348 525 377 26.
548 347 659 383 Quaest.
682 345 700 373 Ι.
722 344 774 373 Sed
796 344 944 381 quaeritur
965 343 1011 372 hic
1032 343 1124 380 primo
1144 342 1179 371 de
1200 342 1253 371 hoc

399 394 474 433 quod
494 394 578 422 dicit:
603 392 676 421 Cum
699 391 775 420 tanti
788 394 898 424 essent,
913 398 973 419 non
986 393 1027 418 est
1041 390 1168 418 scissum
1183 392 1251 418 rete.

400 458 438 463 —
451 441 520 469 Cum
534 440 563 468 in
584 439 674 476 prima
688 438 853 476 piscatione,
868 438 957 466 Lucae
971 436 1071 474 quinto
1083 437 1107 471 ¹,
1125 436 1252 471 dicatur,

399 487 474 525 quod
487 486 683 523 rumpebatur
704 489 762 514 rete
779 486 895 522 propter
910 483 1117 512 multitudinem
1133 483 1253 520 piscium

399 534 537 572 copiosam
549 544 556 567 ;
571 532 639 570 quid
653 535 711 566 est,
725 531 802 569 quod
816 539 891 560 nunc
906 531 1047 568 integrum
1068 532 1252 567 perseverat?

478 579 633 617 Respondet
654 579 806 616 Gregorius
817 579 828 595 ²
842 589 848 606 z
875 590 889 604 (ι
904 578 932 607 ln
953 578 1007 606 alia
1022 577 1174 614 piscatione
1185 585 1253 614 prae

400 627 578 657 multitudine
599 626 717 664 piscium
746 629 806 655 rete
834 625 994 663 rumpitur,
1022 624 1089 662 quia
1115 632 1191 653 nunc
1218 624 1253 653 ad

399 674 599 705 confessionem
621 672 683 702 fidei
707 681 772 702 cum
792 672 888 702 electis
913 672 1026 710 reprobi
1054 672 1176 706 intrant,
1203 671 1252 708 qui

399 723 487 760 ipsam
510 721 658 750 Ecclesiam
686 720 852 750 haeresibus
879 720 1019 749 scindunt.
1049 719 1077 748 In
1106 719 1158 748 hac
1185 727 1253 748 vero

399 768 549 806 piscatione
571 770 630 797 rete
651 776 706 797 non
728 767 888 804 rumpitur,
906 767 973 804 quia
987 769 1082 795 sancta
1096 774 1250 795 electorum

401 815 536 849 Ecclesia,
558 815 586 844 in
608 814 741 844 continua
754 821 822 851 pace
837 813 1033 851 requiescens,
1048 812 1133 842 nullis
1147 812 1253 841 dissen-

400 864 525 894 sionibus
547 863 687 891 laceratur
701 873 728 890 ».

478 912 525 939 27.
548 910 659 946 Quaest.
683 909 712 937 II.
728 908 795 937 Item
810 907 958 945 quaeritur
980 907 1014 936 de
1028 907 1095 942 hoc,
1110 906 1185 944 quod
1199 906 1253 935 Do-

401 958 493 987 minus
514 956 636 985 comedit
662 955 766 993 piscem
794 958 822 984 et
849 963 964 992 panem,
993 954 1148 984 secundum
1177 954 1254 991 quod

398 1005 501 1034 dicitur
523 1004 612 1032 Lucae
633 1003 732 1031 ultimo
744 1002 774 1036 ³3
796 1010 860 1031 cum
881 1002 916 1031 sit
931 1004 1039 1031 tantum
1054 1001 1180 1038 corporis
1194 1000 1253 1029 ani-

400 1051 496 1080 malis:
518 1058 585 1087 ergo
606 1053 655 1078 aut
675 1048 805 1078 Christus
826 1048 925 1078 habuit
939 1056 1043 1086 corpus
1056 1048 1190 1082 animale,
1204 1050 1254 1076 aut

398 1097 569 1135 phantastice
591 1096 717 1126 comedit.

478 1146 660 1174 Resposnao:
689 1143 860 1178 Dicendum,
889 1143 964 1181 quod
989 1146 1031 1172 est
1052 1142 1199 1171 comedere
1219 1150 1254 1170 ex

400 1192 583 1226 necessitate,
605 1194 633 1221 et
654 1191 706 1220 hoc
728 1194 768 1220 est
791 1191 917 1228 corporis
938 1190 1066 1219 animalis
1087 1193 1212 1223 tantum;
1227 1192 1254 1218 et

398 1243 440 1269 est
461 1239 608 1268 comedere
628 1247 663 1267 ex
681 1242 839 1276 potestate,
861 1240 889 1267 et
910 1238 962 1267 hoc
984 1246 1039 1266 non
1065 1239 1174 1266 tantum
1195 1236 1254 1265 ani—

400 1286 493 1321 malis,
522 1286 570 1315 sed
598 1286 681 1315 etiam
706 1285 818 1322 gloriosi
841 1289 869 1314 et
890 1285 1059 1322 spiritualis,
1081 1284 1156 1322 quod
1183 1291 1255 1321 pure

399 1342 435 1363 ex
450 1336 587 1371 potestate
601 1333 728 1362 comedit.
745 1332 917 1370 Corporibus
931 1332 1005 1362 enim
1021 1331 1184 1370 glorificatis
1198 1339 1255 1360 non

400 1381 528 1410 aufertur
547 1384 692 1418 potestas,
715 1380 762 1409 sed
784 1380 942 1409 necessitas
953 1381 974 1408 4.

481 1429 527 1458 28.
550 1429 661 1465 Quaest.
685 1428 724 1456 III.
747 1428 814 1457 Item
836 1428 1003 1465 quaeritur:
1026 1427 1095 1465 quid
1116 1426 1200 1455 fiebat
1220 1425 1254 1455 de

402 1477 449 1506 illo
470 1476 556 1506 cibo?
577 1476 646 1504 Cum
668 1476 742 1504 enim
764 1478 869 1512 corpus
887 1475 1074 1512 glorificatum
1093 1482 1148 1503 non
1163 1473 1255 1502 nutri-

402 1526 497 1557 retur,
519 1522 646 1556 videtur,
669 1522 743 1559 quod
765 1522 882 1551 haberet
897 1529 1040 1559 egressum
1056 1524 1175 1549 naturae
1189 1528 1255 1549 con—

402 1574 523 1600 suetum.

481 1618 660 1646 Resposnso:
675 1615 840 1649 Dicendum,
856 1615 931 1652 quod
946 1615 1019 1644 sicut
1032 1623 1106 1652 aqua
1121 1614 1149 1642 in
1163 1614 1255 1651 ignem

401 1664 525 1702 proiecta
546 1664 639 1693 statim
660 1663 696 1692 ab
717 1663 781 1700 igne
801 1658 993 1697 absorbetur,
1009 1662 1048 1691 sic
1070 1661 1149 1690 cibus
1164 1669 1180 1689 a
1194 1669 1256 1690 cor-

402 1719 468 1748 pore
489 1710 645 1748 glorificato
666 1713 815 1747 susceptus
836 1710 928 1739 statim
950 1709 1126 1738 consumitur
1152 1708 1256 1737 virtute

400 1758 520 1796 quadam
541 1757 688 1794 spirituali.
718 1757 795 1786 Unde
822 1756 1042 1797 Augustinuslin
1064 1756 1137 1784 libro
1157 1755 1192 1784 de
1212 1763 1256 1783 so-

401 1805 505 1834 lutione
525 1806 580 1834 Sex
601 1804 802 1841 Quaestionum
815 1804 845 1832 ⁵:
872 1816 886 1829 a
901 1804 985 1833 Aliter
1003 1803 1135 1832 absorbet
1154 1810 1257 1840 aquam

402 1855 478 1881 terra
499 1851 611 1885 sitiens,
632 1851 713 1879 aliter
735 1851 801 1879 solis
822 1850 918 1880 radius
939 1842 1047 1879 calens:
1063 1850 1110 1878 illa
1124 1849 1257 1887 indiyen-

402 1899 461 1933 tia,
487 1899 539 1927 iste
563 1898 703 1936 potentia.
726 1898 848 1927 Futurae
870 1906 937 1935 ergo
959 1897 1175 1926 resurrectionis
1195 1904 1256 1925 cor-

401 1954 454 1983 pus
475 1945 654 1983 imperfectae
675 1944 815 1974 felicitatis
835 1948 912 1979 erat,
934 1945 957 1973 si
978 1944 1048 1973 cibis
1065 1944 1190 1981 eguerit;
1205 1943 1257 1972 im-

1015 169 1186 200 COMMENT.
1208 171 1241 200 IN
1262 170 1409 199 IOANNEM
1431 170 1460 198 C.
1481 170 1548 198 xxi.

1309 248 1448 285 perfectae
1468 248 1607 277 felicitatis
1628 248 1698 283 erit,
1720 248 1742 277 si
1764 249 1841 278 cibos
1868 257 1980 279 sumere
2008 257 2062 278 non
2084 251 2160 286 pote-

1310 294 1388 323 rit».
1412 294 1443 323 Et
1463 294 1535 324 ratio
1556 295 1642 324 huius
1662 298 1720 330 est,
1741 296 1808 333 quia
1835 296 1863 324 in
1891 296 1983 333 primo
2008 295 2159 333 indicens,

1309 340 1337 369 in
1359 340 1482 369 secundo
1502 340 1652 379 impotens.

1388 389 1435 417 29.
1461 388 1573 425 Quaest.
1603 389 1645 417 IV.
1674 388 1740 418 Item
1769 390 1916 427 quaeritur
1944 389 1978 419 de
2005 390 2058 418 hoc
2086 389 2161 427 quod

1308 435 1432 469 dicitur:
1453 435 1516 465 Hoc
1538 436 1600 465 iam
1627 436 1711 465 tertio
1731 436 1934 475 manifestavit
1953 445 1983 466 se
2006 437 2087 465 Iesus
2107 439 2159 466 etc.

1308 498 1348 503 —
1368 482 1485 520 Propter
1512 483 1580 520 quid
1608 483 1743 513 Dominus
1768 484 1935 521 interpolate
1960 483 2105 521 discipulis
2131 492 2162 513 se

1309 529 1504 559 manifestabat
1531 532 1559 559 et
1585 538 1641 559 non
1666 534 1727 560 erat
1754 538 1819 560 cum
1847 531 1887 560 eis
1914 531 2046 561 continue
2070 539 2161 568 usque

1307 574 1343 604 ad
1363 576 1576 605 ascensionem?

1388 623 1420 652 Et
1441 624 1591 660 respondet
1611 623 1867 661 chrysostomus⁸,
1889 626 1964 663 quod
1990 637 2004 652 α
2019 625 2163 655 subtraxit

1307 677 1337 699 se
1358 670 1393 699 ab
1413 673 1528 707 aspectu
1549 670 1662 699 illorum
1682 671 1847 709 aliquando,
1867 675 1899 701 ut
1913 672 2022 702 avidius
2042 680 2161 710 quaere-

1309 719 1398 751 retur,
1409 720 1437 746 et
1451 718 1596 755 quaesitus
1615 720 1776 753 amaretur,
1798 722 1825 748 et
1845 722 1956 749 amatus
1975 719 2112 757 insignius
2134 722 2162 749 et

1308 764 1436 793 devotius
1457 767 1680 794 veneraretur».
1697 781 1733 786 —
1749 765 1807 794 Alia
1827 766 1914 795 ratio:
1937 766 2003 804 quia
2022 766 2161 804 discipuli,

1308 811 1444 848 quamdiu
1464 812 1518 841 fuit
1538 820 1604 841 cum
1625 812 1665 841 eis
1686 812 1839 847 Dominus,
1864 821 1930 842 eum
1951 813 2100 843 carnaliter
2121 813 2163 842 di—

1308 858 1446 895 IIgebant;
1469 862 1501 888 ut
1522 867 1570 888 eos
1597 859 1759 896 disponeret
1786 859 1821 888 ad
1842 860 2017 897 spiritualem
2037 868 2163 890 amorem

1308 908 1337 934 et
1358 913 1408 943 per
1430 906 1483 935 hoc
1503 906 1537 935 ad
1552 906 1740 944 receptionem
1755 907 1876 944 Spiritus
1889 907 1992 936 sancti:
2007 907 2069 937 ideo
2083 915 2164 945 prae-

1309 953 1426 982 sentiam
1448 954 1622 991 corporalem
1643 953 1679 982 ah
1699 953 1789 983 oculis
1810 953 1994 983 subtrahebat
2015 954 2162 991 paulatim,

1310 1007 1459 1037 quousque
1480 1000 1561 1037 plene
1582 1000 1763 1029 subtraheret
1794 999 1822 1029 in
1850 1000 2026 1035 ascensione,
2047 1003 2075 1030 et
2095 1004 2163 1030 tunc

1309 1046 1390 1075 fieret
1411 1054 1490 1075 amor
1511 1055 1610 1076 eorum
1625 1047 1738 1076 omnino
1751 1046 1914 1084 spiritualis.
1930 1047 2080 1084 Propterea
2094 1047 2163 1076 scri-

1310 1096 1391 1130 ptum
1411 1096 1454 1122 est
1485 1101 1572 1131 supra
1599 1094 1706 1123 decimo
1727 1093 1848 1123 sexto⁷:
1874 1105 1888 1119 α
1902 1093 1958 1123 Nisi
1980 1101 2031 1131 ego
2051 1093 2162 1129 abiero,

1311 1140 1472 1170 Paracletus
1492 1149 1548 1170 non
1570 1141 1662 1170 veniet
1682 1141 1717 1170 ad
1739 1149 1788 1170 vos
1802 1153 1816 1167 n
1841 1143 1894 1170 etc.

1391 1187 1437 1217 30.
1462 1188 1537 1217 Cum
1567 1197 1637 1227 erqo
1665 1188 1874 1226 prandissent,
1902 1188 1974 1218 dicit
1998 1191 2050 1218 etc.
2072 1188 2164 1226 Supra
2179 1191 2288 1236 3133?ssssss

1310 1234 1451 1272 descripta
1471 1238 1514 1264 est
1534 1235 1636 1265 Christi
1656 1235 1828 1273 resurgentis
1842 1235 2042 1270 manifestatio,
2057 1235 2103 1264 hic
2116 1235 2204 1281 de-mm

1311 1281 1445 1311 scribitur
1468 1283 1551 1311 Petri
1570 1283 1602 1311 in
1622 1282 1772 1312 dilectione
1803 1282 1913 1312 Christi
1943 1282 2130 1320 confirmatio
2141 1282 2161 1311 ⁸.

1311 1324 1344 1357 Et
1358 1329 1424 1366 quia
1439 1329 1513 1366 quod
1529 1330 1712 1359 confirmatur
1726 1330 1760 1359 ad
1775 1330 1973 1367 perfectionem
1987 1329 2087 1364 tendit,
2102 1329 2164 1359 ideo

1311 1384 1377 1413 pars
1398 1376 1451 1406 ista
1471 1377 1499 1405 in
1531 1377 1602 1406 duas
1632 1377 1776 1406 dividitur.
1800 1378 1891 1406 Primo
1921 1377 1995 1406 enim
2017 1377 2115 1409 Petrus
2136 1377 2165 1406 in

1311 1423 1462 1453 dilectione
1485 1423 1596 1453 Christi
1615 1424 1782 1458 solidatum
1807 1424 1946 1459 secundo,
1968 1424 2008 1453 ad
2029 1432 2165 1453 consum-

1312 1471 1470 1500 mationem
1490 1471 1667 1506 dilectionis,
1690 1479 1762 1509 quae
1783 1474 1826 1501 est
1857 1479 1907 1508 per
1928 1472 2098 1509 passionem,
2120 1471 2165 1500 in-

1312 1518 1443 1553 vitatur,
1466 1518 1503 1547 ibi
1516 1518 1543 1547 ⁹:
1565 1519 1675 1552 Amen,
1698 1527 1784 1547 amen
1805 1518 1870 1547 dico
1892 1518 1945 1547 tibi
1964 1521 2016 1548 etc.
2035 1517 2037 1519 ’

1391 1565 1570 1594 Confirmatio
1591 1565 1676 1602 igitur
1699 1565 1771 1594 Petri
1793 1565 1820 1594 in
1842 1565 1988 1595 dilectione
2009 1566 2041 1595 fit
2061 1565 2164 1595 Christi
2178 1567 2265 1610 ἐξίῃ(
2284 1566 2292 1610 ξ

1313 1613 1387 1641 trina
1407 1612 1640 1649 interrogatione3
1663 1612 1738 1641 unde
1759 1616 1825 1641 sunt
1846 1615 1903 1642 tres
1924 1615 2018 1650 partes
2032 1613 2060 1641 in
2075 1612 2166 1650 prima

1314 1706 1387 1735 Cum
1408 1715 1476 1744 eryo
1494 1707 1704 1744 prandissent;
1725 1707 1872 1741 secanda,
1894 1706 1948 1736 ibi:
1972 1706 2048 1735 Dicit
2068 1706 2095 1735 ei
2115 1706 2165 1735 ite-

1312 1762 1398 1782 rum.-
1421 1753 1523 1782 Simon
1544 1756 1612 1788 etc.;
1639 1753 1744 1788 tertia,
1776 1753 1829 1782 ibi:
1854 1752 1931 1782 Dicit
1950 1753 1977 1782 ei
1997 1753 2097 1782 tertio:
2120 1752 2165 1782 Si-

1313 1809 1382 1829 mon
1403 1803 1455 1830 etc.

1393 1848 1501 1877 Prima
1522 1848 1608 1886 igitur
1621 1849 1643 1865 ¹¹
1659 1848 1711 1877 hoc
1726 1848 1824 1877 ordine
1838 1847 2023 1885 describitur:
2039 1856 2103 1877 nam
2117 1856 2166 1885 po-

1313 1895 1391 1924 nitur
1415 1894 1526 1924 Christi
1546 1895 1716 1934 inqaisitio;
1747 1895 1886 1930 secund0,
1908 1895 1992 1924 Petri
2016 1895 2166 1933 responsio

1313 1946 1341 1972 et
1362 1943 1483 1972 Domini
1503 1942 1614 1972 additur
1641 1941 1815 1971 exhortatio.
1837 1960 1876 1964 —
1898 1942 2054 1981 Inquisitio
2081 1941 2166 1972 Chri-

464 2140 472 2153 ¹
491 2140 557 2163 Vers.
575 2140 597 2162 6.
614 2152 645 2157 —
662 2140 705 2162 Pro
723 2138 748 2162 in
760 2138 845 2168 prima
867 2139 946 2167 plures
968 2139 1036 2161 codd.
1053 2142 1077 2162 et
1095 2139 1213 2161 Corranus
1229 2138 1255 2162 in

401 2180 461 2210 ipsa.

463 2218 473 2233 ⁹
490 2219 553 2243 Libr.
569 2220 594 2242 II.
611 2219 696 2241 Homil.
713 2219 734 2241 in
753 2219 840 2246 Evang.
858 2218 939 2240 homil.
956 2217 994 2240 24.
1010 2224 1034 2240 n.
1051 2218 1073 2240 3.

464 2258 474 2272 ³³
492 2259 558 2282 Vers.
576 2258 613 2281 42.
631 2264 693 2287 seq.:
711 2258 739 2280 At
755 2258 787 2280 illi
809 2257 943 2280 obtulerunt
963 2257 983 2279 ei
1005 2259 1096 2285 partem
1119 2256 1189 2285 piscis
1210 2256 1255 2279 assi

401 2301 424 2322 et
439 2299 518 2321 ravum
536 2298 622 2325 mellis:
639 2300 663 2320 et
678 2303 733 2320 cum
751 2297 914 2319 manducasset
931 2299 975 2319 etc.
992 2308 1023 2313 —
1040 2296 1082 2318 Ed.
1098 2296 1165 2324 legit:
1183 2301 1255 2319 come-

402 2338 435 2362 dit
448 2338 538 2368 piscem
555 2339 578 2361 ct
592 2337 677 2367 favam
688 2336 778 2365 mellis,
796 2335 927 2360 secundam
945 2335 1032 2366 quod...
1048 2342 1104 2359 cum
1125 2337 1206 2359 autem
1223 2337 1256 2359 ta-

403 2377 432 2401 lis
447 2377 478 2401 sit
495 2377 561 2401 cibus
578 2378 673 2401 tantum
690 2379 746 2404 ete.;
764 2376 873 2405 permulti
890 2376 973 2398 codd.:
989 2377 1010 2399 et
1024 2381 1126 2405 panem,
1142 2381 1211 2403 cum,
1223 2381 1255 2398 se-

402 2416 509 2441 cundum
526 2416 590 2447 qaod
606 2416 693 2440 dicitur
711 2416 789 2439 Lucae
805 2415 900 2444 ultimo,
912 2414 944 2439 sit
954 2416 1049 2438 tantum
1065 2418 1121 2443 etc„
1134 2415 1155 2437 in
1168 2420 1215 2443 qua
1227 2415 1256 2437 le-

402 2457 478 2479 ctione
500 2456 635 2484 principalis
658 2455 769 2478 sententia
792 2454 983 2477 manifestationis
999 2454 1083 2477 Christi
1099 2460 1112 2476 a
1129 2454 1191 2476 Luca
1207 2460 1256 2476 nar-

403 2499 467 2518 ratae
484 2502 592 2524 expressa
608 2495 713 2522 videtur;
730 2495 785 2517 Luc.
803 2494 846 2522 24,
864 2494 901 2516 36.
918 2500 984 2523 seqq.
1001 2496 1090 2522 narrat,
1107 2493 1171 2523 quod
1194 2493 1256 2515 lesus

403 2535 464 2557 stetit
480 2535 504 2557 ln
522 2534 599 2557 medio
616 2534 797 2562 discipulorum,
809 2534 849 2563 qui
861 2533 1033 2561 existimabant,
1050 2539 1076 2555 se
1091 2532 1205 2562 spiritum
1221 2532 1256 2555 vi-

404 2574 472 2601 dere;
489 2573 520 2596 ad
542 2579 613 2602 quam
636 2573 827 2595 existimationem
850 2572 975 2595 tollendam
998 2572 1053 2594 dicit
1072 2572 1118 2594 eis:
1139 2570 1256 2600 «palpate.

403 2616 426 2636 et
442 2613 532 2640 videte,
548 2613 603 2641 quia
620 2613 716 2640 spiritus
732 2618 831 2635 carnem
842 2613 865 2635 et
875 2617 931 2635 ossa
946 2617 994 2633 non
1012 2610 1092 2639 habet,
1104 2611 1164 2633 sicut
1175 2616 1213 2633 me
1224 2610 1257 2632 vi-

404 2652 463 2675 detis
480 2651 589 2674 habere...
607 2652 689 2674 Adhuc
707 2654 784 2673 autem
808 2651 850 2673 illis
865 2657 912 2673 non
934 2649 1108 2673 credentibus...
1130 2649 1198 2672 dixit:
1214 2649 1257 2671 Ha-

404 2690 463 2713 betis
480 2691 517 2713 hic
534 2690 634 2719 aliquid,
652 2690 716 2720 quod
733 2689 911 2713 manducetur?
929 2690 958 2712 At
974 2689 1005 2711 illi
1023 2688 1156 2712 obtulerunt
1167 2689 1190 2711 ei
1206 2694 1257 2717 par-

404 2732 450 2752 tem
468 2730 538 2758 piscis
555 2729 600 2752 assi
611 2738 623 2749 n
642 2733 686 2752 etc.

466 2767 476 2780 ⁴
494 2769 605 2796 August„
622 2768 678 2790 XIII.
695 2768 726 2791 de
742 2768 792 2791 Civ.
810 2768 863 2797 Dei,
881 2774 902 2791 c.
920 2769 962 2791 22:
985 2768 1034 2791 Non
1056 2768 1119 2790 enim
1141 2770 1256 2796 potestas,

403 2807 445 2830 sed
461 2810 552 2836 egestas
569 2807 653 2833 edendi
665 2813 691 2829 ac
703 2806 798 2829 bibendi
811 2807 894 2830 talibus
905 2807 1044 2835 corporibus
1055 2808 1180 2829 auferetur.
1192 2806 1257 2829 Unde

404 2849 427 2869 et
443 2847 570 2875 spiritualia
587 2850 666 2875 erunt,
684 2852 730 2869 non
747 2846 802 2875 quia
819 2853 917 2875 corpora
935 2853 986 2869 esse
1003 2847 1126 2875 desistent,
1143 2846 1184 2869 sed
1202 2846 1257 2875 quia

405 2886 487 2914 spuitu
505 2886 637 2909 vivificante
654 2886 789 2908 subsistent.
805 2885 852 2909 Cfr.
868 2885 1000 2914 Chrysost„
1017 2886 1040 2908 in
1052 2887 1114 2908 loan.
1126 2885 1204 2908 homil.
1217 2885 1255 2908 87.

406 2925 471 2953 (alias
488 2925 534 2954 86.)
552 2932 575 2947 n.
591 2926 614 2947 2.
630 2925 653 2947 in
671 2925 724 2947 fine.

468 2962 478 2976 ⁶
495 2965 548 2987 Sive
564 2965 634 2993 Epist.
653 2965 704 2987 loe.
723 2964 788 2994 (alias
807 2965 852 2994 49.)
871 2971 894 2994 q.
915 2966 934 2987 1.
951 2972 973 2987 n.
992 2965 1018 2993 6,
1036 2964 1076 2987 ubi
1093 2966 1167 2987 textus
1189 2963 1258 2992 origi-

1312 2139 1371 2161 nalis
1393 2138 1497 2162 candens
1520 2145 1563 2167 pro
1580 2138 1668 2161 calens.
1690 2137 1826 2161 Cir..Alex.
1850 2138 1913 2165 Hah,
1940 2137 1962 2160 S.
1987 2143 2010 2166 p.
2032 2137 2065 2160 lll.
2087 2143 2111 2166 q.
2128 2136 2165 2159 22.

1312 2185 1345 2201 rn.
1362 2180 1384 2201 2.
1401 2185 1422 2201 a.
1439 2178 1461 2201 3.

1375 2215 1385 2228 ⁶
1401 2218 1432 2239 Ita
1450 2217 1520 2239 etiam
1537 2217 1562 2239 Β.
1579 2216 1678 2244 Albert.‚
1696 2216 1785 2239 Postilla
1803 2216 1825 2238 in
1842 2216 1903 2239 Ioan.
1921 2216 1946 2238 2l
1957 2209 2023 2244 ,'l4,
2040 2215 2081 2244 qui
2093 2214 2167 2238 verbo

1312 2257 1438 2279 amaretur
1461 2256 1568 2284 praefigit
1591 2255 1730 2284 ardentins;
1755 2255 1823 2279 codd.
1850 2255 1934 2284 nostri,
1956 2253 2168 2278 contradicentibus

1312 2295 1337 2317 B.
1355 2295 1448 2318 Alberto
1465 2299 1487 2318 et
1504 2291 1609 2318 Gorrano
1625 2302 1668 2318 nec
1685 2302 1733 2318 non
1750 2295 1801 2323 ed.,
1818 2295 1888 2317 finem
1907 2294 2035 2317 verborum
2057 2294 2091 2316 sic
2107 2293 2168 2316 exhi-

1313 2334 1370 2357 hent
1387 2334 1506 2365 insignius
1523 2336 1659 2358 vocaretur.
1676 2334 1773 2357 Duobus
1789 2334 1812 2356 in
1830 2334 1886 2357 locis
1902 2333 2035 2356 invenimus
2049 2332 2168 2361 Chrysost.

1313 2376 1356 2396 hac
1369 2374 1399 2397 de
1410 2380 1435 2396 re
1446 2376 1596 2396 tractantem:
1613 2374 1637 2396 in
1649 2375 1711 2397 loan.
1723 2373 1804 2396 homil.
1822 2372 1859 2395 87.
1877 2372 1943 2401 (alias
1960 2371 2007 2401 86.)
2025 2378 2048 2395 n.
2065 2372 2088 2394 2.
2105 2371 2168 2394 et‘in

1313 2414 1362 2436 Act.
1379 2413 1457 2436 homil.
1478 2414 1499 2436 l.
1515 2420 1538 2436 n.
1556 2414 1577 2436 4.
1594 2414 1671 2436 Primo
1688 2414 1739 2435 loco
1757 2413 1800 2435 ait:
1818 2412 1914 2439 Viden',
1926 2411 2045 2441 quomodo
2062 2417 2108 2434 non
2126 2411 2168 2433 fre-

1299 2455 1410 2482 -quenter
1426 2459 1480 2475 curn
1503 2453 1546 2475 illis
1568 2455 1682 2479 versetur,
1699 2457 1775 2480 neque
1798 2451 1858 2474 sicut
1874 2452 1957 2474 antea?
1974 2450 2089 2479 Apparuit
2104 2450 2167 2472 enim

1313 2498 1412 2520 vespere
1434 2494 1456 2514 et
1472 2492 1584 2518 ex‘olavit;
1603 2491 1687 2514 deinde
1704 2494 1756 2519 post
1773 2491 1823 2513 dies
1840 2493 1891 2513 octo
1908 2491 1981 2513 semel
1996 2492 2040 2512 etc.
2060 2488 2167 2512 Secundo

1313 2531 1363 2553 loco
1381 2531 1448 2553 dicit:
1466 2532 1545 2560 Neque
1561 2531 1636 2558 enim,
1654 2533 1679 2554 ut
1699 2533 1752 2553 ante
1774 2530 1980 2557 resurrectionem,
2002 2534 2096 2557 semper
2112 2534 2165 2551 cum

1312 2571 1356 2593 illIs
1372 2574 1444 2593 erat...
1462 2570 1607 2593 Adveniebat
1629 2570 1690 2592 enim
1708 2572 1731 2592 et
1753 2569 1861 2592 avolabat
1882 2574 1983 2591 rursum.
2007 2568 2099 2597 Quare?
2117 2567 2168 2590 Ani-

1313 2616 1365 2632 mos
1382 2610 1472 2632 illorum
1490 2609 1523 2632 ad
1538 2609 1627 2632 altiora
1644 2608 1744 2632 ducebat
1760 2615 1802 2631 nec
1819 2608 1921 2635 sinebat,
1933 2608 1983 2630 illos
1994 2607 2092 2636 perinde
2108 2613 2167 2636 crya

1312 2655 1337 2672 se
1353 2648 1417 2679 affici
1431 2650 1502 2678 atque
1519 2650 1596 2672 antea.
1614 2661 1645 2665 —
1662 2649 1705 2671 Pro
1722 2647 1850 2678 respondet
1871 2647 2056 2677 chrysostomus
2078 2646 2116 2669 ed.
2132 2651 2167 2669 re-

1312 2688 1441 2718 spondetur
1457 2687 1589 2711 secundam
1606 2687 1776 2716 Bernardam‚·
1793 2687 1816 2710 in
1832 2689 1886 2709 nota
1898 2686 1987 2709 adiecta
1999 2685 2091 2712 dicitur,
2102 2685 2167 2714 quod

1316 2737 1327 2748 α
1339 2727 1394 2750 nihil
1412 2728 1496 2750 horum
1514 2727 1587 2750 simile
1605 2727 1697 2749 invenio
1715 2726 1779 2755 apud
1796 2726 1988 2755 chrysostomum
2000 2733 2027 2752 υ,
2044 2725 2085 2747 sed
2102 2724 2167 2754 quod

1313 2767 1388 2790 simile
1413 2767 1476 2795 apud
1501 2767 1645 2789 Bernardum
1670 2766 1815 2794 inveniatur3
1837 2766 1879 2788 cfr.
1903 2771 1975 2793 supra
1996 2771 2015 2787 c.
2034 2764 2072 2787 20.
2088 2770 2110 2787 n.
2129 2764 2166 2786 33.

1313 2805 1374 2829 Vide
1391 2806 1460 2828 etiam
1478 2812 1548 2834 supra
1567 2812 1622 2834 pag.
1639 2806 1697 2833 509,
1716 2808 1794 2828 notam
1813 2805 1849 2827 40.

1377 2843 1386 2857 ⁷
1405 2846 1472 2868 Vers.
1488 2845 1510 2867 7.
1528 2845 1573 2868 Cfr.
1592 2845 1648 2868 ibid.
1664 2851 1687 2867 n.
1705 2844 1743 2867 24.

1377 2882 1386 2895 ¹³
1404 2884 1464 2907 Vide
1480 2891 1550 2912 supra
1568 2891 1590 2907 n.
1609 2885 1629 2907 i.
2016 2880 2026 2894 ⁹
2044 2882 2110 2904 VerS.
2129 2881 2165 2903 ts.

1378 2922 1397 2936 ¹⁰
1415 2924 1480 2947 Vers.
1499 2924 1507 2946 i
1515 2924 1536 2946 5.
1553 2923 1655 2946 secunda
1672 2930 1727 2952 pars
1744 2923 1842 2946 habetur
1859 2929 1883 2945 v.
1901 2922 1943 2949 -165
1961 2921 2025 2944 tertia
2043 2927 2067 2943 v.
2087 2921 2125 2943 l7.

1379 2961 1396 2974 ¹¹
1417 2963 1457 2985 Ed.
1474 2969 1528 2985 cum
1545 2969 1591 2986 uno
1608 2963 1728 2992 alteroque
1744 2962 1796 2985 cod.
1814 2961 1879 2984 addit
1895 2959 2024 2990 inquisitio.

2179 629 2216 649 Re·
2231 627 2272 651 ,οι-ἵ

2209 653 2274 692 toi-¹}

2177 770 2231 790 natio
2241 771 2257 790 Ξ.

2202 1238 2264 1267 lection

2176 1615 2237 1634 ctione
2240 1614 2264 1633 ml
2268 1622 2276 1640 -2

2178 1640 2209 1657 tui·
2218 1637 2266 1657 trina>
2272 1648 2279 1655 υ

1312 1663 1391 1697 parte
1413 1659 1568 1689 secundum
1591 1662 1647 1689 tres
1661 1659 1908 1697 interrogationes:
1927 1659 2052 1697 prima,
2073 1659 2111 1688 ibi
2125 1660 2163 1688 ¹⁰:
2177 1661 2264 1685 terrogas
2284 1683 2285 1686 ,

2196 1850 2262 1869 lutei-ro

2183 1874 2210 1893 tio
2230 1873 2249 1897 1,

2183 1902 2219 1922 qua
2231 1897 2263 1917 tria
