2296 3316
270 426 297 445 De
311 426 395 444 exhorta·

281 449 330 467 tione
340 449 395 466 disci-

281 472 373 496 putot-um.

286 565 334 588 Quid
347 564 394 583 dies.

268 751 318 774 Quae
325 750 398 768 duratio

312 773 356 792 diei.

266 982 315 1006 Quid
322 987 400 1006 operan-

307 1005 350 1024 dum
353 1020 358 1024 .

274 1122 334 1140 Horas
347 1121 392 1141 dno-

301 1145 367 1164 decim.

413 156 470 183 400

414 235 479 261 tunc
498 230 624 268 foetidus
644 233 703 265 est;
725 229 791 267 quia
810 229 864 258 iam
894 230 1037 265 peccatum
1058 228 1118 257 eius
1138 228 1166 256 in
1187 228 1256 257 alios

413 278 591 311 diss'unditur;
612 278 692 306 Amos
718 279 833 314 quarto:
855 275 1017 304 Ascendere
1042 274 1100 313 feei
1123 275 1255 312 putredi-

412 333 475 353 nem
497 327 664 353 castrorum
683 326 846 352 vestrorum
869 322 900 351 in
920 330 1010 351 ‘nares
1029 326 1142 351 vestras
1163 325 1214 351 etc.

490 370 527 399 Ad
548 371 622 399 hunc
643 372 815 406 peccatorem
836 369 1025 398 suscitandum
1040 377 1057 397 a
1070 369 1188 397 mortuis
1202 369 1255 397 Do-

413 418 504 446 minus
524 416 659 445 sollt'citat
679 416 837 453 discipulos
863 425 950 450 suos,
972 424 1043 452 quos
1070 419 1097 444 et
1118 415 1255 452 praelatos

411 464 600 497 ordinaverat3
630 462 843 491 Proverbiorum
876 465 956 491 sexto
969 463 994 490 ¹:
1027 462 1185 496 Dis-curre,
1213 460 1255 498 fe-

411 510 502 543 stina,
524 508 634 537 suscita
656 508 783 537 amicum
806 512 899 537 tuum.
915 524 951 529 -
967 509 998 537 Et
1019 509 1164 542 hortatur,
1180 508 1254 545 quod

412 557 445 585 de
463 556 509 585 die
529 555 682 584 ambulent.
706 555 772 584 Dies
786 555 888 584 dicitur
902 558 1012 592 tempus
1026 555 1159 589 merendi,
1175 555 1253 592 quia,

411 603 476 632 dum
497 602 538 631 sol
558 602 664 636 oritur,
687 602 770 631 homo
791 602 850 630 exit
870 601 904 630 ad
925 609 996 638 opus
1016 609 1097 630 suum
1118 624 1124 635 ,
1146 604 1173 630 et
1190 601 1254 629 dae-

411 655 505 678 mones
531 647 755 681 absconduntur;
786 648 943 676 Psalmus2:
967 647 1056 676 Ortus
1087 650 1128 676 est
1147 647 1206 680 sol,
1229 650 1255 675 et

411 694 579 732 congyregyati
596 699 666 723 sunt
686 697 747 729 etc.;
769 698 796 724 et
817 697 894 732 post:
919 694 1016 723 Exibit
1028 694 1111 723 homo
1126 694 1166 722 ad
1180 702 1254 731 opus

410 750 497 770 suum
518 744 569 770 etc.
591 758 630 762 ——
650 741 702 770 Iste
723 741 781 770 dies
811 742 903 769 durat
932 741 967 770 ab
998 741 1119 769 adventu
1151 739 1253 768 Christi

411 796 499 824 usque
519 788 553 816 ad
574 788 646 817 diem
668 788 776 821 iudicii;
792 788 858 825 quia
872 796 957 824 supra
971 796 1043 816 nono
1054 787 1082 815 ³:
1103 786 1253 822 Quamdiu

410 844 476 863 sum
507 835 537 863 iu
567 836 690 869 mundo,
712 835 764 863 lux
790 844 858 863 sum
887 835 1009 868 mundi,·
1030 837 1057 863 et
1084 835 1142 871 ipse
1163 837 1204 863 est
1225 834 1252 862 in

410 882 512 911 mundo
534 890 623 920 usque
638 882 677 910 ad
691 881 968 910 consummationem
982 881 1094 910 saeculi
1100 891 1110 914 ;
1124 880 1252 909 Matthaei

411 928 524 957 ultimo:
547 929 630 962 Eece,
652 937 702 965 eqo
732 927 880 956 vobiscum
909 936 974 956 sum
997 927 1132 956 omnibus
1152 927 1253 955 diebus

409 984 500 1013 usque
519 975 559 1003 ad
579 974 857 1003 consummationem
877 974 995 1003 saeculi.
1011 991 1048 996 —
1064 974 1097 1002 Et
1116 974 1168 1003 hoc
1190 982 1253 1011 ope—

411 1021 549 1054 randum,
561 1024 592 1049 ut
602 1023 761 1057 peccatores
775 1020 957 1054 suscitentur3
972 1020 1006 1048 ad
1020 1020 1129 1049 Galatas
1139 1020 1252 1048 sexto4:

412 1067 569 1104 Operemur
597 1067 703 1095 bonum
732 1068 771 1095 ad
802 1075 915 1101 omnes,
937 1066 1066 1095 maxime
1094 1070 1191 1095 autem
1213 1066 1254 1094 ad

409 1114 575 1143 domesticos
595 1113 670 1150 fidei.
687 1130 724 1135 —
741 1113 898 1142 Duodecim
913 1112 1002 1142 horae
1023 1113 1108 1142 huius
1122 1113 1174 1141 diei
1191 1121 1253 1150 pos—

408 1162 473 1189 sunt
493 1160 545 1189 dici
566 1160 717 1189 duodecim
737 1164 832 1189 status
855 1159 980 1194 Christi,
1003 1160 1036 1189 de
1057 1160 1160 1197 quibus
1176 1160 1253 1189 habi-

409 1210 469 1236 tum
488 1210 529 1236 est
550 1215 636 1244 supra
656 1211 757 1245 quarto
767 1207 787 1235 ⁵.
806 1224 845 1228 —
866 1208 915 1236 Vel
937 1211 1053 1244 possunt
1073 1208 1125 1236 dici
1147 1208 1254 1236 duode-

408 1254 465 1282 cim
486 1254 632 1291 Apostoli,
654 1255 701 1292 qui
723 1255 804 1284 etiam
827 1255 971 1292 significati
993 1258 1059 1284 sunt
1080 1263 1129 1293 per
1150 1255 1254 1285 duode-

409 1301 461 1329 cim
493 1301 620 1338 lapidae,
652 1310 701 1338 per
732 1302 877 1331 duodecim
907 1301 1001 1340 fontes
1031 1303 1059 1331 in
1088 1303 1172 1337 Elim,
1204 1311 1254 1340 per

408 1347 553 1376 duodecim
576 1348 658 1377 boves
678 1349 760 1377 circa
780 1358 864 1377 mare
878 1358 1000 1379 aeneum
1015 1350 1189 1384 Salomonis,
1204 1358 1254 1387 per

408 1394 553 1423 duodecim
576 1395 687 1432 lapides
704 1396 863 1433 pretiosos,
885 1399 912 1424 et
942 1404 1017 1425 nunc
1038 1404 1088 1433 per
1108 1396 1252 1425 duodecim

409 1440 491 1469 horas
502 1440 522 1468 ⁶.
537 1456 576 1461 ——
591 1441 640 1470 Vel
660 1441 810 1470 duodecim
831 1440 922 1470 horae
942 1445 1007 1471 sunt
1028 1442 1180 1470 duodecim
1193 1443 1253 1470 vir-

409 1490 497 1521 tutes,
519 1495 590 1524 quae
611 1488 725 1516 fuerunt
746 1488 773 1516 in
794 1488 918 1522 Christo,
940 1488 1043 1517 scilicet
1057 1491 1178 1525 quatuor
1193 1496 1253 1517 car-

408 1533 527 1568 dinales,
551 1542 608 1562 una
638 1534 790 1571 theologica
802 1535 821 1568 ⁷,
850 1538 877 1563 et
905 1538 1009 1571 septem
1038 1535 1117 1563 dona.
1144 1552 1182 1555 —
1203 1535 1251 1563 Vel

408 1580 558 1609 duodecim
579 1579 670 1609 horae
689 1581 821 1609 dicuntur
846 1581 998 1610 duodecim
1017 1580 1136 1619 fructus
1157 1581 1252 1618 Spiri-

408 1630 471 1660 tus,
492 1627 525 1655 de
546 1627 648 1663 quihus
670 1627 843 1664 Apocalypsis
864 1628 996 1664 vigesimo
1017 1628 1176 1656 secundoss:
1205 1628 1252 1656 Li-

405 1682 497 1711 9mtm
517 1674 593 1702 vitae
613 1673 738 1711 afferens
757 1672 877 1710 fructus
904 1675 1055 1703 duodecim
1072 1684 1128 1712 per
1148 1676 1250 1712 sintqu-

407 1720 448 1748 tos
469 1728 587 1748 menses.

485 1766 529 1795 31.
552 1766 670 1795 Martha
684 1776 766 1805 erqo,
782 1771 815 1796 ut
835 1767 951 1796 audivit
964 1770 1015 1797 etc.
1031 1769 1121 1804 Supra
1132 1768 1143 1785 ⁹
1158 1768 1249 1797 deter-

407 1813 508 1842 minata
530 1816 595 1842 sunt
614 1814 670 1842 duo
690 1814 878 1843 antecedentia
898 1814 931 1843 ad
952 1814 1133 1848 miraculum,
1148 1814 1252 1843 scilicet

407 1995 494 2023 Evang.
510 1998 536 2017 tr.
555 1995 591 2017 49.
608 2002 632 2018 n.
649 1996 676 2024 3,
693 1996 737 2017 alio
763 1998 840 2018 tamen
865 1996 936 2018 modo
961 1997 1091 2025 applicata,
1117 1997 1167 2025 ipse
1190 1997 1251 2018 enim

406 2034 505 2061 applicat
521 2034 551 2057 ad
568 2037 614 2057 tres
638 2037 755 2062 mortuos,
772 2035 812 2064 qui
830 2041 843 2057 a
860 2036 958 2058 Domino
975 2038 1028 2058 sunt
1044 2036 1185 2064 resuscitati,
1202 2036 1251 2059 scil.

405 2073 434 2095 ad
452 2073 521 2095 filiam
538 2074 715 2102 archisynagogi
728 2074 757 2097 in
773 2074 842 2098 domo
859 2075 936 2098 adhuc
948 2075 1059 2098 iacentem
1073 2076 1150 2103 (Marc.
1162 2075 1183 2103 5,
1196 2075 1252 2105 tt),

406 2112 476 2134 fllium
493 2113 577 2135 viduae
594 2114 666 2136 actm
680 2115 778 2143 portam
796 2114 861 2136 Naim
878 2115 963 2136 elatum
982 2114 1045 2143 (Luc.
1063 2115 1090 2143 7,
1109 2115 1155 2144 44.)
1174 2118 1196 2138 et
1212 2117 1254 2139 La-

406 2157 483 2173 zarum
499 2152 619 2181 sepultum
635 2152 833 2182 quatriduanum.
851 2153 909 2175 Dicit
927 2153 1013 2181 igitur:
1026 2154 1141 2178 lntueatur
1152 2155 1253 2184 quisque

405 2190 506 2212 animam
524 2196 602 2218 suanm
615 2191 632 2213 si
646 2193 738 2219 peccat,
751 2192 870 2214 moritur...
883 2192 929 2215 Sed
941 2193 1066 2222 aliquando
1079 2194 1102 2215 in
1113 2193 1253 2221 cogitatione

405 2232 520 2256 peccatur.
546 2229 671 2252 Delectavit
696 2231 759 2259 quod
783 2232 871 2254 malum
897 2235 942 2260 est,
968 2233 1116 2260 consensisti,
1138 2233 1249 2261 peccasti,

405 2268 526 2290 consensio
551 2268 588 2290 illa
613 2269 697 2292 occidit
718 2272 755 2299 te,
775 2271 817 2294 sed
834 2271 898 2295 intus
916 2275 950 2295 est
967 2278 1052 2294 mors...
1071 2272 1093 2294 Si
1111 2275 1186 2295 autem
1204 2278 1251 2295 non

406 2307 479 2329 solum
496 2307 569 2330 malae
586 2308 731 2333 delectationi
748 2311 889 2339 consensisti,
907 2311 948 2333 sed
973 2311 1041 2333 ctiam
1067 2311 1143 2339 ipsum
1164 2312 1251 2334 malum

408 2346 491 2375 fecisti,
508 2348 575 2377 quasi
592 2352 710 2372 mortuum
728 2351 798 2373 extra
814 2352 911 2380 portam
936 2351 1058 2373 extulisti...
1080 2351 1171 2373 Tertius
1191 2357 1253 2373 mor-

408 2389 461 2409 tuus
478 2390 512 2410 est
528 2389 634 2411 Lazarus.
660 2390 697 2411 Est
714 2396 787 2418 genus
804 2390 883 2413 mortis
900 2390 1013 2418 immane,
1031 2390 1091 2412 mala
1108 2390 1252 2412 consuetudo

408 2427 561 2454 appellatur...
578 2428 621 2456 Qui
639 2431 714 2451 autem
732 2435 829 2457 peccare
841 2429 973 2457 consuevit,
984 2429 1091 2458 sepultus
1103 2432 1148 2456 est,
1160 2432 1183 2452 et
1194 2429 1253 2451 bene

408 2465 438 2487 tle
455 2466 491 2488 illo
508 2466 590 2489 dicitur
613 2467 694 2496 foetet,
719 2468 798 2496 incipit
822 2468 883 2491 enim
909 2468 995 2491 habere
1017 2469 1143 2496 pessimam
1168 2469 1252 2491 samam

408 2508 515 2533 tanquam
533 2505 629 2528 odorem
647 2507 798 2529 teterrimum.
820 2506 865 2530 Csr.
882 2510 937 2529 tom.
958 2507 994 2530 lV.
1011 2513 1064 2535 pag.
1084 2507 1143 2536 344,
1160 2510 1213 2529 nota
1231 2507 1253 2534 5,

408 2542 445 2565 uhi
463 2543 532 2566 etlam
549 2544 587 2567 alii
603 2545 646 2567 loci
662 2546 761 2573 August.
777 2546 807 2568 de
823 2547 865 2569 hac
882 2553 907 2569 re
924 2549 977 2569 sunt
994 2547 1092 2574 allegati.

470 2581 477 2594 ¹
496 2583 561 2605 Vers.
579 2584 601 2606 3.

469 2620 479 2634 ²
497 2623 578 2645 psalm.
597 2623 654 2650 403,
672 2624 710 2646 22.
730 2627 752 2646 et
768 2625 805 2647 23.

471 2659 480 2672 ³
498 2662 563 2683 Vers.
580 2661 601 2684 5.
619 2661 663 2684 Csr.
681 2662 737 2685 ibid.
755 2670 778 2685 n.
798 2664 832 2686 16.
849 2676 880 2680 -
897 2664 1005 2693 Sequitur
1022 2664 1098 2687 Matth.
1116 2664 1159 2691 28,
1177 2665 1213 2686 20.

470 2698 480 2712 “¹
498 2700 564 2722 Vers.
581 2701 617 2723 lo.
1012 2702 1022 2715 ⁵
1038 2704 1105 2726 Num.
1123 2704 1160 2725 82.
1177 2706 1199 2725 et
1217 2703 1253 2725 83.

471 2736 481 2750 ὅ
497 2738 543 2761 Csr.
560 2740 625 2761 Iosue
644 2739 670 2767 4,
687 2741 708 2762 2.
725 2746 803 2769 seqq„
820 2740 861 2763 ubi
877 2741 1001 2764 duodecim
1017 2742 1073 2764 viris
1092 2741 1169 2764 electis
1188 2747 1255 2769 prae-

410 2777 506 2805 cipitur,
523 2778 586 2806 quod
608 2778 716 2806 colligant
733 2778 856 2803 duodecim
882 2779 971 2809 lapides
995 2780 1025 2802 de
1050 2780 1127 2802 medio
1153 2780 1255 2802 iordanis

408 2817 475 2838 alveo
494 2816 557 2845 (vide
575 2819 630 2839 tom.
648 2818 681 2840 lll.
700 2824 754 2846 pag.
772 2818 830 2847 536,
847 2821 925 2841 notam
939 2820 986 2848 fl.);
1003 2819 1072 2842 Exod.
1091 2819 1133 2845 45,
1151 2819 1196 2841 27:
1213 2819 1255 2841 Ve-

410 2858 493 2877 nerunt
510 2858 586 2877 autem
604 2855 626 2878 in
645 2856 700 2878 Elim
719 2857 757 2879 filii
783 2858 857 2884 lsrael,
882 2858 921 2880 ubi
947 2860 1010 2880 erant
1032 2857 1154 2880 duodecim
1180 2857 1254 2887 fontes

409 2899 530 2922 aquarum
541 2902 551 2922 ‚-
571 2894 603 2916 Ill.
622 2894 679 2922 Reg.
701 2895 728 2921 7,
746 2895 792 2917 25:
809 2896 835 2917 Et
851 2895 926 2918 stabnt
943 2895 1029 2926 [mare]
1046 2902 1116 2924 super
1133 2895 1255 2919 duodecim

410 2931 477 2955 boves
493 2935 552 2960 etc.;
570 2933 641 2960 Apoc.
659 2934 696 2961 21,
715 2933 750 2955 Μ.
769 2937 791 2956 et
811 2934 845 2956 19.
862 2940 922 2963 seq.‚
947 2934 986 2957 ubi
1012 2935 1042 2957 de
1059 2934 1181 2958 duodecim
1199 2934 1255 2964 lapi·

1035 150 1204 179 COMMENT.
1226 150 1259 179 ΙΝ
1280 149 1426 179 ΙΟΑΝΝΕΜ
1447 150 1475 178 C.
1496 150 1539 178 xl.

1310 227 1481 257 denuntiatio
1502 228 1670 257 infirmitatis
1691 230 1717 256 et
1745 227 1881 256 adventus
1901 225 2011 261 Medici;
2034 225 2156 262 tangitur
2167 232 2267 277 ιῖξιὶιιιῖοιι.
2290 241 2292 269 ν]

1311 274 1356 303 hio
1376 275 1506 309 tertium,
1527 275 1630 304 scilicet
1658 274 1824 303 intercessio
1844 272 1928 310 fidei,
1951 280 2022 309 quae
2042 271 2156 309 quidem
2167 279 2194 299 siu
2206 264 2265 301 flaeif',
2290 272 2292 301 ἑ

1310 321 1471 351 merehatur
1503 322 1596 350 Lazari
1629 321 1843 350 suscitationem.
1876 320 1945 348 Haec
1975 321 2067 347 autem
2096 321 2157 348 erat

1311 368 1378 397 fides
1399 371 1426 398 et
1446 369 1555 397 devotio
1575 368 1696 397 duarum
1710 375 1853 402 sororum,
1868 366 1990 395 Marthae
2012 365 2115 394 scilicet
2129 368 2157 395 et

1311 415 1418 444 Mariae.
1441 415 1517 444 Unde
1547 415 1639 452 primo
1670 414 1827 443 insinuatur
1855 413 1922 442 tides
1943 411 2093 446 Marthae,·
2115 419 2157 441 se-
2252 409 2266 449 ’ς

1311 462 1410 496 cundo,
1426 462 1550 496 Mariae,
1566 461 1603 490 ihi
1617 462 1654 489 ¹⁰:
1671 462 1706 489 Et
1720 469 1786 489 cum
1798 459 1868 489 haee
1880 460 2009 493 diacisset,
2021 459 2092 488 abiit
2103 461 2155 488 etc.
2262 459 2267 498 l

1389 508 1466 537 Fides
1488 508 1572 545 igitur
1593 510 1620 536 et
1640 507 1748 536 devotio
1773 506 1906 535 Marthae
1930 506 2087 535 insinuatur
2103 506 2155 535 hoc
2175 501 2296 556 ggmssffifliss

1310 554 1420 583 ordine:
1442 555 1532 591 primo
1554 554 1681 582 innuitur
1702 554 1824 582 Marthae
1838 553 1960 582 officiosa
1973 553 2280 587 sollieitudomanmt»

1310 600 1443 635 secundo,
1465 600 1552 637 ipsius
1573 600 1661 628 fidelis
1682 600 1841 637 confessio;
1862 600 1958 633 tertio,
1980 599 2068 628 fidelis
2089 607 2155 628 con·
2263 612 2267 644 ι

1309 646 1446 684 fessionis
1466 646 1666 684 amplificatio.
2263 645 2269 690 ζ

1388 694 1477 730 (Vers.
1499 694 1567 728 20.).
1590 693 1712 722 Marthae
1740 693 1825 730 igitur
1846 692 2008 721 sollicitudo
2029 692 2156 721 innuitur
2167 692 2282 742 &diff-⁰¹33

1309 740 1336 768 in
1358 740 1425 774 hoc,
1447 739 1522 777 quod
1543 740 1602 776 ipsa
1625 739 1739 768 Domino
1770 740 1907 774 occurrit;
1931 748 1985 768 non
2007 739 2155 774 sustinuit,
2173 736 2283 780 ΡιίιιιιιιιιῖξἸ

1309 787 1383 824 quod
1404 786 1512 815 veniret
1532 794 1622 823 usque
1643 786 1676 814 ad
1698 786 1824 820 domum;
1853 786 1914 814 ideo
1934 786 2015 815 dicit:
2037 785 2157 815 Martha
2266 790 2267 823 Ῐ

1309 842 1391 871 cryc,
1413 836 1447 862 ut
1466 833 1596 867 audivit,
1618 832 1691 870 quia
1714 833 1794 861 Iesus
1821 833 1914 867 venit,
1936 832 2066 861 occurrit
2086 832 2113 861 ei
2125 833 2156 862 ¹¹.

1309 880 1338 908 ln
1359 880 1411 908 hoc
1432 882 1523 916 patet,
1551 879 1625 916 quod
1653 879 1761 907 Martha
1789 879 1909 908 multum
1937 881 1997 908 erat
2028 879 2157 914 sollicita,

1309 926 1356 955 sed
1377 934 1392 955 e
1413 926 1552 955 contrario
1573 926 1658 954 Maria
1678 925 1787 962 quieta3
1803 925 1876 954 unde
1890 925 1968 954 dicit:
1990 925 2089 954 Maria
2103 934 2158 955 au-

1309 976 1363 1001 tem
1384 973 1464 1001 domi
1483 971 1614 1006 sedebat,
1636 972 1731 1009 quieta
1751 972 1862 1001 scilicet.
1886 972 2035 1009 Propterea
2055 972 2158 1001 dicitur

1309 1020 1398 1048 Lucae
1418 1019 1540 1048 decimo:
1568 1031 1580 1044 α
1595 1019 1717 1053 Martha,
1739 1019 1862 1054 Martha,
1884 1019 1999 1048 sollicita
2013 1027 2042 1049 es
2056 1023 2083 1049 et
2099 1022 2158 1049 tur-

1309 1067 1384 1096 baris
1404 1075 1471 1104 erga
1491 1066 1626 1103 plurima;
1648 1066 1732 1095 Maria
1753 1066 1885 1103 optimam
1913 1069 2019 1104 partem
2041 1067 2156 1104 elegit».

1309 1114 1418 1151 Optime
1433 1121 1482 1151 per
1497 1114 1632 1142 Martham
1647 1117 1841 1143 occurrentem
1857 1113 2029 1151 significatur
2044 1114 2157 1149 activa;

1310 1160 1393 1190 Isaiae
1423 1161 1555 1198 vigesimo
1584 1161 1673 1198 primo
1686 1162 1724 1190 ¹²:
1754 1161 1852 1190 «Cum
1878 1161 1997 1198 panibus
2017 1161 2157 1191 occurrite

1309 1208 1423 1246 fugienti
1436 1219 1463 1243 »ς
1485 1216 1536 1246 per
1550 1209 1662 1237 Mariam
1677 1208 1751 1237 domi
1767 1209 1906 1238 sedentem
1921 1208 2158 1246 contemplativa;

1310 1255 1383 1285 unde
1404 1256 1581 1285 Threnorum
1603 1256 1685 1285 tertio
1706 1256 1739 1285 de
1760 1256 1820 1285 viro
1835 1256 2063 1293 contemplativo:
2083 1267 2096 1281 α
2112 1256 2158 1284 Se-

1310 1302 1384 1331 debit
1405 1302 1545 1331 solitarius
1566 1305 1593 1331 et
1615 1303 1730 1337 tacebit,
1746 1303 1812 1340 quia
1826 1302 1927 1331 levavit
1947 1310 1976 1331 se
1991 1309 2076 1339 super
2090 1310 2119 1331 se
2130 1313 2156 1330 ι).

1389 1349 1435 1378 32.
1458 1349 1546 1385 (Vers.
1569 1350 1636 1384 21.).
1662 1349 1741 1377 Dixit
1755 1357 1824 1387 erqo
1838 1347 1957 1377 Martha
1970 1348 2000 1376 ¹⁸.
2023 1348 2157 1386 Tangitur

1309 1395 1355 1424 hic
1376 1395 1543 1429 secundum,
1566 1395 1670 1424 scilicet
1691 1396 1814 1424 Marthae
1833 1394 1928 1432 fidelis
1948 1393 2107 1432 confessio,
2129 1395 2157 1424 in

1309 1450 1365 1478 qua
1385 1442 1534 1470 confitetur
1555 1442 1703 1471 Dominum
1725 1444 1865 1479 potentem
1886 1445 1913 1471 et
1935 1442 2101 1479 benignum,
2126 1445 2158 1471 ut

1309 1492 1401 1525 posset
1432 1491 1458 1517 et
1487 1489 1568 1517 vellet
1599 1489 1718 1518 liberare
1748 1492 1775 1517 et
1796 1497 1871 1517 nunc
1892 1489 2075 1524 resuscitare3
2096 1489 2158 1518 ideo

1308 1535 1388 1564 dicit:
1412 1535 1545 1570 Domine,
1573 1535 1601 1564 si
1629 1534 1737 1572 fuisses
1768 1534 1831 1569 hic,
1863 1534 1960 1573 frater·
1984 1544 2067 1564 meus
2098 1544 2158 1564 non

1306 1580 1412 1619 fuisset
1432 1585 1583 1615 mortuus,-
1597 1582 1664 1619 quia
1678 1582 1812 1611 voluisses
1830 1584 1858 1611 et
1872 1582 2010 1619 potuisses
2024 1582 2156 1617 liberare;

1307 1628 1355 1656 sed
1376 1630 1404 1657 et
1424 1636 1498 1657 nunc
1520 1631 1598 1665 potes
1619 1629 1795 1657 resuscitare.
1818 1629 1880 1658 Ideo
1900 1629 1979 1658 dicit:

1386 1675 1432 1703 33.
1456 1675 1544 1711 (Vers.
1568 1676 1635 1711 22).
1658 1676 1714 1704 Sed
1734 1679 1760 1704 et
1779 1684 1860 1705 nunc
1880 1677 1954 1711 seio,
1969 1676 1996 1705 id
2010 1679 2061 1711 est,
2076 1676 2158 1705 firma

1307 1721 1361 1750 fide
1382 1724 1477 1756 teneo,
1499 1722 1584 1760 quia,
1607 1730 1806 1761 quaecumque
1837 1723 2003 1761 poposceris
2030 1731 2051 1752 a
2084 1723 2156 1756 Deo,

1307 1768 1388 1796 dabit
1409 1768 1462 1797 tibi
1482 1768 1566 1797 Deus.
1593 1769 1764 1806 Augustinus
1777 1770 1815 1798 14;
1843 1782 1857 1796 «
1871 1771 1947 1805 Scio,
1969 1770 2044 1808 quod
2065 1772 2154 1807 potes;

1307 1814 1329 1843 si
1350 1815 1407 1849 vis,
1435 1814 1516 1849 facis;
1544 1817 1643 1845 utrum
1675 1819 1769 1846 autem
1790 1817 1889 1852 facias,
1911 1817 2005 1846 iudicii
2036 1816 2078 1846 tui
2098 1820 2157 1850 est,

2174 1353 2262 1373 secundun
2283 1366 2285 1368 -

1309 1995 1377 2020 dibus
1393 1998 1516 2027 pretiosis,
1543 2005 1603 2028 quae
1623 1999 1748 2022 duodecim
1766 1999 1918 2022 fundamenta
1936 1999 2045 2022 dicuntur
2062 1992 2161 2022 civitatis

1310 2037 1421 2060 caelestis.
1439 2038 1549 2067 August,
1566 2038 1589 2060 in
1607 2038 1668 2061 ioan.
1686 2039 1774 2067 Evang.
1793 2041 1819 2061 tr.
1839 2038 1875 2061 49.
1892 2045 1915 2061 n.
1933 2039 1963 2061 8:
1979 2039 2065 2063 Nonne
2075 2037 2160 2062 duode-

1311 2075 1357 2099 cim
1374 2075 1447 2099 horae
1463 2078 1520 2100 sunt
1536 2076 1601 2100 diei?
1619 2077 1689 2106 Quia,
1707 2079 1732 2099 ut
1749 2077 1811 2100 diem
1829 2083 1854 2100 se
1870 2083 1921 2100 esse
1942 2077 2085 2106 ostenderet,
2102 2077 2158 2101 duo-

1310 2115 1386 2138 decim
1404 2116 1531 2144 discipulos
1547 2116 1624 2143 elegit.

1372 2152 1381 2166 ⁷
1399 2154 1489 2177 Scilicet
1505 2155 1602 2182 caritas;
1620 2154 1691 2177 fidem
1708 2156 1731 2177 et
1747 2161 1814 2182 spem
1832 2154 1918 2177 hahere
1935 2160 1981 2177 non
1997 2155 2084 2184 potuit,
2101 2154 2157 2184 quia

1310 2196 1358 2216 erat
1374 2194 1442 2216 simul
1460 2194 1534 2216 viator
1556 2196 1578 2216 et
1603 2194 1793 2221 comprehensor.
1809 2192 1854 2216 cnr.
1871 2194 1904 2215 lll.
1922 2193 1983 2216 Sent.
2001 2193 2024 2216 d.
2043 2194 2080 2216 31.
2098 2199 2119 2216 a.
2136 2194 2158 2216 2.

1310 2235 1332 2255 et
1349 2233 1378 2260 3;
1395 2233 1418 2255 d.
1437 2233 1474 2255 33.
1493 2239 1515 2261 q.
1534 2233 1557 2254 6.

1372 2270 1382 2284 ⁸
1399 2271 1467 2294 Vers.
1483 2272 1505 2294 2.
1927 2269 1937 2283 ⁹
1953 2271 2020 2294 Num.
2038 2272 2060 2294 ⁴.
2079 2274 2102 2294 et
2119 2271 2158 2295 ⁴7.

1373 2309 1393 2322 ¹⁰
1412 2311 1476 2333 Vers.
1494 2311 1532 2333 28.
1548 2323 1579 2327 —
1596 2310 1708 2338 Superius
1725 2312 1778 2338 post
1793 2315 1908 2333 sororum
1919 2310 1956 2333 ed.
1975 2316 2029 2333 cum
2045 2310 2161 2333 nonnullis

1310 2349 1379 2372 codd.
1397 2350 1462 2372 addit
1478 2348 1574 2372 Lazari.

1373 2388 1391 2401 ¹¹
1411 2389 1507 2417 Vulgata
1526 2391 1548 2411 et
1564 2389 1581 2411 E
1599 2387 1642 2411 illi.
1653 2400 1684 2405 —
1696 2388 1801 2411 Subinde
1817 2389 1928 2416 allegatur
1939 2389 1994 2411 Luc.
2008 2389 2049 2417 ⁴0,
2063 2388 2100 2411 4¹.
2112 2395 2160 2418 seq.

1374 2427 1393 2440 ¹²
1410 2428 1476 2451 Vers.
1494 2428 1531 2450 1¹4.
1548 2440 1579 2444 —
1597 2428 1704 2456 Sequitur
1723 2428 1808 2450 Thren.
1828 2428 1854 2456 3,
1872 2429 1909 2450 28.
1927 2428 2007 2450 Glossa
2024 2427 2160 2451 interlinea-

1310 2466 1362 2490 ris:
1379 2466 1501 2491 Martha...
1518 2465 1626 2490 occurrit
1646 2465 1694 2494 illi,
1721 2466 1796 2489 activa
1813 2466 1859 2489 vita
1877 2466 1979 2495 primum
1998 2467 2098 2489 occurrit
2119 2472 2161 2495 per

1311 2512 1382 2534 opera
1400 2506 1587 2528 misericordiae:
1605 2505 1685 2528 Maria
1702 2506 1782 2528 autem
1799 2505 1865 2529 domi
1879 2505 1983 2534 sedebat,
1996 2505 2050 2534 quia
2062 2507 2162 2528 contem-

1311 2545 1389 2573 plativi
1407 2545 1508 2573 quietem
1526 2544 1665 2567 desiderant.
1677 2543 1722 2567 Cfr.
1734 2544 1809 2571 Beda,
1827 2545 1860 2567 lll.
1876 2545 1959 2567 Homil.
1977 2543 2160 2571 subdititiarum‚

1312 2583 1391 2606 homil.
1409 2583 1446 2606 57.
1463 2583 1485 2605 in
1503 2583 1541 2605 die
1557 2585 1653 2605 assumt.
1671 2583 1761 2605 Mariae.

1375 2620 1394 2634 ¹³
1412 2622 1510 2650 Vulgata
1528 2621 1593 2644 addit
1609 2621 1641 2644 ad
1657 2622 1744 2644 Iesum.

1375 2659 1395 2673 ¹⁸¹
1412 2661 1435 2683 ln
1453 2661 1513 2683 loan.
1530 2661 1619 2688 Evang.
1636 2664 1663 2683 tr.
1682 2660 1719 2683 49.
1736 2667 1759 2683 n.
1782 2661 1821 2688 13,
1839 2660 1878 2683 ubi
1896 2667 1939 2689 pro
1962 2660 2027 2690 quod
2042 2663 2064 2683 et
2080 2661 2161 2684 autem

1312 2702 1386 2722 textus
1402 2700 1520 2727 originalis
1546 2699 1603 2729 quia
1620 2699 1659 2726 (ita
1679 2699 1748 2721 etiam
1767 2699 1793 2728 N)
1812 2701 1834 2721 et
1850 2699 1931 2728 em'm;
1948 2699 2025 2727 plures
2042 2699 2110 2721 codd.
2126 2698 2161 2728 sa-

1312 2738 1357 2762 cies
1374 2745 1417 2767 pro
1432 2738 1517 2768 facias.
1533 2751 1565 2755 —
1583 2739 1614 2761 De
1631 2745 1680 2767 seq.
1705 2739 1875 2767 propositione,
1903 2739 1926 2761 in
1945 2744 1991 2768 qua
2009 2739 2039 2761 de
2055 2737 2161 2761 insinua-

1313 2777 1387 2805 tione,
1404 2778 1445 2799 cfr.
1462 2783 1533 2805 supra
1551 2783 1606 2805 pag.
1626 2778 1684 2806 396,
1697 2780 1749 2800 nota
1763 2777 1799 2800 tt.
1812 2777 1885 2800 verba
1897 2778 1970 2806 Hug.,
1982 2777 2021 2806 qui
2034 2777 2063 2800 de
2075 2777 2161 2799 Martha

1313 2819 1334 2838 et
1351 2817 1419 2839 Maria
1432 2817 1470 2845 (de
1482 2816 1549 2839 Modo
1567 2817 1660 2845 orandi,
1674 2823 1694 2839 c.
1706 2817 1736 2845 3.)
1756 2818 1812 2839 haec
1829 2817 1908 2839 addit:
1926 2817 1995 2845 Dixit,
2007 2816 2069 2838 unde
2080 2816 2162 2838 volun-

1313 2858 1346 2878 tas
1362 2856 1540 2884 intelligeretur,
1557 2856 1599 2879 sed
1621 2856 1737 2879 temeritas
1762 2862 1808 2878 non
1832 2855 2053 2884 rcprehendcretnr,
2078 2856 2102 2877 ut
2124 2854 2161 2876 vel

1312 2901 1358 2917 non
1374 2895 1482 2918 exaudita
1499 2896 1606 2923 repulsae
1623 2902 1669 2917 non
1687 2897 1804 2923 pateretur
1816 2894 1983 2923 opprobrium,
2001 2894 2037 2917 vel
2054 2893 2160 2916 exaudita

1313 2934 1437 2957 voluntatis
1454 2940 1510 2957 snae
1527 2938 1708 2963 consequeretur
1725 2935 1840 2957 effectum.
