2296 3316
289 930 345 956 Hesp.
360 931 377 950 1.

289 1070 345 1095 neap.
359 1070 377 1089 2.

399 177 454 205 318

399 273 447 301 ciis
462 284 488 300 ιι.
520 272 612 300 Posset
643 272 744 306 quarta
765 268 835 297 ratio
867 267 959 296 reddi:
991 267 1024 295 ad
1056 266 1245 295 confusionem

398 318 633 351 damnandorum3
663 316 735 345 unde
763 314 939 352 Apocalypsis
967 314 1057 350 primo
1073 315 1101 341 ¹:
1137 313 1246 342 Videbit

397 374 463 395 eum
484 365 578 393 omnis
599 363 717 396 oculzw,
738 365 763 390 et
783 361 836 399 qui
855 369 920 389 eam
940 363 1141 397 pztpuyerzmt.

477 413 521 440 65.
535 411 644 447 Quaest.
662 409 701 437 Ill.
717 409 797 442 Item,
812 408 845 436 de
864 408 916 436 11οο
932 407 1006 444 quod
1020 406 1101 435 dicit:
1120 407 1153 435 Et
1166 406 1245 435 mitte

397 466 520 487 manum
542 461 626 485 tuam
657 456 687 484 in
719 455 797 483 latus
829 463 924 482 meum
946 456 997 483 etc.
1020 470 1059 474 --
1081 453 1152 490 Ergo
1183 461 1244 482 cor-

396 513 450 543 pus
470 504 571 533 Christi
600 505 660 532 erat
681 502 832 539 palpabile;
855 501 918 535 sed,
947 501 1019 529 sicut
1049 500 1115 529 dicit
1142 500 1245 537 Grego-

396 552 456 580 rius
467 551 487 585 ²³,
513 562 526 575 «ι
541 557 622 578 0111110
643 548 779 586 palpabile
800 550 842 577 est
856 547 1080 584 corruptibilem
1102 554 1169 584 ergo
1183 554 1245 575 cor-

396 606 449 635 pus
468 596 536 625 illud
558 598 618 625 erat
639 594 828 632 corruptibile.
852 611 888 615 -
912 594 945 623 Sz·
965 594 1065 628 dicae,
1087 594 1159 622 sicut
1179 593 1245 622 dicit

396 645 624 681 Chrysostomus,
640 643 714 680 quod
734 654 747 667 «
762 642 814 670 hoc
829 644 889 671 erat
903 641 1141 670 condescensionis
1170 640 1244 678 quod

396 692 479 721 fiebat
493 702 524 725 »;
547 694 616 719 tunc
637 689 792 718 obiicitur.-
814 689 895 727 quia,
922 689 943 717 si
966 688 1092 726 palpari
1110 690 1151 716 est
1180 695 1244 716 con-

396 742 439 768 tra
467 740 595 767 naturam
623 737 748 774 corporis
769 735 928 774 glorificati,
957 743 1023 772 ergo
1052 734 1243 768 manifestum,

395 785 469 823 quod
491 785 517 813 in
539 785 592 813 hoe
606 792 660 813 non
674 783 849 817 ostendebat,
864 790 892 811 se
914 782 1017 811 habere
1031 789 1134 818 corpus
1153 781 1244 818 ylorz-

394 832 533 869 fi'catum,
556 831 603 860 sed
624 831 716 868 potius
737 839 796 859 11οη
815 829 1024 867 ylorisz'catum.

475 879 506 907 Et
527 878 724 915 respondetur,
746 877 821 915 quod
843 877 894 905 ista
915 876 986 904 ratio
1001 884 1055 904 non
1077 876 1163 909 valet,
1178 875 1245 913 quia

395 926 536 960 intrando,
557 925 648 954 ianuis
669 924 785 958 clausis,
805 923 925 952 ostendit
937 923 1115 961 gloriosum,
1131 922 1179 951 sed
1194 930 1244 959 per

396 976 499 1002 tactum
520 972 639 1001 ostendit
659 979 719 1000 esse
740 971 829 1005 idem,
851 970 925 1007 quod
946 970 1038 998 fuerat
1060 977 1179 1006 passum.

474 1021 563 1049 Potest
584 1022 675 1047 tamen
696 1018 776 1047 aliter
801 1017 871 1051 dici,
893 1017 981 1054 quod,
1003 1017 1076 1045 sicut
1095 1016 1244 1053 dupliciter

394 1066 498 1104 aliquid
512 1069 554 1095 est
567 1065 694 1094 visibile.-
710 1072 766 1093 uno
781 1063 874 1097 modo,
900 1064 966 1100 quia
980 1063 1071 1091 visum
1087 1062 1173 1091 latere
1188 1070 1243 1090 non

395 1116 499 1151 potest,
521 1116 552 1141 ut
574 1112 658 1149 lapis3
679 1112 733 1140 alio
760 1110 855 1144 modo,
877 1110 958 1147 quia,
980 1118 1044 1139 cum
1073 1110 1159 1138 latere
1181 1117 1241 1146 pos-

396 1161 445 1195 sit,
466 1163 557 1198 potest
570 1160 652 1189 etiarn
668 1158 839 1187 11111111113105
861 1174 898 1179 -
920 1157 1043 1195 primum
1065 1161 1106 1186 est
1121 1156 1242 1194 quodam

394 1207 475 1236 modo
504 1206 687 1243 insimulatis
708 1209 735 1234 et
763 1204 852 1234 estin
881 1212 998 1241 corpore
1027 1212 1082 1232 non
1106 1203 1242 1241 glorioso,

394 1254 547 1284 secundum
568 1253 689 1282 virtutis
711 1256 738 1281 et
759 1256 801 1281 est
821 1252 848 1280 in
871 1260 988 1289 corpore
1010 1251 1130 1289 glorioso
1145 1268 1182 1272 -—
1204 1251 1243 1280 sic

394 1302 496 1339 tangi,
518 1301 584 1338 quia
605 1304 709 1329 tactum
730 1308 784 1328 non
808 1302 896 1337 potest
926 1299 1070 1336 refugere,
1096 1302 1138 1328 est
1158 1298 1243 1335 infir-

392 1349 506 1378 mitatis
526 1348 645 1386 quodam
666 1348 747 1377 modo
768 1351 795 1376 et
809 1347 934 1384 corporis
949 1355 1002 1375 non
1018 1346 1146 1384 gloriosi3
1169 1346 1243 1383 tangi

394 1404 473 1430 vero,
495 1395 561 1433 quia
588 1395 720 1424 terminat
740 1394 894 1431 impulsum
923 1401 1022 1422 manus
1048 1396 1079 1422 ut
1107 1393 1242 1427 solidum,

394 1443 468 1480 quod
489 1442 601 1480 quidem
623 1445 712 1479 potest
741 1449 792 1470 sua
813 1441 917 1470 virtute
940 1448 1051 1469 manum
1080 1442 1242 1477 penetrare,

394 1490 446 1519 hoc
460 1498 588 1527 maynae
601 1489 728 1518 virtutis.
745 1489 777 1517 Et
790 1488 842 1517 hoc
861 1488 913 1516 suit
928 1488 955 1516 in
971 1495 1089 1524 corpore
1109 1487 1242 1524 gloriose,

394 1540 421 1566 et
440 1536 564 1565 maxime
585 1536 612 1564 in
634 1543 750 1573 corpore
771 1535 873 1563 Christi
885 1535 905 1562 ⁴².

474 1585 518 1613 66.
541 1584 652 1621 Qnaest.
675 1583 716 1611 IV.
740 1583 807 1611 Item
823 1582 970 1619 quaeritur
991 1582 1024 1610 de
1040 1581 1092 1610 hoc
1113 1582 1187 1619 quod
1202 1582 1242 1610 di—

394 1631 445 1660 cit:
470 1630 537 1659 Noli
555 1639 615 1659 esse
635 1629 823 1663 incredulus,
845 1629 896 1656 sed
914 1628 1016 1665 fidelis.

471 1677 591 1714 Opponit
622 1676 810 1713 Gregorius5:
836 1687 849 1700 «
871 1675 939 1703 Cum
973 1675 1075 1704 Paulus
1104 1675 1177 1703 dicat
1207 1675 1242 1703 ad

393 1724 529 1753 Hebraeos
544 1723 705 1752 undecImoz
723 1723 808 1751 Fides
829 1726 870 1751 cst
884 1725 1094 1760 argumentum
1115 1730 1174 1750 non
1189 1730 1242 1759 ap-

389 1770 561 1808 parentium
569 1781 579 1804 ,·
601 1770 668 1799 fides
689 1773 731 1799 est
751 1770 862 1798 illarum
885 1777 997 1803 rerum,
1019 1776 1091 1806 quae
1105 1776 1241 1805 apparere

455 1926 463 1939 ¹
482 1928 547 1950 Vers.
564 1927 587 1949 7.
604 1926 650 1950 Csr.
667 1927 706 1949 lv.
724 1927 785 1949 Sent.
804 1927 828 1949 d.
847 1926 883 1949 48.
901 1932 922 1948 a.
944 1927 963 1949 l.
982 1933 1004 1955 q.
1023 1927 1045 1949 3.
1062 1927 1091 1949 ad
1114 1927 1131 1949 1.
1143 1929 1165 1949 et
1177 1927 1198 1949 2.
1211 1939 1242 1943 -

393 1966 473 1989 Glossa
491 1965 618 1989 ordinaria
636 1965 675 1995 [ex
692 1965 766 1995 Beda]
785 1966 808 1988 in
824 1966 879 1988 Luc.
897 1965 939 1992 24,
958 1965 1002 1988 4οε
1020 1964 1125 1989 Ostendit
1143 1966 1176 1989 eis
1193 1972 1242 1988 ma-

392 2012 438 2029 nus
455 2008 510 2034 etc,
528 2008 565 2033 ut,
582 2008 674 2028 ostensa
687 2006 811 2028 vulnerum
823 2005 942 2033 cicatrice,
960 2005 1100 2028 infidelitatis
1112 2006 1197 2028 vulnus
1208 2012 1242 2028 sa-

391 2047 469 2073 naret,
486 2051 545 2074 quas
562 2045 681 2067 cicatrices
697 2048 720 2068 et
737 2048 790 2067 tunc
807 2045 909 2067 servavit
926 2047 948 2067 et
965 2045 987 2067 in
1005 2045 1092 2067 iudicio
1104 2048 1240 2070 seruaturus

392 2087 440 2107 est:
466 2084 543 2112 primo
569 2084 597 2107 ad
624 2084 695 2107 fldem
720 2084 894 2107 resurrectionis
919 2084 1085 2111 astruendam3
1102 2084 1200 2112 deinde,
1217 2087 1243 2107 ut

392 2124 452 2146 Patri
469 2129 512 2152 pro
531 2123 600 2146 nobis
616 2124 763 2152 supplicans,
781 2124 849 2153 quale
874 2129 949 2152 genus
973 2123 1054 2146 mortis
1079 2130 1122 2152 pro
1147 2124 1242 2146 homine

392 2163 523 2192 pertulerit,
547 2169 640 2192 semper
665 2164 787 2191 ostendam
804 2163 884 2190 tertio,
909 2166 934 2185 ut
950 2170 991 2186 sua
1009 2166 1084 2186 morte
1101 2163 1242 2192 redemptis,

391 2209 461 2232 quam
480 2203 660 2226 misericorditer
677 2203 722 2226 sint
738 2203 824 2230 adiuti,
846 2203 973 2231 propositis
990 2203 1095 2225 eiusdem
1113 2202 1195 2225 mortis
1211 2202 1242 2225 in-

391 2242 466 2264 sinuet
483 2242 588 2270 indiciis;
614 2242 655 2264 sed
681 2244 811 2270 postremo,
830 2244 854 2264 ut
874 2241 896 2263 ln
921 2241 1020 2269 iudicio,
1040 2247 1111 2271 quam
1128 2241 1188 2264 iuste
1204 2241 1243 2263 da-

391 2284 499 2304 mnentur
515 2281 595 2309 impii,
612 2281 745 2308 denuntiet,
762 2283 853 2303 ostensa
870 2287 942 2310 quam
960 2280 990 2303 ab
1012 2280 1055 2303 illis
1079 2280 1169 2309 accepit
1185 2280 1243 2303 cica-

391 2320 454 2343 trice.
471 2321 520 2343 Non
536 2326 593 2348 ergo
611 2327 637 2343 ex
655 2320 789 2348 impotentia
807 2320 904 2343 curandi
920 2320 1038 2343 cicatrices
1062 2320 1177 2348 servavit¹
1200 2320 1242 2343 sed

391 2362 416 2381 ut
432 2362 573 2387 perpetuum
590 2359 701 2382 victoriae
717 2365 773 2381 suae
790 2359 938 2381 circumferat
954 2359 1107 2387 triumphum.

453 2397 463 2411 ²
480 2398 543 2421 Libr.
559 2399 583 2421 11.
601 2398 684 2421 Homil.
702 2398 725 2420 in
742 2399 830 2426 Evang.
848 2399 928 2421 homil.
947 2399 984 2421 26.
1001 2405 1025 2421 n.
1043 2399 1051 2420 t
1066 2406 1072 2421 :
1089 2399 1146 2421 Nam
1159 2401 1182 2421 et
1194 2405 1242 2421 001-

391 2438 469 2466 rumpi
487 2444 580 2460 necesse
597 2441 631 2461 est
648 2438 713 2467 quod
729 2438 837 2466 palpatur
849 2456 854 2466 ,
871 2440 893 2460 et
910 2438 1001 2466 palpari
1022 2444 1069 2460 non
1085 2440 1162 2466 potest
1177 2438 1242 2467 quod

391 2483 436 2499 non
455 2477 620 2505 corrumpitur.
637 2489 666 2492 —
684 2476 814 2505 chrysost,
831 2477 853 2499 in
871 2477 932 2499 loan.
949 2477 1029 2499 homil.
1046 2476 1085 2499 87.
1110 2477 1176 2506 (alias
1193 2477 1240 2506 86.)

391 2522 414 2538 n.
438 2516 460 2538 l:
479 2516 524 2538 Sed
541 2522 570 2538 ne
587 2516 702 2543 turberis5
721 2516 742 2539 id
760 2516 822 2539 enlm
839 2515 924 2539 Christi
940 2522 992 2539 sese
1003 2516 1033 2539 ad
1045 2516 1140 2539 humilia
1158 2517 1242 2539 demit-

391 2555 459 2577 tentis
475 2554 687 2585 [συγκαταβάσεως]
706 2558 762 2578 0131.
778 2555 869 2584 Corpus
886 2556 947 2578 enim
965 2558 1012 2578 tam
1025 2558 1164 2583 tenue,-tam
1182 2557 1242 2584 leve,

391 2597 426 2622 ut,
444 2594 519 2616 ianuis
531 2594 627 2621 clausis,
641 2595 815 2622 ingrederetur,
832 2595 935 2618 crassitie
952 2595 1016 2618 omni
1033 2594 1141 2623 carebat,
1159 2595 1200 2618 sed
1217 2598 1242 2618 ut

390 2632 528 2654 resurrectio
545 2633 691 2660 crederetur,
709 2639 759 2656 sese
776 2634 845 2656 talem
863 2633 966 2656 exhibuit
982 2636 1026 2657 etc.
1047 2636 1051 2638 '

452 2669 462 2683 ³
480 2671 570 2694 Scilicet
581 2672 711 2695 sensorium
723 2673 803 2701 visus;
821 2679 867 2702 qua
886 2673 1047 2696 immutatione
1059 2674 1130 2700 sacta,
1147 2673 1241 2696 videtur

391 2711 441 2733 sive
458 2711 510 2733 visu
528 2711 663 2739 percipitur.
680 2711 727 2735 Csr.
744 2712 781 2735 IV.
800 2713 862 2735 Sent.
880 2713 903 2735 d.
922 2712 960 2736 49.
977 2719 1001 2741 p.
1018 2713 1043 2735 11.
1060 2716 1116 2735 5001.
1133 2714 1155 2735 2.
1175 2719 1197 2736 a.
1219 2714 1240 2736 2.

391 2756 414 2779 q.
432 2751 453 2772 2.
472 2750 495 2772 111
512 2756 575 2778 corp.

453 2787 463 2800 ‘¹
480 2788 523 2811 Csr.
542 2789 579 2811 lv.
596 2789 657 2812 Sent.
675 2790 697 2812 d.
716 2789 753 2812 49.
771 2796 794 2818 p.
812 2791 836 2813 11.
853 2794 908 2814 5001.
926 2792 948 2813 2.
965 2798 985 2814 a.
1004 2792 1025 2814 3.
1043 2798 1067 2820 q.
1084 2792 1107 2814 2.

453 2825 463 2839 '⁵
480 2827 541 2850 Libr.
559 2828 583 2850 ll.
606 2828 690 2851 Homil.
714 2829 739 2851 in
764 2830 851 2858 Evang.
877 2830 957 2852 homil.
974 2830 1012 2852 26.
1036 2837 1059 2853 n.
1077 2831 1098 2853 8.
1120 2830 1238 2859 Allegatur

391 2865 461 2889 Hebr.
482 2866 521 2894 11,
541 2867 561 2889 1.

453 2903 463 2917 ⁶
480 2906 532 2928 Loc.
550 2906 595 2934 cit,
612 2912 639 2929 ex
655 2913 703 2936 quo
720 2907 792 2930 verba
810 2908 905 2931 inferius
921 2909 1025 2937 allegata.
1043 2921 1074 2925 —
1091 2909 1197 2937 August„
1215 2908 1239 2931 in

391 2944 451 2966 loan.
468 2944 556 2973 Evang.
572 2948 600 2968 tr.
619 2946 671 2968 Ἰ121.
688 2953 711 2969 n.
728 2946 754 2969 5:
773 2947 872 2970 Videbat
894 2947 1051 2977 tangebatque
1075 2947 1195 2971 hominem
1216 2950 1239 2971 et

392 2983 544 3007 confitebatur
560 2984 650 3014 Deum,
675 2991 746 3014 quem
771 2992 818 3008 non
843 2986 939 3010 videbat
962 2993 1040 3016 neque
1057 2987 1179 3017 tangebat;
1196 2987 1238 3010 sed

1017 174 1187 203 COMMENT.
1210 175 1243 204 IN
1265 176 1411 206 IOANNEM
1432 177 1460 206 C.
1483 179 1538 207 XX.

1301 274 1357 295 non
1388 269 1520 303 possunt;
1549 274 1621 303 quae
1649 267 1722 295 enini
1751 270 1885 304 apparent
1913 267 1995 296 tidem
2025 276 2079 296 non
2101 268 2148 296 ha-

1302 313 1383 347 bent,
1405 312 1452 342 sed
1480 313 1662 350 agnitionem:
1685 321 1751 351 ergo
1779 314 1800 342 si
1822 314 1942 342 Thomas
1969 313 2036 342 vidit
2058 314 2150 343 Domi-

1302 368 1387 394 num,
1409 368 1462 388 non
1485 360 1538 388 iam
1560 360 1658 389 habuit
1679 360 1778 395 fidem,
1800 361 1847 390 sed
1869 360 2011 389 scientiam
2026 373 2053 389 ι».

1381 399 1535 443 Respondet
1545 406 1713 444 Gregorius⁶
1729 410 1756 436 et
1767 407 1949 444 Augustinus,
1961 407 2035 444 quod
2051 419 2065 432 «
2076 407 2151 436 aliud

1301 452 1388 486 vidit,
1403 452 1477 481 aliud
1493 453 1637 487 credidit,-
1651 453 1725 482 vidit
1738 453 1879 482 hominem
1894 456 1922 482 et
1935 454 2023 482 Deum
2045 453 2150 483 confes-

1302 507 1350 528 sus
1371 502 1427 534 est;
1443 500 1517 529 unde
1531 500 1612 529 dicit:
1638 501 1780 530 Dominus
1800 509 1882 530 meus
1896 504 1922 530 et
1936 501 2013 530 Deus
2027 509 2109 530 meus
2123 513 2149 530 ».

1382 548 1426 575 67.
1449 547 1501 576 Sed
1529 550 1596 576 tunc
1624 547 1778 576 obiicitur:
1809 549 1833 576 1.
1862 548 1932 584 Quia
1957 548 2053 577 saltem
2084 547 2151 577 vidit

1294 600 1365 623 ‘eum
1388 602 1472 632 quem
1493 594 1573 631 prius
1594 594 1701 624 viderat
1721 597 1881 624 mortuum:
1898 603 1964 632 ergo
1978 594 2088 624 sciebat
2106 602 2151 624 re-

1302 641 1519 676 surrectionem,
1542 650 1596 670 non
1618 642 1756 671 credebat.

1381 690 1407 717 2.
1430 689 1512 724 Item,
1534 689 1654 718 Thomas
1674 697 1729 718 non
1751 689 1897 725 credebat,
1919 690 1970 719 nisi
1989 689 2055 727 quia
2076 689 2151 719 vide-

1302 735 1360 764 bat:
1375 744 1442 773 ergo
1461 747 1474 761 «
1490 736 1612 765 humana
1627 736 1698 765 ratio
1713 736 1776 765 fidei
1792 744 1859 766 suae
1875 737 2025 774 praebebat
2039 736 2151 774 experi-

1302 785 1427 811 mentum
1444 793 1471 811 »:
1487 790 1553 820 ergo
1572 794 1585 808 «
1600 782 1668 811 fides
1683 791 1734 812 sua
1747 791 1801 812 non
1817 783 1936 812 habebat
1954 783 2086 812 meritum
2097 783 2108 800 ⁷
2123 795 2150 811 n.

1380 830 1557 859 Rusrounuo:
1579 830 1748 865 Dicendum,
1770 830 1845 867 quod
1865 831 1931 868 quia
1945 831 2063 868 Apostoli
2083 830 2152 860 scie-

1301 876 1368 904 bant
1388 876 1589 906 ludificationes
1603 877 1783 912 daemonum,
1799 880 1926 914 poterant
1942 878 2089 907 aestimare
2110 880 2151 907 to-

1302 926 1360 951 tum
1384 923 1467 957 illud,
1489 924 1564 961 quod
1578 924 1695 952 faciebat
1708 924 1851 959 Christus,
1873 932 1933 953 esse
1947 933 1963 953 a
1984 925 2084 962 spiritu
2102 925 2151 953 ali-

1301 978 1357 1006 quo
1379 970 1406 998 in
1427 973 1551 998 assumto
1572 978 1707 1006 corpore;
1729 972 1756 998 et
1779 970 1841 999 Inde
1869 972 1944 1005 erat,
1966 971 2040 1008 quod
2068 971 2150 1000 etiam

1300 1016 1385 1053 aliqui
1407 1016 1602 1045 dubitabantss.
1627 1016 1655 1044 Et
1678 1018 1826 1053 propterea
1847 1016 1924 1051 (1100,
1945 1017 2020 1054 quod
2039 1025 2088 1054 per
2110 1017 2150 1046 vi-

1300 1063 1405 1092 sionem
1427 1063 1501 1092 illam
1524 1071 1578 1091 non
1599 1063 1652 1091 fuit
1673 1065 1749 1092 certa
1769 1063 1901 1100 cognitio,
1921 1071 1973 1092 nec
1994 1063 2151 1092 habuerant

1300 1118 1351 1147 per
1371 1110 1432 1139 illas
1452 1110 1623 1139 ostensiones
1652 1110 1772 1139 rationes
1793 1113 1936 1147 coyentes,
1965 1118 2037 1147 quae
2058 1110 2150 1139 aufer-

1300 1160 1364 1186 rent
1385 1157 1446 1186 fidei
1470 1157 1614 1191 meritum,
1636 1157 1684 1186 sed
1703 1158 1793 1186 solum
1814 1157 1994 1191 inducente&
2017 1165 2089 1194 quae
2103 1157 2150 1185 ad-

1300 1204 1397 1233 iuvant
1417 1204 1541 1233 animum
1570 1204 1714 1233 infirmum
1736 1206 1763 1233 et
1791 1204 1914 1233 nondum
1936 1204 1963 1233 in
1985 1204 2039 1233 fide
2066 1203 2150 1233 stabi-

1301 1251 1380 1280 litum
1396 1251 1415 1280 ⁹.

1381 1299 1426 1327 68.
1449 1298 1559 1335 Quaest.
1583 1298 1612 1327 V.
1636 1298 1701 1327 Item
1724 1294 1870 1335 quaeritur
1888 1297 1921 1326 de
1943 1297 1995 1326 boc
2014 1297 2088 1334 quod
2108 1296 2150 1326 di-

1300 1346 1352 1374 cit:
1377 1346 1455 1382 Quia
1469 1345 1570 1374 vidisti
1583 1354 1641 1380 me,
1664 1344 1788 1379 Tltoma,
1803 1344 1961 1374 credidisti.
1975 1360 2011 1365 —
2024 1344 2149 1378 Videtur,

1300 1392 1375 1430 quod
1403 1393 1545 1422 debuisset
1575 1392 1683 1421 dicere:
1713 1392 1778 1429 quia
1800 1391 1919 1429 tetiyisti
1945 1399 2003 1425 me,
2031 1391 2096 1428 quia
2124 1390 2149 1420 ei

1300 1448 1354 1468 non
1376 1440 1536 1474 suffecerat,
1558 1439 1632 1477 quod
1654 1439 1768 1468 videret.

1380 1487 1416 1515 Ad
1438 1487 1491 1515 hoc
1520 1486 1667 1523 respondet
1688 1486 1858 1523 Augustinus
1870 1486 1893 1503 1⁰
1913 1485 2077 1522 dupliciter:
2108 1485 2150 1514 vel

1300 1534 1366 1572 quia
1387 1542 1452 1563 vere
1466 1534 1548 1563 visus
1564 1534 1727 1571 intelligitur
1742 1535 1848 1568 tactus,
1867 1533 1933 1571 quia
1946 1533 2029 1562 visus
2047 1532 2149 1562 dicitur

1300 1581 1486 1610 communiter
1507 1588 1621 1615 sensus;
1651 1580 1693 1609 vel
1721 1580 1787 1618 quia
1814 1580 1934 1608 Thomas
1962 1582 2074 1617 tangere
2094 1587 2150 1608 non

1299 1628 1352 1656 fuit
1372 1636 1473 1662 ausus;
1496 1627 1570 1656 unde
1591 1627 1672 1657 dicit:
1699 1639 1713 1653 «
1728 1628 1785 1656 Non
1817 1627 1855 1656 ait
1883 1626 2016 1664 tetigisti,
2038 1626 2086 1656 sed
2106 1626 2149 1655 vi-

1299 1675 1384 1709 disti,
1410 1675 1541 1712 quoniam
1569 1675 1706 1712 generalis
1731 1674 1851 1712 quodam
1878 1674 1960 1702 modo
1987 1676 2029 1702 est
2049 1681 2147 1703 sensus

1298 1722 1390 1755 visus;
1412 1721 1539 1759 quamvis
1560 1721 1613 1750 dici
1635 1722 1737 1759 possit,
1758 1730 1813 1750 11011
1834 1728 1934 1750 31150111
1955 1721 2040 1750 fuisse
2067 1721 2149 1750 disci-

1300 1769 1396 1805 pulum
1419 1772 1532 1806 tangere
1549 1770 1570 1786 ¹¹
1587 1781 1613 1797 ».

1298 1933 1340 1955 per
1356 1928 1400 1950 hoc
1417 1928 1481 1956 quod
1499 1927 1594 1950 videbat
1610 1926 1680 1956 atque
1697 1927 1820 1956 tangebat,
1836 1927 1903 1955 illud,
1916 1927 1961 1950 iam
1973 1929 2063 1950 remota
2080 1926 2148 1950 dubi-

1298 1967 1395 1995 tatione,
1412 1967 1529 1989 credebat.

1360 2005 1369 2018 ⁷
1388 2007 1520 2029 Secundum
1538 2007 1643 2035 Gregor.,
1660 2008 1684 2029 lI.
1701 2007 1784 2029 Homil.
1802 2007 1825 2029 111
1842 2007 1932 2035 Evang.
1944 2006 2023 2029 homil.
2041 2006 2078 2029 26.
2090 1998 2147 2029 nsi.

1361 2044 1370 2057 ⁸
1388 2046 1466 2074 lgnat„
1484 2046 1554 2074 Epist.
1572 2046 1601 2068 ad
1620 2046 1773 2074 Smyrnaeos,
1790 2052 1810 2068 0.
1828 2046 1855 2068 3;
1881 2046 1979 2075 Quando
2005 2045 2035 2068 ad
2052 2046 2145 2068 Petrum

1298 2087 1320 2107 et
1336 2084 1412 2108 socios
1428 2085 1479 2107 eius
1496 2085 1572 2112 venit,
1589 2085 1622 2107 eis
1639 2085 1705 2107 dixit:
1726 2093 1737 2105 (ι
1750 2085 1936 2113 Apprehendite,
1954 2085 2046 2113 palpate
2063 2090 2101 2107 me
2125 2086 2148 2107 et

1297 2125 1388 2153 videte,
1405 2125 1468 2154 quod
1485 2131 1531 2147 non
1549 2125 1592 2147 sim
1610 2124 1763 2147 daemonium
1778 2123 1929 2154 incomorale
1941 2132 1964 2147 n.
1983 2123 2028 2147 Csr.
2045 2123 2147 2151 Hieron.,

1298 2164 1328 2186 de
1345 2164 1406 2187 Viris
1423 2163 1560 2191 illustribus,
1578 2169 1597 2185 0.
1618 2164 1658 2192 16,
1677 2163 1717 2186 11111
1734 2164 1791 2186 haec
1808 2162 1880 2186 verba
1898 2162 1978 2191 Ignatii
1996 2163 2073 2191 affert3
2085 2162 2146 2185 idem

1298 2202 1320 2225 in
1338 2203 1435 2225 Praesat.
1452 2202 1504 2225 111111
1521 2203 1599 2225 XVIII.
1617 2202 1746 2226 Comment.
1764 2202 1786 2225 in
1804 2202 1852 2225 lsai.
1870 2202 1913 2225 ait:
1930 2201 1989 2225 Cum
2007 2202 2069 2224 enim
2088 2202 2147 2230 Apo-

1298 2242 1348 2265 stoli
1367 2248 1420 2265 eum
1438 2244 1546 2271 putarent
1561 2242 1687 2272 spiritum,
1706 2243 1743 2264 1·οΙ
1760 2242 1822 2265 1111113
1838 2241 2003 2270 Evangelium‚
2020 2241 2085 2271 quod
2106 2241 2148 2264 He-

1298 2280 1423 2304 braeorum
1439 2282 1540 2304 lectitant
1556 2281 1678 2310 Nazaraei,
1703 2280 1855 2311 incorporale
1879 2279 2032 2304 daemonium
2056 2283 2099 2303 etc.
2116 2292 2148 2297 —

1298 2320 1411 2348 Superius
1428 2327 1471 2348 pro
1489 2320 1598 2344 Christus
1614 2321 1651 2343 ed.
1670 2320 1759 2344 Christi
1774 2319 1869 2350 species.

1360 2358 1370 2372 ⁹
1387 2359 1432 2383 Csr.
1450 2360 1482 2383 111.
1500 2361 1561 2383 50111.
1578 2360 1602 2383 d.
1619 2360 1657 2382 23.
1673 2359 1730 2383 dub.
1752 2360 1770 2382 1.
1787 2362 1810 2382 01
1826 2359 1849 2382 d.
1867 2359 1904 2382 24.
1922 2365 1943 2382 a.
1959 2359 1981 2381 2.
1998 2365 2021 2388 q.
2040 2359 2060 2381 «t.
2072 2364 2137 2388 seqq.

1361 2397 1381 2411 ¹⁰
1398 2400 1420 2422 ln
1439 2400 1500 2422 loan.
1520 2400 1608 2427 Evang.
1623 2402 1650 2422 tr.
1668 2399 1756 2421 121.11.
1769 2399 1794 2421 5:
1812 2399 1860 2422 Non
1872 2398 1914 2421 ait:
1926 2398 2030 2427 Tetigisti
2043 2404 2093 2425 me,
2105 2398 2146 2421 sed

1297 2437 1377 2462 vidisti
1392 2445 1442 2466 me,
1459 2438 1570 2467 quoniam
1588 2438 1702 2466 generans
1719 2438 1823 2467 quodam
1837 2438 1907 2460 modo
1924 2444 2006 2461 sensus
2022 2439 2057 2460 est
2073 2436 2147 2461 visus.

1297 2478 1355 2501 Nam
1371 2480 1394 2500 et
1410 2484 1451 2506 per
1476 2478 1532 2500 alios
1554 2480 1654 2507 quatuor
1679 2483 1760 2500 sensus
1784 2477 1899 2500 nominari
1923 2477 1994 2504 solet,
2011 2477 2074 2500 velut
2091 2482 2145 2499 cum

1297 2517 1407 2540 dicimus:
1426 2517 1485 2540 Audi
1498 2517 1597 2544 etrvide,
1614 2523 1684 2546 quam
1703 2516 1762 2539 bene
1779 2518 1868 2539 sonet...
1880 2518 1949 2545 tange
1961 2518 1983 2538 et
1994 2516 2056 2545 vide,
2074 2522 2145 2544 quam

1297 2557 1357 2581 bene
1373 2557 1470 2580 caleat...
1488 2556 1554 2579 Unde
1566 2558 1588 2579 et
1600 2556 1636 2579 hic
1648 2556 1698 2584 ipse
1710 2556 1839 2579 Dominus:
1853 2556 1928 2586 Infer,
1942 2556 2027 2585 inquit,
2044 2554 2146 2585 diqitam

1297 2597 1368 2619 tuum
1392 2595 1439 2619 huc
1460 2597 1482 2619 et
1497 2594 1549 2618 vide
1565 2601 1653 2618 manus
1670 2601 1748 2624 meas,
1765 2595 1823 2624 quid
1839 2595 1903 2618 aliud
1919 2595 1963 2622 ait,
1981 2601 2052 2624 quam
2075 2595 2146 2624 tange

1297 2636 1320 2658 et
1334 2634 1403 2658 vide?
1426 2635 1470 2658 Nec
1488 2637 1564 2658 tamen
1589 2635 1669 2657 oculos
1694 2635 1730 2657 ille
1753 2634 1854 2657 habebat
1878 2635 1902 2657 in
1919 2634 2002 2663 digito.
2018 2635 2079 2662 Ergo
2096 2633 2146 2657 sive

1296 2674 1408 2697 intuendo
1424 2674 1475 2697 sive
1491 2674 1560 2696 0113111
1578 2674 1708 2702 tangendo,
1731 2673 1787 2703 quia
1805 2672 1884 2697 vidisti
1899 2679 1948 2701 me,
1969 2673 2055 2702 inquit,
2073 2671 2146 2696 credi-

1296 2712 1357 2736 disti.
1376 2713 1488 2742 Quamvis
1504 2713 1551 2736 dici
1572 2713 1652 2742 possit,
1670 2719 1715 2736 non
1740 2719 1824 2736 ausum
1850 2713 1919 2736 ruisse
1942 2712 2081 2740 discipulum
2099 2714 2145 2735 tan-

1296 2758 1364 2781 gere,
1381 2758 1435 2775 cum
1452 2758 1477 2775 se
1493 2753 1585 2775 offerret
1601 2753 1637 2775 ille
1655 2752 1811 2781 tangendum,
1828 2758 1874 2774 non
1890 2751 1953 2774 enim
1970 2751 2082 2779 scriptum
2099 2752 2145 2773 est:

1296 2793 1323 2815 Et
1339 2792 1413 2820 tetigit
1430 2792 1541 2815 Thomas.
1557 2791 1604 2815 Csr.
1620 2794 1697 2815 tamen
1713 2798 1784 2820 supra
1801 2794 1855 2814 nota
1873 2792 1899 2818 6,
1923 2790 1962 2813 ubi
1984 2791 2061 2813 dicere
2083 2789 2146 2813 vide-

1296 2834 1345 2859 tur,
1362 2831 1426 2860 quod
1447 2832 1549 2854 Thomas
1574 2831 1673 2859 tetigerit
1698 2832 1794 2854 vulnera
1819 2830 1910 2854 Christi.
1926 2843 1957 2847 —
1975 2829 2078 2853 Subinde
2102 2835 2145 2858 pro

1294 2876 1349 2893 vere
1365 2869 1431 2893 visits
1448 2870 1465 2892 N
1483 2869 1516 2893 ibi
1532 2876 1585 2893 vere
1602 2869 1680 2899 visus,
1698 2870 1736 2893 ed.
1753 2876 1807 2893 cum
1825 2870 1929 2892 Gorrano
1947 2869 1989 2892 iste
2006 2868 2080 2892 visus.

1359 2908 1377 2921 ¹¹
1396 2909 1512 2937 Ambros.,
1529 2909 1557 2932 X.
1575 2910 1599 2932 in
1616 2910 1672 2932 Luc.
1684 2910 1721 2932 24.
1734 2916 1756 2932 n.
1774 2910 1827 2932 168:
1840 2909 1898 2932 Dicit
1908 2909 2009 2938 'aliquisz
2022 2908 2145 2937 Quomodo

1295 2955 1352 2976 ergo
1369 2949 1483 2976 Thomas,
1495 2955 1549 2971 cum
1561 2949 1638 2972 adhuc
1655 2956 1700 2972 non
1713 2949 1825 2977 crederet,
1837 2949 1910 2977 tetigit
1922 2952 1998 2971 tamen
2011 2947 2144 2971 Christum?

2167 414 2224 440 Rosp.
2272 414 2275 416 ’

2167 553 2219 573 Nova
2231 538 2278 581 obiti¹

2202 583 2212 597 c
2228 584 2238 598 ο

2167 835 2244 856 Solutio.

2166 1490 2204 1511 Res
2220 1505 2225 1511 .
2236 1478 2282 1518 dus,

2190 1520 2239 1540 pex.
2278 1527 2279 1530 =
