2296 3316
397 199 454 228 544

268 284 296 303 nc
309 284 377 308 primo.
392 276 604 314 praemiorum.
620 292 659 296 —
670 274 781 303 Caelum
795 274 885 311 aperit
895 274 970 303 Deus
987 272 1193 310 incipientibus
1208 273 1242 302 ad

393 323 598 355 emittemlzmz,·
619 322 693 359 quod
714 321 866 358 figuratum
887 323 929 350 est
949 320 1076 349 Matthaei
1097 320 1179 349 tertio
1191 321 1200 337 ¹
1215 323 1243 349 et

393 371 481 399 Lucae
496 369 590 404 tertio,
604 369 651 398 ubi
668 369 777 406 legitur,
796 368 869 406 quod
885 368 1040 404 baptizatus
1055 368 1130 397 Iesus
1149 379 1163 393 <c
1178 375 1242 397 con-

393 416 481 445 festim
503 415 625 444 aseendit
652 415 686 444 de
706 423 792 452 aqua,
814 417 840 443 et
861 422 940 448 ecce,
962 414 1028 443 caeli
1051 414 1140 451 aperti
1161 417 1242 449 sunt,

392 467 419 492 et
440 462 507 491 vidit
529 462 662 499 Spiritum
683 462 732 490 Dei
754 462 826 490 sicut
850 461 1006 490 columbam
1030 460 1242 490 descendentem

248 517 377 537 neseeundo.
393 517 477 547 super
502 517 531 538 se
555 521 582 536 n.
609 525 646 530 —-
670 508 782 538 Caelum
810 508 900 546 aperit
932 508 1006 537 Deus
1034 508 1068 537 ad
1096 508 1243 537 ostemlen-

393 557 464 585 (lum
485 564 557 593 quae
578 560 643 585 sunt
665 556 692 584 in
714 556 804 590 caelo,
827 559 854 585 et
875 556 913 585 sic
934 559 1062 593 apertum
1083 558 1125 585 est
1150 555 1242 584 Ioanni

393 603 568 640 Apocalypsis
596 602 762 632 undecimo:
788 604 949 640 «Apertum
971 606 1013 632 est
1034 603 1168 640 templum
1194 602 1242 631 Dei

393 651 420 679 in
442 650 532 684 caelo,
555 654 581 679 et
613 650 671 679 visa
691 653 733 679 est
764 658 829 679 arca
850 650 1005 679 testamenti
1027 650 1087 679 eius
1118 650 1144 678 in
1174 653 1243 679 tern-

271 706 298 725 ορ
312 706 374 724 lenio.
393 698 438 734 plo
459 697 519 726 eius
533 709 560 725 ».
576 713 615 717 -——
630 697 741 726 Caelum
763 697 854 734 aperit
878 698 953 726 Deus
974 697 1008 726 ad
1029 697 1242 735 recipiendum,

392 748 419 773 et
440 745 478 774 sic
499 747 628 781 apertum
648 747 690 774 est
711 745 865 782 Stephano,
891 745 939 782 qui
965 745 1032 774 vidit
1053 745 1143 774 caelos
1163 752 1243 782 aper—

393 796 450 826 tos,
477 804 489 817 α
505 791 572 820 vidit
594 794 621 821 et
639 792 763 820 introivit
778 803 804 826 »;
827 792 860 821 de
882 800 938 830 qua
958 792 1110 829 aperitione
1125 793 1242 821 Actuum

393 839 527 876 septimo:
554 851 567 864 «
583 839 665 873 Ecce,
687 839 766 868 video
781 839 870 868 caelos
891 842 1003 876 apertos
1017 843 1044 869 et
1060 840 1148 869 lesum
1169 843 1243 869 stan-

393 890 448 915 tem
470 895 486 915 a
507 887 616 916 dextris
637 887 727 915 Dei».

472 936 498 963 Ξ.
528 934 682 962 Notandum
710 936 818 967 autem,
847 933 921 970 quod
950 934 1097 970 tripliciter
1120 937 1243 963 meretur

246 988 375 1014 numeretur
391 982 454 1019 quis
482 981 606 1010 invenire
635 981 741 1010 caelum
770 983 918 1017 apertum:
946 980 1091 1020 offerendo
1116 998 1154 1002 -ω
1176 981 1243 1018 pul—

258 1011 374 1058 Ἧὲιῗτῗιῗιῗ.
390 1029 485 1057 suendo
501 1045 537 1049 —
553 1032 579 1057 et
593 1028 789 1065 properando.
801 1045 839 1049 —
854 1028 927 1056 Solet
948 1028 1022 1057 enim
1041 1028 1158 1058 libenter
1180 1037 1243 1066 ape-

392 1076 441 1104 riri
467 1075 670 1113 offerentibus;
691 1079 717 1104 et
739 1075 799 1104 ideo
827 1076 930 1104 dicitur
952 1076 1101 1105 Malachiae
1123 1077 1243 1105 tertio2:

397 1135 410 1148 «
426 1123 525 1151 lnserte
546 1131 657 1151 omnem
679 1123 813 1152 decimam
829 1123 856 1151 in
873 1124 1006 1151 horreum
1022 1131 1131 1157 meum,
1156 1127 1188 1152 ut
1209 1124 1245 1152 sit

393 1170 471 1198 cibus
494 1170 520 1198 iu
541 1170 622 1198 domo
643 1178 717 1204 mea,
739 1173 765 1199 et
795 1170 909 1207 probate
934 1178 977 1199 me
999 1178 1084 1207 super
1114 1171 1181 1205 hoc,
1203 1171 1244 1199 di-

393 1217 429 1245 cit
450 1217 599 1246 Dominus:
622 1217 647 1245 Si
670 1226 725 1246 non
747 1225 885 1254 aperuero
907 1217 984 1246 vobis
1006 1220 1158 1246 cataractas
1176 1218 1243 1247 caeli

393 1268 420 1293 et
440 1264 564 1293 ell'udero
586 1265 663 1293 vobis
686 1265 903 1294 benedictionem
930 1273 1019 1302 usque
1041 1265 1074 1293 ad
1100 1265 1244 1294 abundan-

248 1316 379 1336 Desecnndo.
395 1312 460 1340 tiam
484 1323 511 1339 ν,
539 1328 573 1331 —
604 1312 733 1348 Aperitur
763 1312 845 1340 etiam
872 1311 1083 1349 ptolemaeum
1115 1312 1243 1341 Matthaei

394 1359 523 1395 septimo:
551 1370 562 1383 «
580 1358 704 1393 Pulsate,
725 1362 752 1387 et
769 1359 910 1396 aperietur
933 1359 1010 1388 vobis
1027 1370 1055 1393 »;
1078 1362 1106 1388 et
1126 1359 1242 1388 ibidem:

272 1411 298 1430 oe
312 1411 375 1431 toruo.
398 1417 412 1432 α
428 1406 547 1435 Pulsanti
570 1406 752 1443 aperietur».
774 1407 955 1444 —Aperitur
974 1407 1155 1436 nihilominus
1175 1415 1244 1444 pro-

393 1453 584 1491 pe)*a›itil›tts;
599 1456 780 1490 properantes
794 1454 867 1482 enim
883 1454 1028 1482 inveniunt
1042 1454 1144 1482 ostium
1159 1462 1244 1491 aper-

395 1505 471 1536 tum,
494 1499 568 1539 quod
591 1501 731 1530 tardantes
753 1501 897 1530 inveniunt
918 1501 1069 1535 elauszim,·
1096 1501 1157 1530 ideo
1177 1501 1244 1530 dici-

396 1551 442 1578 tur
464 1549 553 1577 Lucae
581 1548 687 1577 decimo
710 1548 832 1577 tertio-⁰³:
864 1560 877 1573 «
891 1548 1053 1577 Contendite
1074 1548 1179 1577 intrare
1194 1556 1243 1585 per

394 1599 539 1633 augustam
561 1598 683 1632 portam,
709 1595 775 1633 quia
795 1595 855 1624 dico
883 1596 977 1630 vobis,
996 1590 1079 1624 'multi
1108 1598 1244 1633 quaerent

395 1643 499 1672 intrare
520 1646 548 1672 et
568 1651 622 1671 non
652 1646 790 1680 poterunt.
814 1643 883 1671 Cum
904 1646 996 1672 autem
1026 1643 1171 1672 intraverit
1197 1652 1244 1680 pa-

397 1691 555 1720 terfamilias
575 1695 602 1720 et
624 1691 756 1720 clauserit
777 1691 895 1724 ostium,
918 1691 1054 1728 incipietis
1075 1691 1142 1720 soris
1170 1694 1244 1720 stare

394 1741 421 1766 et
442 1739 552 1775 pulsare
574 1750 587 1763 »
614 1742 681 1770 etc.;
705 1741 731 1767 et
760 1738 887 1767 Matthaei
922 1738 1054 1775 vigesimo
1075 1738 1173 1775 quinto
1195 1738 1244 1767 ha-

395 1785 476 1814 betur
491 1785 524 1814 de
540 1785 707 1822 virginibus,
733 1785 807 1822 quod
823 1785 885 1813 illae
907 1796 921 1810 «
936 1793 1007 1822 quae
1023 1787 1134 1822 paratae
1149 1789 1243 1820 erant,

394 1832 570 1861 intraverunt
595 1840 657 1860 cum
680 1840 712 1860 eo
740 1832 774 1860 ad
802 1832 914 1869 nuptias
934 1844 961 1860 ».
991 1832 1150 1861 Novissimis
1178 1840 1244 1861 vero

260 1887 376 1905 Exhortatio.
394 1887 558 1916 responsum
583 1883 639 1908 est:
671 1891 683 1904 α
705 1879 800 1908 Nescio
822 1887 871 1908 vos
887 1891 912 1907 ».
941 1896 977 1900 —
999 1879 1156 1916 Cogitemus
1178 1888 1244 1917 ergo

394 1925 497 1964 offerre
529 1934 632 1955 munus
660 1926 748 1955 bonae
779 1926 947 1963 operationis
985 1929 1013 1955 et
1040 1926 1163 1963 pulsare
1194 1935 1244 1963 per

394 1973 550 2002 instantiam
572 1973 705 2001 orationis
727 1976 754 2001 et
774 1981 936 2010 properare
957 1981 1006 2010 per
1032 1973 1168 2002 fervorem
1199 1982 1244 2002 ae-

394 2020 566 2053 mulationis;
588 2023 615 2048 et
636 2020 750 2048 caelum
771 2020 921 2057 aperietur
942 2020 1032 2048 nobis.

474 2066 499 2095 3.
522 2066 590 2095 Nota
611 2066 644 2095 de
668 2066 718 2095 hoc
740 2066 815 2103 quod
836 2066 940 2095 dictum
963 2070 1004 2095 est
1030 2074 1115 2104 supra
1126 2068 1147 2100 4,
1169 2067 1244 2104 quod

393 2113 427 2141 ad
449 2113 634 2142 emittendum
652 2117 692 2142 est
714 2117 842 2150 apertum
858 2114 964 2142 eaelum
988 2114 1098 2142 Christo
1116 2114 1243 2148 intranti,

393 2161 426 2189 ad
452 2161 659 2189 ostendendam
688 2161 779 2189 Ioanni
808 2161 1021 2198 contemplanti,
1046 2161 1079 2189 ad
1105 2161 1243 2198 recipien-

393 2208 465 2236 dum
486 2208 625 2245 Stephano
647 2208 769 2245 patienti.

890 195 1116 224 COLLATIONES
1138 195 1170 223 IN
1191 194 1338 224 ΙΟΑΝΝΕΜ
1360 194 1428 223 CAP.
1451 194 1469 222 1.
1491 193 1584 223 COLL.
1607 194 1660 223 Vll.

1638 273 1769 296 ΑΝΝοτΑτιο
1790 274 1808 296 l.

1379 367 1469 403 (Vers.
1491 366 1540 402 3.).
1565 366 1674 396 Omnia
1682 375 1736 405 per
1750 367 1848 404 ipsum
1859 366 1941 404 facta
1955 372 2032 397 sunt.
2046 385 2081 389 —
2097 369 2149 398 No-

1302 413 1429 448 tandum,
1445 413 1519 451 quod
1533 416 1575 443 est
1589 414 1706 443 verbum
1721 413 1848 452 faciens,
1863 414 1980 444 verbum
1995 414 2110 453 factum
2121 419 2148 445 et
2191 421 2195 426 ·

1301 460 1418 489 verbum
1438 460 1518 497 siens.
1535 477 1573 481 —
1588 460 1710 490 Verbum
1733 459 1846 499 faciens
1861 464 1902 490 est
1916 461 2038 490 Verbum
2054 462 2089 491 ab
2103 470 2148 492 ae-
2165 468 2195 487 ¹²*

1301 510 1380 536 terno
1395 508 1534 545 genitum,
1549 507 1583 537 de
1598 516 1654 545 quo
1675 508 1736 537 hic:
1754 508 1861 537 Omnia
1878 508 2045 546 peripsum
2065 508 2149 547 faeta

1299 558 1376 584 sunt.
1393 572 1431 576 —-
1446 555 1569 584 Verbum
1590 554 1705 593 factum
1726 558 1768 584 est
1788 555 1905 585 verbum
1925 556 2010 585 menti
2032 556 2150 587 interius
2166 535 2283 623 Secundum}

1300 603 1481 640 impressum,
1496 602 1529 631 de
1551 611 1607 640 quo
1621 603 1710 631 Lucae
1726 603 1807 632 tertio
1821 603 1849 631 ⁵:
1870 615 1883 628 ι(
1898 603 2010 632 Factum
2031 606 2074 633 est
2087 612 2150 633 ver—

1300 651 1367 679 bum
1390 650 1496 678 Domini
1529 657 1614 686 super
1646 649 1792 684 loannem,
1814 650 1963 679 Zachariae
1995 650 2100 686 filium,
2121 651 2150 680 in

1300 698 1409 727 deserto
1422 709 1447 726 ».
1464 714 1501 718 -
1516 697 1639 726 Verbum
1658 696 1730 733 fiens
1745 694 1787 726 est
1801 697 1919 726 verbum
1935 698 2066 728 vocaliter
2087 707 2151 736 pro-
2167 703 2254 724 Tertium‘·
2275 710 2277 729 ,ι

1300 745 1403 779 latum,
1418 744 1492 782 quod
1513 746 1621 773 tantum
1636 743 1719 772 estin
1739 743 1820 781 fieri,-
1841 744 1875 774 de
1896 753 1952 782 quo
1966 745 2032 775 dicit
2052 746 2151 775 Dama-

1300 800 1413 826 scenus,
1435 791 1509 829 quod
1531 791 1648 820 verbum
1674 793 1800 820 nostrum
1829 794 1871 821 est
1895 796 2102 830 anypostatum,
2124 794 2151 823 id

1301 841 1342 868 est
1363 847 1417 867 nou
1439 838 1592 867 subsistens
1613 841 1640 867 et
1662 838 1688 866 in
1715 839 1808 867 aerem
1822 839 1951 869 effusum.
1973 840 2012 870 De
2034 841 2086 870 hoe
2110 841 2151 870 di—

1301 886 1374 915 citur
1385 886 1406 921 ⁸,
1428 886 1493 923 quia
1519 897 1532 911 «
1548 885 1621 914 volat
1642 885 1824 915 irrevocabile
1845 887 1963 917 verbum
1978 900 2005 917 n.

1646 989 1773 1011 Auuo'ra'rio
1791 989 1814 1011 2.

1381 1076 1470 1113 (Vers.
1494 1076 1541 1111 6.).
1566 1074 1636 1103 Fuit
1663 1073 1746 1102 homo
1774 1074 1884 1104 missus
1911 1085 1931 1105 a
1961 1077 2016 1106 Deo
2040 1080 2091 1107 etc.
2115 1095 2151 1100 —
2194 1077 2196 1079 ’

1302 1124 1382 1157 Nota,
1408 1123 1481 1161 quod
1507 1123 1620 1151 Ioannes
1640 1121 1693 1150 fuit
1713 1121 1815 1151 missus
1843 1126 1907 1152 ante
1928 1123 2153 1155 Domin11m⁷.ut
2174 1131 2296 1172 rrestaqun

1299 1179 1408 1208 praeco
1422 1171 1456 1199 ad
1471 1170 1705 1204 annuntiandum,
1721 1172 1753 1198 ut
1766 1178 1947 1207 praecursor
1961 1171 1995 1200 ad
2010 1171 2062 1201 iter
2073 1180 2153 1209 prae-
2169 1155 2189 1174 δ’
2203 1155 2273 1186 ¹⁰³⁰¹⁰⁸¹

1302 1218 1471 1254 parandum,
1486 1220 1518 1246 ut
1531 1217 1655 1246 nimitas
1675 1216 1710 1245 ad
1728 1216 1878 1254 hospitium
1900 1217 2099 1255 accipiendum.
2115 1236 2153 1240 —-
2283 1243 2285 1246 .

1302 1265 1341 1293 De
1360 1265 1449 1302 primo
1464 1265 1583 1294 habetur
1606 1264 1688 1293 hicfl:
1711 1264 1781 1293 Fuit
1802 1263 1886 1293 homo
1910 1265 2021 1294 missus
2042 1274 2062 1294 a
2082 1266 2151 1300 Deo,
2171 1272 2285 1298 Derrimwl

1302 1311 1352 1340 cui
1371 1320 1475 1340 women
1495 1315 1559 1340 erat
1581 1312 1712 1340 loannes.
1734 1311 1787 1340 Hic
1801 1311 1924 1340 venitin
1939 1312 2152 1347 testimonium,
2282 1303 2285 1319 ³

1302 1362 1336 1387 ut
1363 1359 1557 1387 testimonium
1583 1357 1746 1396 perhiberet
1774 1358 1808 1387 de
1839 1358 1955 1387 lumine.
1978 1376 2016 1379 —
2045 1359 2083 1389 De
2111 1368 2153 1389 se·
2168 1366 2285 1402 Desecunol

1302 1405 1406 1440 cundo,
1428 1406 1576 1435 Malachiae
1598 1406 1695 1435 tertio:
1723 1417 1736 1431 «
1753 1406 1834 1439 Ecce,
1856 1413 1907 1443 ego
1925 1405 2003 1434 mitto
2024 1407 2154 1444 angelum
2283 1410 2285 1418 '

1303 1461 1412 1487 meum,
1435 1453 1482 1490 qui
1506 1453 1681 1490 praeparabit
1710 1453 1781 1482 viam
1803 1456 1866 1481 ante
1887 1452 1984 1482 faciem
2011 1461 2100 1483 meam
2126 1466 2152 1483 ».

1302 1517 1340 1521 —
1362 1501 1400 1529 De
1423 1501 1516 1534 tertio,
1533 1501 1621 1529 Lucae
1642 1501 1750 1538 primo:
1777 1512 1790 1525 «
1805 1500 1864 1537 lpse
1880 1500 2025 1537 praecedet
2039 1504 2103 1530 ante
2122 1501 2153 1530 il-
2170 1508 2198 1527 ne
2211 1504 2285 1528 tertios.

1301 1548 1360 1576 lum
1383 1547 1410 1576 in
1432 1547 1532 1584 spiritu
1562 1551 1588 1576 et
1610 1548 1714 1577 virtute
1736 1548 1824 1582 Eliae,
1846 1550 1878 1577 ut
1900 1550 2044 1577 convertat
2070 1548 2154 1578 corda

1301 1597 1414 1631 patrum
1436 1594 1462 1623 in
1490 1594 1559 1623 filios
1587 1598 1614 1623 et
1636 1594 1794 1624 incredulos
1812 1595 1846 1623 ad
1868 1594 2044 1632 prudentiam
2067 1595 2154 1625 iusto-

1302 1649 1365 1669 rum
1381 1653 1394 1666 »
1424 1645 1476 1670 ete.
1504 1658 1542 1662 —
1564 1641 1677 1670 Ioannes
1702 1641 1927 1678 praeconizavit
1955 1642 2154 1679 praedicando,

1302 1689 1357 1717 iter
1370 1688 1565 1726 praeparavit
1575 1688 1752 1725 baptizando,
1774 1688 1932 1726 hospitium
1946 1689 2058 1726 aceepit
2071 1690 2155 1718 corda

1301 1736 1445 1764 hominum
1467 1735 1501 1764 ad
1523 1735 1604 1764 fidem
1627 1735 1728 1764 Christi
1750 1736 1945 1765 convertendo.

1644 1839 1772 1863 ΑκκοτΑτιο
1790 1840 1810 1862 3.

1382 1927 1471 1963 (Vers.
1494 1926 1562 1962 ⁹23).
1587 1927 1645 1964 Eoo
1666 1935 1722 1955 vox
1744 1926 1901 1955 clamantis
1922 1926 1953 1955 in
1974 1927 2093 1956 deserto.
2117 1944 2153 1948 —
2173 1932 2211 1951 Alii
2225 1933 2271 1959 ,trem
2286 1933 2296 1947 w

1301 1974 1384 2008 Nota,
1400 1974 1474 2011 quod
1490 1974 1602 2002 loannes
1616 1973 1765 2011 aliquando
1779 1974 1869 2003 dietus
1881 1976 1922 2003 est
1933 1973 2090 2011 propheta,
2105 1974 2154 2003 ali—
2194 1956 2237 1998 ‹²¹2¹AE
2249 1960 2258 1974 ⁰
2278 1981 2283 1999 1

1301 2020 1412 2057 quando
1426 2029 1496 2055 vox,
1511 2020 1659 2057 aliquando
1674 2020 1804 2049 lucerna.
1822 2021 1973 2057 Prophetae
1994 2023 2036 2049 est
2051 2029 2154 2059 cogno-

1301 2076 1379 2095 scere
1392 2067 1558 2100 veritatem,-
1580 2068 1654 2097 vocis
1669 2071 1710 2097 est
1722 2076 1858 2105 promere
1873 2067 2008 2101 verinum
2024 2068 2154 2097 lucernae

1301 2118 1342 2143 est
1357 2114 1503 2143 oste-nitere
1518 2115 1617 2144 luem.
1630 2133 1668 2135 —
1680 2116 1778 2144 Beatus
1794 2115 1906 2144 Ioannes
1926 2114 2067 2152 propheta
2088 2115 2153 2148 fuit,
2171 2120 2260 2144 prophet⁴³

1301 2162 1367 2199 quia
1388 2162 1516 2199 cognovit
1540 2163 1683 2192 veritatem
1706 2163 1799 2192 divina
1820 2163 2003 2197 revelatione;
2025 2163 2154 2192 Matthaei

1302 2208 1447 2237 undecimo
1456 2209 1476 2243 ⁹,
1488 2209 1577 2238 Lucae
1591 2210 1722 2246 septimo:
1742 2221 1755 2235 «
1768 2210 1854 2238 Etiam
1869 2210 1930 2239 dico
1945 2210 2035 2244 vobis,
2050 2212 2078 2238 et
2092 2209 2155 2247 plus

458 2486 465 2499 ¹
484 2487 549 2509 vers.
573 2488 606 2510 16.
624 2500 655 2504 -
672 2488 807 2510 Immediate
832 2491 884 2516 post
909 2488 1020 2516 allegatur
1045 2488 1099 2510 Luc.
1123 2488 1150 2515 3,
1168 2488 1205 2510 22.
1223 2490 1245 2509 et

394 2530 523 2555 sequuntur
540 2528 613 2555 Apoe.
632 2528 673 2555 11,
695 2528 728 2549 19.
747 2530 769 2550 et
785 2529 834 2550 Act.
852 2528 879 2555 7,
897 2528 934 2550 55.
954 2527 1031 2550 Verba
1050 2527 1144 2549 inferius
1156 2527 1186 2549 de
1199 2527 1245 2549 Ste-

394 2567 471 2594 phano
496 2567 593 2595 allegata
620 2566 678 2590 cidit
701 2569 722 2591 et
750 2567 858 2590 introivit
874 2570 999 2590 occurrunt
1024 2567 1046 2589 in
1064 2566 1113 2590 Lib,
1131 2567 1245 2594 Respons.

395 2606 463 2633 (inter
479 2612 549 2634 opera
566 2607 690 2635 Gregorii),
707 2613 750 2635 pro
768 2608 825 2629 sesto
843 2608 865 2629 S.
884 2607 1007 2635 Stephani,
1019 2607 1041 2629 in
1054 2607 1166 2635 Respons.
1184 2607 1208 2629 11.
1223 2609 1245 2628 et

394 2645 427 2667 lll.
445 2645 507 2667 Noct.
526 2645 557 2671 (in
576 2646 676 2668 Breviar.
694 2647 810 2674 Romano,
824 2647 857 2669 111.
874 2647 937 2669 Noct.
950 2649 973 2669 et
984 2647 1013 2669 ad
1025 2646 1133 2675 Laudes).
1146 2658 1176 2663 —
1189 2645 1245 2669 Cod.

396 2685 413 2706 Α
431 2685 487 2707 haec
504 2685 590 2712 verba,
607 2686 666 2708 sicut
690 2689 712 2708 et
736 2692 801 2715 seqq.
819 2685 847 2709 de
872 2692 921 2716 qua
945 2686 1077 2716 aperitione
1094 2686 1197 2709 Actuum
1213 2691 1245 2709 se-

392 2723 482 2754 ptimo:
501 2724 560 2747 Ecce
586 2724 649 2747 culeo
673 2724 750 2748 caelos
775 2725 866 2747 omittit.
891 2725 937 2748 Csr.
961 2726 1067 2753 August„
1092 2725 1166 2747 Serm.
1192 2724 1245 2747 314.

397 2763 461 2791 (alias
478 2763 515 2785 95.
534 2763 563 2785 de
581 2763 693 2792 Diversis)
711 2770 734 2786 u.
755 2765 772 2785 1.

459 2801 468 2814 ²
486 2802 553 2825 Vers.
573 2803 608 2824 10.
625 2815 655 2819 -
673 2803 782 2832 Sequitur
800 2804 877 2826 Matth.
893 2804 920 2832 7,
938 2804 961 2826 7.
979 2807 1001 2826 et
1020 2804 1041 2826 8.

460 2840 469 2853 ⁹
488 2842 551 2864 Vers.
570 2841 607 2864 24.
624 2848 673 2870 seq.
691 2855 720 2858 —
738 2842 843 2865 Subinde
860 2844 972 2871 allegatur
985 2844 1061 2865 Matth.
1074 2843 1112 2870 25,
1128 2843 1162 2865 ¹0.
1174 2846 1197 2865 et
1213 2844 1246 2865 12.

460 2880 469 2892 ⁴³
487 2881 554 2903 Num.
576 2881 594 2903 l.

460 2918 470 2931 ⁵
487 2920 552 2942 Yers.
570 2921 591 2942 ⁴2.
608 2932 639 2937 —-
651 2920 755 2943 Subinde
768 2921 880 2949 allegatur
893 2921 1006 2950 Damam,
1019 2922 1032 2943 1.
1045 2921 1074 2944 de
1088 2921 1142 2943 Fide
1154 2921 1245 2943 orthod.

397 2966 416 2982 c.
435 2960 462 2987 6,
480 2959 521 2981 ubi
539 2960 568 2982 de
584 2960 717 2982 discrimine
734 2960 806 2982 Verbi
823 2961 908 2983 aeterni
931 2963 953 2983 et
976 2960 1071 2983 humani
1089 2967 1161 2988 agens
1178 2960 1246 2983 dicit:

398 2999 457 3028 Quin
476 2999 554 3027 potitis
571 2998 655 3028 [Pater]
676 2998 777 3021 Verbum
795 3006 863 3022 suum
887 3006 914 3022 ex
932 3006 956 3022 se
979 3000 1082 3028 genitum
1100 3005 1192 3028 semper
1210 3000 1246 3021 ha-

1302 2487 1353 2513 bet.
1371 2494 1417 2510 uon
1435 2488 1498 2517 quod
1515 2488 1546 2510 ad
1563 2488 1633 2510 instar
1650 2488 1721 2511 nostri
1740 2494 1786 2511 non
1803 2488 1913 2511 subsistat
1929 2491 1951 2511 et
1977 2488 1999 2511 in
2018 2487 2097 2511 a‘e'rem
2115 2488 2154 2511 dis-

1303 2527 1358 2549 ssuat
1375 2522 1544 2555 [ἀνυπόστατον
1561 2526 1598 2548 καὶ
1616 2524 1646 2552 εἰς
1664 2522 1720 2556 ἀέρα
1737 2525 1866 2559 *Astii-nevo&
1883 2527 1925 2550 sed
1943 2527 1964 2550 in
1982 2533 2006 2550 se
2024 2527 2153 2550 consistens

1303 2564 1477 2596 [ἐνυπὸστατον]
1495 2570 1538 2589 etc.
1557 2579 1588 2584 —
1604 2566 1679 2590 Codd.
1699 2567 1771 2589 nostri
1788 2566 1894 2590 scribunt
1905 2567 2092 2596 ampostatum·
2104 2572 2154 2595 pas-

1302 2606 1345 2628 sim
1364 2606 1386 2628 in
1404 2606 1504 2635 antiquis
1521 2606 1589 2629 codd.
1607 2606 1693 2629 Graeca
1712 2606 1784 2629 verba
1802 2606 1885 2629 vitiose
1902 2605 2043 2629 scribuntur.

1365 2643 1375 2657 ⁶
1392 2646 1478 2672 Horat„
1496 2645 1566 2673 Epist.
1585 2646 1621 2667 18.
1640 2652 1662 2668 v.
1681 2646 1723 2668 71:

1414 2702 1439 2723 Et
1456 2702 1526 2723 semel
1544 2701 1655 2724 emissum
1673 2702 1736 2724 volat
1754 2701 1905 2724 irrevocabile
1922 2701 2032 2724 verbum.

1367 2764 1409 2786 Pro
1419 2764 1449 2786 De
1458 2763 1502 2787 hoc
1511 2763 1606 2792 dicitur,
1616 2763 1672 2793 quia
1683 2764 1698 2786 B
1708 2763 1846 2788 Secundum
1855 2763 1899 2787 hoc
1908 2763 1971 2794 quod
1979 2763 2075 2791 dicitur,
2083 2762 2154 2793 quod.

1365 2801 1374 2814 ⁷
1392 2803 1449 2826 Cod.
1466 2804 1483 2825 Α
1501 2810 1516 2826 α
1534 2803 1593 2831 Deo,
1611 2804 1651 2832 qui
1663 2804 1732 2826 etiam
1744 2802 1922 2833 suscipiendum
1934 2809 1977 2832 pro
1988 2802 2154 2833 accipiendum

1303 2842 1429 2865 substituit.

1366 2880 1375 2893 Β
1393 2882 1460 2904 Vers.
1477 2882 1499 2904 6.
1519 2885 1541 2904 et
1557 2882 1580 2905 7.
1597 2895 1627 2899 —
1645 2883 1779 2911 Sequuntur
1796 2882 1890 2904 Malach.
1914 2882 1941 2909 3,
1961 2882 1981 2904 ¹l.
2000 2881 2052 2911 (cfr.
2078 2881 2154 2904 Matlh.

1308 2922 1346 2949 ll,
1367 2921 1411 2950 lo.)
1429 2925 1451 2944 et
1468 2922 1522 2944 Luc.
1545 2922 1566 2946 1,
1589 2922 1621 2944 17.

1367 2958 1377 2972 ⁹
1395 2960 1459 2983 Vers.
1478 2961 1500 2983 9.
1517 2964 1539 2983 et
1556 2961 1610 2983 Luc.
1623 2961 1650 2988 7,
1668 2961 1706 2983 26.
1719 2973 1748 2976 —-
1761 2961 1893 2990 Sequuntur
1906 2960 1967 2983 loan.
1983 2961 2004 2989 1,
2022 2960 2064 2987 23;
2076 2960 2154 2982 Matth.

1307 3000 1328 3027 5,
1351 2999 1384 3021 16.
1402 3002 1424 3022 et
1443 2999 1502 3021 loan.
1520 2999 1547 3026 ὅ,
1565 3000 1602 3022 35.
