2296 3316
16 49 17 62 l

14 103 21 169 t
733 118 903 148 commem.
927 120 957 148 tN
979 118 1125 148 1011111111
1146 120 1173 147 c.
1197 119 1260 147 xni.
1820 119 1876 147 425

201 200 373 237 Exemplum
400 199 504 236 igitur,
530 199 604 236 quod
622 198 762 236 proponit
789 197 970 231 imitandum,

14 256 73 284 (rimo,
86 255 110 274 «10
121 248 173 276 hoc
203 246 299 275 ordine
327 246 504 275 describitur.
535 245 626 274 Primo
651 244 808 273 ostenditur
835 244 972 280 temporis

22 280 314 332 quffi‘eonffluieaae
342 292 467 322 secundo.
485 300 567 326 vero,
591 291 702 321 Christi
722 290 876 319 humilitas
883 301 894 324 ,·
915 293 971 319 ter-

23 341 28 346 ”
121 341 175 375 tio,
198 340 280 369 Petri
299 339 483 372 revertente,-
504 341 620 376 quarto,
641 338 737 375 ipsius
758 338 927 366 obedientia.

198 389 225 416 2.
248 387 338 419 (Vers.
363 387 409 421 l.).
431 386 580 423 Temporis
594 385 800 422 opportunitas
814 384 971 413 ostenditur

20 435 148 464 osianna-in
173 435 241 468 hoc,
270 434 345 471 quod
373 434 427 461 iam
449 437 559 469 tempus
580 432 677 461 mortis
697 432 818 460 instabat
827 454 837 465 ,.
856 434 971 468 propter

0 466 103 520 i'qssffissm.
121 481 195 520 quod
222 481 350 518 specialia
378 481 456 517 signa
483 479 637 508 dilectionis
667 479 814 508 ostendere
843 478 970 507 debebat.

1032 208 1047 222 (ι
1062 197 1131 226 Data
1151 201 1193 226 est
1214 197 1283 225 mihi
1303 197 1393 226 omnis
1406 200 1528 234 potestas
1542 197 1569 225 in
1585 197 1660 226 caelo
1675 199 1701 226 et
1716 197 1743 225 in
1759 200 1834 225 terra
1849 207 1876 231 »ς

1028 247 1053 272 et
1073 244 1177 278 sciens,
1199 245 1272 282 quia
1293 252 1310 272 a
1336 244 1391 272 Deo
1412 244 1502 273 cecinit
1514 247 1540 272 et
1554 244 1594 272 ad
1610 244 1699 272 Deum
1715 244 1815 278 vadit,
1834 251 1877 272 se-

1028 290 1151 319 cundum
1173 290 1241 318 illud
1262 290 1334 319 infra
1355 290 1462 319 decimo
1483 294 1582 320 sexto:
1603 302 1617 316 «
1632 291 1709 319 Exivi
1726 299 1742 318 a
1756 291 1836 319 Patre
1850 294 1877 319 et

1029 337 1091 365 veni
1111 337 1139 365 in
1162 337 1316 371 mundum3
1338 337 1440 366 iterum
1462 338 1589 374 relinquo
1611 338 1746 366 mnndum
1766 341 1793 366 et
1809 337 1877 366 vado

1027 383 1061 412 ad
1083 384 1234 412 Patrem».
1265 384 1319 412 Hoc
1346 385 1457 418 sciens,
1485 384 1512 412 id
1533 387 1575 413 est.
1596 387 1714 413 mortem
1736 392 1815 413 suam
1837 384 1878 412 in-

1027 434 1102 460 stare
1123 439 1377 468 praecognoscens,

1107 479 1133 506 5.
1156 478 1246 513 (Vers.
1267 479 1317 512 4.).
1346 478 1449 515 Snryit
1477 487 1496 506 α
1524 487 1628 513 coena,
1657 482 1689 507 ut
1716 480 1877 515 exemplum

120 529 269 566 Propterea
289 528 373 556 dicit:
395 528 470 555 Ante
490 527 566 555 diem
587 526 695 564 festum
714 524 859 563 paschae,
882 525 910 553 id
930 528 972 553 est

120 578 184 605 ante
211 575 330 612 primam
356 574 428 603 diem
456 582 636 610 azymorum,
665 573 747 602 cuius
767 580 884 609 vespera
911 575 972 601 erat

120 622 227 652 decima
247 625 348 659 quarta
368 622 435 650 luna
455 621 488 649 ad
512 628 671 657 vesperam,
693 620 804 657 quando
818 627 907 656 agnus
921 618 972 647 im—

119 669 276 698 molabatur
289 670 308 696 ¹.
331 668 429 696 Sciens
451 668 548 701 Iesus,
571 667 643 705 quia
663 666 741 695 venit
754 665 831 694 hora
845 666 924 699 eius,
940 669 974 694 nt

121 719 252 746 transeat
272 724 307 744 ex
328 714 380 744 hoc
401 715 511 744 mundo
532 715 572 743 ad
594 714 724 742 Patrem.
743 714 847 742 Pascha
861 713 972 741 transi-

122 767 170 792 tus
189 765 250 797 est;
271 765 299 791 et
320 762 381 790 ideo
406 761 540 790 Dominus
567 761 638 789 mori
667 760 756 789 voluit
776 760 803 788 in
826 760 971 796 paschate,

120 810 187 848 quia
207 817 290 839 snum
316 809 394 838 mori
414 809 534 837 transire
555 807 615 836 fuit.
638 808 690 837 Iste
712 807 847 836 transitus
868 806 972 844 signifi-

121 859 201 886 catus
219 859 261 885 est
281 864 331 893 per
353 855 502 884 transitum
523 855 608 884 maris
629 854 725 888 rubri,
747 854 780 883 de
795 862 852 891 quo
866 853 973 891 primae

121 903 156 933 ad
176 903 334 932 Corinthios
354 903 461 931 decimo
473 902 502 930 ²:
530 913 544 927 «
558 902 653 930 Patres
673 901 761 930 nostri
783 909 880 929 omnes
894 908 972 929 mare

121 950 321 980 transierunt»
346 953 398 979 etc.
422 949 496 978 Cum
514 948 661 977 cta'leaeteset
674 956 761 982 suos,
777 948 927 986 quierant
940 948 973 976 in

120 998 248 1032 mundo,
276 997 308 1026 in
334 996 422 1034 finem
442 996 544 1025 dilexit
564 1004 628 1029 coe,
650 995 677 1024 id
698 998 756 1029 est,
779 997 845 1023 tunc
866 994 973 1031 praeci—

121 1053 177 1082 pua
197 1045 275 1082 signa
294 1044 448 1073 dilectionis
469 1043 596 1072 ostendit.
620 1042 832 1080 Augustinnsssz
852 1053 867 1066 (ι
881 1042 971 1075 Absit,

121 1095 153 1121 ut
173 1092 348 1121 dilectionem
370 1095 459 1120 morte
480 1090 583 1119 finierit
601 1090 650 1127 qui
671 1097 726 1118 non
748 1092 789 1118 est
807 1091 897 1117 morte
911 1088 973 1116 fini-

123 1143 209 1173 tus»;
235 1142 262 1168 et
288 1150 301 1163 «
320 1139 378 1167 Non
400 1142 441 1166 est
469 1139 519 1166 iste
544 1138 609 1166 finis
628 1144 810 1171 consumens,
833 1136 880 1165 sed
908 1143 973 1164 con-

122 1194 263 1216 summans
278 1198 304 1214 ».
335 1185 409 1214 Suos
431 1185 564 1214 Dominus
585 1184 691 1221 diligit;
714 1184 797 1213 Isaiae
818 1183 973 1220 quadrage-

122 1233 191 1263 simo
211 1233 325 1262 nono4:
352 1232 510 1269 «Nunquid
538 1232 662 1260 oblivisci
691 1234 781 1268 potest
802 1230 903 1259 mulier
931 1230 973 1258 in-

123 1281 224 1310 fantem
246 1288 346 1314 suum,
368 1282 400 1308 ut
422 1287 475 1308 non
504 1279 670 1307 misereatur
697 1279 754 1307 filio
782 1278 854 1307 uteri
883 1277 925 1306 sui
941 1280 973 1305 n?

129 1328 252 1365 Tempus
273 1327 397 1364 tangitur
417 1329 446 1355 et
465 1325 541 1354 liora
563 1326 713 1362 temporis:

201 1374 227 1404 3.
249 1374 339 1411 (Vers.
362 1375 410 1409 2.).
441 1374 474 1402 Et
502 1382 591 1402 coena.
617 1372 717 1410 faeta,
745 1381 814 1401 eum
834 1371 971 1400 diabotus

122 1421 184 1451 iam
204 1421 332 1450 misisset
351 1421 383 1449 in
404 1420 494 1454 cor5,
516 1420 542 1448 id
564 1423 621 1453 est,
637 1419 834 1456 suggessisset,
856 1422 889 1446 ut
910 1421 972 1446 tra-

123 1468 202 1497 deret
222 1476 289 1496 eum
310 1468 403 1496 Iudas
419 1467 546 1496 Simonis
560 1466 723 1495 [scariotae
733 1476 747 1499 ;
764 1466 830 1503 qnia
845 1469 912 1494 tunc
925 1465 972 1493 de-

122 1515 233 1544 finierat
253 1523 317 1544 eum
340 1514 465 1549 tradere,
487 1522 523 1543 ex
542 1522 598 1551 qua
614 1513 759 1542 traditione
774 1513 902 1542 Christus
917 1520 972 1541 non

122 1565 164 1591 est
184 1562 355 1596 minoratus,
377 1560 423 1590 sed
446 1561 627 1594 sublimatus;
651 1560 724 1588 unde
745 1562 773 1588 et
793 1560 906 1588 subdit:

200 1609 227 1638 lt.
250 1609 339 1646 (Vers.
362 1608 410 1641 3.).
434 1608 548 1642 Sciens,
571 1607 643 1645 qnia
665 1606 764 1635 omnia
779 1607 857 1635 dedit
871 1606 898 1635 ei
912 1606 972 1634 Pa—

123 1659 166 1684 ter
185 1656 218 1684 in
242 1664 368 1690 manue,
397 1655 550 1684 secundum
578 1654 647 1683 illud
675 1654 803 1683 Matthaei
831 1654 972 1682 ultimo⁶:

1027 525 1176 562 praebeat;
1206 521 1272 562 qnia
1299 525 1353 553 iam
1382 525 1514 562 temporis
1541 526 1735 562 opportunitas
1765 526 1877 560 aderat,

1027 572 1100 601 sicut
1126 572 1232 600 dictum
1260 575 1302 600 est
1330 572 1458 600 ministro
1479 572 1614 601 Ecclesiae
1635 572 1752 600 Actuum
1774 572 1877 601 duode-

1028 619 1101 647 cimo
1113 619 1142 646 ⁷:
1169 630 1182 643 «
1198 619 1286 655 Surge
1308 619 1439 647 velociter
1454 630 1481 647 n.

1109 666 1145 694 Et
1161 666 1246 703 ponit
1264 665 1435 694 vestimenta
1462 674 1527 694 sua.
1558 666 1692 703 Tangitur
1714 667 1758 695 hic
1779 674 1877 695 secun-

1028 713 1112 747 dum,
1134 713 1237 741 scilicet
1261 711 1370 741 Christi
1390 712 1558 746 humilitas,
1580 713 1647 750 quia
1664 713 1776 749 deponit
1796 714 1879 742 vesti-

1028 763 1137 793 menta,
1158 763 1190 787 ut
1217 759 1252 788 sit
1280 759 1430 796 expeditus
1444 753 1522 788 'sicut
1544 759 1687 793 minister;
1710 759 1770 788 ideo
1794 759 1878 788 dicit:

1029 807 1117 834 Ponit
1144 807 1313 835 vestimenta
1338 815 1416 841 sua;
1438 806 1473 835 sit
1493 807 1577 835 etiarn
1595 810 1725 844 paratu-3
1747 809 1779 835 ut
1798 807 1879 835 mini-

1029 857 1105 888 ster;
1134 856 1282 890 propterea
1309 854 1395 883 dicit:
1423 855 1457 882 Et
1478 862 1545 882 cum
1566 854 1722 891 accepisset
1742 853 1878 887 linteum,

1026 901 1197 939 praecinxit
1216 910 1266 935 se,·
1287 902 1377 930 Lucae
1397 901 1603 930 duodecimo⁸:
1629 913 1642 926 «
1658 902 1741 929 Amen
1757 901 1819 929 dico
1833 909 1880 930 vo-

1028 949 1086 983 bis,
1107 948 1183 985 quod
1204 948 1363 985 praecinget
1377 956 1406 977 se
1420 960 1433 974 n
1453 952 1504 977 etc.
1521 948 1649 977 Officium
1665 948 1785 977 ministri
1800 955 1880 977 exse-

1028 995 1146 1032 quitur;
1167 998 1317 1032 propterea
1336 995 1421 1023 dicit:

1109 1043 1134 1070 6.
1157 1042 1247 1078 (Vers.
1271 1042 1318 1076 5.).
1343 1042 1450 1071 Deinde
1470 1043 1571 1071 misit⁹
1593 1051 1705 1080 aquam
1725 1042 1757 1071 in
1769 1041 1875 1079 pelvim

1028 1093 1053 1118 et
1081 1090 1171 1126 coepit
1199 1089 1301 1118 lavare
1325 1089 1411 1126 pedes
1439 1089 1654 1126 discipulorum
1682 1093 1709 1118 et
1734 1094 1880 1126 extergere

1029 1136 1130 1170 linteo,
1152 1145 1209 1174 quo
1230 1139 1296 1164 erat
1312 1136 1510 1172 praecinctus.
1534 1136 1587 1164 Hoc
1608 1139 1650 1164 est
1671 1135 1800 1174 officium
1825 1136 1879 1164 mi-

1028 1184 1137 1217 nistri;
1166 1184 1220 1212 tale
1247 1183 1370 1211 officium
1400 1183 1535 1211 Dominus
1556 1183 1706 1212 maiestatis
1729 1183 1879 1216 assumsit;

1028 1231 1117 1259 Lucae
1138 1231 1273 1268 vigesimo
1294 1230 1434 1259 secundo:
1461 1242 1474 1255 «
1490 1230 1544 1267 Ego
1565 1234 1658 1258 autem
1679 1230 1707 1258 in
1728 1229 1819 1259 medio
1834 1237 1880 1258 ve-

1028 1280 1118 1306 strum
1141 1285 1219 1312 sum,
1241 1277 1313 1306 sicut
1334 1276 1382 1314 qui
1398 1276 1576 1305 ministrat».
1597 1288 1610 1301 «
1625 1276 1708 1305 Filius
1722 1279 1815 1305 autem
1831 1277 1880 1304 ho-

1027 1325 1110 1353 minis
1130 1333 1185 1353 non
1207 1324 1283 1353 venit
1303 1324 1472 1357 ministrari,
1501 1323 1549 1352 sed
1575 1323 1735 1352 ministrare
1760 1326 1787 1352 et
1814 1323 1880 1352 dare

1028 1371 1148 1399 animam
1174 1379 1253 1400 suam
1283 1371 1502 1407 redemptionem
1532 1378 1583 1407 pro
1611 1370 1706 1398 multis
1721 1382 1747 1398 ».
1770 1370 1802 1398 Et
1829 1370 1881 1398 hoc

1029 1417 1227 1446 humillimum
1248 1418 1463 1451 ministerium,
1486 1417 1552 1446 lotio
1574 1416 1685 1453 pedum.

1108 1467 1134 1493 7.
1165 1465 1254 1501 (Vers.
1284 1465 1332 1501 6.).
1370 1465 1449 1493 Venit
1475 1473 1544 1502 erpo
1575 1464 1617 1492 ad
1648 1464 1794 1492 Simonem
1826 1464 1880 1492 Pe-

1030 1515 1110 1540 trum
1131 1515 1183 1540 etc.
1205 1513 1340 1549 Tangitur
1362 1512 1407 1540 hic
1429 1512 1560 1546 tertium,
1581 1511 1687 1540 scilicet
1710 1510 1791 1539 Petri
1804 1520 1882 1539 reve-

1029 1559 1142 1592 rentia,
1164 1567 1221 1596 qua
1248 1559 1356 1587 Domini
1384 1559 1551 1596 obsequium
1580 1558 1737 1592 refutabat;
1766 1561 1882 1594 propter

1029 1606 1103 1643 quod
1125 1606 1208 1635 dicit:
1240 1606 1318 1634 Venit
1338 1606 1378 1635 att
1400 1606 1547 1635 Simonem
1562 1606 1702 1639 Petrum,
1724 1607 1757 1633 ut
1776 1604 1881 1633 scilicet

1030 1653 1144 1681 lavaret.
1168 1654 1202 1681 Et
1222 1653 1294 1681 dicit
1307 1654 1333 1682 ei
1350 1654 1455 1682 Petrus
1468 1653 1509 1682 ²⁰:
1534 1653 1670 1687 Domine,
1693 1656 1724 1681 tu
1745 1651 1820 1681 mihi
1840 1652 1882 1680 tuf—

186 1822 193 1834 ¹
212 1822 286 1850 Beda,
305 1822 326 1844 in
344 1822 411 1844 Marc.
433 1821 472 1850 14,
494 1822 516 1843 l:
535 1822 582 1843 Hoc
594 1827 648 1853 sane
661 1821 720 1844 iuxta
733 1822 817 1843 veteris
830 1821 974 1844 instrumenti

124 1861 182 1891 [sive
199 1861 338 1891 testamenti]
355 1861 494 1889 scripturam
513 1861 571 1883 inter
580 1860 672 1890 pascha
684 1864 706 1883 et
717 1867 803 1890 azyma
816 1861 897 1887 distat,
909 1861 973 1889 quod

122 1902 208 1930 pascha
227 1901 276 1929 ipse
292 1901 355 1923 solus
371 1900 421 1922 dies
438 1900 573 1928 appellatur,
591 1900 615 1922 in
632 1906 679 1929 quo
696 1906 771 1927 agnus
783 1900 932 1923 occidebatur
944 1900 973 1922 ad

124 1946 259 1968 vesperam,
277 1941 322 1962 hoc
338 1942 372 1962 est
389 1939 562 1968 quartadecima
579 1939 633 1961 luna
651 1939 718 1966 primi
737 1940 830 1961 mensis.
852 1939 975 1967 Quintade-

124 1980 183 2002 eima
201 1981 277 2002 autem
295 1979 362 2005 luna,
379 1978 473 2007 quando
490 1984 610 2005 egressum
629 1981 662 2000 est
680 1978 709 2001 de
726 1979 845 2006 Aegypto,
867 1978 975 2001 succede-

123 2019 164 2042 bat
180 2019 290 2042 festivitas
307 2024 456 2046 azymorum,
473 2024 534 2047 quae
551 2020 639 2045 septem
658 2017 754 2045 diebus,
773 2018 795 2040 id
812 2021 932 2047 estusque
944 2018 974 2040 ad

124 2058 265 2086 vigesimum
282 2057 384 2086 primum
397 2057 459 2080 diem
472 2057 577 2079 eiusdem
595 2057 681 2079 mensis
698 2058 728 2079 ad
740 2064 871 2085 vesperam,
884 2061 918 2080 est
929 2061 974 2080 sta-

125 2099 171 2120 tuta
189 2097 329 2120 solemnitas.
348 2097 435 2119 Verum
454 2097 612 2124 evangelistae
628 2097 783 2119 indifferenter
800 2100 822 2119 et
844 2097 906 2119 diem
924 2090 974 2125 azy-

123 2142 215 2159 morum
233 2142 276 2164 pro
298 2137 384 2164 pascha
407 2138 429 2158 et
448 2142 491 2163 pro
514 2135 596 2158 [liebus
618 2142 754 2163 azymorum
778 2137 864 2164 pascha
887 2142 974 2164 ponere

124 2176 204 2198 solent.
222 2175 280 2197 Dicit
296 2175 358 2197 enim
376 2175 478 2197 Marcus:
495 2175 556 2198 Erat
572 2176 653 2197 autem
669 2175 760 2204 pascha
777 2177 798 2198 et
814 2181 902 2205 azyma
918 2177 976 2205 post

124 2213 223 2237 biduum
241 2217 284 2237 etc.
301 2227 332 2231 -
349 2214 461 2242 Superius
478 2217 531 2242 post
548 2214 616 2237 cuins
632 2221 731 2244 vespera
748 2215 784 2237 ed.
802 2215 867 2237 addit
881 2215 972 2244 prima.

186 2252 196 2266 ²
215 2254 279 2276 Vers.
303 2254 325 2276 1.
347 2253 392 2276 Csr.
418 2253 460 2281 14,
486 2254 524 2276 22.
549 2266 580 2270 —
604 2254 710 2281 Hieron„
736 2254 773 2276 lV.
798 2254 926 2277 Comment.
952 2254 974 2276 in

125 2293 202 2316 Matth.
219 2293 262 2320 26,
280 2293 301 2315 1.
318 2298 380 2321 seq.:
397 2293 497 2319 Pascha,
514 2292 578 2321 quod
595 2292 707 2315 Hebraice
725 2293 809 2315 dicitur
825 2292 910 2322 phase,
928 2300 974 2316 non

124 2338 137 2354 a
148 2332 263 2360 passione,
273 2334 298 2354 ut
306 2332 411 2360 plerique
422 2331 562 2354 arbitrantur
571 2331 622 2360 [cfr.
633 2332 730 2359 Gregor.
742 2332 853 2358 Nazianz.‚
865 2332 926 2354 Orat.
937 2332 974 2354 42.

124 2370 174 2393 sive
191 2371 214 2393 2.
229 2370 254 2392 in
271 2370 369 2397 Pascha,
387 2377 410 2392 n.
427 2371 469 2397 20;
487 2371 597 2398 August,
615 2370 638 2392 in
655 2371 716 2393 loan.
728 2371 815 2399 Evang.
827 2373 855 2393 tr.
867 2371 904 2393 55.
916 2377 940 2393 n.
953 2371 974 2393 vl.

123 2409 167 2432 ait:
184 2409 243 2438 Quia
260 2409 322 2431 enim
339 2409 385 2437 pati
403 2409 490 2431 Graece
508 2407 603 2440 πάσχειν
619 2409 711 2437 dicitur,
728 2410 780 2432 ideo
798 2411 883 2437 pascha
896 2410 974 2437 passio

123 2451 202 2476 putata
214 2448 273 2478 est],
285 2449 326 2471 sed
338 2454 350 2471 a
363 2448 457 2470 transitu
472 2448 524 2478 [ct'r.
538 2449 607 2471 Exod.
623 2449 648 2471 12
657 2466 662 2475 ,
679 2450 683 2471 1
696 2450 712 2471 Ι.
725 2448 811 2478 seqq.],
824 2455 851 2471 eo
863 2449 926 2478 quod
939 2456 975 2471 ex-

124 2488 266 2515 terminator,
278 2487 360 2510 videns
371 2488 508 2515 sanguinem
522 2488 544 2510 in
557 2487 644 2510 foribus
661 2488 821 2516 Israelitarum,
839 2488 975 2516 pertransie-

124 2527 175 2550 rit...
199 2527 319 2549 Transitus
340 2530 417 2549 autem
440 2529 525 2554 noster,
543 2527 566 2549 id
582 2530 616 2550 est
633 2528 718 2556 phase,
736 2528 766 2550 ita
789 2527 926 2554 celebratur,
943 2527 973 2556 si,

125 2568 215 2588 terrena
232 2568 254 2588 et
271 2566 403 2594 Aegyptum
421 2566 573 2594 dimittentes,
591 2566 621 2589 ad
638 2567 743 2589 caelestia
762 2567 904 2589 festinemus.

187 2602 196 2616 ³
213 2605 236 2627 ln
254 2605 314 2627 Ioan.
332 2605 419 2632 Evang.
438 2607 465 2627 tr.
482 2605 519 2627 55.
537 2611 560 2627 n.
578 2605 604 2633 2,
621 2604 661 2627 ubi
679 2606 742 2627 affert
766 2605 883 2633 duplicem
906 2605 975 2632 expli-

125 2643 239 2666 cationem
257 2642 383 2666 verborum
401 2643 426 2666 in
442 2643 513 2673 finem
530 2642 613 2666 diteoeit
630 2649 684 2672 eos,·
700 2644 776 2671 prima
793 2644 886 2672 respicit
902 2644 974 2674 finem

124 2682 260 2705 intentionis
277 2688 304 2705 ex
320 2685 386 2710 parte
402 2685 492 2709 nostra,
504 2682 606 2705 secunda
617 2682 689 2712 finem
700 2682 858 2708 exsecutionis
870 2689 896 2705 ex
909 2686 975 2711 parte

125 2727 175 2744 sua.
192 2722 219 2744 In
236 2721 307 2752 finem
324 2721 408 2744 dilen-it
424 2727 475 2749 eos,
494 2721 516 2743 id
534 2724 568 2743 est
584 2722 607 2743 in
625 2727 650 2744 se
667 2722 809 2744 constituens
826 2722 894 2744 tinem
913 2722 975 2750 ipso-

125 2767 189 2790 rum,
207 2764 232 2783 ut
253 2761 392 2789 perduceret
411 2761 434 2783 in
451 2766 476 2783 se
499 2761 584 2783 finem:
608 2769 618 2781 α
631 2761 690 2790 Quid
713 2764 747 2784 est
769 2761 831 2784 enim
857 2761 881 2783 in
903 2761 974 2791 finem

126 2801 168 2822 nisi
192 2800 215 2822 in
237 2800 373 2823 Clu-istum?
390 2800 457 2823 Finis
479 2799 541 2823 enim
563 2799 631 2829 Leyz's
655 2799 776 2828 Christus,
797 2801 828 2823 ait
851 2801 975 2828 Apostolus

127 2838 206 2868 [Rom.
228 2840 267 2867 10,
285 2839 334 2869 4.],
351 2839 384 2862 ad
399 2839 515 2863 iustitiam
537 2839 604 2862 omni
625 2839 735 2863 credenti.
756 2839 817 2862 Finis
840 2840 974 2868 pertlciens,

126 2884 173 2900 non
189 2878 339 2906 interficiens;
358 2879 417 2906 finis,
435 2885 482 2907 quo
499 2884 574 2907 usque
595 2884 689 2905 eamus,
707 2874 810 2901 non'ubi
827 2884 974 2906 pereamus...

127 2917 178 2945 lpse
194 2920 231 2940 est·
245 2916 398 2945 flnisnoster,
416 2918 439 2940 111
457 2917 520 2940 11111111
537 2920 572 2939 est
589 2917 696 2939 transitus
708 2920 784 2940 noster
793 2926 813 2939 υ.
827 2917 930 2940 Subinde
942 2924 975 2939 re-

221 2964 246 2986 S.
264 2964 354 2987 Bonan.
365 2976 396 2981 --
409 2965 476 2986 Tom.
494 2965 531 2986 Vl.

1032 1822 1074 1843 sert
1091 1821 1185 1843 alteram
1202 1820 1382 1848 expositionem,
1399 1820 1527 1842 secundum
1545 1826 1615 1849 quain
1628 1819 1653 1842 in
1664 1819 1736 1850 finem
1748 1819 1832 1842 ditexit
1843 1825 1881 1842 eos

1031 1859 1093 1882 idem
1112 1862 1145 1882 est
1162 1865 1189 1881 ac
1206 1865 1281 1888 usque
1297 1858 1330 1881 ad
1345 1861 1445 1882 mortem
1457 1858 1540 1882 dileoeit
1551 1865 1623 1882 suos:
1640 1867 1649 1879 τι
1662 1859 1767 1881 Humana
1779 1861 1814 1880 est
1826 1859 1882 1880 haec

1030 1899 1155 1926 sententia,
1173 1905 1218 1921 non
1237 1899 1328 1926 divina,-
1345 1904 1422 1927 neque
1440 1899 1500 1920 enim
1518 1904 1560 1920 nos
1577 1900 1622 1920 huc
1639 1903 1714 1926 usqne
1733 1898 1770 1919 ille
1792 1897 1881 1924 dilexit,

1030 1939 1071 1967 qui
1088 1944 1181 1966 semper
1197 1941 1219 1960 et
1235 1939 1283 1961 sine
1300 1938 1346 1960 sine
1363 1944 1405 1960 nos
1422 1938 1504 1966 diligit.
1521 1938 1597 1964 Absit,
1610 1941 1635 1960 ut
1645 1937 1791 1960 dilectionem
1808 1939 1882 1959 morte

1032 1978 1114 2000 finierit
1126 1987 1137 1998 n
1157 1981 1201 2000 etc.
1218 1978 1250 1999 De
1267 1978 1342 2005 prima
1359 1978 1501 2005 expositione
1517 1978 1557 2000 cfr.
1577 1978 1597 1999 in
1615 1977 1686 2005 Epist.
1703 1977 1718 1999 l.
1731 1978 1792 1999 loan.
1805 1980 1832 1998 tr.
1846 1976 1882 1997 «10.

1031 2024 1054 2039 11.
1071 2017 1100 2044 5,
1117 2017 1155 2039 ubi
1179 2017 1271 2044 exponit
1294 2017 1329 2039 Ps.
1355 2017 1410 2045 118,
1428 2017 1473 2038 96:
1496 2016 1578 2039 Omnis*
1601 2015 1812 2039 consummationis
1835 2014 1884 2038 ridi

1030 2056 1115 2086 finem,
1133 2059 1155 2078 et
1171 2056 1293 2083 distinguit
1318 2056 1387 2078 finem
1413 2056 1588 2078 consumentem
1613 2058 1636 2076 et
1660 2055 1864 2077 consummantem
1875 2062 1881 2076 .-

1035 2103 1045 2115 «ι
1058 2096 1128 2117 Aliter
1145 2095 1205 2117 enim
1224 2095 1307 2117 dicitur
1324 2094 1391 2124 finiri
1403 2100 1504 2124 panem,
1522 2094 1592 2122 aliter,
1604 2093 1673 2124 finivi
1683 2093 1796 2116 tunicam.
1809 2093 1881 2116 Finivi

1031 2140 1116 2162 panem
1140 2134 1315 2161 manducando,
1333 2133 1397 2155 finivi
1421 2133 1522 2155 tunicam
1540 2132 1674 2159 intexendo,
1692 2135 1714 2154 et
1732 2131 1763 2154 ibi
1780 2132 1831 2154 flnis
1848 2138 1882 2155 so-

1032 2176 1082 2202 nat,
1099 2177 1122 2195 et
1138 2174 1182 2195 illic
1200 2173 1251 2195 finis
1267 2176 1346 2201 sonat,
1363 2172 1405 2195 sed
1417 2175 1493 2194 tamen
1506 2172 1571 2200 panis
1583 2172 1667 2199 finitur,
1680 2175 1705 2194 ut
1716 2173 1880 2199 consumatur,

1031 2213 1108 2236 tunica
1126 2213 1209 2241 finitur,
1227 2216 1251 2235 ut
1268 2213 1461 2240 consumfmetnm
1480 2212 1545 2239 panis
1562 2211 1646 2238 linitur,
1659 2214 1740 2233 utnon
1752 2212 1792 2238 sit,
1806 2211 1881 2233 tunica

1032 2253 1117 2281 finitur,
1135 2255 1160 2274 ut.
1177 2253 1275 2280 perfecta
1294 2252 1323 2274 sit
1334 2260 1355 2273 ι).
1374 2251 1429 2273 lbid.
1447 2251 1559 2278 ostendit,
1576 2251 1641 2279 quod
1657 2250 1761 2273 Christus
1777 2257 1830 2273 cnm
1844 2251 1882 2273 Pa-

1032 2295 1066 2314 tre
1083 2295 1105 2314 et
1122 2291 1208 2319 Spiritu
1226 2293 1304 2313 sancto
1322 2291 1351 2312 sit
1366 2290 1421 2320 finis
1439 2295 1608 2312 consummans
1626 2290 1647 2311 in
1666 2289 1747 2317 patria.
1766 2302 1797 2305 -
1812 2288 1883 2317 Chry-

1031 2334 1098 2359 sost.,
1113 2331 1139 2353 -111
1156 2331 1215 2353 ioan.
1234 2330 1313 2352 homil.
1330 2330 1368 2351 70.
1387 2330 1451 2357 (alias
1468 2329 1514 2357 69.)
1533 2336 1555 2351 n.
1574 2329 1684 2356 i:Vide‚
1696 2328 1816 2357 quomodo
1833 2328 1883 2350 reli-

1031 2373 1111 2392 cturus
1127 2376 1167 2391 eos
1185 2369 1381 2391 vehementiorem
1399 2374 1502 2390 amorem
1520 2367 1635 2390 exhibeat.

1094 2408 1104 2421 ⁴
1121 2410 1187 2431 Vers.
1206 2409 1247 2437 15,
1265 2411 1318 2436 post
1334 2414 1404 2436 quem
1422 2407 1459 2430 cd.
1477 2407 1505 2429 ita
1523 2408 1684 2436 prosequitur:
1696 2407 1736 2431 Sic
1748 2409 1835 2430 tactum
1849 2408 1882 2430 est

1031 2449 1135 2477 tempus,
1156 2447 1264 2477 tanyitur
1281 2449 1324 2469 etc.

1094 2486 1104 2499 ⁶
1121 2488 1199 2509 Plures
1215 2487 1285 2509 codd.
1301 2486 1390 2509 addunt
1406 2485 1486 2509 Iudae.

1094 2524 1105 2538 ⁶
1121 2526 1188 2549 Vers.
1206 2526 1243 2548 18,
1260 2537 1291 2542 -
1308 2525 1417 2553 Sequitur
1434 2525 1495 2547 ioan.
1513 2525 1554 2553 16,
1573 2525 1611 2547 28.

1094 2564 1102 2577 ⁷
1121 2566 1187 2587 Vers.
1204 2565 1231 2593 7,
1250 2564 1289 2587 ubi
1307 2566 1351 2587 boc
1368 2565 1470 2592 Angelus
1487 2565 1552 2587 Petro
1569 2565 1591 2586 in
1608 2570 1701 2587 carcere
1718 2564 1782 2587 dicit.
1799 2577 1829 2581 —-
1843 2565 1882 2586 fle-

1031 2605 1128 2633 spicitur
1145 2605 1222 2627 Matth.
1245 2605 1286 2631 20,
1304 2604 1349 2626 261
1373 2604 1520 2632 Quicumque
1542 2604 1641 2626 voluerit
1663 2604 1722 2626 inter
1744 2610 1787 2626 vos
1808 2605 1882 2626 maior

1032 2643 1092 2670 fleri,
1110 2644 1139 2665 sit
1155 2646 1232 2665 vester
1249 2642 1364 2665 minister.

1094 2681 1104 2694 Β
1122 2683 1188 2705 VerS.
1205 2683 1242 2704 37.

1094 2720 1104 2733 θ
1122 2722 1221 2749 Vulgata
1243 2721 1321 2744 nutrit.
1338 2734 1369 2738 -—
1392 2720 1496 2744 Subinde
1519 2722 1646 2749 allegantur
1663 2722 1718 2744 Luc.
1741 2722 1783 2749 22,
1806 2721 1843 2743 27.
1860 2724 1881 2742 ct

1032 2762 1109 2783 Manu.
1127 2762 1169 2789 ρο,
1188 2762 1225 2783 28.

1096 2799 1115 2812 ¹⁰
1132 2800 1205 2823 Codd.
1218 2800 1349 2828 praefigunt
1361 2799 1452 2827 Simon,
1465 2799 1635 2828 refragantibus
1646 2800 1754 2827 Vulgata,
1766 2799 1814 2826 ed.,
1828 2799 1881 2820 Gor·

1032 2846 1089 2862 rano
1107 2843 1129 2861 et
1146 2840 1173 2861 iis
1190 2845 1250 2868 qnae
1267 2840 1323 2861 infra
1343 2845 1367 2861 11.
1389 2839 1424 2861 10.
1445 2839 1562 2861 dicuntur.
1581 2851 1611 2855 —
1628 2839 1724 2861 Inferius
1742 2844 1785 2866 pro
1803 2837 1880 2861 Omni-

1029 2880 1125 2908 potens,
1143 2879 1207 2907 quod
1225 2878 1294 2900 habet
1311 2878 1348 2900 ed.
1366 2884 1419 2900 cum
1437 2878 1543 2905 pluribus
1560 2878 1629 2900 codd.
1642 2881 1663 2900 et
1675 2878 1790 2903 Gorrano,
1809 2878 1825 2899 Α
1836 2877 1852 2898 Β
1863 2878 1878 2899 ll

1032 2918 1068 2939 ll(
1087 2916 1115 2946 [L
1134 2916 1237 2946 Christe]
1256 2916 1371 2940 Christus.

1755 2963 1784 2985 54

1895 672 2008 692 Secundum.

1898 1470 1989 1489 Tertium.
