2296 3316
257 787 323 806 Forma
337 790 378 804 sae-

250 810 286 852 fgrti
295 815 305 829 a
314 809 378 828 diabo-

257 1068 328 1086 Fornax
342 1066 378 1085 Ba-

276 1090 356 1112 bvlonis.

399 190 453 218 634

398 263 455 295 tuni
478 266 508 294 fit
530 266 613 302 ignis;
636 265 723 299 lana,
745 264 884 294 induendo
908 265 1044 299 colorem,
1067 268 1122 293 tota
1143 264 1174 293 fit
1195 272 1239 293 co-

397 313 498 341 lorata:
514 312 552 340 sic
568 312 686 340 Ecclesia
707 314 762 340 tota
782 311 883 340 Christi
899 311 1032 348 sanguine
1054 311 1121 348 tingi
1142 311 1239 345 debet;

396 359 468 387 unde
491 358 619 387 ieremiac
640 358 802 387 duodecimo
815 359 843 386 ¹:
867 357 1025 397 «Nunquid
1042 358 1101 387 avis
1121 358 1240 386 discolor

396 405 533 434 hereditas
565 412 625 433 inea
655 404 721 433 mihi
738 407 749 432 't
775 404 905 441 Nunquid
933 404 991 432 avis
1019 404 1104 433 tincta
1128 411 1178 440 per
1200 407 1240 432 to—

396 454 508 480 tuinn?
536 451 614 488 quasi
645 450 735 479 dicat:
764 450 893 487 Nunquid
927 450 1046 478 Ecclesia
1076 450 1152 478 velut
1182 449 1241 479 avis

395 499 531 526 virtutum
546 497 643 534 pennis
658 498 767 531 voians,
783 497 804 525 si
821 505 874 525 non
896 497 931 525 sit
953 499 1010 525 tota
1030 496 1164 534 sanguine
1179 504 1240 525 meo

395 545 494 578 tincta,
516 544 569 573 erit
591 544 729 573 hereditas
750 547 834 573 mea?
856 544 934 581 quasi
956 544 1047 572 dicat:
1069 544 1136 572 Non.

730 646 859 668 ΑΝΝοτΑτιο
878 646 897 667 -2,

473 732 565 761 Nolite
578 730 764 768 conformari
775 730 844 759 huic
854 730 969 759 saeculo
981 731 1003 764 2,
1018 730 1045 759 id
1059 734 1102 759 est
1113 731 1140 759 in
1152 730 1240 759 forma

395 779 479 808 huius
499 778 600 807 saeculi
622 778 731 806 formati
752 786 768 806 a
789 777 897 806 diabolo
919 781 1051 814 tanquam
1071 776 1184 811 fusore;
1205 776 1240 806 de

394 834 450 862 quo
471 825 553 854 Isaiae
574 824 803 862 quinquagesimo
824 824 947 861 quarto⁸
968 823 1049 857 dicit,
1072 823 1188 860 loquens
1212 823 1239 851 in

394 880 512 909 persona
533 871 658 905 Domini;
683 882 696 896 «ι
713 871 767 908 Ego
788 870 879 899 creavi
901 870 1013 900 fabrum
1029 881 1042 895 n
1068 870 1095 898 id
1122 873 1164 899 est
1191 878 1239 909 an-

393 919 501 955 gelum,
516 918 562 955 qui
579 926 652 946 nunc
672 917 813 951 diabolus,
834 929 847 942 «
862 917 1019 946 sufflantem
1040 917 1067 945 in
1089 917 1151 953 igne
1172 924 1240 953 pru-

394 974 442 994 nas
463 969 489 994 et
511 965 696 1002 proferentem
718 972 765 993 vas
787 964 813 992 in
835 972 905 1001 opus
926 972 1009 993 suum
1024 974 1050 991 ι».
1073 963 1158 992 Habet
1181 963 1239 992 dia-

394 1012 474 1040 bolus
503 1011 655 1048 fornacem
687 1010 839 1045 mundum,
864 1010 910 1039 ubi
942 1010 1044 1039 format
1073 1018 1149 1038 vasa
1179 1018 1238 1039 sua.

394 1059 463 1087 llaec
484 1061 525 1087 est
545 1056 657 1095 fornax
680 1057 848 1095 Babylonis,
869 1065 953 1094 quam
974 1056 1038 1086 fecit
1059 1056 1168 1086 incendi
1188 1057 1240 1085 Na-

393 1104 605 1134 buchodonosor
639 1107 760 1141 quatuor
794 1104 937 1138 fomentis,
972 1104 1076 1133 scilicet
1109 1102 1239 1141 naphta,

393 1152 544 1186 malleolis,
562 1151 626 1189 pice
647 1154 674 1180 et
693 1155 802 1189 stuppa
813 1152 833 1179 ⁴.
857 1150 976 1188 Napata
996 1155 1039 1180 est
1065 1159 1128 1180 ossa
1155 1151 1239 1180 oliva-

395 1207 458 1228 rum
478 1207 541 1227 cuin
558 1206 686 1232 amurca;
702 1198 837 1235 siquidem
857 1206 921 1227 cum
934 1198 969 1227 de
983 1198 1056 1227 oliva
1069 1198 1240 1235 exprimitur

394 1247 501 1280 oleum,
517 1249 640 1275 remanet
651 1245 723 1274 dura
734 1249 803 1274 testa
814 1253 878 1274 cum
890 1245 979 1279 faece,
994 1245 1099 1274 scilicet
1109 1253 1238 1279 amurca,

394 1297 420 1322 et
443 1293 515 1322 istud
536 1296 578 1322 est
598 1291 727 1330 naphta,
749 1296 775 1321 et
796 1292 932 1329 significat
953 1295 1105 1330 peccatum.
1128 1293 1195 1321 Nam
1217 1292 1238 1321 si

459 1486 467 1498 ¹
485 1487 551 1509 Vers.
569 1487 592 1508 9.

458 1525 467 1538 ³
485 1526 551 1548 Rern.
571 1526 612 1553 ⁴2,
630 1527 652 1548 2.

457 1564 466 1577 ³
485 1566 550 1588 Vers.
567 1565 605 1587 46.

458 1604 467 1616 ⁴
486 1605 541 1626 Dan.
560 1605 586 1631 3,
605 1603 641 1626 46.
659 1603 703 1627 Cl'r.
721 1603 826 1632 Hieron,
845 1603 866 1626 in
883 1605 943 1626 hunc
960 1604 1045 1626 locuni.

458 1643 467 1656 ⁵
486 1644 539 1666 Dan.
559 1644 585 1670 3,
602 1643 641 1666 94.

457 1682 467 1695 ⁶
484 1683 592 1712 Sequitur
609 1683 710 1710 collatio,
727 1689 788 1712 qnae
804 1685 876 1705 exstat
899 1682 921 1705 in
944 1683 997 1706 cod.
1019 1683 1050 1710 B,
1071 1683 1100 1706 de
1120 1689 1166 1712 qua
1189 1681 1243 1705 vide

395 1729 465 1751 supra
483 1729 538 1751 pag.
555 1723 614 1750 032,
631 1725 708 1745 notam
728 1722 749 1745 t.

462 1761 559 1791 t'iyilate
576 1761 601 1784 in
618 1760 766 1784 orationibus
785 1762 809 1789 (Ι.
827 1762 885 1784 Pctr.
902 1761 928 1789 4,
939 1761 983 1791 72).
997 1762 1019 1784 ln
1032 1761 1110 1785 verbis
1122 1762 1170 1785 istis
1181 1762 1241 1785 circa

395 1805 495 1823 nostram
514 1800 687 1823 instructionem
699 1800 746 1823 duo
759 1800 811 1823 tacit
827 1801 958 1828 Apostolus.
976 1801 1052 1824 Primo
1069 1804 1149 1824 monet
1160 1808 1202 1824 nos
1213 1802 1243 1824 ad

394 1838 551 1867 vigilandum;
568 1841 590 1861 et
607 1839 650 1860 hoc
675 1838 789 1866 tangitur,
805 1845 859 1861 cum
882 1839 980 1861 dicitur:
1005 1838 1112 1868 Viyilale.
1136 1839 1243 1862 Secundo

395 1877 506 1904 ostendit,
524 1877 547 1898 in
564 1876 651 1905 quibus
668 1875 782 1899 debemus
799 1877 908 1905 vigilare;
925 1880 948 1900 et
964 1878 1009 1900 hoc
1025 1878 1134 1906 tangitur,
1145 1884 1199 1900 cnm
1211 1878 1244 1901 di-

395 1917 468 1939 citur:
493 1916 515 1938 in
539 1914 696 1939 orationibus.
712 1927 744 1932 —
761 1915 902 1943 Notandum,
918 1916 981 1945 qnod
999 1916 1084 1944 duplex
1101 1919 1137 1939 est·
1152 1917 1243 1945 vigilia,

395 1955 456 1978 bonu
473 1959 495 1978 et
510 1954 585 1977 mula.
603 1955 635 1977 De
647 1954 709 1978 bona
721 1955 805 1977 dicitur
817 1955 838 1977 in
851 1958 934 1978 octavo
946 1955 1125 1979 Proverbiorurn
1138 1956 1169 1983 (v.
1184 1956 1243 1981 34.st

398 2003 409 2013 a
422 1994 505 2016 Beatus
522 1995 605 2019 honio.
622 1993 661 2022 qui
680 1994 745 2016 audit
761 1997 784 2017 et
800 1994 841 2022 qui
858 1994 938 2022 tigilat
949 1995 977 2017 ad
991 1995 1051 2017 tores
1065 2001 1129 2017 meas
1140 1995 1244 2024 quotidie

395 2037 417 2056 et
435 2032 544 2055 observat
560 2033 588 2055 ad
607 2037 685 2061 postes
701 2033 751 2055 ostii
765 2041 786 2055 n.
804 2033 837 2055 De
853 2032 920 2056 mala
936 2033 1020 2056 dicitur
1032 2034 1055 2056 in
1067 2034 1122 2057 lsaia
1136 2034 1183 2062 (29,
1195 2035 1243 2063 20.)

398 2082 409 2091 u
421 2072 599 2096 consummatus
611 2076 645 2094 est
658 2072 746 2099 illusor,
757 2076 779 2094 ct
790 2072 872 2094 succisi
884 2075 937 2095 sunt
948 2078 1042 2100 ornnes,
1060 2073 1100 2102 qui
1117 2072 1244 2101 vigilabant

396 2117 466 2139 super
485 2111 626 2140 iniquitatem
639 2119 660 2133 ι».
678 2111 753 2133 Prima
770 2110 914 2140 appelenda,
931 2111 985 2140 quia
1008 2117 1050 2139 per
1073 2117 1124 2135 eam
1144 2117 1242 2139 regnum

396 2151 493 2173 caeleste
510 2150 643 2179 acquiritur.
660 2150 693 2172 De
705 2151 747 2172 hac
759 2150 872 2172 habemus
884 2150 906 2172 in
918 2150 1022 2173 Matthaei
1034 2151 1148 2178 vigesimo
1160 2154 1242 2179 quarto

397 2190 429 2215 (v.
448 2189 508 2218 413.):
527 2190 635 2211 «Beatus
660 2189 695 2211 ille
721 2195 814 2215 servus,
832 2195 916 2217 quern,
938 2195 992 2211 cum
1016 2189 1106 2211 venerit
1132 2189 1243 2211 Dominus

396 2229 458 2256 eius,
477 2228 589 2250 invenerit
605 2227 745 2255 vigilantem.
764 2228 836 2249 Anien
853 2227 905 2250 dico
917 2227 997 2255 vobis,
1009 2234 1080 2256 super
1091 2228 1167 2250 omnia
1180 2227 1244 2250 bona

396 2274 439 2291 sua
456 2268 578 2290 constituet
595 2273 648 2289 eum
662 2276 683 2289 ».
701 2279 729 2282 -
747 2267 853 2289 Secunda
870 2266 995 2296 litqt'enda,
1012 2267 1066 2296 quia
1083 2267 1147 2290 ducit
1164 2267 1193 2289 ad
1210 2267 1243 2288 vi-

396 2307 473 2334 giliani
492 2306 633 2329 infernalem.
652 2306 683 2328 De
701 2307 743 2327 liae
760 2304 873 2327 habemus
888 2305 909 2331 iu
923 2304 961 2327 tob
979 2304 1031 2333 (21,
1049 2305 1146 2333 30-32.),
1159 2304 1198 2327 ubi
1210 2305 1243 2327 di—

397 2346 470 2368 citur:
491 2355 501 2365 «
515 2346 537 2367 ln
555 2345 592 2367 (lie
610 2344 745 2372 perditionis
762 2343 892 2366 servabitur
909 2344 993 2369 malus,
1011 2346 1033 2365 et
1044 2343 1074 2366 ad
1085 2343 1146 2365 dien]
1160 2343 1243 2366 suroris

397 2386 509 2408 ducetur:
527 2384 582 2413 Quis
600 2387 681 2412 arguet
697 2390 775 2406 coram
793 2389 821 2405 co
833 2383 883 2405 vias
899 2382 965 2404 eius?
983 2388 1044 2411 quae
1056 2382 1107 2405 fecit
1123 2383 1176 2411 quis
1193 2383 1242 2406 red-

397 2424 435 2446 det
452 2424 481 2445 illi
495 2425 520 2444 n?
538 2424 563 2446 Et
579 2423 697 2451 sequitur:
718 2431 728 2441 α
742 2423 791 2449 lpse
808 2422 837 2444 ad
855 2421 959 2449 sepulcra
972 2421 1070 2444 ducetur
1085 2424 1108 2443 et
1124 2421 1148 2444 in
1160 2427 1243 2449 conge-

397 2463 430 2485 rie
448 2466 591 2485 mortuorum
610 2460 714 2489 xigitab'it
726 2470 748 2483 ι),

461 2502 493 2523 Ad
512 2501 615 2529 xigiliani
634 2500 719 2522 bonan]
737 2499 817 2522 imitat
834 2505 877 2521 nos
894 2499 1029 2528 ApostoluS,
1046 2505 1099 2522 cum
1117 2499 1187 2522 dicit:
1210 2499 1242 2521 Vi-

1106 187 1267 216 APPENDIX
1288 186 1381 215 COLL.
1404 187 1432 215 ll.

1296 265 1331 293 ab
1352 264 1411 301 ipsa
1432 268 1577 302 separetur
1598 274 1667 295 usus
1687 274 1804 303 operum
1829 267 2049 302 misericordiae,
2070 269 2144 305 quod

1297 310 1468 347 significatur
1490 311 1516 339 in
1538 312 1613 346 oleo,
1635 312 1704 341 nihil
1724 312 1799 341 aliud
1814 316 1937 342 remanet
1952 322 2036 351 quam
2052 314 2145 343 incen—

1296 357 1373 385 dium
1395 357 1545 394 geheunae.
1567 375 1605 379 —-
1620 358 1744 387 Malteoli
1757 362 1823 387 sunt
1837 359 1980 388 vinearum
1996 364 2143 389 sarmenta.

1305 404 1392 432 Vinea
1406 404 1556 441 potentiani
1573 405 1744 434 saecularem
1763 405 1914 443 significat,
1929 414 2000 443 quae
2022 415 2051 436 se
2071 407 2144 437 serre

1297 458 1351 478 non
1373 453 1462 486 potest
1483 451 1541 480 sine
1562 451 1717 480 obedientia
1744 452 1936 486 subditorum,
1958 453 2029 482 sicut
2050 453 2144 488 vinea,

1297 500 1557 534 quantumcumque
1578 506 1712 535 generosa
1733 499 1783 532 sit,
1799 502 1889 528 tamen
1912 499 2030 536 indiget,
2050 504 2080 528 ut
2101 508 2145 529 su-

1297 546 1434 572 stentetur
1456 544 1574 580 paxillis.
1600 545 1686 573 Ramz'
1707 545 1792 574 huius
1813 545 1908 574 vineae
1933 549 1998 574 sunt
2020 550 2145 583 potentes

1297 590 1382 619 liuius
1402 591 1521 625 saeculi,
1544 591 1592 628 qui
1614 592 1635 620 si
1657 592 1826 621 adhaereant
1846 592 1949 629 stipiti,
1964 592 1991 621 id
2009 596 2051 621 est
2071 593 2143 627 Deo,

1296 646 1310 666 a
1332 646 1389 674 quo
1409 637 1499 665 omnis
1518 640 1656 674 potestas,
1678 638 1746 666 nihil
1774 642 1816 667 est
1843 638 1994 675 speciosius
2015 638 2043 667 in
2063 639 2145 668 arbo—

1297 684 1390 718 ribus,
1413 684 1438 712 itl
1459 687 1501 713 est
1522 684 1689 713 hominibus.
1712 684 1737 712 Si
1759 687 1852 713 autem
1874 688 2040 722 separentur
2060 693 2076 715 a
2097 686 2144 715 sti-

1296 731 1367 767 pite,
1389 733 1421 758 ut
1441 730 1495 759 sint
1516 734 1671 764 sarmenta,
1693 730 1764 767 ignis
1784 735 1850 759 sunt
1870 731 1994 760 materia.
2015 748 2051 752 —
2071 732 2144 766 Piae,

1296 785 1369 814 quae
1392 778 1469 814 nigra
1490 780 1532 806 est
1552 781 1580 806 et
1600 777 1727 814 inquinat
1754 780 1782 807 et
1809 786 1924 809 accensa
1952 781 2055 807 tetrum
2081 778 2145 807 facit

1296 824 1425 857 odorem,
1446 823 1572 852 tuat-urm
1592 827 1642 852 est.
1665 824 1780 861 δίαρμα
1801 825 1907 853 vanitas
1927 825 2031 862 gloriae
2049 832 2144 854 saecu-

1297 870 1377 904 laris,
1399 878 1470 907 quae
1492 871 1545 899 cito
1566 870 1666 899 transit
1686 871 1757 899 sicut
1778 874 1879 908 stuppa
1900 871 1935 900 ad
1955 871 2055 908 ignem.

1375 919 1401 946 2.
1431 917 1476 946 His
1507 917 1605 954 prunis
1635 917 1724 946 servet
1754 918 1854 946 fornax
1886 917 2002 952 diaboli,
2029 918 2057 946 in
2087 926 2144 955 qua

1296 964 1422 992 funditur
1453 964 1537 992 homo
1568 964 1644 993 velut
1676 964 1833 999 metallum,
1855 967 1882 993 et
1910 964 1984 993 vadit
2013 964 2084 993 alius
2115 965 2143 993 in

1296 1011 1384 1039 serina
1406 1011 1556 1044 luxuriae,
1571 1014 1599 1040 et
1619 1011 1690 1040 alius
1712 1011 1738 1040 in
1761 1011 1850 1040 soi-ma
1871 1011 2036 1045 avaritiae;
2057 1015 2084 1041 et
2104 1011 2143 1041 sic

1296 1058 1330 1086 (le
1350 1058 1418 1086 aliis.
1441 1058 1493 1086 Sed
1514 1058 1593 1094 pueri
1606 1058 1626 1091 ⁵,
1648 1058 1695 1095 qui
1718 1058 1793 1087 missi
1821 1058 1932 1087 fuerant
1954 1058 1980 1087 in
2002 1058 2142 1088 fornacem

1297 1104 1456 1141 Babylonis,
1478 1105 1610 1133 exierunt
1641 1105 1742 1139 illaesi,
1763 1105 1801 1133 ita
1829 1105 1904 1142 quod
1924 1113 1975 1134 nec
2000 1117 2012 1130 α
2027 1105 2153 1142 capillus-

1296 1152 1393 1189 capitis
1413 1160 1510 1180 eorum
1532 1152 1648 1180 adustus
1668 1155 1723 1186 est,
1746 1160 1795 1181 nec
1816 1152 1942 1182 sai-ahala
1966 1160 2064 1181 eorum
2085 1152 2143 1181 sue-

1297 1201 1363 1227 runt
1385 1199 1529 1227 innnutata
1544 1211 1570 1226 ».
1592 1198 1623 1226 Et
1642 1199 1741 1227 heatus
1763 1199 1857 1233 honio,
1878 1198 1959 1228 cuius
1974 1199 2002 1227 in
2016 1198 2067 1227 hac
2087 1198 2143 1227 sor-

1297 1253 1363 1274 nace
1390 1245 1521 1282 capillus,
1543 1245 1569 1273 id
1601 1248 1643 1274 est
1670 1245 1804 1282 cognitio,
1825 1249 1853 1274 et
1880 1245 2021 1280 sarabala,
2047 1246 2074 1275 id
2101 1249 2143 1275 est

1296 1292 1479 1325 continentia,
1502 1300 1555 1320 non
1577 1292 1681 1321 suerint
1701 1292 1847 1321 immutata
1857 1293 1877 1320 ⁶.

1297 1485 1384 1516 quarm
1401 1490 1423 1509 et
1441 1481 1492 1509 ideo
1509 1486 1648 1512 notandum,
1666 1485 1728 1514 quod
1747 1486 1843 1513 vigilare
1855 1485 1969 1508 debemus
1981 1488 2077 1514 propter
2088 1486 2143 1508 tria:

1298 1529 1394 1554 propter
1410 1525 1495 1548 mortis
1511 1524 1717 1553 incertituthenm
1729 1528 1751 1547 et
1763 1525 1792 1547 de
1804 1526 1847 1547 hoc
1862 1524 1975 1548 habemns
1991 1525 2014 1548 in
2031 1525 2144 1548 matthaeo

1299 1564 1351 1593 (24,
1364 1565 1419 1594 42),
1433 1564 1472 1587 ubi
1484 1565 1580 1588 dicitur:
1596 1573 1607 1585 «
1620 1564 1729 1592 Vigilate;
1742 1564 1834 1587 nescitis
1845 1564 1904 1586 enim
1913 1582 1919 1592 ,
1931 1565 2024 1593 quando
2032 1564 2144 1587 Dominus

1298 1607 1374 1626 vester
1386 1607 1498 1626 venturus
1509 1604 1538 1626 sit
1549 1612 1570 1632 υς
1585 1609 1649 1631 sero,
1661 1609 1690 1626 an
1703 1607 1781 1631 nocte,
1794 1609 1823 1626 an
1840 1603 1893 1632 galli
1909 1606 1976 1626 cantu
1985 1622 1990 1632 ,
2007 1606 2046 1626 ant
2064 1610 2142 1631 mane;

1298 1647 1321 1666 et
1337 1643 1359 1666 in
1376 1644 1451 1666 Marco
1465 1644 1517 1671 (13,
1530 1644 1558 1666 33
1569 1643 1589 1673 ):
1610 1652 1620 1663 n
1634 1643 1715 1665 Videte
1732 1649 1788 1671 ergo
1805 1646 1828 1666 et
1844 1643 1950 1672 vigilate,
1961 1642 2053 1666 nescitis
2069 1643 2143 1670 enim,

1298 1682 1393 1712 quando
1411 1686 1505 1711 tempus
1521 1682 1550 1705 sit
1562 1691 1584 1705 n.
1602 1683 1629 1705 Ut
1645 1682 1700 1705 dicit
1716 1683 1818 1704 Seneca:
1842 1682 1891 1709 (cfr.
1913 1688 1983 1710 supra
2006 1688 2061 1710 pag.
2085 1682 2143 1710 588,

1299 1726 1351 1745 nota
1373 1723 1403 1750 9;
1425 1723 1466 1744 cfr.
1483 1721 1541 1744 ibid.
1563 1725 1615 1744 nota
1633 1721 1664 1750 8.)
1691 1730 1701 1741 ιι
1714 1721 1771 1744 Nihil
1790 1720 1875 1744 certius
1892 1723 1978 1749 morte,
1995 1720 2049 1743 nihil
2065 1723 2143 1743 autem

1299 1761 1407 1784 incertius
1424 1762 1479 1784 hora
1497 1761 1578 1784 mortis
1590 1770 1611 1783 π,
1628 1773 1658 1777 -
1676 1761 1770 1788 Propter
1787 1759 1875 1783 diaboti
1894 1759 2096 1790 impnvatiouem
2112 1759 2143 1783 vi-

1299 1799 1413 1829 mindam,-
1430 1803 1452 1822 et
1469 1800 1498 1822 de
1516 1801 1559 1822 hoe
1577 1799 1691 1822 habemus
1708 1799 1730 1821 in
1749 1799 1846 1827 [plstola
1864 1798 1924 1821 beati
1942 1799 2001 1821 Petri
2018 1798 2043 1828 (l.
2059 1798 2086 1827 5,
2098 1798 2143 1828 8.):

1301 1838 1400 1861 «Sobrii
1417 1842 1489 1861 estote
1509 1841 1530 1861 et
1553 1838 1661 1866 vigilate,
1686 1838 1739 1866 quia
1765 1837 1913 1860 adversarius
1938 1839 2014 1859 vester
2037 1836 2144 1860 diabolus

1298 1872 1411 1906 tanquam
1426 1878 1460 1899 leo
1477 1877 1572 1905 rugiens
1588 1877 1679 1904 circuit,
1691 1882 1806 1905 quaerens
1822 1883 1892 1905 quem
1910 1876 2019 1904 devoret,
2035 1876 2072 1898 cui
2088 1876 2144 1899 resi-

1299 1917 1350 1939 stite
1368 1918 1436 1939 sortes
1453 1917 1475 1938 in
1493 1916 1538 1938 ilde
1550 1925 1571 1938 u.
1590 1928 1619 1931 —
1636 1916 1731 1943 Propter
1748 1917 1871 1938 aeternam
1888 1914 2053 1938 beatitudinem
2064 1914 2144 1945 acqui-

1300 1954 1414 1983 rcudum‚·
1432 1958 1454 1977 et
1470 1955 1500 1977 de
1516 1956 1560 1977 hoc
1576 1954 1691 1976 habemus
1714 1954 1734 1976 in
1758 1954 1914 1976 Ecclesiastico
1940 1953 1992 1982 (32,
2021 1953 2078 1982 18.),
2103 1952 2142 1976 ubi

1299 1994 1398 2016 dicitur:
1419 2003 1430 2013 «
1443 1993 1485 2022 Qui
1505 1993 1569 2015 tiniet
1585 1992 1658 2014 Deum
1677 1992 1773 2020 excipiet
1790 1992 1918 2014 doctrinam
1944 1992 1993 2014 eius
2014 1995 2036 2014 et
2051 1991 2092 2020 qui
2109 1992 2143 2014 ri-

1300 2033 1405 2060 gilarerit
1421 2032 1450 2054 ad
1469 2032 1530 2054 illum
1548 2031 1648 2053 inveniet
1665 2030 1849 2053 benedictionem
1862 2039 1883 2052 n.
1900 2042 1931 2046 —
1949 2031 2042 2058 Propter
2059 2029 2142 2053 mortis

1300 2070 1488 2095 iuccrliludincut
1505 2070 1618 2093 debemus
1636 2069 1732 2098 xigiline
1746 2071 1935 2099 perseveranter.

1362 2110 1470 2139 Sequitur
1486 2109 1614 2132 secundum
1623 2126 1628 2136 ,
1646 2109 1667 2131 In
1680 2111 1727 2138 quo
1739 2112 1841 2136 notatur,
1856 2109 1877 2131 in
1890 2108 1975 2137 quibus
1986 2107 2100 2131 debemus
2112 2108 2144 2130 vi-

1299 2149 1378 2177 gilare.
1396 2149 1421 2171 Et
1439 2148 1490 2170 ideo
1508 2147 1647 2174 notandum,
1665 2147 1729 2176 quod
1752 2147 1773 2169 in
1799 2145 1872 2169 tribus
1896 2147 2010 2170 debemus
2035 2147 2142 2175 vigilare,

1299 2188 1385 2210 scilicet
1402 2187 1423 2209 in
1441 2186 1551 2210 cru-mutis
1569 2185 1735 2209 tentationibus
1743 2195 1751 2214 ,-
1768 2189 1790 2208 et
1806 2186 1836 2208 de
1853 2187 1895 2208 hot:
1913 2185 2026 2208 habemus
2048 2186 2068 2208 in
2092 2186 2144 2208 Mat-

1299 2228 1366 2249 thaeo
1384 2227 1436 2253 (26,
1455 2225 1515 2253 tt),
1533 2225 1572 2248 ubi
1589 2226 1687 2248 dicitur:
1707 2234 1718 2245 «
1731 2225 1829 2253 Vigilate
1846 2227 1868 2247 et
1884 2228 1959 2252 orate,
1974 2227 1999 2247 ut
2016 2231 2060 2247 non
2078 2224 2143 2247 intre-

1299 2265 1326 2287 tis
1344 2265 1365 2286 in
1384 2264 1530 2286 tentationem
1544 2272 1566 2285 n.
1583 2275 1613 2280 —-
1631 2264 1653 2286 Ιιι
1671 2262 1828 2292 acumptendss
1845 2258 1914 2287 bonis'
1928 2262 2055 2292 operibus‚·
2075 2266 2097 2286 et
2113 2263 2143 2286 de

1299 2305 1341 2326 hoc
1359 2303 1472 2326 hahemus
1490 2303 1578 2327 briniae
1595 2303 1623 2325 ad
1642 2303 1771 2325 Corinthios
1784 2303 1835 2330 (to,
1853 2303 1908 2331 13.):
1923 2302 2042 2331 «Vigilate
2053 2304 2076 2324 et
2086 2305 2143 2325 state

1298 2343 1321 2365 in
1335 2343 1392 2370 nde,
1410 2346 1432 2365 ct
1449 2343 1524 2364 munia
1538 2345 1614 2364 vestra
1632 2341 1653 2364 in
1672 2342 1765 2364 caritate
1782 2342 1837 2364 siant
1849 2351 1875 2369 »ς
1892 2345 1914 2364 et
1930 2342 2045 2364 secundae
2061 2341 2090 2364 ad
2108 2342 2143 2364 Ti-

1299 2383 1417 2404 inotnenin
1436 2381 1472 2409 (t,
1490 2382 1534 2410 5.):
1555 2389 1566 2401 α
1579 2381 1613 2403 Tu
1631 2384 1707 2403 autem
1726 2381 1809 2409 vigila,
1822 2381 1844 2403 in
1856 2380 1965 2403 omnibus
1981 2380 2071 2409 labora,
2084 2387 2144 2409 opus

1300 2422 1334 2443 sae
1352 2421 1521 2448 Evangelistae,
1539 2420 1690 2443 ministerium
1708 2424 1772 2442 tuuni
1792 2420 1873 2452 imple}
1890 2419 1982 2442 sobrius
2001 2422 2058 2442 esto.
2075 2431 2106 2436 ——
2121 2419 2143 2442 ln

1299 2459 1425 2489 offerendis
1443 2459 1489 2482 Deo
1507 2459 1670 2487 oi-alionibzis,·
1696 2462 1718 2481 et
1742 2459 1772 2481 de
1794 2460 1837 2481 hoc
1860 2458 1973 2481 habemns
1989 2459 2041 2482 hic:
2067 2458 2144 2482 Estote

1296 2498 1425 2528 prudentes
1443 2500 1464 2521 el
1482 2498 1576 2527 mffllate
1593 2497 1616 2520 in
1634 2497 1789 2521 orationibus

2160 926 2228 946 Variae
2241 928 2273 948 sor-

2194 955 2241 970 mae.
2267 959 2270 964 ·

2291 815 2294 896 l
