2296 3316
0 2724 13 3100 ’πάι-ε’·ὲλτ-ζκὲὦωψώ)

759 123 929 151 COMMENT.
953 122 985 150 IN
1007 122 1153 150 IOANNEM
1174 122 1201 150 C.
1225 123 1266 151 IV.

134 206 218 235 Adam
238 206 415 242 incorrupta,
438 211 509 241 quae
536 210 587 239 per
615 201 803 230 successiones
829 208 920 237 usque
947 199 981 228 ad

134 253 274 290 Virginem
306 251 433 280 traducta
463 252 520 284 est,
552 252 579 278 et
608 248 643 277 de
674 248 720 276 illa
746 248 818 276 facta
844 250 886 276 est
917 254 982 275 caro

134 299 235 329 Christi
249 300 267 327 ¹.

212 347 328 382 Propter
358 345 411 373 hoc
439 351 504 372 sane
535 342 744 379 intelligendum
774 344 816 370 est
848 341 981 375 verbum,

134 392 209 431 quod
239 391 307 421 illud
337 391 439 420 dicitur
471 397 520 427 per
547 389 685 426 quandam
718 388 981 424 assimilationem:

134 440 215 478 quia,
236 439 308 468 sicut
328 445 393 466 caro
413 437 441 465 in
463 436 546 465 Adam
574 439 638 464 ante
664 439 809 472 peccatum
837 435 889 463 fuit
910 442 982 471 pura

134 490 161 516 et
189 487 247 516 sine
272 481 398 518 macula,
427 484 465 513 sic
493 483 622 512 Christus
643 491 754 512 carnem
776 482 981 511 immaculatam

133 533 272 563 assumsit.
295 532 327 560 Et
347 531 516 565 notandum,
537 530 612 567 quod
634 533 746 558 terram
766 538 821 558 non
843 531 922 558 vocat
937 529 982 557 hic

134 583 264 609 naturam
288 578 458 616 passibilem
467 595 478 612 ,·
504 577 552 606 sed
580 580 753 614 corruptam
774 579 802 605 et
822 579 981 614 generatam

133 635 183 665 per
211 626 418 663 corruptionem
446 624 611 659 vitiosam⁹‚
640 624 793 653 secundum
821 631 904 661 quam
926 631 981 652 non

133 677 175 704 est
195 673 323 702 Christus
343 673 468 710 genitus,
491 671 539 700 sed
559 679 609 709 per
630 671 764 700 virtutem
786 671 908 700 divinam
922 670 981 707 Spi-

134 722 206 751 ritus
226 720 311 749 sancti
333 722 502 756 conceptus;
524 718 584 748 ideo
605 719 770 747 desursum.

213 767 258 796 63.
281 767 390 803 Quaest.
414 766 455 795 IV.
478 766 544 795 Item
565 766 712 803 quaeritur
732 765 766 794 de
785 766 837 794 hoc
852 764 927 802 quod
941 764 982 793 di-

134 815 189 845 cit:
212 814 276 843 Non
298 813 337 842 ad
357 822 529 842 mensuram
543 814 596 842 dat
616 813 690 842 Deus
706 812 859 850 Spiritum.
877 828 914 833 —
929 812 982 840 Aut

133 861 260 898 intelligit
280 860 314 889 de
335 859 444 888 Christo
465 859 617 889 secundum
632 859 765 888 divinam
780 861 918 892 naturam,
933 860 982 886 aut

133 907 287 937 secundum
308 906 493 940 liumanam;
514 906 668 935 secundum
695 906 831 934 divinam
852 908 981 934 naturam

133 963 188 991 non
209 957 314 991 potest,
343 954 410 991 quia
436 954 495 990 ipse
522 961 576 982 non
599 953 696 990 recipit
718 952 867 989 Spiritum,
897 952 982 980 immo

133 1001 168 1031 ab
188 1001 270 1039 ipso-‘²
291 1000 422 1038 procedit.
445 1001 471 1029 Si
493 1000 646 1029 secundum
662 998 845 1033 lzwmanavm
860 1002 980 1028 contra:

133 1048 227 1077 Gratia
254 1048 355 1077 Christi
384 1047 504 1076 hominis
529 1050 571 1076 est
592 1049 703 1080 creata;
725 1046 773 1075 sed
793 1047 886 1075 omnia
906 1049 982 1075 creat

133 1095 208 1124 Deus
228 1095 256 1123 in
278 1097 354 1123 certo
372 1094 516 1131 pondere,
538 1102 662 1122 numero
676 1097 702 1122 el
715 1102 858 1122 mensura
869 1094 891 1128 4,
907 1093 981 1122 unde

133 1142 203 1171 nihil
224 1145 348 1171 creatum
370 1144 412 1170 est
433 1141 591 1169 infinitum:
613 1148 679 1178 ergo
701 1141 734 1169 ad
757 1148 926 1170 mensuram.

59 400 117 424 Resp.

1827 122 1883 150 289

1117 200 1294 229 Ruspounuoz
1317 200 1485 234 Dicendum,
1507 200 1581 236 quod
1602 203 1644 229 est
1665 207 1796 228 mensura
1810 198 1885 227 limi·
1896 206 2025 248 ᾱῑὲῗίεὲοῑίοοιζιῗ

1039 247 1175 281 tationis,
1198 250 1225 275 et
1245 250 1286 275 est
1308 255 1440 275 mensura
1460 246 1621 275 divisionis
1638 248 1793 275 Mensuram
1814 246 1886 274 limi-

1039 293 1150 321 tationis
1170 301 1253 327 voco,
1275 301 1331 330 qua
1345 293 1566 330 unumquodque
1581 295 1705 321 creatum
1720 292 1829 321 finitum
1844 295 1885 321 est

1039 340 1066 368 in
1092 348 1143 368 sua
1169 340 1337 368 substantia
1357 342 1385 368 et
1404 340 1512 368 virtute
1539 343 1567 368 et
1594 339 1750 368 limitatum.
1778 340 1886 368 Mensu-

1039 395 1099 415 ram
1120 387 1275 415 divisionis
1295 395 1363 415 voco
1383 386 1639 416 determinationem
1658 386 1775 415 alicuius
1790 386 1824 415 ad
1837 386 1887 414 ali-

1039 442 1122 471 quem
1143 437 1252 468 actum,
1281 434 1433 463 secundum
1456 433 1524 462 illud
1545 433 1650 470 primae
1671 433 1706 462 ad
1730 433 1887 462 Corinthios

1038 480 1243 509 duodecimo⁶:
1266 481 1428 509 Divisiones
1447 481 1619 518 praliarum
1633 484 1719 515 sunt,
1735 480 1810 509 idem
1831 488 1886 508 au-

1040 531 1094 556 tem
1116 527 1263 564 SpirituS,
1285 528 1397 565 quando
1418 528 1521 556 scilicet
1542 528 1630 564 gratia
1650 527 1733 556 datur
1754 527 1836 556 alicui
1852 526 1886 555 ad

1039 574 1159 611 aliquem
1187 574 1316 603 effectum
1343 574 1573 609 determinatum,
1595 574 1666 603 sicut
1687 574 1753 603 dicit
1774 574 1886 611 Aposto-

1039 621 1091 650 lus.
1120 621 1248 650 Christus
1275 622 1393 659 gratiam
1421 622 1519 650 habuit
1546 621 1580 649 ad
1608 629 1767 650 mensuram
1787 621 1886 658 primo

1039 668 1135 702 mode,
1157 669 1223 705 quia
1243 669 1332 705 gratia
1359 668 1419 697 eius
1446 677 1501 697 non
1529 668 1582 697 fuit
1608 668 1733 702 infinita;
1761 667 1886 696 seeundo

1039 715 1120 743 modo
1141 715 1239 744 habuit
1259 724 1314 744 non
1335 715 1369 744 ad
1391 723 1567 749 mensuram,
1589 715 1655 752 quia
1675 723 1729 744 non
1745 715 1797 743 fuit
1812 715 1838 743 in
1854 722 1886 743 eo

1038 765 1144 790 arctata
1164 762 1198 791 ad
1218 762 1339 799 aliquam
1353 762 1556 799 operationem,
1572 762 1619 791 sed
1634 762 1667 790 ad
1681 769 1800 796 omnem,
1816 762 1888 790 sicut

1039 812 1123 846 caput
1152 809 1236 838 habet
1263 817 1359 838 omnes
1387 817 1492 838 sensus.
1522 809 1598 838 Unde
1629 808 1886 845 Chrysostomusss:

1044 867 1057 881 «
1073 856 1218 893 Spiritum
1239 857 1285 885 hic
1306 856 1371 885 dicit
1392 856 1536 885 actionem
1551 856 1702 893 Spiritum
1724 856 1792 883 haec
1813 855 1886 883 enim

1039 907 1096 938 est,
1118 912 1189 941 quae
1210 904 1342 933 dividitur
1357 916 1384 932 ».
1407 904 1482 933 Unde
1503 906 1592 941 patet,
1615 903 1689 940 quod
1711 903 1835 939 loquitur
1853 901 1887 930 de

1039 958 1171 979 mensura
1193 958 1241 987 per
1262 951 1415 988 gratiarum
1439 950 1609 979 divisionem.

1119 998 1164 1026 64.
1180 998 1290 1034 Quaest.
1308 998 1338 1025 V.
1355 998 1420 1026 item
1439 997 1473 1026 de
1495 998 1546 1025 hoc
1568 997 1641 1034 quod
1657 996 1737 1025 dicit:
1756 996 1813 1032 Qui
1827 1004 1887 1024 ere-

1040 1045 1083 1073 dit
1096 1044 1179 1073 habel
1192 1045 1284 1073 vitam
1299 1048 1466 1078 aeternairu
1480 1045 1558 1081 quia,
1574 1044 1595 1073 si
1612 1044 1704 1077 habet,
1720 1052 1772 1072 non
1789 1043 1885 1072 credit.

1118 1093 1295 1121 Respommo:
1312 1092 1424 1120 Habere
1439 1091 1612 1128 spiritualia
1626 1095 1668 1120 est
1683 1099 1731 1127 per
1746 1098 1885 1123 amorem;

1039 1142 1066 1168 et
1080 1142 1146 1167 tunc
1162 1139 1282 1176 perfecte
1297 1139 1451 1173 habentur,
1463 1138 1574 1175 quando
1589 1138 1709 1174 perfecte
1724 1140 1854 1165 amantur
1866 1136 1885 1164 ⁷.

899 1250 1061 1278 CAPrrULUM
1083 1249 1123 1277 lV.

229 1361 309 1385 mertia
325 1360 497 1392 manifestatio,
515 1367 571 1392 quae
588 1360 653 1384 facta.
669 1360 705 1384 est
722 1359 884 1384 Samaritenis.

214 1457 238 1485 1.
266 1456 300 1484 Ut
319 1463 387 1493 eryo
415 1455 547 1493 eoynovz'c
567 1456 649 1484 Iesus
670 1459 721 1484 etc.
750 1454 930 1484 Manifestavit
951 1462 980 1483 se

131 1503 265 1532 Dominus
286 1510 372 1539 supra.
385 1502 526 1539 discipulis
540 1505 567 1531 et
582 1502 700 1537 Iudaeis;
722 1502 749 1531 in
765 1502 817 1531 hac
832 1504 911 1539 parte
925 1510 979 1530 ma-

131 1550 241 1579 nifestat
262 1557 291 1579 se
317 1549 534 1583 SamaritaniS,
554 1552 581 1578 et
603 1550 655 1578 hoc
679 1548 863 1586 praedicando
883 1550 911 1576 et
931 1555 980 1576 an-

131 1597 284 1626 nuntiando
297 1597 337 1626 eis
357 1596 475 1626 verbum
489 1597 594 1625 salutis.
617 1597 649 1625 Et
662 1596 746 1625 habet
762 1604 827 1633 pars
845 1595 897 1625 ista
911 1595 981 1623 duas

131 1646 232 1681 partes.
256 1644 284 1672 In
304 1643 394 1680 prima
414 1645 527 1672 notatur
541 1642 740 1680 praedicandi
757 1641 963 1679 opportunitas
970 1651 980 1674 ;

131 1691 161 1720 in
182 1691 315 1725 secunda,
334 1690 566 1728 praedicationis
586 1689 702 1727 forma,
723 1689 798 1718 ibi8:
820 1689 900 1717 Venit
916 1696 981 1716 mu-

133 1737 186 1767 lier
206 1737 240 1766 de
268 1737 423 1770 Samaria,
452 1737 500 1765 ubi
521 1737 655 1765 Dominus
677 1735 864 1764 Samaritanae
886 1734 981 1774 incipit

15 1789 116 1810 vbrlivinio-
131 1785 300 1822 praedicare.
313 1784 561 1821 ——Opportunitas
574 1786 668 1812 autem
689 1786 749 1812 erat
764 1790 800 1811 ex
819 1784 898 1819 parte
913 1781 980 1815 loci,

16 1842 118 1880 33⁴3ng
133 1832 240 1861 ethaeo
254 1831 366 1869 quidem
387 1830 439 1859 fuit
459 1830 578 1868 duplex,
593 1830 697 1859 scilicet
717 1829 752 1858 ad
766 1829 982 1858 transeundum

133 1881 160 1907 et
179 1878 214 1906 ad
235 1877 447 1916 quiescendum.

212 1925 420 1962 2.(Vers.1..)
443 1924 577 1961 Tangitur
598 1932 664 1961 ergo
678 1924 768 1961 primo
789 1923 982 1960 opportunitas

15 1972 183 2002 polanam-1001
206 1972 247 2001 ad
267 1971 489 2000 transeundum
505 1971 574 2000 Cum
594 1971 668 2000 enim
689 1971 770 2000 vellet
784 1970 825 1999 ire
846 1978 862 1999 a
883 1970 982 1999 Iudaea

15 2002 91 2049 ‘33¹¹ss
91 2025 117 2044 10-
134 2019 162 2048 in
176 2019 335 2053 Galilaeam,
356 2027 468 2048 necesse
482 2019 601 2047 habebat
616 2018 735 2047 transire
756 2025 806 2054 per
821 2017 979 2046 Samariam.

18 2050 121 2096 ιίῑὲἷιῗῗίῐπιῖ-
133 2067 282 2104 Propterea
301 2066 381 2095 dicit:
403 2066 436 2095 Ut
450 2074 518 2104 erqo
533 2066 665 2104 cognovit
686 2066 780 2099 Iesus,
794 2065 866 2103 quia
880 2064 981 2093 audie-

133 2114 226 2143 rant9
256 2113 420 2143 Pharisaei.
450 2113 611 2147 Audieram,
640 2113 767 2150 inquam,
793 2121 809 2140 a
839 2112 981 2148 discipulis

134 2161 255 2196 Ioannis,
280 2161 328 2198 qui
357 2164 487 2198 tanquam
515 2160 600 2189 invidi
627 2162 654 2189 et
681 2160 850 2188 detractores
878 2159 981 2187 refere-

133 2208 214 2243 hant;
230 2216 315 2245 supra
329 2208 428 2237 tertio:
455 2219 468 2232 «
483 2207 637 2236 Dixerunt:
659 2206 762 2235 Omnes
783 2206 887 2234 vadunt
901 2205 934 2234 ad
949 2205 981 2233 il-

38 1602 115 1622 Divisio.

1038 1360 1096 1388 lum
1111 1370 1142 1393 »;
1164 1359 1322 1392 audierant,
1344 1358 1472 1394 inquam,
1494 1357 1571 1395 quocl
1585 1357 1667 1385 lesus
1685 1356 1786 1393 plures
1801 1356 1888 1384 disei-

1034 1406 1121 1444 pulos
1141 1405 1217 1443 facit
1237 1410 1262 1434 ec
1291 1405 1425 1442 baptizat
1445 1412 1535 1441 quam
1557 1404 1689 1432 Ioannes.
1721 1403 1751 1431 Et
1778 1411 1815 1431 ex
1836 1403 1889 1431 hoc

1037 1453 1213 1482 manifestum
1236 1455 1295 1481 erat
1316 1452 1371 1485 eis,
1393 1451 1467 1488 quod
1488 1450 1547 1487 ipse
1574 1453 1634 1479 erat
1655 1450 1743 1478 maior
1771 1453 1798 1478 et
1819 1450 1889 1478 cele-

1038 1500 1114 1529 brior
1143 1499 1242 1527 Ioanne
1254 1499 1286 1532 ¹⁰,
1309 1502 1336 1527 et
1356 1498 1410 1526 iam
1432 1498 1472 1527 eis
1492 1497 1690 1526 manifestatus.
1714 1497 1768 1525 Hoc
1795 1496 1889 1525 audie-

1038 1549 1113 1580 runt,
1136 1546 1202 1583 quia
1223 1545 1262 1574 sic
1283 1545 1401 1574 relatum
1423 1544 1523 1573 fuerat.

1118 1593 1144 1621 3.
1167 1592 1256 1629 (Vers.
1280 1592 1327 1627 2.).
1352 1592 1538 1630 Quamquam
1566 1592 1646 1620 lesus
1667 1600 1725 1620 non
1754 1591 1889 1628 baptiza-

1038 1643 1097 1674 ret,
1125 1640 1175 1667 secl
1203 1638 1343 1676 discipuli
1369 1639 1447 1673 eius,
1477 1646 1511 1667 ne
1538 1641 1758 1675 provocarentur
1783 1638 1817 1666 ad
1848 1638 1889 1666 in-

1039 1686 1148 1715 vidiam.

1119 1733 1145 1761 [ι.
1168 1733 1257 1767 (Vers.
1280 1732 1328 1767 3.).
1347 1732 1471 1770 Reliquit
1493 1732 1635 1760 Iudaeam
1655 1735 1680 1760 et
1694 1731 1766 1760 abiit
1781 1732 1888 1760 iterum

1039 1781 1070 1809 in
1095 1780 1279 1813 Galilaeam,·
1300 1780 1365 1817 quia
1393 1779 1479 1808 semel
1499 1779 1617 1813 abierat,
1640 1787 1725 1815 supra
1746 1778 1836 1815 primo
1856 1779 1887 1806 ¹¹.

1039 1827 1265 1864 chrysostomus:
1285 1838 1298 1852 «
1312 1827 1430 1855 Recessit
1445 1826 1579 1855 Dominus
1592 1834 1648 1855 non
1663 1825 1770 1854 timoris
1787 1825 1888 1862 gratia,

1040 1874 1087 1903 sed
1101 1874 1264 1903 abscindens
1281 1876 1378 1903 eorum
1394 1874 1509 1902 livorem
1531 1876 1614 1910 atque
1630 1873 1759 1901 invidiam
1772 1883 1798 1907 »3
1816 1872 1889 1901 unde

1039 1921 1111 1950 infra
1130 1922 1262 1958 septimo:
1290 1921 1478 1949 «Ambulabat
1500 1921 1575 1949 lesus
1595 1920 1621 1949 in
1644 1920 1807 1953 Galilaeam3
1833 1927 1888 1947 non

1039 1969 1111 1998 enim
1134 1969 1243 1997 volebat
1263 1969 1290 1997 in
1313 1968 1440 1997 Iudaeam
1460 1968 1516 2002 ire,
1538 1968 1603 2005 quia
1625 1967 1796 2005 quaerebant
1823 1974 1888 2006 eum

1038 2016 1128 2045 ludaei
1150 2016 1308 2045 interficere
1330 2028 1355 2044 ».
1378 2016 1421 2044 Sic
1446 2015 1517 2044 facta
1541 2014 1744 2052 praedicatione
1765 2014 1887 2048 Iudaeis,

1038 2063 1156 2092 ostendit
1171 2071 1199 2091 se
1213 2063 1406 2099 opportunitas
1416 2061 1591 2099 praedicandi
1607 2060 1797 2095 Samaritanis;
1814 2060 1887 2088 unde

1038 2110 1121 2139 dicit:

1118 2158 1143 2186 ὃ.
1167 2157 1255 2193 (Vers.
1278 2157 1326 2191 4.).
1359 2156 1512 2193 Oportebat
1536 2159 1651 2189 autem,
1673 2164 1738 2183 eum
1759 2154 1889 2183 transire

1035 2214 1090 2246 per
1111 2204 1239 2233 mediam
1250 2204 1272 2221 ¹2
1296 2204 1478 2232 Samariam.
1494 2203 1526 2231 Et
1540 2203 1579 2231 sic
1598 2202 1694 2231 aderat
1715 2202 1765 2230 loci
1788 2210 1889 2238 oppor-

198 2376 206 2390 ¹
224 2377 270 2401 Cir.
286 2378 318 2400 lll.
336 2377 398 2399 Senti
416 2377 439 2399 d.
457 2377 477 2399 3.
495 2383 518 2405 p.
536 2377 559 2399 ll.
577 2382 598 2399 a.
616 2377 637 2398 2.
655 2383 678 2405 q.
697 2377 718 2398 4.
734 2376 758 2399 in
774 2382 846 2405 corp„
859 2376 898 2399 ubi
914 2376 983 2399 etiam

134 2417 232 2445 August.
249 2416 337 2439 dictum
355 2416 488 2444 explicatur.

197 2454 206 2467 ²
225 2456 264 2478 Ed.
281 2457 359 2478 contra
376 2455 446 2477 codd.
462 2455 518 2483 legit
533 2455 581 2477 sic:
599 2455 631 2478 Et
645 2453 789 2482 notandum,
807 2453 871 2484 quod
892 2455 983 2477 terram

135 2494 242 2518 nominat
259 2494 296 2517 hic
312 2495 428 2517 naturam
442 2493 593 2523 passibilem,
608 2499 657 2516 non
671 2494 811 2523 corruptam
825 2499 870 2523 per
887 2499 983 2523 genera-

136 2533 223 2557 tionem
240 2533 394 2562 corruptione
410 2532 503 2556 vitiosa.

198 2571 207 2584 ²³
225 2573 248 2595 ln
265 2572 302 2595 ed.
321 2572 414 2595 additur
430 2573 453 2594 et
468 2572 540 2595 Patre
557 2571 662 2601 Spiritus
678 2573 784 2594 sanctus.

198 2610 208 2623 ⁴
225 2613 280 2639 Sap.
298 2611 334 2638 tl,
352 2612 390 2633 21.
768 2609 777 2622 ⁶
796 2610 861 2633 Vers.
879 2610 901 2633 4.
917 2617 982 2640 seqq.

198 2649 208 2663 ⁶
225 2651 249 2673 ln
266 2651 327 2673 ioan.
347 2650 426 2672 homil.
444 2650 481 2672 30.
500 2650 564 2679 (alias
585 2649 632 2679 29.)
650 2656 672 2672 n.
690 2651 720 2672 2:
737 2650 798 2678 Quid
820 2656 876 2672 vero
899 2649 983 2677 signifi-

136 2691 172 2712 cat
188 2689 256 2711 illud:
269 2689 323 2713 Non
339 2688 371 2711 ad
387 2694 527 2712 mensuram
544 2688 585 2711 dal
603 2689 663 2712 Deus
681 2686 817 2718 Spiritum?
828 2688 874 2711 Nos
888 2694 982 2715 omnes,

137 2728 180 2755 ait,
196 2728 226 2750 ad
243 2733 375 2750 mensuram
394 2727 492 2755 Spiritus
509 2727 668 2755 operationem
685 2727 832 2756 accepimus;
851 2733 892 2755 per
910 2726 983 2756 Spiri-

137 2768 188 2790 tum
204 2766 266 2789 enim
284 2767 320 2789 hio
337 2766 493 2794 operationem
512 2766 627 2794 inteliigit3
645 2767 701 2788 haec
718 2766 805 2795 quippe
821 2772 847 2788 ea
865 2769 907 2793 est,
923 2772 983 2794 quae

137 2805 294 2833 distribuitur;
312 2805 348 2827 hic
365 2812 421 2827 vero
439 2807 509 2827 totam
528 2805 587 2827 illam
604 2805 654 2827 sine
671 2811 779 2827 mensura
791 2804 861 2827 habet
872 2805 983 2833 operatio-

138 2851 198 2867 nem.
216 2844 260 2867 Csr.
279 2845 310 2867 ΙΙΙ.
328 2845 390 2866 Sent.
409 2844 432 2866 d.
450 2844 487 2866 13.
504 2850 525 2866 a.
544 2845 564 2866 l.
582 2850 604 2873 q.
622 2844 645 2866 2.
661 2857 691 2860 —
708 2844 803 2866 inferius
822 2846 875 2871 post
892 2843 983 2867 divisio-

138 2889 192 2907 nem
209 2884 246 2906 ed.
263 2883 327 2906 addit
343 2884 450 2912 respectu
467 2882 552 2906 nostri.

200 2920 209 2934 ⁷
226 2922 272 2945 Cfr.
289 2922 345 2944 infra
362 2928 382 2944 c.
400 2922 420 2944 4.
438 2928 460 2944 n.
478 2921 516 2944 27.
533 2924 555 2944 et
571 2928 641 2950 supra
658 2928 714 2950 pag.
730 2922 773 2950 52,
790 2924 843 2944 nota
861 2922 882 2944 2.
895 2934 925 2938 —
941 2922 983 2944 Re-

233 2968 258 2992 S.
275 2969 366 2992 Boruzv.
383 2981 414 2985 —
432 2969 499 2991 Tom,
516 2969 553 2991 Vl.

1040 2375 1134 2404 sponsio
1156 2376 1213 2397 haec
1234 2377 1268 2397 est
1292 2373 1420 2397 secundum
1445 2372 1521 2400 codd.‚
1546 2371 1632 2401 quibus
1657 2372 1796 2398 suffragatur
1819 2371 1888 2393 etiam

1040 2415 1172 2441 Gorranus;
1190 2414 1227 2436 ed.
1245 2416 1322 2436 autem
1339 2413 1372 2435 sic
1389 2412 1473 2434 habet:
1491 2410 1631 2440 Responsio:
1658 2409 1749 2433 Habere
1770 2409 1889 2439 sempiter-

1040 2460 1098 2476 nam
1114 2453 1188 2476 vitam
1204 2458 1269 2475 nunc
1294 2453 1329 2475 est
1352 2451 1377 2474 in
1400 2457 1441 2480 spe
1463 2456 1507 2480 per
1524 2455 1633 2473 amorem
1650 2449 1832 2479 imperfectum‚·
1849 2448 1890 2472 sed

1041 2495 1097 2516 tunc
1115 2492 1217 2522 perfecte
1242 2491 1358 2520 habetur,
1384 2490 1479 2521 quando
1501 2489 1604 2520 perfecte
1624 2490 1735 2517 amatur,
1761 2488 1849 2512 scilicet
1865 2488 1890 2511 in

1039 2532 1132 2562 patria,
1152 2531 1194 2554 ubi
1209 2537 1257 2554 non
1274 2530 1393 2558 creditur,
1411 2529 1453 2553 sed
1469 2528 1577 2552 habetur.

1103 2569 1113 2583 Β
1130 2571 1195 2593 Vers.
1214 2570 1235 2592 7.

1102 2609 1112 2622 ⁹
1130 2610 1227 2638 Vulgata
1245 2612 1267 2631 et
1283 2609 1300 2631 C
1317 2608 1453 2631 audierunt.
1466 2620 1497 2624 —
1509 2607 1619 2636 Sequitur
1636 2607 1697 2629 loan.
1716 2607 1742 2635 3,
1760 2607 1803 2629 26:
1820 2605 1890 2629 Disce-

1040 2650 1098 2672 runt
1115 2648 1137 2671 ei
1153 2648 1277 2678 [loanni]...
1294 2649 1317 2671 et
1331 2653 1413 2670 omnes
1430 2646 1527 2670 veniunt
1543 2646 1575 2669 acl
1591 2652 1652 2669 eum.

1104 2686 1123 2700 ¹⁰
1140 2688 1180 2710 Ed.
1197 2688 1306 2715 Ioannes,
1323 2690 1384 2716 quae
1405 2686 1474 2709 etiam
1497 2686 1566 2714 paulo
1583 2686 1692 2713 superius
1709 2691 1751 2713 pro
1772 2684 1820 2714 ipse
1839 2685 1890 2707 erat

1040 2733 1093 2749 cum
1110 2726 1226 2749 nonnullis
1243 2726 1311 2748 codd.
1329 2725 1445 2748 substituit
1462 2724 1512 2754 ipse
1528 2725 1594 2748 esset.

1104 2764 1121 2777 ¹¹
1139 2765 1205 2787 Vers.
1224 2765 1260 2787 43.
1277 2777 1308 2781 —
1325 2764 1402 2787 Verba
1419 2764 1536 2791 Chrysost.
1554 2763 1668 2786 habentur
1685 2763 1707 2785 in
1726 2764 1786 2785 ioan.
1810 2762 1889 2784 homil.

1097 2805 1161 2833 (alias
1179 2804 1225 2833 30.)
1243 2811 1265 2826 n.
1284 2805 1303 2825 i.
1322 2804 1427 2826 Subinde
1443 2803 1554 2831 allegatur
1571 2804 1632 2825 ioan.
1650 2802 1672 2831 7,
1691 2803 1713 2824 l.

1103 2842 1122 2855 ¹²
1140 2844 1238 2870 Vulgata
1264 2843 1347 2865 omittit
1371 2842 1485 2871 mediam,
1510 2842 1574 2871 quod
1599 2842 1667 2864 etiam
1699 2841 1808 2863 exhibent
1824 2840 1886 2862 card.

1724 2891 1754 2896 —
1780 2879 1888 2907 Sequitur

1040 2805 1078 2827 34.

1040 2883 1119 2910 Hugo,
1145 2882 1169 2904 B.
1194 2881 1287 2910 Albert.‚
1313 2882 1335 2903 S.
1361 2882 1463 2904 Thomas
1489 2880 1582 2909 (Catena
1607 2879 1696 2908 aurea).

1040 2922 1096 2944 Luc.
1118 2921 1153 2950 17,
1172 2922 1209 2943 Μ.

1762 2965 1791 2987 37

1904 1095 1963 1119 Resp.
