2296 3316
331 935 387 959 Resp.

332 1682 388 1705 Resp.

327 2055 357 2073 Ad
369 2055 387 2073 Ξ.

407 152 462 181 346

406 230 439 258 de
461 229 527 258 soris
548 232 589 258 est
604 240 630 263 »;
653 231 680 258 et
700 229 886 258 iustificabant
907 237 936 258 se
956 236 1049 258 coram
1071 228 1248 262 hominibus;

406 277 494 304 Lucae
515 276 620 304 declino
641 278 736 304 sexto:
763 286 776 300 (ι
792 275 845 304 Vos
866 274 947 309 estis,
968 275 1016 311 qui
1031 275 1186 304 justificatis
1201 283 1249 304 vos

405 331 498 351 coram
520 322 697 356 hominibus3
718 322 793 350 Deus
813 325 906 350 autem
927 321 1003 350 novit
1017 321 1101 350 corda
1115 324 1207 350 vestra
1220 333 1247 350 n.

725 415 926 451 Quaem-muas.

483 509 528 537 33.
551 509 660 545 Quaest.
683 508 700 537 I.
717 508 768 537 Sed
783 508 928 546 quaeritur
942 508 1003 543 hic,
1018 511 1115 538 utrum
1130 509 1249 538 circum-

405 555 550 584 cidendum
571 558 642 585 esset
662 556 690 584 in
709 555 835 584 Sabbato.
858 572 894 576 -
917 555 948 584 Et
968 555 1042 592 quod
1063 555 1117 589 sic,
1139 555 1249 584 videtur

404 602 449 631 hic
476 602 567 631 dicere
595 602 737 631 Dominus.
768 602 799 631 Et
826 602 897 631 ratio
917 597 973 638 est,
995 602 1061 639 quia
1081 604 1178 631 octavo
1205 602 1249 631 die

404 649 521 678 debebat
541 649 632 678 fieri.
614 650 623 666 ¹

483 696 534 724 Sed
556 704 677 725 CONTRA:
700 696 879 733 Praeceptum
900 696 934 724 de
955 695 1073 724 Sabbato
1094 695 1249 724 maximum

405 746 464 772 erat
493 743 564 771 inter
592 743 684 771 omnia
708 745 855 780 praecepta
876 743 953 780 Legis
974 746 1001 771 et
1022 742 1128 780 pluries
1149 742 1249 779 repeti-

404 793 464 818 tum
477 789 507 817 ²:
529 797 595 826 ergo
616 792 794 826 praeceptum
817 789 908 818 minus
928 789 1010 818 debet
1030 789 1127 818 cedere
1141 789 1248 817 maiori.

404 836 545 865 Debebant
566 844 632 873 ergo
647 844 770 870 cessare,
785 844 820 865 ne
834 836 1065 865 circumciderent
1080 836 1106 864 in
1122 835 1247 864 Sabbato.

483 884 656 912 Respounizo:
672 883 837 917 Dicendum,
853 883 926 920 quod
942 886 1120 920 praeceptum
1135 883 1168 912 de
1183 883 1249 911 Sab-

405 930 469 959 bato
491 938 619 967 magnum
641 933 682 959 est
696 934 724 958 et
738 930 941 958 circumcisioni
957 938 1011 958 non
1026 930 1169 964 obviabat,
1184 930 1250 966 quia

404 985 458 1005 non
480 976 644 1013 prohibebat
669 984 739 1013 opus
767 977 880 1010 salutis,
909 976 954 1005 sed
985 976 1145 1005 servitutis:
1174 976 1249 1004 unde

404 1024 432 1052 in
453 1023 570 1052 Sabbato
591 1023 784 1060 exponebatur
813 1023 908 1057 Lex⁹,
936 1023 1002 1060 quia
1025 1023 1151 1051 doctriua
1178 1031 1249 1060 opus

404 1073 445 1099 est
466 1070 601 1104 salutare;
624 1074 650 1098 et
672 1070 732 1099 ideo
753 1070 955 1099 circumcisioni
978 1078 1032 1098 non
1053 1070 1181 1104 cedebat,
1201 1070 1248 1099 sed

404 1117 485 1145 simul
507 1120 659 1153 utrumque
680 1120 858 1154 praeceptum
879 1117 1018 1146 currebat.

483 1163 528 1192 34.
552 1164 661 1200 Quaest.
684 1164 712 1192 Il.
729 1164 793 1192 lteui
810 1163 956 1200 quaeritur
970 1163 1004 1192 de
1018 1166 1182 1200 argumento
1196 1163 1249 1191 Do-

404 1211 486 1244 mini,
502 1210 575 1247 quod
591 1211 765 1239 circumcisio
779 1219 834 1239 non
849 1210 972 1239 solvebat
983 1210 1146 1244 Sabbatum,
1161 1210 1249 1238 multo

403 1257 495 1285 minus
516 1265 566 1285 nec
588 1257 730 1294 paralytici
745 1257 852 1286 curatio
863 1257 883 1285 ⁴².
905 1274 944 1277 —
965 1257 1080 1285 Videtur
1101 1264 1249 1293 argumen-

404 1308 464 1332 tum
486 1304 559 1332 istud
580 1304 649 1332 nihil
670 1305 777 1333 valere:

485 1352 509 1379 ¹1.
532 1351 601 1387 Quia
622 1351 795 1380 circumcisio
816 1351 916 1380 eratin
933 1353 1079 1387 praecepto
1100 1358 1150 1379 nec
1171 1352 1247 1387 pote-

405 1401 448 1426 rat
468 1397 588 1432 differri,
610 1398 657 1426 sed
677 1398 783 1427 curatio
804 1398 831 1426 in
853 1398 906 1426 alio
926 1398 969 1426 die
992 1400 1100 1434 poterat
1120 1397 1189 1426 fieri.

484 1447 509 1474 Ξ.
533 1446 691 1479 Praeterea,
720 1445 894 1474 circumcisio
921 1453 992 1481 opus
1012 1448 1072 1473 erat
1093 1444 1249 1481 spirituale

406 1495 540 1529 quantum
562 1491 595 1520 ad
617 1492 684 1525 hoc,
713 1492 787 1529 quod
808 1492 959 1520 mundabat
979 1491 1014 1520 ab
1034 1491 1179 1528 originali;
1201 1491 1248 1519 sed

405 1539 512 1567 curatio
532 1539 578 1567 illa
598 1538 650 1567 fuit
671 1546 741 1575 opus
762 1538 928 1575 corporale,
951 1538 1016 1575 quia
1030 1537 1174 1575 aegritudo
1189 1540 1249 1566 erat

406 1585 566 1622 corporalis.

485 1633 664 1661 Responmzo:
686 1632 855 1665 Dicendum,
870 1632 944 1669 quod
960 1632 1015 1660 Lex
1031 1631 1114 1668 Moysi
1129 1631 1249 1660 circum-

406 1679 534 1707 cisionem
556 1687 610 1707 non
632 1678 786 1715 praecepit,
814 1678 861 1707 sed
889 1678 1035 1715 supposuit
1061 1678 1139 1715 quasi
1165 1686 1182 1706 a
1208 1677 1249 1706 di-

405 1726 509 1763 gniori;
524 1725 597 1754 unde
612 1726 712 1754 dicitur
728 1725 813 1753 Exodi
829 1725 990 1754 duodecimo
1002 1725 1028 1753 ⁵:
1045 1725 1078 1753 Si
1091 1725 1156 1763 quis
1167 1733 1249 1761 pere-

403 1774 561 1812 yrinorimz
582 1772 705 1800 voluerit
733 1772 764 1800 in
790 1775 917 1801 vestram
939 1772 1068 1800 transire
1088 1772 1247 1806 coloniam,

404 1820 638 1850 circumcidetur.
668 1819 719 1848 Sed
747 1819 896 1847 Sabbatum
924 1819 951 1847 in
976 1820 1045 1855 Lege
1070 1822 1248 1855 praeceptum

404 1870 446 1896 est
466 1869 493 1896 et
513 1875 566 1895 non
589 1866 732 1895 auferebat
752 1865 1007 1900 circumcisionem,
1030 1874 1101 1903 quae
1122 1874 1139 1894 a
1163 1865 1249 1894 Patri-

404 1915 457 1943 bus
478 1917 555 1943 erat:
578 1921 643 1949 ergo
664 1913 752 1941 multo
773 1913 866 1941 minus
886 1920 937 1941 nec
958 1913 1130 1941 curationem
1145 1921 1161 1941 a
1175 1913 1247 1947 Deo,

404 1961 531 1999 quamvis
552 1969 606 1989 non
627 1963 698 1989 esset
719 1963 873 1997 praecepta.

483 2010 508 2037 2.
531 2008 568 2036 Ad
593 2007 668 2036 aliud
694 2007 856 2041 dicendum,
878 2006 952 2043 quod
974 2006 1081 2035 curatio
1102 2006 1148 2035 illa
1169 2015 1248 2043 para-

405 2055 479 2092 lytici
500 2063 555 2083 non
577 2057 683 2082 tantum
705 2056 765 2082 erat
787 2053 829 2082 vel
844 2052 895 2081 suit
909 2053 1089 2090 corporalis,
1104 2053 1150 2082 sed
1166 2053 1248 2082 etiam

405 2102 591 2139 spirilztalis;
613 2101 686 2129 unde
700 2101 804 2129 dictum
821 2103 863 2129 est
876 2100 900 2129 ei
912 2100 923 2117 Β
937 2111 943 2128 :
967 2100 1031 2128 lam
1046 2100 1175 2137 amplius
1189 2100 1250 2128 noli

403 2157 532 2186 peccare.
556 2148 587 2176 Et
608 2148 668 2176 ideo
688 2148 789 2176 dicitur
804 2147 832 2176 in
847 2147 953 2176 littera:
982 2147 1006 2174 T
1005 2150 1084 2175 otum
1105 2146 1249 2175 hominem

405 2204 512 2224 sami-m
533 2194 604 2232 feei,
626 2194 730 2223 scilicet
751 2194 867 2223 interius
881 2197 909 2223 et
922 2194 1063 2228 exterius3
1078 2197 1137 2222 esto
1150 2194 1248 2228 etiam,

407 2242 481 2279 quod
502 2245 607 2271 tantum
627 2241 752 2270 exterius
767 2241 793 2269 in
809 2249 940 2278 corpore,
961 2244 1053 2269 tamen
1074 2240 1165 2269 adhuc
1179 2248 1249 2277 opus

407 2292 467 2318 erat
487 2289 610 2326 pietatis,
638 2292 665 2317 et
689 2289 787 2325 utique
808 2288 916 2325 pietatis
937 2295 1021 2324 opera
1042 2290 1173 2324 tanquam
1194 2287 1250 2324 spi-

408 2335 518 2363 ritualia
538 2336 594 2363 Lex
616 2335 769 2372 reputabat.
791 2334 867 2363 Unde
886 2334 913 2362 in
928 2334 1045 2363 Sabbato
1067 2334 1165 2362 licebat
1179 2334 1249 2362 clee-

1022 151 1191 180 COMMENT.
1214 151 1246 180 lN
1267 151 1412 180 IOANNEM
1434 151 1461 179 C.
1484 152 1536 180 Vll.

1307 237 1450 266 mosynam
1477 229 1552 258 dare.
1581 229 1607 258 Si
1629 230 1702 258 enim
1724 229 1824 258 licebat
1844 229 1953 258 asinum
1973 230 2149 267 adaquare⁷‚

1307 276 1394 313 magis
1414 276 1615 312 eleemosynam
1633 276 1715 310 dare,
1730 276 1852 305 maxime
1866 276 2007 306 infirmum
2023 277 2149 306 liberare.

1385 322 1431 351 35.
1453 323 1563 359 Quaest.
1586 323 1626 350 ΙΙΙ.
1648 322 1700 351 Sed
1715 322 1876 360 quaeritur:
1898 331 1986 360 quare
2006 323 2150 352 circumci-

1306 368 1346 397 sio
1367 368 1419 397 fuit
1445 369 1508 397 data
1535 371 1599 397 ante
1620 369 1740 405 Legem?
1761 372 1875 406 propter
1897 369 1949 397 hoc
1970 369 2044 406 quod
2064 369 2149 398 dicit:

1306 414 1372 443 Non
1392 424 1427 443 ea:
1448 415 1543 452 Moyse
1563 418 1614 444 etc.

1384 462 1551 496 Dicendum,
1580 462 1653 499 quod
1682 470 1764 491 causa
1791 462 1908 491 dationis
1932 462 2149 492 circumcisionis
2168 468 2222 493 nesi»

1305 517 1361 538 una
1393 508 1541 545 praecipua
1567 508 1619 537 fuit
1639 508 1777 537 distinctio
1798 509 1909 545 populi,

1305 559 1388 585 turus
1418 559 1478 584 erat
1508 555 1650 589 Christus,
1678 564 1695 584 a
1722 555 1898 589 nationibus;
1920 558 1947 584 et
1968 555 2033 592 quia
2060 556 2150 593 primo

1305 605 1420 631 vocatus
1440 605 1482 631 est
1503 602 1655 636 Abraham,
1677 602 1722 630 cui
1740 602 1811 631 sacta
1825 605 1866 631 est
1881 602 2074 639 repromissio,
2090 602 2150 632 ideo

1305 649 1340 677 ab
1360 649 1407 677 illo
1433 648 1603 677 inchoavit⁸.
1625 664 1663 668 —-
1685 649 1754 677 Sunt
1774 651 1801 677 et
1822 648 1890 677 aliae
1911 656 2010 677 causae
2030 649 2150 678 circum·
2167 647 2296 676 Annam*

1305 695 1416 724 cisionis
1437 695 1558 729 dandae,
1580 703 1667 732 quare
1688 695 1752 723 data
1772 695 1857 724 suerit
1877 695 1980 732 populo
2000 695 2047 724 Dei
2063 695 2150 733 magis

1306 750 1390 779 quam
1412 742 1484 770 aliud
1507 742 1632 779 signum,
1647 749 1719 779 quae
1740 742 1784 771 his
1804 742 1932 771 versibus
1953 742 2149 771 continentur:

1403 829 1413 840 rt
1425 821 1462 843 Est
1478 820 1583 848 siguum,
1601 820 1722 847 meritum,
1739 820 1870 848 distinguit,
1887 820 1937 843 sive
1954 820 2071 848 medetur,

1400 858 1539 881 circumcisa
1556 865 1609 881 caro
1626 859 1799 888 significatque,
1817 859 1884 882 docet
1895 868 1918 882 n.

1306 930 1351 958 Est
1371 929 1491 966 sianum
1513 929 1574 958 fidei
1595 929 1735 963 Abrahae,
1754 929 1891 957 mer-icum
1905 929 2091 964 obedientiae,
2106 929 2150 958 di-

1304 976 1427 1013 stinquic
1447 976 1597 1013 populum,
1619 975 1748 1004 medetur
1769 978 1866 1004 contra
1889 976 2039 1013 originale,
2058 976 2150 1014 siqni-

1304 1021 1374 1059 fical
1393 1025 1516 1051 octavam
1538 1021 1765 1056 resurrectionis,
1786 1022 1865 1050 docel
1885 1023 2037 1051 castitatem
2050 1022 2070 1051 ⁹.

1385 1068 1430 1097 36.
1452 1068 1589 1097 Dicebant
1603 1077 1626 1096 e)
1629 1077 1671 1105 '90
1686 1069 1809 1106 quidam
1822 1077 1857 1097 ex
1872 1069 2064 1107 lerosolymis
2080 1069 2149 1098 Con-
2161 1074 2279 1123 ‘guntfaohh

1305 1114 1405 1143 tutavit
1432 1115 1628 1151 malignantes,
1658 1115 1703 1144 hic
1734 1114 1868 1152 confutat
1899 1116 2095 1155 obloquentem
2122 1118 2150 1145 et
2160 1103 2210 1140 mern
2219 1103 2238 1117 ε’

1305 1162 1429 1199 procedit
1457 1162 1509 1190 hoc
1536 1162 1640 1191 ordine.
1664 1162 1754 1191 Primo
1775 1163 1888 1200 ponitur
1909 1163 1969 1200 ipsa
1989 1163 2149 1197 oblocutio;

1306 1209 1441 1243 secundo,
1467 1209 1679 1247 obloquentium
1701 1210 1881 1248 conf'utzrtioe
1897 1211 1994 1245 tertio,
2015 1210 2149 1248 confula-

1306 1259 1402 1284 torum
1417 1255 1571 1285 obstinatio
1582 1266 1593 1290 ‚·
1607 1260 1722 1293 quarto,
1738 1258 1920 1294 parvulorum
1937 1265 1986 1286 seu
1999 1257 2150 1286 minorum

1306 1302 1478 1339 aedificatio.

1384 1350 1473 1385 (Vers.
1496 1350 1564 1385 25.).
1591 1350 1682 1379 Primo
1703 1359 1769 1388 ergo
1790 1351 1903 1388 ponitur
1923 1350 2063 1379 oblocutio
2090 1350 2150 1379 illo·
2163 1354 2267 1397 Expositiol

1306 1404 1370 1424 rum
1398 1396 1445 1433 qui
1474 1397 1561 1434 magis
1588 1405 1753 1434 cognoscere
1772 1398 1926 1432 debebant;
1955 1400 1982 1426 et
2006 1397 2051 1426 isti
2071 1400 2151 1426 erant
2168 1378 2254 1421 Ρτῧῗυῗῗι

1305 1443 1353 1480 qui
1375 1443 1403 1471 in
1424 1443 1534 1472 civitate
1556 1443 1631 1480 regia
1652 1444 1818 1479 manebant;
1840 1446 1953 1481 propter
1974 1444 2047 1481 quod
2069 1444 2150 1473 dicit:

1307 1489 1446 1518 Dicebant
1466 1499 1534 1527 erqo
1556 1491 1677 1528 quidam
1699 1500 1734 1519 ex
1757 1491 1958 1529 lei-osolymis,
1980 1491 2028 1528 qui
2049 1491 2150 1520 conscii

1305 1540 1385 1566 eraut
1412 1537 1623 1566 machinationis
1651 1538 1881 1567 Pharisaeorum:
1907 1537 2007 1566 Nonne
2027 1536 2073 1566 liic
2093 1541 2149 1572 est,

1305 1592 1388 1622 quem
1403 1583 1581 1622 quaerebam
1595 1584 1700 1613 Iudaei
1713 1584 1872 1620 interficere
1885 1584 1928 1612 ¹⁰?
1948 1587 2078 1622 tanquam
2093 1592 2150 1613 ma-

1306 1631 1382 1665 lum;
1411 1634 1490 1659 erant
1517 1631 1591 1659 enim
1612 1631 1645 1660 de
1667 1631 1736 1666 illis,
1757 1631 1791 1660 de
1812 1632 1915 1668 quibus
1936 1631 2150 1660 proverbiorum

1305 1677 1395 1714 primo
1416 1677 1537 1705 dicitur:
1563 1689 1577 1702 «
1593 1678 1676 1707 Pedes
1698 1678 1810 1707 illorum
1831 1678 1864 1706 ad
1889 1678 1993 1706 malum
2014 1680 2149 1712 currunt,

1305 1725 1333 1751 et
1353 1723 1498 1757 festinant,
1519 1726 1552 1751 ut
1572 1724 1715 1753 effundant
1736 1725 1899 1761 sanguinem
1913 1736 1939 1752 n.

1385 1770 1431 1798 37.
1453 1770 1541 1804 (Vers.
1565 1772 1632 1807 26).
1664 1772 1697 1800 El
1724 1780 1800 1806 ecee,
1826 1771 1930 1808 palam
1950 1771 2098 1809 loquitur,
2125 1774 2152 1800 el

1305 1816 1380 1846 m'lzz'l
1399 1818 1426 1846 ei
1445 1818 1563 1852 (licum,
1585 1821 1613 1847 et
1633 1826 1670 1847 ex
1691 1819 1743 1847 hoc
1764 1819 1937 1847 admirantur
1955 1822 1982 1847 et
2006 1826 2043 1847 ex
2064 1818 2150 1847 admi-

1306 1864 1426 1899 ratione,
1448 1872 1511 1893 cum
1532 1865 1665 1894 deberent
1686 1865 1802 1894 excitari
1823 1866 1857 1895 ad
1878 1865 1976 1900 fidem,
1997 1865 2152 1902 procedunt

1305 1911 1332 1939 in
1355 1911 1513 1940 mendacem
1543 1912 1765 1941 oblocutionem:
1793 1912 1936 1950 Numquid
1962 1921 2027 1941 vere
2048 1920 2150 1950 009ηο-

1305 1962 1410 1987 verunt
1422 1958 1580 1996 principes,
1595 1960 1734 1997 quoniam
1748 1960 1770 1976 ¹¹
1785 1958 1831 1988 hic
1845 1963 1885 1988 esc
1898 1958 2053 1988 Christus?
2067 1959 2151 1996 Quasi

1304 2005 1408 2033 dicant:
1424 2005 1558 2042 suspicari
1574 2009 1704 2042 possunt,
1720 2006 1767 2034 sed
1782 2014 1847 2035 vere
1861 2006 1932 2035 scire
1953 2014 2008 2034 non
2022 2009 2149 2043 possunt;

1305 2052 1379 2080 unde
1400 2052 1511 2081 subdit:

1384 2099 1430 2128 38.
1460 2099 1548 2134 (vers.
1578 2100 1645 2135 027).
1676 2100 1730 2129 Sed
1757 2099 1834 2129 hune
1854 2100 1978 2135 seimus,
2000 2100 2076 2129 unde
2095 2100 2150 2134 sil,

1305 2146 1371 2183 quia
1384 2154 1400 2174 a
1414 2146 1561 2181 Nazaretl1;
1577 2155 1661 2184 supra
1676 2147 1766 2184 primo
1778 2148 1800 2164 ¹²
1813 2158 1819 2176 :
1839 2159 1852 2173 «
1867 2147 2024 2177 Invenimus
2045 2148 2133 2176 lesum
2143 2170 2150 2182 ,

1306 2193 1393 2221 filium
1416 2193 1511 2230 loseph
1533 2202 1549 2221 a
1570 2194 1704 2223 Nazareth
1720 2206 1747 2222 ».
1765 2193 1899 2223 Christus
1914 2197 2011 2223 aulem
2025 2202 2092 2222 eum
2105 2203 2151 2223 ve-

1305 2241 1397 2273 nerii,
1419 2249 1501 2268 izemo
1521 2240 1592 2274 scil,
1615 2241 1692 2269 unde
1712 2241 1771 2275 sit;
1791 2244 1818 2270 et
1839 2241 1876 2269 ita
1896 2241 2064 2278 derogabant
2091 2241 2151 2270 eius

1305 2287 1414 2324 origini.
1444 2287 1497 2316 Hoc
1524 2287 1651 2316 dicebant
1679 2291 1792 2325 propter
1819 2288 1887 2316 illud
1918 2288 1992 2325 quod
2019 2287 2151 2317 scribitur

1307 2334 1390 2363 Isaiae
1420 2334 1651 2371 quinquagesimo
1682 2335 1782 2363 tertio:
1819 2346 1832 2359 α
1855 2334 2063 2363 Generationem
2091 2334 2151 2364 eius

470 2542 477 2555 ¹
496 2542 539 2565 Csr.
557 2544 612 2565 Gen.
632 2544 672 2571 «17,
691 2544 727 2565 42.
745 2550 816 2571 supra
833 2551 855 2566 n.
872 2544 909 2566 30.
927 2544 1044 2573 allegatus.

469 2580 478 2593 ²
497 2582 555 2604 Vide
573 2582 641 2605 Exod.
659 2583 701 2610 20,
719 2583 745 2610 83
763 2583 804 2610 3¹,
823 2584 860 2605 43.
877 2590 942 2612 seqq.
959 2586 981 2606 et
998 2584 1063 2606 Deut.
1081 2584 1107 2612 5,
1126 2584 1161 2606 12.
1183 2590 1249 2612 seqq.

470 2619 479 2632 ³
496 2620 541 2643 Cl'r.
557 2622 612 2643 Luc.
630 2621 711 2648 4,16.
727 2628 805 2650 seqq.;
822 2622 870 2644 Act.
889 2622 931 2649 113,
949 2622 986 2644 114.
1003 2629 1051 2651 seq.
1068 2625 1091 2645 et
1108 2623 1150 2650 45,
1164 2623 1202 2644 2¹.
1219 2634 1250 2639 -

408 2659 454 2682 Csr.
478 2666 547 2688 supra
572 2666 592 2682 c.
614 2661 635 2683 5.
653 2667 675 2682 n.
698 2661 773 2683 31-33.
791 2673 822 2677 -
839 2661 933 2683 Inferius
957 2668 998 2689 pro
1021 2661 1197 2685 circumcisioni
1213 2662 1250 2684 ed.

408 2705 461 2721 cum
479 2699 558 2726 paucis
576 2699 642 2721 codd.
661 2699 815 2723 circumcisio.

470 2736 480 2749 ⁹
497 2738 529 2760 Dc
546 2744 591 2767 qua
608 2744 678 2766 supra
695 2738 722 2765 5,
740 2739 760 2760 9.

470 2775 480 2788 ⁵
499 2777 563 2799 Vers.
581 2777 616 2799 48.
635 2777 679 2800 Csr.
696 2784 766 2806 supra
784 2785 804 2800 n.
824 2779 861 2800 30.

470 2814 480 2827 ⁶
498 2816 570 2843 Supra
590 2817 614 2844 5,
634 2816 670 2838 44.
687 2816 732 2839 Csr.
749 2823 819 2844 supra
837 2823 855 2839 c.
874 2818 896 2839 5.
913 2824 936 2839 n.
956 2818 990 2839 18.
1008 2818 1105 2845 princip.
1123 2818 1191 2845 Rcsp.

470 2853 479 2866 ⁷
498 2855 551 2877 Luc.
571 2855 612 2882 43,
631 2855 672 2877 45:
689 2856 834 2883 Hypocritae,
851 2856 1011 2885 unusquisque
1027 2859 1130 2878 vestrum
1149 2855 1250 2878 Sabbato

408 2900 454 2916 non
477 2894 546 2916 solvit
563 2893 648 2916 bovem
666 2900 733 2916 suum
750 2897 789 2916 aut
805 2895 895 2917 asinum
913 2901 925 2917 a
942 2895 1063 2923 praesepio
1080 2898 1102 2918 et
1118 2896 1181 2918 ducit
1198 2895 1251 2918 ada-

408 2934 499 2961 quare?

1368 2542 1378 2555 ⁸
1395 2543 1440 2567 Csr.
1457 2545 1512 2566 Gen.
1535 2545 1573 2571 12,
1592 2544 1612 2566 i.
1630 2550 1694 2573 seqq.
1712 2546 1734 2566 et
1758 2543 1801 2571 l7,
1824 2543 1846 2566 l.
1868 2549 1945 2572 seqq,
1968 2543 2007 2566 ubi
2030 2543 2098 2566 etiam
2121 2543 2151 2565 de

1306 2583 1447 2606 institutione
1464 2583 1653 2605 circumcisionis.
1669 2595 1700 2599 —-
1718 2583 1829 2611 Superius
1844 2585 1898 2610 post
1912 2581 2048 2605 nationibus
2064 2582 2101 2605 ed.
2113 2582 2152 2605 ad-

1307 2623 1340 2645 dit
1356 2622 1418 2645 aliis.

1370 2660 1379 2673 ⁹
1397 2662 1455 2684 Vide
1467 2662 1570 2684 Glossam
1583 2661 1734 2684 ordInariam
1747 2661 1768 2683 in
1781 2662 1842 2683 loan.
1854 2660 1876 2688 7,
1889 2661 1918 2683 22
1926 2678 1931 2688 ,
1943 2667 2004 2689 quae
2015 2667 2027 2683 a
2040 2660 2151 2683 Strabone

1306 2703 1329 2723 et
1346 2701 1367 2723 S.
1385 2702 1474 2723 Thoma
1493 2701 1524 2730 (in
1541 2701 1625 2724 Calena
1643 2701 1722 2728 aurea)
1739 2700 1834 2723 Alcuino
1851 2700 1969 2727 tribuitur,
1981 2700 2036 2723 etin
2053 2706 2099 2729 qua
2116 2706 2152 2722 re-

1307 2742 1428 2762 censentur
1446 2743 1491 2762 tres
1508 2747 1534 2762 ex
1552 2740 1675 2768 praedictis
1692 2746 1787 2767 causae,
1805 2740 1852 2762 scil.
1872 2740 1891 2761 l.
1909 2740 1931 2761 3.
1949 2741 1971 2762 et
1987 2739 2009 2761 6.
2026 2739 2070 2762 Csr.
2082 2739 2150 2762 etiam

1308 2779 1344 2800 lV.
1362 2779 1423 2801 Sent.
1442 2779 1464 2801 d.
1483 2779 1504 2801 l.
1522 2785 1544 2807 p.
1563 2780 1586 2801 ll.
1603 2786 1624 2801 a.
1641 2780 1662 2802 2.
1680 2782 1703 2802 et
1720 2779 1797 2802 dubia.

1370 2812 1390 2829 ¹⁶
1403 2818 1500 2845 Vulgata
1510 2824 1579 2847 quem
1589 2819 1708 2847 quaerunt
1716 2817 1853 2848 interficere.
1861 2830 1891 2833 —-
1898 2817 2005 2846 Sequitur
2011 2817 2078 2839 Prov.
2089 2817 2107 2843 l,
2114 2816 2122 2838 l
2130 2817 2150 2838 6.

1370 2856 1388 2869 ¹¹
1407 2857 1504 2885 Vulgata
1523 2857 1586 2887 quia.

1371 2894 1389 2908 ¹²
1408 2897 1473 2918 Vers.
1490 2896 1527 2919 45.
1539 2909 1570 2913 —
1581 2897 1632 2919 Duo
1649 2902 1713 2926 seqq.
1731 2897 1773 2919 loci
1790 2899 1843 2919 sunt
1860 2896 1909 2919 lsai.
1923 2896 1965 2925 53,
1978 2897 1999 2918 8.
2010 2898 2034 2918 et
2044 2896 2097 2924 Sap.
2112 2896 2150 2923 18,

1309 2934 1345 2957 14.
1362 2934 1411 2963 (cfr.
1429 2941 1498 2963 supra
1516 2934 1644 2958 Comment.
1662 2936 1684 2958 iu
1701 2937 1762 2958 hunc
1779 2935 1874 2964 locum).

1930 509 1964 537 de
1984 517 2040 546 quo
2061 509 2150 538 nasci·
2265 255 2296 783 1

2246 785 2296 1564 ei
