2296 3316
65 1505 157 1525 Secunda.

30 2288 53 2307 Ex
68 2289 122 2308 ositiu
135 2289 159 2308 de

66 2312 131 2332 lii-istu.

755 156 924 186 COMMENT.
948 157 980 186 IN
1000 157 1238 188 ECCLESIASTEN
1259 160 1286 188 C.
1310 160 1362 188 Vll.

177 242 251 271 quae
271 242 290 262 a
307 234 425 263 muliere
456 234 554 263 habuit
574 237 667 263 ortum
698 237 726 264 et
747 234 774 263 in
805 235 923 269 muliere
944 235 1029 264 habet

179 280 348 315 fomentum,
369 289 441 318 quae
462 289 513 310 sua
537 281 724 318 pulcritudine
749 281 889 320 illaqueat
909 290 959 319 per
984 282 1028 310 di-

180 328 325 357 lectionem
332 338 343 362 ,·
364 328 425 357 ideo
448 328 530 357 dicit:
559 329 694 366 Laqueus
714 331 755 357 est
783 332 972 363 venatorum,
1000 329 1028 357 id

178 378 221 404 est
241 375 422 410 daemonum,
443 376 491 413 qui
514 378 651 404 venantur
671 375 777 405 animas
791 376 945 405 hominum.
968 376 1028 404 llla-

178 424 263 459 queat
284 422 379 451 verbis
393 425 420 451 et
440 422 619 460 aspectibu85
641 422 855 451 proverbiorum
873 422 991 459 septimo
1003 423 1026 450 ¹:

178 481 197 494 τι
211 469 332 498 Irretivit
352 477 417 498 eum
431 469 526 498 multis
547 469 722 498 sermonibus
737 472 765 498 et
781 469 921 499 blanditiis
942 469 1027 498 labio-

178 524 244 545 rum
264 516 404 553 protraxit
425 516 503 545 illum
516 527 542 544 ».
565 516 697 553 Illaqueat
714 516 915 553 pulcritudine
935 516 1026 551 faciei;

178 562 359 592 Ecclesiastici
381 571 468 592 nono:
496 574 509 588 «
524 563 639 600 Propter
661 563 780 600 speciem
801 563 927 592 mulieris
945 563 1026 592 multi

178 612 333 648 pereunt».
349 610 481 647 Illaqueat
502 610 584 639 etiam
599 610 709 644 verbis,·
723 610 797 639 unde
811 610 925 639 ibidem:
943 622 956 635 «
966 610 1024 638 Col-

178 657 303 694 loquium
332 656 406 685 illius
434 657 513 694 quasi
538 656 609 694 ignis
629 656 827 685 exardescit».
850 657 907 685 Non
936 657 1026 685 solum

177 704 317 743 illaqueat
336 704 364 732 in
378 704 543 738 dilectione,
565 703 613 733 sed
631 704 712 732 etiam
735 703 854 741 deylutit
872 703 900 732 in
921 703 1027 743 nefario

177 760 279 788 opere;
299 751 373 780 unde
394 750 475 780 dicit:
500 751 535 779 Et
554 759 666 788 saqena
687 759 737 779 cor
758 751 839 784 eius,
859 758 923 779 cum
946 750 1027 779 iuxta

177 801 274 827 votum
295 798 356 827 eius
383 798 556 827 consentitur
580 798 657 835 operi
683 798 796 826 nefario.
819 798 889 826 Haec
916 800 958 826 est
983 805 1026 826 sa-

177 853 247 883 gena
267 845 383 880 diaboli;
416 845 542 874 Habacuc
572 845 662 882 primo
677 845 700 873 ²:
728 857 742 870 «
756 846 855 874 Totum
888 845 914 873 in
943 845 1026 874 hamo

177 892 346 927 sublevavit3
369 893 455 921 traxit
473 892 541 921 illud
557 892 585 921 in
606 900 707 929 sagena
728 900 779 921 sua
793 904 821 920 ».
838 892 889 921 Sed
905 895 1026 929 postmo-

176 939 243 969 dum
264 939 338 977 liqat
357 947 408 976 per
421 939 608 974 affectionem3
631 942 658 968 et
679 939 740 968 ideo
753 939 834 968 dicit:
858 940 894 968 Et
907 939 1026 968 vincula

175 995 285 1015 manus
298 985 378 1015 illius
385 997 395 1020 ;
410 986 625 1015 Proverbiorum
640 986 769 1023 septimo:
790 998 804 1011 «
818 986 950 1023 Sequitur
965 994 1025 1015 eam

176 1036 203 1063 et
223 1033 347 1071 ignorat,
369 1033 444 1071 quod
462 1033 497 1062 ad
522 1033 634 1062 vincula
654 1034 757 1062 stultus
783 1034 912 1062 trahatur
931 1045 957 1061 ».
986 1033 1026 1062 Ab

176 1079 228 1108 hae
246 1080 394 1117 pronitate
413 1080 509 1108 nullus
526 1080 654 1116 eripitur,
669 1080 721 1108 nisi
743 1080 790 1116 qui
812 1088 829 1108 a
845 1080 962 1108 Domino
983 1080 1026 1108 iu-

176 1129 267 1161 vatur,
289 1129 365 1155 tanta
379 1130 435 1161 est;
458 1126 519 1155 ideo
536 1126 618 1155 dicit:
641 1127 699 1162 Qui
718 1127 811 1164 placet
835 1127 891 1155 Deo
912 1125 1027 1164 effuqiet

175 1174 272 1209 illam,
294 1174 447 1203 secundum
469 1174 538 1203 illud
552 1174 659 1211 primae
679 1175 713 1203 ad
734 1174 891 1203 Corinthios
905 1177 985 1203 sexto
997 1174 1024 1202 3:

181 1232 194 1246 «
209 1221 304 1258 Fugite
325 1221 533 1250 fornicationem
547 1232 579 1255 »;
601 1221 755 1258 Sapientiae
776 1224 889 1250 octavo:
915 1221 1024 1255 «Scivi,

176 1268 307 1305 quoniam
328 1268 408 1297 aliter
422 1276 477 1296 non
499 1275 608 1305 possem
629 1276 688 1297 esse
702 1268 861 1302 continens,
883 1268 935 1297 nisi
951 1268 1025 1297 Deus

175 1315 222 1344 det
235 1327 263 1343 ».
280 1315 339 1351 Qui
352 1318 450 1344 autem
461 1319 598 1352 peccator
613 1319 655 1344 est
674 1316 808 1352 capietur
823 1315 859 1344 ab
875 1315 944 1348 illa,·
961 1315 1024 1343 Pro—

176 1362 337 1391 verbioruin
352 1362 462 1399 quinto:
483 1374 496 1387 «
507 1362 667 1399 lniquitates
682 1371 748 1392 suae
766 1363 879 1400 capiunt
893 1363 1024 1399 impium,

176 1411 203 1437 et
223 1409 337 1438 funibus
358 1412 534 1446 peccatorum
557 1418 673 1438 suorum
695 1410 895 1447 constringitur
910 1422 936 1437 ».

254 1456 343 1493 (Vers.
366 1457 411 1485 28.
435 1457 502 1493 29.)
526 1458 606 1491 Eece,
628 1456 680 1485 lzoc
701 1456 799 1485 inveni
819 1460 870 1486 etc.
887 1457 933 1485 Hic
945 1460 1023 1485 nota-

176 1506 222 1532 tur
244 1503 413 1538 secundum,
439 1503 543 1532 scilicet
569 1504 807 1541 concupiscentiae
826 1503 1022 1542 qeneralitas,

175 1551 255 1581 cuius
286 1551 420 1580 rationem
449 1550 543 1580 videre
574 1551 626 1580 suit
653 1551 817 1586 difficultas3
850 1552 910 1580 ideo
941 1551 1022 1580 dicit:

175 1598 260 1632 Ecce,
282 1597 334 1627 hoc
348 1598 459 1632 inveni,
474 1598 551 1627 dimit
566 1597 763 1632 Ecclesiastes,
786 1607 897 1632 unum,
920 1598 1024 1627 scilicet

173 1644 261 1682 ipsius
271 1645 509 1682 concupiscentiae
521 1645 699 1682 pronitatem
708 1668 715 1679 ,
728 1648 753 1673 et
767 1645 907 1680 alterum,
920 1646 1023 1674 scilicet

174 1692 261 1729 ipsius
280 1692 506 1730 qeneralitatem.
523 1709 559 1713 —
575 1692 607 1721 Et
621 1692 757 1726 laboravi,
773 1693 884 1729 supple,
899 1697 932 1721 ut
946 1693 1022 1721 inve-

173 1739 268 1768 nirem
289 1739 431 1768 rationem
442 1762 450 1773 ,
472 1748 562 1778 quam
578 1738 675 1768 adbuc
690 1740 805 1778 quaerit
820 1740 924 1768 anima
938 1748 1004 1768 mea
1012 1750 1022 1773 ;

173 1785 242 1815 haec
262 1789 304 1815 cst
317 1786 396 1815 ratio
417 1781 604 1823 generalitatis
618 1786 870 1823 concupiscentiae,
892 1795 980 1823 quare
994 1786 1021 1814 in

173 1833 303 1862 omnibus
327 1835 376 1861 est.
400 1833 436 1861 Et
462 1841 521 1861 non
541 1832 654 1865 inueni,
677 1833 780 1861 scilicet
806 1833 919 1870 proprio
947 1833 1022 1870 inge-

174 1880 235 1914 nio,·
253 1880 319 1917 quia
334 1880 386 1909 hoc
400 1880 555 1917 philosophi
578 1880 649 1909 scire
663 1888 718 1909 non
743 1883 897 1915 noverunt;
920 1880 967 1909 sed
983 1883 1022 1909 ta-

173 1935 236 1956 men
257 1927 314 1964 fide
334 1927 461 1965 cognovit
483 1927 650 1956 rationem⁴
671 1930 699 1956 et
719 1928 897 1965 cooperientia
922 1936 1022 1965 cogno-

173 1974 213 2002 vit
233 1973 380 2012 effectum,
408 1974 512 2003 scilicet
538 1974 754 2012 generalitatem.
782 1975 843 2004 Ideo
864 1974 948 2004 dicit:
977 1976 1022 2004 Vi-

173 2030 243 2050 ·rum
257 2030 351 2050 unum
367 2021 401 2050 de
414 2021 491 2050 mille
511 2022 617 2059 reperi,
632 2025 657 2050 et
671 2022 823 2051 niitlierem
837 2031 872 2051 ex
887 2023 1022 2052 omnibus

172 2076 231 2097 non
262 2068 376 2102 inveni;
407 2068 559 2106 hyperbole
580 2071 637 2103 est,
669 2071 696 2097 et
717 2069 777 2098 vult
807 2069 914 2104 dicere,
947 2071 1022 2107 quod

172 2115 353 2152 paucissimos
375 2115 479 2145 invenit
499 2115 590 2154 viros,
612 2116 639 2144 in
668 2116 771 2153 quibus
798 2117 1022 2154 concupiscentia

172 2171 227 2191 non
248 2165 392 2201 regnaret;
414 2163 460 2192 sed
482 2163 541 2200 ipse
561 2163 653 2192 nullas
673 2163 778 2192 invenit
798 2164 945 2198 mulieres;
971 2173 1022 2193 nec

172 2209 291 2244 mirum,
313 2209 380 2247 quia
401 2210 580 2239 Ecclesiastici
603 2210 734 2247 vigesimo
755 2211 853 2248 quinto
871 2211 898 2239 ⁵:
926 2223 939 2236 «
957 2212 1021 2241 Bre-

173 2256 214 2285 vis
234 2256 323 2286 omnis
343 2257 449 2285 malitia
469 2265 554 2294 super
575 2257 707 2286 malitiam
722 2258 848 2288 mulieris
863 2270 889 2286 ».
905 2275 945 2279 —
959 2260 1021 2288 Pos-

172 2311 265 2334 semus
292 2306 385 2333 autem
414 2304 466 2333 hoc
487 2312 629 2341 exponere
656 2304 689 2333 de
717 2305 840 2339 Christo,
869 2306 916 2343 qui
946 2307 1022 2335 solus

1898 164 1933 194 63

1085 236 1171 265 evasit
1188 245 1206 265 a
1230 237 1409 275 corruptione
1440 240 1678 277 concupiscentiae
1699 242 1855 280 originalis,
1884 243 1931 280 qui

1085 282 1161 311 solus
1182 282 1234 311 suit
1258 284 1358 313 «inter
1379 288 1504 315 mortuos
1526 287 1595 316 liber
1609 299 1635 315 ».

1164 329 1253 363 (Vers.
1276 330 1343 363 30).
1367 331 1552 361 Solummodo
1566 332 1618 362 boc
1639 334 1743 363 inveni.
1759 335 1806 364 Hic
1820 339 1932 365 notatur
1949 344 2020 362 Tertia.

1062 375 1216 410 tertium,
1248 377 1352 406 scilicet
1382 380 1619 416 concupiscentiae
1650 381 1830 416 caus-alitus,
1862 390 1933 419 quae

1085 422 1197 459 quidem
1219 431 1275 451 non
1295 424 1347 452 fuit
1368 433 1384 453 a
1412 425 1483 460 Deo,
1505 427 1552 465 sed
1573 435 1589 455 a
1610 427 1701 463 primo
1730 432 1849 465 peccato.
1872 429 1933 458 ldeo

1084 468 1165 497 dicit:
1188 469 1374 500 Solummodo
1393 470 1445 501 ltoc
1466 473 1578 508 inveni,
1601 475 1678 512 quod
1697 474 1766 512 feeit
1786 476 1863 505 Deus
1884 475 1933 504 bo—

1083 515 1192 544 minem
1206 520 1331 549 rectum:
1347 518 1527 549 Ecclesiastici
1541 520 1647 550 decimo
1663 521 1779 558 septimo
1789 522 1814 550 ⁶:
1835 534 1848 548 «
1859 523 1932 552 Deus

1084 562 1117 591 de
1143 565 1218 592 terra
1245 565 1349 593 creavit
1379 566 1532 602 hominem,
1554 571 1581 596 et
1602 569 1755 597 secundum
1787 569 1931 607 imaginem

1084 618 1164 639 suam
1192 611 1255 639 fecit
1282 612 1360 640 illum
1376 624 1402 640 ».
1426 614 1457 642 Et
1485 614 1570 643 huius
1590 615 1699 652 signum
1727 619 1768 644 est
1796 616 1932 645 rectitudo

1084 660 1223 692 staturae,
1245 666 1317 695 quae
1338 659 1429 689 adhuc
1451 664 1543 690 manet
1563 661 1590 690 in
1612 670 1736 699 corpore.
1754 663 1788 690 Et
1809 663 1869 700 ipse
1889 672 1932 697 se,

1083 705 1198 742 propria
1218 705 1322 734 scilicet
1343 706 1470 736 libertate
1480 710 1490 742 ‚'
1508 708 1631 745 infinitis
1652 710 1771 738 miscuit
1790 710 1933 748 quaestio-

1083 751 1188 785 nibus,-
1209 752 1275 789 quia
1297 753 1450 783 recedendo
1470 755 1505 783 ab
1527 764 1583 784 uno
1604 756 1693 785 sactus
1713 759 1755 786 est
1774 765 1880 794 pronus
1899 757 1932 785 ad

1083 799 1171 827 multa
1192 803 1219 828 et
1240 799 1361 835 infinita,
1383 801 1449 838 quia
1470 802 1496 830 in
1512 803 1551 831 eis
1572 811 1623 831 sua
1643 804 1864 840 concupiscentia
1878 812 1932 833 non

1084 846 1181 874 finitur
1195 854 1246 876 nec
1260 847 1395 882 satiatur;
1418 848 1632 878 Proverbiorum
1646 850 1787 887 trigesimo
1798 850 1824 878 ⁷:
1845 862 1858 875 <r
1869 851 1933 879 Tria

1084 897 1149 922 sunt
1167 894 1371 929 insaturabilia,
1387 898 1414 924 et
1435 899 1581 933 quartum,
1600 897 1674 934 quod
1689 906 1832 934 nunquam
1853 897 1931 931 dicit,

1083 940 1202 969 sufficit:
1224 941 1350 971 infernus
1371 945 1398 971 et
1418 950 1448 971 os
1469 943 1569 972 vulvae
1589 947 1616 972 et
1638 947 1740 973 terra»
1766 948 1817 973 etc.

1409 1036 1609 1072 QUAEsrioNsss.

1163 1130 1179 1157 Ι.
1202 1130 1328 1159 Dubitari
1350 1133 1440 1167 potest
1460 1131 1493 1160 de
1515 1132 1567 1160 hoc
1588 1132 1663 1168 quod
1685 1132 1728 1161 hic
1749 1132 1830 1161 dicit:
1855 1133 1931 1162 Cun—

1083 1180 1130 1205 cta
1151 1177 1260 1205 tentavi
1287 1177 1318 1205 in
1338 1178 1502 1215 sapientia,·
1531 1181 1627 1207 utrum
1653 1179 1680 1207 in
1709 1179 1761 1208 hoc
1782 1179 1931 1211 fueritre-

1082 1224 1284 1260 prehensibilis.
1307 1224 1387 1260 Quod
1408 1224 1459 1259 sic,
1481 1225 1607 1253 videtur:

1164 1272 1187 1299 1.
1210 1271 1261 1299 Per
1289 1271 1377 1308 ipsam
1399 1272 1534 1300 litteram:
1560 1272 1644 1301 Dixi:
1668 1273 1790 1310 Sapiens
1809 1273 1930 1311 efficiar,
1945 1280 2075 1303 Pru-parte-

1081 1321 1107 1346 et
1128 1318 1194 1355 ipsa
1216 1318 1331 1356 lonqz'us
1352 1319 1468 1347 recessit
1488 1328 1507 1348 a
1528 1328 1580 1348 me.

1161 1367 1187 1394 2.
1211 1366 1292 1400 Item,
1314 1374 1364 1403 per
1379 1366 1447 1395 illud
1468 1367 1543 1404 quod
1563 1367 1666 1396 dicitur
1682 1368 1860 1397 Ecclesiastici
1876 1371 1931 1397 ter-

1082 1412 1119 1440 tio
1131 1412 1158 1440 ²³:
1174 1413 1209 1441 In
1221 1413 1360 1450 pluribus
1382 1414 1518 1451 operibus
1535 1415 1598 1443 eius
1619 1424 1654 1443 ne
1667 1414 1765 1452 fueris
1786 1416 1929 1444 curiosus.

1160 1460 1289 1489 CONTRA:
1319 1462 1342 1489 1.
1365 1461 1539 1498 Spiritualis
1568 1461 1651 1491 bomo
1679 1463 1793 1492 iudicat
1814 1464 1930 1497 omnia,
1948 1468 2075 1492 promam.

1080 1511 1106 1536 et
1126 1507 1186 1544 ipse
1207 1516 1227 1536 a
1247 1508 1361 1537 nemine
1378 1508 1531 1537 iudicatur
1543 1509 1571 1536 ⁹:
1586 1518 1652 1547 ergo
1667 1510 1689 1539 si
1705 1510 1831 1539 Salomon
1848 1511 1931 1539 habe-

1081 1555 1127 1584 bat
1148 1555 1276 1592 spiritum
1305 1556 1469 1592 sapientiae,
1492 1564 1557 1593 ergo
1579 1557 1639 1585 eius
1660 1560 1720 1586 erat
1747 1557 1780 1586 de
1802 1558 1930 1587 omnibus

1080 1601 1211 1630 iudicare.

1159 1650 1185 1677 2.
1208 1649 1365 1683 Praeterea,
1397 1649 1504 1686 primae
1535 1649 1569 1678 ad
1600 1650 1856 1680 Thessalonicenses
1887 1651 1929 1685 ul-

1080 1696 1147 1724 timo
1160 1696 1182 1712 ¹⁰
1203 1696 1241 1724 ait
1262 1696 1421 1732 Apostolus:
1447 1696 1554 1724 Omnia
1566 1696 1703 1733 probate,-
1724 1697 1801 1735 qaod
1822 1697 1928 1725 bon'um

1079 1745 1120 1771 est
1141 1746 1242 1770 tenete:
1265 1742 1369 1775 bonum
1391 1746 1432 1771 est
1453 1743 1538 1780 igitur
1561 1746 1667 1772 tentare
1689 1744 1788 1772 onmia.

1159 1789 1333 1826 Respondeoz
1355 1789 1516 1824 dicendum,
1538 1791 1612 1827 quod
1627 1794 1736 1819 tentare
1758 1791 1874 1829 aliquid
1888 1794 1929 1820 est
1946 1797 2002 1824 Resp*
2020 1802 2061 1815 cum

1079 1836 1242 1873 dupliciter:
1265 1844 1321 1864 uno
1342 1836 1424 1865 modo
1445 1844 1610 1874 cognoscere
1632 1846 1681 1875 per
1702 1838 1927 1875 experientiam,

1079 1883 1151 1912 sicut
1176 1883 1315 1920 cognoscit
1342 1886 1369 1912 et
1396 1886 1483 1913 tentat
1504 1885 1567 1921 quis
1588 1885 1700 1919 vinum,
1722 1885 1796 1922 quod
1816 1889 1927 1922 gustat;

1078 1931 1132 1959 alio
1152 1931 1234 1959 modo
1255 1938 1304 1967 per
1326 1931 1572 1960 examinationem
1593 1935 1620 1961 et
1641 1933 1880 1970 approbationem
1901 1937 1928 1962 et

1079 1977 1318 2014 reprobationem.
1342 1978 1433 2007 Primo
1454 1978 1535 2007 modo
1556 1987 1611 2007 non
1632 1983 1697 2015 sunt
1726 1980 1854 2008 tentanda
1875 1980 1926 2009 nisi

1079 2024 1157 2053 utilia
1178 2027 1302 2059 tantum3
1325 2025 1347 2053 si
1369 2028 1462 2054 autem
1483 2025 1618 2062 ampliora
1638 2026 1701 2063 quis
1722 2027 1787 2054 velit
1808 2024 1926 2061 tentare,

1079 2072 1226 2100 curiositas
1247 2074 1296 2100 est.
1319 2072 1476 2101 Secundum
1504 2075 1596 2104 autem
1625 2073 1699 2110 quod
1726 2076 1835 2101 tentare
1855 2073 1927 2102 idem

1078 2121 1120 2147 est
1147 2118 1222 2155 quod
1249 2119 1435 2153 examinare,
1461 2119 1499 2148 sic
1527 2120 1625 2156 accipit
1657 2120 1757 2149 Paulus
1782 2120 1927 2157 probare,

1078 2168 1105 2194 et
1126 2165 1165 2194 sic
1186 2165 1279 2195 omnia
1299 2168 1365 2194 sunt
1386 2166 1582 2201 examinanda,
1605 2175 1658 2195 non
1680 2170 1787 2196 tantum
1809 2167 1881 2196 bona
1902 2170 1928 2197 et

1078 2212 1170 2247 utilia,
1186 2212 1232 2241 sed
1247 2212 1329 2241 etiam
1351 2212 1466 2241 inutilia.
1483 2213 1526 2242 Sic
1546 2213 1658 2248 dicitur,
1673 2213 1746 2250 quod
1761 2211 1928 2250 spiritualis

1079 2258 1162 2288 bomo
1193 2260 1294 2288 omnia
1325 2260 1471 2288 iudicat1¹
1484 2271 1494 2294 ;
1515 2260 1554 2289 sic
1575 2260 1657 2289 etiam
1678 2260 1795 2289 dicitur:
1820 2261 1928 2289 'omnia

1076 2307 1211 2344 probate,
1234 2307 1259 2335 id
1281 2310 1337 2336 est:
1360 2308 1453 2336 omnia
1474 2307 1647 2341 examinate,
1670 2311 1766 2336 utrum
1793 2308 1863 2336 bona
1886 2308 1927 2336 vel

235 2484 243 2497 ¹
262 2486 328 2508 Vers.
345 2486 383 2508 2⁴.
395 2499 426 2503 —
437 2487 570 2515 Sequuntur
587 2485 654 2509 Eccli.
671 2488 697 2514 9,
715 2488 736 2509 9.
754 2491 777 2510 et
794 2489 830 2510 li.

235 2523 244 2536 ²
262 2525 327 2547 Vers.
346 2525 382 2548 ⁴5.
393 2526 486 2548 —Mox
503 2526 614 2553 allegatur
631 2527 698 2548 Prov.
716 2526 743 2554 7,
761 2528 802 2549 22:
820 2527 899 2549 Statim
918 2534 969 2549 eam
988 2534 1021 2550 se-

171 2563 250 2593 quitur
266 2565 332 2593 quasi
350 2564 393 2587 bos
410 2565 494 2588 ductus
510 2565 540 2587 ad
558 2565 676 2587 victimam
689 2568 711 2587 et
727 2566 794 2594 quasi
806 2572 881 2594 agnus
898 2566 1021 2589 lasciviens

171 2606 194 2626 et
211 2603 321 2631 ignorans
338 2605 402 2633 quod
419 2607 463 2627 etc.

187 2647 190 2649 ·
234 2640 244 2654 ²³
261 2643 328 2666 Vers.
346 2644 384 2666 48.
400 2656 431 2660 —
448 2645 580 2673 Sequuntur
598 2645 652 2672 Sap.
670 2645 696 2673 8,
714 2645 751 2667 2⁴.
763 2647 786 2668 et
797 2645 865 2667 Prov.
883 2645 907 2673 5,
926 2646 967 2673 22,
979 2645 1019 2667 ubi

172 2681 245 2704 verbo
263 2682 436 2713 constringitur
453 2683 524 2706 BCD
541 2684 673 2712 praefigunt
690 2683 797 2714 quisque.

233 2720 244 2733 ⁴
260 2722 291 2744 lta
308 2722 336 2749 E,
353 2722 370 2744 B
386 2721 428 2745 s'ed
444 2723 524 2745 tamen
543 2722 601 2752 fides
618 2723 742 2752 συμπίῃ·
764 2723 780 2746 C
791 2723 809 2746 D
830 2729 951 2752 perperam
978 2730 1020 2747 nec

173 2762 252 2784 tamen
269 2764 325 2791 etc.;
342 2762 393 2784 Vat.
410 2768 459 2785 non
472 2763 618 2792 potuerunt,
637 2762 678 2786 sed
695 2764 775 2786 tamen
791 2763 836 2793 fide
847 2765 1017 2793 coqnoverunt.

234 2798 244 2812 ⁵
260 2801 327 2823 Vers.
344 2801 382 2823 26.
401 2814 431 2817 —
452 2801 561 2830 Sequitur
586 2802 621 2824 Ps.
639 2802 679 2829 87,
703 2803 729 2824 6:
752 2803 810 2824 Inter
828 2805 932 2825 mortuos
954 2803 1020 2825 liber.

171 2839 216 2863 Csr.
234 2840 328 2868 Alcuin.,
345 2840 369 2862 in
387 2841 458 2863 Eccle.
475 2840 502 2868 7,
519 2842 556 2863 28.
574 2844 596 2863 et
612 2841 655 2863 29:
672 2841 753 2864 Omnia
765 2842 887 2870 diligenter
902 2843 1020 2865 tractando

171 2878 329 2906 consideravi,
347 2881 372 2901 ut
382 2879 495 2902 rationem
514 2880 582 2903 unius
593 2880 716 2903 alteriusve
728 2881 773 2908 rei,
791 2881 813 2903 id
836 2884 871 2903 est
887 2881 1020 2904 cuiuscum-

171 2922 218 2945 que
233 2917 266 2939 rei
284 2917 412 2940 invenirem
423 2935 429 2945 ,
446 2919 483 2940 vel
500 2919 569 2941 etiam
592 2919 650 2941 inter
667 2919 772 2942 homines
789 2925 919 2948 eorumque
942 2926 1018 2942 mores

171 2956 345 2984 discretionem,
362 2957 414 2986 quis
431 2959 531 2985 perfecte
549 2957 625 2980 bonus
641 2961 708 2980 esset.
727 2959 771 2980 Sed
789 2965 816 2981 ex
836 2958 946 2981 omnibus
964 2959 1020 2981 viris

1078 2496 1150 2512 unum
1169 2490 1248 2512 inveni
1265 2491 1366 2518 perfecte
1384 2489 1485 2517 bonum,
1504 2490 1527 2512 id
1543 2493 1577 2512 est
1594 2490 1720 2517 Christum,
1738 2489 1796 2512 sicut
1814 2490 1927 2517 Propheta

1078 2528 1133 2552 dicit
1151 2529 1196 2559 [ps.
1214 2524 1255 2557 43,
1275 2530 1295 2552 4.
1313 2529 1358 2559 3.];
1371 2530 1425 2553 Non
1442 2529 1529 2559 estqui
1544 2529 1619 2559 faciat
1631 2529 1730 2554 bonum.
1748 2535 1795 2552 non
1808 2531 1841 2552 est
1853 2535 1927 2558 usque

1077 2568 1109 2591 ad
1126 2575 1210 2592 totum.
1229 2570 1295 2592 Solus
1312 2568 1415 2592 Christus
1432 2569 1481 2591 sine
1497 2569 1560 2592 omni
1583 2568 1634 2591 labe
1651 2569 1739 2596 peccati
1763 2569 1871 2591 inventus
1892 2571 1926 2591 est

1078 2607 1160 2630 bonus.
1179 2608 1315 2631 Millenarius
1332 2614 1388 2630 vero
1405 2613 1516 2630 numerus
1534 2614 1577 2635 pro
1599 2610 1735 2630 sanctorum
1753 2608 1890 2630 discretione
1913 2614 1927 2630 a

1066 2668 1068 2670 ,
1077 2646 1251 2675 peccatoribus,
1269 2647 1309 2675 qui
1328 2646 1429 2669 mulieris
1446 2646 1539 2668 nominc
1551 2646 1714 2674 designantur,
1729 2647 1773 2668 hoc
1785 2647 1806 2668 in
1826 2647 1875 2669 loco
1889 2653 1926 2674 po-

1077 2686 1147 2709 nitur.
1164 2686 1204 2707 Vir
1222 2686 1290 2713 igitur
1308 2692 1319 2707 a
1337 2686 1421 2708 virtute
1438 2686 1533 2712 dicitur,
1551 2688 1573 2707 et
1591 2686 1672 2708 mulier
1689 2692 1701 2707 a
1720 2685 1820 2707 mollitie.

1140 2723 1150 2737 ⁸
1168 2725 1234 2747 Vers.
1247 2724 1268 2747 i.
1279 2724 1325 2747 Cfr.
1337 2731 1407 2753 supra
1421 2730 1474 2752 pag.
1487 2725 1524 2753 36,
1536 2727 1589 2747 nota
1602 2724 1624 2751 7,
1636 2727 1658 2746 et
1667 2725 1691 2747 ΙΙ.
1700 2726 1760 2747 Seni.
1771 2725 1926 2747 Prooemium.

1140 2762 1149 2776 ⁷
1168 2764 1234 2786 Vei-s.
1252 2764 1290 2786 45.
1307 2766 1329 2786 et
1346 2764 1384 2785 46.
1778 2761 1787 2774 ⁸
1806 2764 1869 2785 Vei-s.
1887 2764 1924 2785 22.

1140 2802 1149 2814 ¹³
1168 2804 1237 2831 Epist.
1255 2804 1270 2825 1.
1286 2802 1338 2825 Cor.
1356 2803 1381 2831 2,
1403 2802 1438 2825 15,

1141 2841 1160 2854 ¹⁰
1178 2843 1243 2864 Vers.
1262 2842 1300 2863 24.

1141 2881 1159 2893 ¹¹
1177 2882 1256 2903 Glossa
1274 2880 1398 2904 ordinaria
1411 2881 1474 2908 apud
1487 2880 1594 2903 Straboni
1609 2881 1630 2902 in
1642 2882 1703 2903 hunc
1720 2881 1807 2902 locuni:
1825 2878 1922 2906 Omnia,

1077 2927 1125 2943 non
1141 2921 1235 2949 quidem
1254 2921 1374 2947 universa,
1391 2926 1452 2948 quae
1469 2920 1568 2942 continet
1589 2919 1666 2942 divina
1684 2919 1789 2945 scientia,
1807 2919 1846 2940 sed
1864 2923 1924 2946 quae

1077 2959 1107 2981 ad
1124 2958 1233 2980 iustitiam
1252 2961 1271 2980 et
1290 2958 1361 2980 vitam
1379 2958 1508 2987 sufficiunt,
1527 2958 1550 2980 id
1568 2961 1602 2980 est
1619 2958 1697 2980 omnia
1715 2957 1844 2979 iudicanda.

1940 1821 2067 1839 distinctione.
