2296 3316
217 494 282 517 Quoad
293 494 323 517 ju-

225 530 289 559 Primo'
302 540 326 559 de

211 564 326 590 contempla-

219 593 242 605 lvi
247 593 260 605 ἱ.

200 869 287 896 Secunde
300 869 323 888 de

191 1625 257 1649 Quoad
269 1630 322 1649 prae-

347 173 383 203 32
966 173 1136 202 COMMENT.
1159 173 1191 202 ΙΝ
1212 172 1449 203 ECCLESIASTEN
1469 174 1497 202 C.
1520 174 1559 202 111.

346 252 372 280 in
395 254 475 280 cauta
497 251 643 280 evitatione
664 255 692 280 et
712 252 803 281 carnis
818 252 1010 280 maceratione.
1033 251 1071 280 Ab
1086 252 1130 280 his
1150 259 1195 281 oc-

344 298 500 327 casionibus
522 298 602 335 pauci
617 298 782 332 liberantur,
803 298 854 327 nisi
869 298 917 335 qui
939 306 955 327 a
972 298 1089 327 Domino
1103 301 1195 327 custo-

343 345 472 379 diuntur;
505 345 643 374 Psalmus:
670 345 727 374 «ln
758 345 886 374 manibus
916 345 1068 382 portabunt
1085 348 1138 380 .te,
1160 353 1195 375 ne

344 391 414 420 forte
435 392 556 421 offendas
577 392 611 421 ad
633 392 750 429 lapidem
772 392 870 429 pedem
892 395 972 421 tuum
987 404 1014 421 ».

421 439 513 468 Tertia
533 439 652 468 varietas
674 438 786 476 respicit
811 439 903 468 iustos
924 442 1060 477 quantum
1088 439 1122 468 ad
1143 439 1195 468 du-

345 486 444 523 plicem
465 489 583 520 statum,
606 486 709 515 scilicet
730 486 895 515 activorum
916 490 944 516 et
961 487 1194 524 contemplativo-

343 542 420 562 rum.
443 534 584 570 Quantum
605 533 638 562 ad
660 534 911 571 contemplativos:
941 535 1065 572 Tempus
1086 534 1193 572 ample-

342 581 438 609 xandi
457 585 482 609 et
513 585 625 619 tempus
646 581 727 619 longe
746 581 814 618 fieri
838 581 875 610 ab
906 582 1106 620 amplexibus,
1128 582 1194 620 quia

342 628 423 657 modo
444 628 557 663 actioni,
579 628 659 657 modo
680 628 782 658 debent
796 629 938 658 intendere
960 629 1191 666 contemplationi.

343 676 382 704 De
403 684 459 713 quo
481 676 613 713 amplexu
628 676 841 705 Proverbiorum
857 679 957 713 quarto
971 677 995 705 ¹:
1023 688 1036 702 «ι
1051 676 1192 705 Glorifica-

342 723 416 752 beris
437 723 471 752 ab
493 723 553 757 illa,
576 731 639 752 cum
661 723 735 752 illam
756 723 843 753 fueris
863 724 1079 760 amplexatus».
1102 724 1192 761 Longe

341 770 442 799 debent
462 770 522 799 [ieri
547 770 582 799 ab
609 770 786 807 amplexibus
807 770 913 805 carnis,
942 770 976 799 de
1003 770 1106 808 quibus
1127 771 1192 799 Pro-

341 817 502 846 verbiorum
524 817 655 854 septimo:
683 829 696 842 «
711 817 791 852 Veni,
813 817 985 846 inebriemur
1013 817 1114 854 cupitis
1134 825 1192 846 am-

340 864 471 901 plexibus
482 876 508 892 ιι.
522 881 558 885 -
574 865 714 901 Quantum
729 864 763 893 ad
784 865 909 898 activos,
925 864 974 901 qui
995 864 1096 893 debent
1110 872 1192 893 exer—

277 899 298 911 μ’
341 911 396 940 ceri
418 911 445 939 in
467 911 598 948 operibus
619 911 743 948 pietatis,
759 911 916 948 subiungit:
946 912 1070 949 Tempus
1091 911 1192 950 acqui-

341 958 426 987 rendi
446 961 470 986 et
492 961 603 995 tempus
622 958 781 995 perdemti,
803 958 855 987 hoc
877 961 918 987 est
939 959 1074 996 acquisita
1099 959 1192 988 distri-

341 1005 441 1034 buendi
457 1013 506 1042 per
529 1005 743 1041 eleemosynam;
759 1005 939 1034 Ecclesiastici
958 1005 1091 1043 vigesimo
1104 1013 1190 1034 nono:

346 1052 458 1081 ‹1-Peide
491 1052 636 1089 pecuniam
667 1056 781 1089 propter
803 1052 917 1081 fratrem
949 1055 977 1081 et
1007 1052 1143 1087 amicum,
1165 1055 1192 1082 et

340 1108 394 1128 non
415 1099 566 1128 abscondas
588 1099 661 1127 illam
685 1099 737 1128 sub
759 1099 847 1136 lapide
862 1111 889 1127 ιι.
903 1116 939 1119 -
955 1099 1009 1128 Hoc
1030 1099 1135 1128 dictum
1151 1102 1192 1129 est

339 1147 476 1184 perfectae
498 1147 632 1181 iustitiae;
655 1146 702 1175 sed
723 1147 977 1184 supererogationis
998 1150 1039 1176 est
1060 1147 1126 1176 dare
1151 1151 1191 1176 to—

340 1198 414 1228 tum,
437 1197 463 1222 et
495 1197 631 1231 quantum
652 1194 686 1222 ad
718 1194 770 1223 hoc
790 1193 908 1223 dicitur:
942 1194 1065 1232 Tempus
1097 1198 1191 1224 eusto-

339 1242 438 1270 diendi
458 1245 483 1269 et
504 1245 615 1278 tempus
636 1241 806 1275 abiiciendi,
822 1241 901 1279 quasi
917 1244 1006 1270 totum
1022 1242 1190 1277 dimittendi3

339 1289 466 1317 Matthaei
481 1289 586 1317 decimo
601 1297 674 1317 nono
685 1289 709 1317 2:
737 1300 750 1314 «
761 1289 787 1317 Si
810 1289 851 1317 vis
866 1288 1006 1326 perfectus
1020 1297 1093 1324 esse,
1109 1289 1190 1324 vade,

339 1336 425 1365 vende
451 1344 522 1373 quae
554 1336 638 1364 habes
659 1339 686 1365 et
707 1336 741 1364 da
762 1336 934 1373 pauperibus
952 1348 978 1364 ιι.
1005 1353 1042 1357 -
1068 1337 1190 1371 Rursus,

338 1386 474 1420 quantum
496 1383 529 1411 ad
550 1383 669 1412 activos:
699 1384 822 1420 Tempus
850 1383 1004 1412 scindendi
1029 1388 1056 1412 et
1077 1387 1190 1421 tempus

339 1429 512 1464 consuendi,
534 1432 561 1458 et
582 1430 633 1458 hoc
655 1432 791 1467 quantum
813 1429 847 1458 ad
868 1430 1012 1465 vestitum;
1042 1430 1088 1459 Iob
1106 1431 1190 1467 trige-

338 1477 408 1506 simo
428 1477 533 1514 primo:
561 1489 574 1501 «
593 1477 619 1505 Si
641 1477 746 1514 absque
774 1477 946 1514 operimento
966 1477 1057 1506 dimisi
1086 1485 1190 1515 paupe-

338 1533 413 1560 rem,
436 1528 463 1554 et
484 1525 505 1553 si
527 1533 582 1553 non
604 1524 808 1554 benedixerunt
829 1525 897 1553 mihi
920 1525 1006 1554 latera
1027 1525 1088 1554 eius
1101 1537 1128 1554 ».

418 1572 522 1608 Quarta
543 1571 662 1600 varietas
682 1571 834 1600 attenditur
856 1575 992 1609 quantum
1018 1572 1053 1600 ad
1070 1572 1190 1609 praela-

339 1623 398 1653 tog,
420 1618 510 1656 primo
531 1618 558 1646 in
580 1618 715 1653 docendo,
737 1626 801 1647 cum
823 1618 901 1647 dicit:
931 1619 1055 1656 Tempus
1076 1619 1192 1648 tacendi

338 1670 364 1694 et
384 1669 496 1703 tempus
517 1665 650 1699 docendi,
672 1665 738 1702 quia
759 1665 838 1703 prius
857 1665 964 1695 discere
985 1669 1012 1695 et
1033 1669 1128 1703 postea
1142 1666 1190 1695 do-

338 1721 416 1746 cere;
438 1713 618 1742 Ecclesiastici
639 1713 745 1742 decimo
770 1716 868 1741 octavo
886 1713 912 1741 ⁸:
940 1725 953 1738 «
968 1714 1121 1750 Antequam
1150 1714 1190 1742 lo—

338 1760 445 1798 quaris,
461 1760 534 1789 disce
545 1771 572 1795 »;
589 1760 769 1789 Ecclesiastici
784 1760 926 1798 trigesimo
942 1760 1076 1789 secundo:
1097 1772 1110 1786 «
1121 1761 1189 1790 Audi

337 1810 430 1836 tacens
444 1819 471 1835 ».
488 1824 525 1828 —
548 1808 672 1845 Tempus
693 1807 855 1848 dilectionis
876 1811 900 1836 et
922 1811 1035 1845 tempus
1057 1808 1133 1842 odii,
1161 1808 1190 1837 in

337 1855 511 1892 cprreptione
533 1855 686 1889 malorum,
715 1863 786 1892 quae
808 1855 932 1884 consistit
960 1855 987 1883 in
1008 1854 1126 1884 odiendo
1150 1855 1191 1884 vi-

336 1902 404 1930 tium
434 1905 461 1930 et
489 1902 516 1930 in
544 1901 681 1939 diligendo
708 1905 855 1936 naturam;
882 1902 1019 1931 secundae
1043 1902 1078 1931 ad
1105 1903 1190 1932 Thes-

337 1949 520 1978 salonicenses
547 1949 660 1977 ultimo:
696 1948 813 1977 «Nolite
841 1949 920 1986 quasi
945 1949 1087 1978 inimicum
1110 1949 1191 1979 aesti—

336 2004 413 2024 mare
434 1996 528 2030 illum,
554 1995 602 2024 sed
630 1995 739 2032 corripe
761 1998 793 2024 ut
814 1995 929 2024 fratrem
942 2006 975 2030 »3
997 1998 1025 2024 et
1046 1996 1189 2025 psalmus:

341 2055 355 2068 (τ
369 2043 491 2072 Perfecto
512 2043 574 2071 odio
596 2042 708 2071 oderam
729 2043 790 2072 illos
804 2055 831 2071 ιι.
851 2060 892 2063 -
919 2043 1043 2080 Tempus
1072 2043 1136 2071 belli
1163 2047 1190 2072 et

336 2094 448 2128 tempus
466 2090 568 2128 pacis.-
591 2090 670 2124 belli,
699 2090 732 2119 ad
754 2090 968 2128 incorrigibiles,
990 2090 1038 2128 qui
1061 2093 1127 2120 sunt
1151 2091 1190 2120 fe—

336 2137 423 2166 riendi
445 2137 535 2174 gladio
556 2137 869 2172 excommunicationis3
899 2137 1080 2167 Ecclesiastici
1106 2138 1189 2175 septi-

336 2193 395 2213 mo:
417 2195 430 2209 «
444 2184 502 2212 Noli
524 2192 659 2221 quaerere
684 2184 745 2213 fieri
767 2184 869 2219 iudex,
894 2184 945 2213 nisi
968 2185 1073 2214 virtute
1098 2185 1190 2214 valeas

336 2232 494 2268 irrumpere
515 2231 712 2268 iniquitates».
738 2232 845 2266 Pacis,
861 2232 894 2260 ad
916 2232 1079 2266 redeuntes3
1100 2232 1189 2261 Lucae

336 2278 456 2307 decimo:
484 2279 534 2307 «Si
566 2279 650 2307 suerit
677 2279 705 2307 in
731 2279 812 2308 domo
843 2279 889 2308 illa
917 2280 992 2309 silius
1022 2279 1113 2316 pacis,
1145 2288 1189 2309 re-

336 2325 459 2363 quiescet
480 2333 564 2362 super
586 2325 664 2354 illum
684 2333 741 2363 pax
762 2328 869 2360 vestra;
892 2326 934 2355 sin
956 2329 1065 2361 autem,
1086 2327 1120 2355 ad
1139 2335 1189 2356 vos

336 2375 493 2401 revertetur
508 2384 534 2400 ιι.

399 2546 407 2558 ¹
426 2547 490 2569 Vers.
509 2548 534 2575 8,
553 2547 638 2570 deinde
661 2547 716 2570 ibid.
733 2548 759 2576 7,
778 2548 819 2574 18,
837 2547 877 2570 ubi
899 2554 911 2570 a
931 2549 1029 2577 Vulgata
1052 2555 1127 2577 pauca
1149 2549 1189 2571 ad-

337 2585 434 2614 duntur;
452 2586 552 2614 denique
570 2586 636 2608 Eccli.
655 2586 699 2613 29,
720 2587 752 2608 13.
772 2587 824 2609 Post
840 2586 947 2610 amicum
959 2587 1057 2615 Vulgata
1070 2587 1190 2615 subiungit

336 2626 413 2648 tuum.
427 2637 459 2641 —
476 2625 597 2653 Aliquanto
614 2625 709 2648 inferius
727 2631 769 2653 pro
786 2625 819 2648 ad
834 2625 878 2649 hoc
895 2626 963 2649 codd.
981 2626 1013 2649 ad
1028 2626 1083 2654 hos,
1102 2627 1125 2649 id
1142 2629 1188 2653 est,

336 2664 375 2693 qui
394 2666 467 2686 toturn
486 2664 548 2686 dant.

399 2701 408 2714 ²
426 2703 492 2725 Vers.
510 2704 549 2725 21.
567 2716 596 2719 -
614 2703 718 2726 Subinde
735 2704 847 2732 allegatur
865 2704 904 2727 lob
922 2705 959 2731 31,
979 2705 1014 2727 19.
1027 2707 1048 2727 et
1061 2705 1103 2728 20:
1117 2706 1140 2728 Si
1151 2705 1189 2728 de·

336 2742 400 2770 spexi
417 2745 576 2770 pereuntem...
592 2745 614 2765 et
630 2742 720 2771 absque
736 2743 881 2771 operimento
898 2749 1039 2772 pauperem,
1052 2744 1069 2766 si
1082 2751 1129 2767 non
1141 2747 1186 2767 ete.

399 2779 409 2792 ¹³
426 2781 494 2803 Vers.
511 2781 548 2803 19.
564 2793 596 2797 -
613 2782 745 2810 Sequuntur
762 2783 829 2805 Eccli.
852 2783 894 2810 32,
912 2783 938 2811 9;
956 2783 980 2805 ll.
1003 2783 1084 2806 Thess.
1102 2784 1128 2810 3,
1147 2784 1188 2806 45:

336 2820 362 2842 Et
380 2820 448 2842 nolite
465 2820 531 2849 quasi
545 2821 664 2843 inimicum
682 2821 826 2849 existimare,
844 2822 885 2844 sed
907 2822 1015 2850 corripite
1034 2826 1058 2845 ut
1081 2824 1187 2851 fratrem;

336 2858 372 2880 Ps.
390 2858 448 2886 138,
466 2859 508 2885 22;
525 2859 591 2882 Eccli.
608 2859 635 2886 7,
653 2860 674 2881 6.
692 2862 714 2882 et
730 2861 785 2883 Luc.
803 2861 843 2888 10,
862 2861 888 2883 6:
906 2861 932 2883 Et
948 2860 967 2883 si
984 2861 1016 2883 ibi
1040 2862 1107 2884 tuerit
1129 2862 1188 2884 filius

337 2898 400 2926 pacis
417 2901 460 2920 etc.

398 2935 408 2948 '³
426 2936 486 2959 Libr.
505 2937 542 2960 Vl.
558 2937 589 2960 de
606 2938 703 2966 Musica,
721 2944 741 2961 c.
759 2939 796 2961 11.
813 2945 837 2961 11.
855 2939 896 2967 3ος
915 2939 944 2962 de
960 2940 1019 2963 Vera
1032 2940 1105 2968 Relig.
1118 2946 1138 2962 c.
1150 2941 1187 2963 22.

336 2982 359 2999 n.
377 2976 414 2998 42.
431 2982 492 3005 seq.;
510 2977 579 3005 Epist.
601 2978 651 3000 138,
670 2978 734 3005 (alias
751 2978 782 3007 ὅ.)
800 2984 820 3001 c.
839 2979 859 3001 1.
877 2985 900 3001 11.
918 2979 938 3001 5.

1602 252 1748 289 QuAEsno.

1331 346 1460 383 Quaestio
1480 350 1522 376 est
1542 346 1575 375 de
1590 354 1708 375 numero
1729 346 1847 376 istorum
1868 350 2034 385 temporum.
2057 347 2102 377 Vi—

1252 392 1334 422 detur
1359 393 1446 428 enim,
1471 393 1546 430 quod
1566 393 1766 422 insufficienter
1784 393 1909 431 posuerit
1928 393 2102 423 diversitates

1251 438 1436 469 variationum
1452 443 1621 477 temporum,
1637 440 1702 478 quia
1713 441 1817 470 multae
1828 444 1909 476 sunt,
1921 449 1993 479 quae
2006 441 2041 470 ad
2051 441 2102 470 has

1251 495 1306 516 non
1321 488 1496 517 reducuntur
1506 511 1513 523 ,
1528 488 1600 517 sicut
1615 491 1724 525 tempus
1738 488 1898 517 comedendi
1918 491 1945 517 et
1961 488 2100 517 ieiunandi

1251 536 1278 562 et
1292 534 1453 563 consimilia.
1466 551 1502 555 —
1519 534 1552 563 Si
1565 534 1662 569 dicas,
1678 534 1752 572 quod
1773 535 1862 572 gratia
1882 535 2019 572 exempli;
2035 537 2101 563 tunc

1250 588 1317 618 ergo
1337 581 1493 618 superflua,
1515 581 1581 618 quia
1600 581 1689 610 multo
1710 581 1842 618 pauciora
1862 581 2042 611 suffecissent.

1330 628 1488 665 Respondeo
1501 639 1507 656 ε
1522 628 1682 663 dicendum,
1704 628 1792 666 quod,
1807 628 1879 658 sicut
1893 629 1959 658 dicit
1972 628 2100 666 Augusti—
2118 635 2176 660 neso-

1250 682 1303 703 nus
1314 675 1335 709 4,
1357 675 1407 704 etsi
1430 675 1569 712 quaelibet
1589 675 1705 704 mutatio
1727 676 1755 704 in
1776 676 1908 705 universo
1922 684 1972 713 per
1993 683 2023 705 se
2037 684 2101 705 con-

1250 722 1370 751 siderata
1394 722 1430 751 sit
1454 722 1684 760 imperfectionis,
1710 726 1801 752 tamen
1833 723 1861 752 in
1886 726 1943 752 tota
1963 723 2100 752 universi-

1251 771 1305 798 tate
1325 769 1443 798 resultat
1464 777 1576 798 carmen
1601 770 1764 807 perfectum.
1787 770 1857 807 Quia
1878 778 1944 808 ergo
1972 770 2098 800 Salomon

1250 816 1289 845 sic
1310 816 1397 845 voluit
1412 816 1572 845 varietatem
1588 825 1716 851 narrare,
1738 820 1770 846 ut
1784 817 1977 855 imperfectum
1999 817 2027 846 in
2046 817 2101 847 sin—

1249 863 1322 900 gulis
1343 866 1370 892 et
1397 863 1551 900 perfectum
1583 863 1610 892 in
1633 866 1689 893 toto
1710 863 1883 899 ostenderet3
1916 864 1977 893 ideo
1998 864 2026 893 in
2054 864 2099 893 tali

1249 917 1381 944 numero,
1403 910 1451 947 qui
1480 910 1691 947 comprehendit
1718 910 1928 940 universitatem
1955 913 1984 940 et
2010 911 2100 949 perfe-

1249 957 1376 986 ctionem.
1400 957 1431 985 Et
1459 957 1519 986 ideo
1541 961 1686 987 enumerat
1714 957 1809 995 viginti
1838 961 1900 987 octo
1925 960 2052 995 tempora
2075 961 2102 988 et
2121 965 2235 985 Notandum.

1249 1003 1460 1040 quatuordecim
1488 1004 1669 1039 variationes;
1699 1005 1765 1042 quia
1791 1004 1898 1042 viginti
1918 1008 1979 1033 octo
2004 1013 2101 1034 nume-

1249 1058 1300 1079 rus
1320 1054 1362 1079 est
1382 1051 1523 1087 perfectus
1543 1054 1571 1080 et
1591 1052 1801 1088 comprehendit
1821 1052 2031 1089 septenarium,
2052 1052 2099 1090 qui

1249 1100 1291 1127 est
1311 1098 1478 1127 universitas
1503 1099 1635 1136 temporis
1646 1099 1666 1127 ⁵.
1688 1099 1762 1128 Licet
1782 1102 1876 1128 autem
1899 1099 2038 1128 senarius
2066 1100 2101 1129 sit

1249 1144 1402 1181 perfectus,
1433 1153 1487 1173 non
1520 1147 1611 1174 tamen
1643 1145 1854 1183 comprehendit
1884 1146 2083 1184 septenarium
2089 1157 2100 1180 ;

1249 1191 1310 1221 ideo
1330 1194 1370 1221 tot
1392 1192 1497 1229 posuit,
1519 1201 1574 1221 non
1595 1193 1753 1230 pauciores,
1774 1201 1809 1223 ne
1829 1193 1960 1223 deficeret
1987 1194 2100 1223 univer-

1249 1239 1328 1274 sitas3
1356 1247 1411 1268 non
1437 1239 1545 1277 plures,
1575 1240 1640 1277 quia
1668 1241 1696 1269 in
1721 1241 1889 1278 perfectione
1917 1241 2047 1270 standum
2074 1244 2102 1270 et

1249 1287 1438 1316 universitate.

1339 1382 1401 1411 Aur.
1424 1383 1450 1411 2.
1475 1381 1704 1419 Reprehenditur
1724 1387 1827 1412 nostra
1848 1383 2008 1412 curiositas

1594 1430 1757 1467 dupliciter.

1329 1523 1406 1559 Quid
1428 1522 1512 1552 habet
1531 1523 1661 1561 amplius
1682 1523 1766 1553 homo
1787 1527 1838 1554 etc.
1865 1524 1991 1554 Ostendit
2015 1533 2101 1563 supra

1248 1578 1344 1599 rerum
1366 1571 1519 1600 secundum
1534 1571 1644 1600 diversa
1664 1574 1790 1609 tempora
1809 1572 1984 1608 varietatem,
1999 1573 2044 1602 hic
2059 1581 2101 1603 se·
2118 1579 2198 1599 Divisio-

1248 1618 1339 1647 cundo
1360 1626 1396 1647 ex
1418 1618 1470 1647 hoc
1499 1618 1641 1655 redarguit
1666 1619 1817 1648 humanam
1846 1620 2051 1656 curiositatem3
2073 1624 2100 1650 et

1248 1665 1301 1694 hoc
1314 1657 1434 1702 *quidem
1455 1665 1519 1694 facit
1540 1666 1592 1694 hoc
1613 1666 1718 1695 ordine.
1742 1666 1834 1695 Primo
1860 1667 1983 1696 insinuat
2003 1668 2100 1697 eurio-

1247 1712 1344 1740 sitatis
1365 1712 1568 1747 inutilitatem
1589 1713 1710 1742 secundo
1732 1721 1799 1742 vero
1819 1714 1847 1742 in
1869 1714 1929 1744 eius
1943 1714 2100 1744 detestatio-

1248 1766 1311 1788 nem
1333 1759 1507 1788 commendat
1524 1764 1707 1797 praesentem
1727 1761 1911 1799 voluptatem.

1270 1852 1435 1883 Insinuatur
1458 1853 1629 1884 curiositatis
1649 1854 1802 1894 inutilitas,
1825 1854 1854 1886 et
1874 1855 2083 1887 commendatur

1531 1909 1661 1940 praesens
1682 1901 1817 1941 voluptas.

1327 1995 1464 2032 (Vers.9.
1491 1996 1625 2032 1Ο.11..)
1649 1997 1798 2035 Redarguit
1823 2000 1946 2027 nostram
1975 1999 2099 2029 curiosi-
2113 2004 2245 2048 Exffisfflglit-

1248 2046 1333 2071 tatem
1355 2045 1469 2080 propter
1495 2043 1688 2078 inutilitatem,
1711 2044 1785 2073 unde
1805 2044 1887 2074 dicit:
1911 2045 1989 2082 Quid
2016 2044 2100 2075 habet

1247 2090 1377 2127 amptius
1397 2089 1500 2119 homo?
1522 2091 1635 2128 supple:
1657 2091 1709 2120 nisi
1734 2092 1946 2122 mutabilitatem
1965 2096 1992 2122 et
2010 2094 2100 2123 varie-

1247 2139 1330 2166 tatem
1352 2140 1379 2166 et
1401 2145 1450 2174 per
1465 2138 1518 2166 hoc
1538 2138 1723 2168 afflictionem.
1739 2155 1776 2160 --
1792 2139 1824 2168 Et
1838 2140 2006 2175 manifestat,
2025 2141 2099 2178 quod

1247 2184 1348 2213 habeat
1366 2184 1562 2214 afflictionem:
1590 2185 1656 2214 Vidi
1675 2185 1878 2223 afflictionem,
1901 2195 1992 2226 quam
2023 2187 2100 2217 dedit

1249 2232 1325 2261 Deus
1338 2231 1409 2270 filiis
1424 2231 1589 2267 hominum,
1612 2236 1645 2261 ut
1658 2233 1865 2262 distendantur
1887 2234 1919 2263 in
1933 2243 1986 2268 ea‚·
2006 2234 2098 2270 dedit,

1247 2279 1275 2308 id
1289 2281 1343 2313 est,
1357 2279 1418 2308 dari
1432 2279 1573 2316 permisit,
1589 2279 1669 2308 iuxta
1690 2280 1759 2309 illud
1772 2280 1806 2309 ad
1822 2281 1958 2310 Romanos
1972 2281 2063 2318 primo
2073 2281 2098 2310 ⁶:

1252 2338 1266 2352 «
1280 2326 1403 2355 Tradidit
1423 2326 1484 2355 illos
1515 2327 1589 2355 Deus
1610 2327 1638 2355 in
1660 2327 1812 2364 reprobum
1845 2336 1957 2357 sensum
1975 2339 2007 2363 »3
2029 2328 2100 2365 tiliis

1248 2373 1413 2408 homiuum,
1435 2373 1462 2402 id
1477 2376 1518 2403 est
1532 2374 1737 2411 peccatoribus;
1752 2383 1839 2412 supra
1852 2375 1986 2405 secundo:
2008 2387 2022 2401 ιε
2035 2376 2099 2405 Pec-

1309 2547 1318 2560 ⁵
1336 2549 1445 2576 August,
1468 2549 1569 2571 Enarrat.
1591 2549 1614 2570 in
1638 2549 1672 2571 Ps.
1695 2549 1749 2571 118.
1772 2555 1842 2572 serm.
1865 2550 1902 2572 31.
1927 2556 1948 2572 n.
1966 2549 1992 2572 4:
2010 2549 2099 2580 Septies

1246 2587 1270 2610 in
1288 2587 1337 2615 die,
1354 2588 1418 2616 quod
1436 2588 1479 2615 ait,
1496 2587 1609 2616 significat
1626 2594 1726 2617 semper.
1744 2589 1805 2611 Solet
1821 2595 1872 2611 esse
1893 2589 1982 2618 quippe
1999 2589 2042 2612 iste
2058 2596 2100 2613 nu-

1246 2633 1325 2650 merus
1342 2627 1497 2650 universitatis
1515 2627 1636 2656 indicium;
1654 2630 1749 2656 propter
1767 2628 1831 2657 quod
1848 2634 1887 2651 sex
1904 2628 1987 2651 diebus
2004 2628 2098 2652 divinae

1246 2666 1387 2694 operationis
1409 2667 1522 2694 septimus
1544 2667 1648 2689 adiectus
1669 2670 1703 2690 est
1725 2667 1821 2696 quieti53
1839 2670 1862 2690 et
1883 2673 1925 2695 per
1942 2669 2031 2696 septem
2048 2668 2099 2691 dies

1246 2708 1364 2728 currentes
1375 2708 1397 2728 et
1409 2708 1553 2728 recurrentes
1565 2709 1669 2734 tempora
1682 2706 1790 2729 universa
1799 2707 1931 2729 volvuntur.
1941 2706 1987 2730 Csr.
1996 2709 2050 2729 torn.
2060 2707 2098 2730 1V.

1246 2750 1301 2772 pag.
1319 2744 1376 2773 853,
1394 2748 1447 2767 nota
1465 2745 1487 2767 6.
1503 2757 1535 2762 —
1552 2746 1663 2773 August,
1682 2746 1717 2768 lV.
1736 2746 1766 2768 de
1782 2747 1838 2768 Gen.
1856 2746 1886 2769 ad
1907 2746 1939 2768 lit.
1955 2752 1975 2768 c.
1993 2747 2014 2768 2.
2031 2753 2053 2769 n.
2071 2746 2098 2769 5:

1246 2784 1340 2806 Persecti
1360 2783 1470 2813 [numeri]
1489 2787 1614 2811 vocantur,
1631 2791 1659 2807 eo
1681 2785 1745 2814 quod
1768 2785 1816 2808 suis
1833 2785 1900 2808 simul
1917 2785 1993 2808 ductis
2015 2784 2099 2808 tatibus

1246 2822 1351 2851 partibus
1367 2824 1535 2851 compleantur.
1552 2824 1608 2845 Nam
1626 2826 1679 2852 post
1700 2824 1816 2847 senarium
1834 2823 2049 2854 duodetriqesimus
2066 2824 2099 2846 in-

1245 2862 1345 2890 venitur,
1361 2863 1402 2891 qui
1419 2863 1523 2885 similiter
1534 2863 1582 2885 suis
1594 2862 1676 2885 talibus
1694 2863 1799 2892 partibus
1817 2863 1874 2893 [scil.
1893 2864 1913 2891 1,
1931 2864 1957 2890 2,
1975 2863 2000 2890 4,
2016 2862 2043 2890 7,
2057 2862 2096 2893 14]

1245 2905 1335 2924 constat
1351 2904 1394 2924 etc.
1411 2901 1456 2925 Cir.
1475 2903 1489 2924 l.
1509 2902 1570 2925 Sent.
1587 2902 1609 2925 d.
1628 2903 1649 2925 2.
1667 2909 1690 2931 q.
1708 2903 1729 2925 4.
1747 2903 1858 2926 scholion.

1308 2939 1317 2953 ⁰
1335 2942 1400 2963 Vers.
1426 2942 1464 2964 28.
1491 2954 1519 2957 -
1545 2942 1632 2964 Deinde
1656 2942 1730 2965 Eccle.
1752 2943 1778 2971 2,
1800 2943 1842 2971 26;
1865 2942 1933 2965 Eccli.

1246 2980 1288 3007 39,
1306 2980 1343 3003 39.
1361 2986 1410 3009 seq.

1956 2942 1997 2969 11,
2016 2942 2051 2964 110.
2075 2944 2097 2964 et
