2296 3316
1 247 102 268 uiecundo.

742 112 911 141 COMMENT.
936 113 967 141 IN
988 113 1133 142 IOANNEM
1154 114 1182 143 C.
1203 115 1245 144 VI.

198 193 224 222 [ι.
248 193 336 230 (Vers.
359 192 407 227 3.).
431 190 532 220 Abiit¹
553 198 621 228 erpo
643 190 674 218 in
694 192 826 218 montem.
849 190 964 219 Notatur

119 239 165 269 hic
185 238 306 268 secunda
329 238 451 272 occasio,
473 237 576 266 scilicet
603 236 659 264 loci
678 239 703 264 et
731 236 867 272 temporis
888 236 964 273 apti-

119 286 196 314 tudo.
221 286 312 313 Locus
342 287 424 321 aptus
453 286 514 312 erat
533 282 567 311 ad
594 282 761 310 miraculum
791 281 963 316 faciendum,

119 333 185 370 quia
204 332 330 361 desertus
351 334 423 364 erat,
444 330 473 358 in
494 338 550 367 quo
570 332 630 358 erat
648 328 804 357 refectionis
824 328 963 363 defectus;

118 378 179 406 ideo
199 377 280 406 dicit:
302 376 383 405 Abiit
402 385 470 414 erqo
487 376 519 404 in
539 378 663 404 montem
685 375 767 403 Iesus
787 378 813 403 et
833 374 874 403 ibi
887 375 963 403 sede-

119 423 169 453 bat
187 432 254 453 cum
275 423 427 460 discipulis
447 422 519 451 suis.
541 423 658 457 Locum,
680 430 764 459 quem
782 422 895 451 Ioannes
916 430 963 451 vo-

118 472 162 499 cat
174 473 298 499 montem
313 472 425 507 propter
446 468 618 497 altitudinem
628 491 635 503 ‚
650 471 729 497 vocat
749 469 903 497 Matthaeus
917 469 964 497 de-

117 520 227 546 sertum
239 519 352 553 propter
367 515 557 550 solitudinem3
572 515 700 544 Matthaei
711 515 816 544 decimo
830 516 962 552 quart02:

123 574 137 588 α
150 562 266 592 Secessit
288 563 362 591 lesus
382 562 410 590 in
431 562 558 590 navicula
577 561 710 590 inlocum
732 561 872 590 desertum
888 569 963 590 seor-

118 617 181 638 sum
202 621 229 637 ».
256 609 288 637 Et
315 609 365 637 iste
394 609 471 637 locus
498 608 531 636 ad
559 607 715 636 faciendum
742 608 876 636 miracula
903 610 964 636 erat

117 659 214 693 aptus,
233 656 299 693 quia
312 663 367 684 non
385 657 444 684 erat
459 654 494 683 ibi
517 654 610 689 cibus;
625 654 699 684 unde
719 654 821 683 dicitur
835 654 963 683 Matthaei

117 702 224 732 decimo
238 705 351 739 quarto,
367 701 439 739 quod
451 701 585 730 dixerunt
599 701 725 738 discipuli
740 702 869 730 Domino:
886 713 899 727 α
911 702 963 730 De-

96 745 100 749 ’
117 752 209 779 sertus
223 751 264 778 est
282 749 371 784 locus;
386 748 494 778 dimitte
515 749 624 783 turbas,
640 752 672 777 ut
692 752 789 778 euntes
803 748 831 777 in
853 749 963 778 castella

117 799 210 825 emant
230 796 281 825 sibi
296 804 372 825 escas
387 808 412 824 ».
430 812 466 817 —-
483 796 546 825 Erat
566 796 648 825 etiam
663 796 788 833 aptitudo
810 796 961 833 temporis,

117 843 183 880 quia
204 843 320 877 Pascha;
342 842 416 871 unde
436 842 516 871 dicit:

197 888 222 916 5.
245 888 333 924 (Vers.
355 889 404 923 4.).
428 890 502 917 Erat
516 892 613 917 autem
631 889 804 926 proximum
825 888 961 923 Pascha,

117 935 177 964 dies
197 934 289 973 festus
309 935 506 969 ludaeorum
527 936 555 964 in
570 936 622 965 hoc
643 936 778 965 Dominus
791 936 894 965 fecerat
912 936 962 964 mi-

116 982 226 1017 racula,
247 984 275 1011 et
294 982 341 1011 illa
361 990 436 1011 nunc
456 982 573 1011 debehat
594 990 743 1016 renovare,
765 982 831 1019 quia
858 991 962 1011 novum

117 1029 219 1057 Pascha
238 1028 354 1058 debebat
381 1029 479 1058 facere.
501 1029 671 1063 Notandum,
699 1032 731 1058 ut
758 1029 823 1057 dicit
843 1029 962 1066 Chryso-

116 1078 222 1104 stomus
232 1075 252 1109 ³,
274 1075 349 1112 quod
380 1087 394 1100 «
409 1084 425 1104 a
445 1076 575 1104 Paschate
603 1075 827 1104 incarcerationis
855 1075 962 1104 loannis

115 1129 206 1159 usque
232 1122 266 1150 ad
294 1122 346 1151 hoc
373 1122 496 1151 fluxerat
520 1129 610 1150 annus
637 1129 726 1155 unus,
755 1121 818 1150 licet
839 1122 960 1158 Evange-

65 1163 68 1167 ’
115 1168 178 1197 lista
197 1176 286 1205 pauca
306 1171 400 1197 narret
421 1168 454 1197 de
476 1168 528 1197 hoc
543 1180 570 1202 »‚
591 1168 657 1205 quia
676 1168 721 1196 alii
747 1170 940 1196 narraverunt.

17 1274 25 1289 a
37 1270 97 1289 tertio.

195 1215 220 1243 6.
243 1215 331 1251 (Vers.
358 1214 405 1250 5.).
430 1214 503 1243 Cum
523 1214 699 1243 sublevasset
712 1223 779 1251 erqo
794 1213 892 1242 oculos
909 1217 960 1242 etc.

114 1260 230 1289 Notatur
251 1260 295 1289 hic
316 1260 398 1289 tertia
414 1260 536 1295 occasio,
557 1260 660 1289 scilicet
680 1258 806 1297 defectus
818 1259 908 1296 pretii
927 1259 961 1287 ad

115 1306 262 1336 emendum
285 1306 375 1342 cibos,
397 1307 470 1336 unde
491 1307 633 1336 reficiatur
654 1309 729 1335 tanta
749 1306 912 1340 multitudo;
935 1308 962 1334 et

115 1353 150 1382 ad
169 1354 245 1382 hunc
265 1353 403 1382 defectum
423 1353 653 1382 manifestandum
668 1352 777 1390 quaerit
797 1352 931 1381 Dominus
945 1360 962 1380 a

116 1400 240 1437 Philippo
260 1399 294 1429 de
308 1400 404 1437 pretiO.
428 1400 575 1437 Propterea
589 1399 669 1428 dicit:
694 1399 766 1428 Cum
786 1399 962 1427 sublevasset

115 1455 183 1484 erpo
204 1446 301 1476 oculos
324 1447 419 1481 Iesus,
444 1455 493 1484 per
515 1446 719 1475 misericordiae
747 1446 959 1483 benignitatem,

116 1494 196 1531 quia,
218 1494 290 1522 sicut
309 1493 411 1523 dicitur
432 1494 459 1522 in
481 1494 587 1523 Psalmo
601 1494 629 1528 4,
656 1505 669 1518 «
683 1493 755 1522 oculi
776 1493 885 1522 Domini
914 1501 960 1521 su-

115 1548 165 1578 per
186 1541 312 1570 timentes
332 1549 412 1575 eum,
434 1544 462 1570 et
486 1541 513 1569 in
535 1541 574 1569 eis
595 1541 642 1578 qui
664 1543 776 1577 sperant
797 1548 881 1576 super
910 1540 960 1568 rni—

116 1587 265 1616 sericordia
286 1587 346 1617 eius
360 1600 386 1616 ».
409 1589 446 1616 Et
464 1588 598 1622 vidisset,
620 1587 692 1626 quia
720 1586 875 1615 multitudo
897 1595 960 1615 ma-

115 1634 198 1662 xima
228 1634 304 1662 venit
335 1634 375 1663 ad
405 1643 488 1668 eum,
519 1637 634 1671 propter
664 1633 855 1667 devotionem;
886 1633 961 1661 unde

115 1680 217 1709 dicitur
238 1681 364 1709 Matthaei
386 1681 491 1710 decimo
506 1683 618 1717 quarto,
640 1679 715 1717 quod
740 1690 753 1704 «
766 1682 876 1708 secutae
896 1682 961 1707 sunt

116 1735 180 1756 eum
195 1727 294 1755 turbae
308 1727 448 1763 pedestres
462 1726 495 1755 de
510 1726 668 1755 civitatibus
679 1737 705 1754 ».
720 1726 796 1754 Dicit
806 1726 817 1742 ⁵
836 1725 876 1754 ad
890 1724 961 1753 Phi-

116 1774 242 1811 lippum,
263 1782 313 1810 per
334 1773 521 1810 providentiae
542 1773 833 1809 circumspectionem;
856 1772 961 1809 primae

116 1820 187 1849 Petri
209 1820 321 1849 ultimo:
348 1820 429 1857 «Ipsi
451 1828 519 1848 cura
533 1822 574 1848 est
594 1819 628 1848 de
649 1819 763 1848 vobis».
791 1819 869 1847 Unde
890 1827 961 1847 eme—

115 1875 182 1895 mus
199 1875 309 1904 panes,
330 1869 363 1894 ut
383 1866 559 1894 manducent
579 1865 631 1894 Iti?
652 1866 686 1894 ad
714 1873 863 1902 corporum
891 1865 961 1894 refe-

116 1913 251 1947 ctionem,
273 1912 351 1950 quasi
382 1912 469 1941 dicat:
494 1912 624 1949 Nunquid
655 1912 790 1941 habemus
822 1911 961 1941 sufficiens

116 1959 237 1996 pretium
259 1959 293 1987 ad
318 1959 485 1987 emendum?
506 1959 560 1988 Nec
587 1959 645 1995 ipse
666 1961 780 1996 argento
807 1958 960 1995 indigebat;

116 2006 200 2035 Isaiae
214 2006 444 2043 quinquagesimo
462 2006 574 2043 quinto:
601 2017 615 2031 «
629 2006 738 2040 Venite,
760 2006 842 2035 emite
856 2006 961 2043 absque

116 2056 230 2090 argento
249 2064 275 2081 ».
298 2053 352 2081 Hoc
373 2061 427 2081 non
456 2052 622 2090 quaerebat,
644 2053 710 2090 quia
733 2053 888 2087 dubitaret,
914 2052 961 2081 sed

116 2102 148 2129 ut
168 2099 324 2136 Philippum
346 2100 492 2136 probaret;
514 2099 587 2128 unde
608 2099 688 2128 dicit:

196 2147 221 2175 7.
244 2146 333 2183 (Vers.
350 2146 396 2178 6.).
419 2146 480 2174 Hoc
501 2149 598 2174 autem
612 2145 723 2174 dicebat
744 2149 857 2174 tentans
878 2154 959 2179 eum,

117 2201 172 2222 non
192 2192 336 2227 dubitans;
359 2192 419 2229 ipse
440 2192 516 2221 enim
537 2192 659 2227 sciebat,
681 2193 752 2230 quid
773 2196 843 2221 esset
863 2191 960 2229 factu-

117 2248 179 2268 rus.
202 2239 263 2268 ideo
290 2239 376 2274 dixit,
397 2242 429 2268 ut
456 2239 587 2276 probaret
614 2241 641 2267 et
667 2239 808 2276 probando
836 2239 961 2268 ostende-

117 2289 174 2320 ret,
196 2286 270 2323 quod
291 2286 411 2323 pretium
431 2286 569 2315 deficeret.
592 2286 653 2315 ldeo
674 2286 801 2323 sequitur
820 2286 962 2322 responsio

117 2332 242 2369 Philippi.
321 2355 323 2357 ,

195 2380 221 2407 8.
244 2379 332 2415 (Vers.
356 2379 403 2415 7.).
426 2379 583 2416 Respondit
602 2379 628 2407 ei
648 2378 820 2416 Philippus.-
850 2379 961 2407 Ducen—

118 2428 215 2454 torum
242 2425 434 2454 denariorum
462 2434 556 2462 panes
576 2434 635 2454 non
665 2425 815 2463 sufficiunt
845 2425 902 2459 eis,
930 2428 962 2453 ut

1808 118 1863 147 319

1022 192 1222 230 unusquisque
1248 192 1394 222 modicum
1422 194 1493 232 quid
1520 194 1664 232 accipiat;
1689 197 1717 224 et
1742 195 1780 223 ita
1806 203 1864 224 ma-

1020 246 1106 274 gnum
1129 239 1251 275 pretium
1271 242 1332 267 erat
1352 241 1554 275 necessarium,
1586 244 1613 270 et
1644 241 1695 278 ipsi
1726 250 1864 279 pauperes

1021 287 1100 312 erant
1120 287 1147 313 et
1167 293 1222 313 non
1247 285 1385 315 habebant
1413 287 1494 315 etiam
1522 296 1657 324 parvum;
1678 288 1770 316 omnia
1790 288 1863 317 enim

1021 329 1206 366 reliquerant,
1238 332 1390 361 secundum
1412 333 1485 370 quod
1516 333 1588 362 dixit
1608 334 1706 363 Petrus
1736 335 1864 363 Matthaei

1020 375 1126 405 decimo
1156 377 1266 405 nonoff:
1300 378 1410 413 «Ecce,
1442 387 1491 408 nos
1523 379 1687 416 reliquimus
1714 380 1807 408 omnia
1837 383 1864 409 et

1020 422 1107 451 secuti
1121 430 1220 452 sumus
1234 426 1260 452 te
1272 435 1286 449 x>
1311 427 1378 459 etc.;
1394 428 1421 454 et
1438 425 1554 454 Actuum
1569 426 1666 455 tertio:
1686 437 1699 451 (ε
1714 427 1863 464 Argentum

1020 471 1047 497 et
1068 477 1169 497 aurum
1191 478 1245 498 non
1260 473 1301 499 est
1322 471 1389 499 mihi
1406 483 1431 499 n.

1100 516 1124 543 9.
1138 515 1226 551 (Vers.
1239 516 1286 552 8.).
1305 517 1380 545 Dicit
1393 517 1420 545 ei
1433 526 1512 545 unus
1526 526 1560 546 ex
1571 518 1723 555 discipulis
1737 519 1800 547 eius
1810 522 1861 548 etc.

1020 561 1135 589 Notatur
1151 561 1195 590 hic
1216 564 1316 599 quarta
1329 563 1451 597 occasio,
1469 564 1572 592 scilicet
1587 564 1792 602 insufficientia
1807 565 1864 594 eibi

1020 607 1054 635 ad
1075 610 1165 636 tantae
1186 608 1372 637 multitudinis
1394 609 1578 638 refectionem.
1594 610 1662 639 Cum
1684 611 1756 639 enim
1772 614 1862 640 essent

1020 654 1144 690 quinque
1165 654 1266 689 millia,
1294 663 1348 683 non
1370 655 1507 684 habebant
1534 664 1617 693 panes
1637 657 1690 686 nisi
1718 657 1861 694 quinque;

1020 703 1047 729 et
1074 701 1126 729 hoc
1156 704 1269 730 notatur
1297 702 1324 730 in
1356 702 1533 739 responsione
1561 703 1689 732 Andreae.
1716 704 1863 740 Propterea

1019 747 1075 776 ait:
1105 748 1182 776 Dicit
1208 748 1235 776 ei
1253 757 1332 776 unus
1359 757 1393 777 ex
1421 749 1575 786 discipulis
1602 749 1681 784 eius,
1711 750 1862 784 Andreas,

1018 793 1115 831 frater
1147 794 1274 823 Simonis
1305 795 1401 829 Petri,
1423 795 1540 824 Domino
1570 796 1673 824 scilicet
1703 804 1719 824 a
1740 796 1863 833 Philippo

1019 841 1162 878 quaerenti
1185 841 1218 870 de
1240 842 1388 871 turbarum
1410 842 1573 871 resectione:

1101 889 1144 917 10.
1167 889 1256 925 (Vers.
1280 889 1327 925 9.).
1350 890 1402 917 Est
1422 888 1468 917 laic
1485 898 1561 927 puer
1585 898 1680 924 unus,
1703 890 1755 928 qui
1781 889 1865 918 habet

1019 935 1145 974 quinque
1161 944 1255 972 panes
1276 935 1448 965 hordeaceos
1468 940 1493 964 et
1513 936 1587 965 duos
1605 937 1699 973 pisces
1706 947 1716 970 ;
1738 939 1793 971 tot,
1822 936 1863 964 in-

1019 982 1092 1019 quit,
1113 990 1197 1019 panes
1218 991 1268 1011 nos
1292 983 1442 1017 habemus,
1469 983 1590 1017 sed-non
1616 983 1773 1018 sufficiunt;
1802 983 1862 1012 ideo

1018 1029 1098 1057 dicit:
1121 1029 1176 1058 Sed
1196 1028 1265 1058 llaec
1286 1030 1358 1067 quid
1377 1034 1446 1058 sunt
1460 1030 1536 1058 inter·
1556 1030 1672 1059 tantos?
1687 1031 1715 1058 ln
1737 1038 1792 1067 quo
1814 1038 1861 1058 no-

1018 1078 1093 1104 tatur
1108 1075 1179 1104 mira
1199 1076 1290 1112 inopia
1304 1076 1411 1104 Domini
1433 1079 1459 1105 et
1473 1076 1671 1113 discipulorum
1681 1099 1688 1111 ,
1706 1077 1781 1114 quod
1795 1085 1863 1114 pau-

1018 1130 1065 1151 cos
1085 1130 1169 1158 panes
1187 1122 1324 1151 habebant
1338 1126 1365 1151 et
1385 1122 1465 1157 viles3
1487 1123 1560 1151 unde
1575 1126 1602 1151 et
1616 1123 1775 1160 frequenter
1798 1131 1861 1152 cum

1018 1169 1134 1197 Domino
1165 1169 1236 1205 passi
1268 1172 1333 1197 sunt
1363 1169 1477 1203 famem3
1506 1170 1632 1198 Matthaei
1661 1170 1861 1198 duodecim0⁷:

1024 1226 1037 1240 α
1051 1215 1121 1243 Abiit
1142 1215 1216 1243 Iesus
1237 1223 1286 1251 per
1308 1218 1381 1249 sata3
1403 1215 1528 1251 discipuli
1550 1218 1643 1244 autem
1663 1216 1724 1244 eius
1738 1216 1863 1245 esurien-

1019 1264 1059 1290 tes
1080 1264 1231 1297 coeperunt
1252 1261 1353 1290 vellere
1375 1262 1463 1298 spicas
1484 1264 1511 1290 et
1531 1262 1698 1291 manducare
1712 1274 1739 1291 ».

1099 1309 1142 1336 11.
1162 1308 1320 1336 Moraliter.
1337 1309 1434 1336 Panes
1448 1308 1587 1346 quinque,
1602 1316 1672 1345 quos
1687 1309 1769 1337 habet
1784 1317 1862 1346 puer,

1018 1357 1083 1383 sunt
1103 1354 1228 1391 quinque
1256 1354 1418 1383 refectiones
1438 1354 1568 1388 affectus,
1596 1362 1668 1391 quae
1695 1357 1787 1383 ortum
1816 1356 1864 1384 ha-

1018 1402 1083 1430 bent
1104 1409 1141 1430 ex
1172 1401 1296 1437 quinque
1327 1400 1593 1429 considerationibus
1623 1401 1797 1430 intellectus:
1828 1410 1865 1431 ex

1018 1447 1235 1476 consideratione
1256 1446 1373 1484 proprii
1390 1446 1510 1483 peccati,
1526 1446 1604 1483 panis
1625 1447 1864 1483 compunctionis,

1017 1494 1055 1523 de
1072 1502 1128 1531 quo
1156 1494 1183 1522 in
1215 1493 1359 1522 PsalmoS:
1393 1492 1509 1521 Cibabis
1536 1501 1589 1521 nos
1612 1501 1691 1530 pane
1718 1493 1865 1531 lacryma-

1018 1549 1088 1568 rum
1108 1542 1159 1568 etc.
1190 1540 1241 1568 Iste
1262 1542 1303 1568 est
1330 1539 1424 1576 panis,
1445 1539 1479 1567 de
1500 1547 1556 1576 quo
1584 1539 1706 1568 ludio-um
1730 1540 1864 1576 septimo:

1024 1586 1181 1615 Videbatur
1202 1585 1276 1615 milti
1289 1586 1377 1625 quasi
1397 1586 1487 1623 panis
1508 1586 1721 1614 subcinericius
1742 1595 1777 1615 esc
1798 1585 1865 1615 lior-

1018 1633 1077 1661 deo.
1103 1649 1139 1653 —
1164 1633 1205 1660 Ex
1231 1633 1449 1661 consideratione
1466 1632 1617 1669 passionis
1640 1631 1764 1667 Cltristi,
1787 1633 1864 1670 panis

1018 1679 1201 1716 afflictionis;
1232 1679 1437 1708 Deuteronomii
1469 1679 1574 1708 decimo
1605 1679 1722 1708 sexto⁹:
1755 1680 1864 1716 Septem

1018 1726 1118 1754 diebus
1132 1726 1259 1754 comedes
1279 1725 1387 1764 absque
1399 1724 1540 1763 fermento
1555 1725 1723 1762 afflictionis
1739 1734 1862 1763 panem,

1018 1772 1158 1811 quoniam
1189 1773 1221 1800 in
1238 1781 1349 1809 pavore
1380 1781 1512 1810 egressus
1533 1781 1562 1801 es
1593 1772 1627 1801 de
1658 1773 1802 1810 Aegypto,
1831 1776 1865 1801 ut

1017 1820 1184 1848 memineris
1212 1819 1270 1848 diei
1300 1819 1472 1857 eqressionis
1494 1823 1560 1848 tuae
1581 1819 1615 1848 de
1637 1820 1764 1857 Aegypto
1792 1823 1862 1854 etc.;

1018 1867 1194 1895 Threnorum
1216 1866 1316 1895 tertio:
1339 1867 1502 1895 Recordare
1512 1866 1698 1904 paupertatis
1719 1870 1744 1894 et
1765 1870 1862 1894 trans-

1017 1913 1176 1951 9ressi0nis
1198 1921 1286 1947 meae,
1308 1912 1449 1941 absinthii
1468 1916 1494 1941 et
1512 1911 1596 1950 fellis.
1620 1930 1656 1933 -—
1679 1913 1719 1941 Ex
1740 1913 1863 1941 conside—

1018 1960 1124 1988 ratione
1138 1958 1265 1997 defectus
1279 1958 1423 1997 fratrum,
1439 1960 1517 1996 panis
1532 1959 1742 1996 compassionis
1748 1970 1757 1992 ;
1773 1959 1863 1988 Eccle-

1881 527 1909 546 De
1922 530 1996 551 quarto.

1880 1316 1975 1339 Expositio

1887 1339 1968 1357 moralis.

1880 1408 2009 1435 Consideratio

1905 1437 1973 1455 pruna.

1881 1640 1974 1659 Secunda.

1880 1919 1950 1938 Tertia.

1018 2007 1116 2035 siastae
1137 2006 1283 2035 undecimo
1296 2007 1333 2034 1⁰:
1349 2007 1426 2035 Mitte
1443 2015 1551 2043 panem
1571 2015 1660 2043 super
1681 2010 1879 2035 transeuntes-

1018 2061 1129 2091 aquas,
1153 2052 1256 2081 scilicet
1283 2052 1476 2081 tribulationis.
1499 2052 1562 2081 Sine
1590 2053 1642 2081 hoc
1662 2052 1756 2081 nullus
1783 2052 1864 2081 debet

1018 2100 1145 2137 praefici;
1175 2100 1257 2128 Isaiae
1288 2102 1403 2136 quarto:
1426 2098 1490 2127 Non
1520 2107 1585 2127 suni
1607 2099 1755 2133 medicus,
1777 2102 1802 2127 et
1833 2099 1864 2127 in

1018 2147 1102 2175 domo
1123 2155 1188 2174 mea
1208 2154 1267 2174 non
1291 2149 1332 2174 est
1349 2146 1439 2182 panis
1460 2154 1549 2183 neque
1575 2145 1792 2178 vestimentum;
1813 2153 1863 2173 no-

1019 2193 1065 2221 lite
1085 2192 1256 2221 constituere
1276 2200 1320 2220 me
1337 2192 1502 2228 principem
1519 2191 1629 2228 populi.
1652 2208 1692 2212 —
1708 2191 1750 2219 Ex
1776 2191 1864 2220 consi-

1018 2239 1158 2268 deratione
1179 2238 1317 2276 supplicii
1337 2238 1463 2272 aeterni,
1486 2238 1563 2274 panis
1591 2238 1743 2271 tremoris;
1764 2237 1864 2266 Tobiae

1018 2285 1139 2314 secundo
1152 2286 1190 2312 ¹¹:
1212 2284 1403 2313 Manducavit
1420 2292 1528 2320 panem
1549 2292 1616 2312 cum
1645 2284 1725 2312 luctu
1756 2287 1781 2312 et
1809 2288 1863 2312 tre—

1017 2340 1111 2365 more,
1133 2339 1290 2360 memorans
1310 2331 1389 2359 illum
1414 2338 1585 2364 sermonem,
1607 2337 1690 2367 quem
1718 2330 1789 2358 dixit
1810 2330 1863 2358 Do-

1018 2379 1110 2407 minus
1132 2386 1181 2415 per
1202 2378 1283 2406 Amos
1303 2377 1486 2414 prophetam:
1509 2377 1576 2405 Dies
1595 2376 1670 2413 festi
1683 2376 1772 2405 vestri
1798 2385 1863 2405 con-

1018 2428 1165 2453 vertentur
1186 2424 1218 2452 in
1239 2424 1472 2452 lamentationem
1493 2426 1518 2452 et
1539 2423 1657 2452 luctum.
1677 2440 1716 2444 —-
1736 2423 1778 2451 Ex
1799 2431 1863 2451 con-

180 2572 188 2586 ¹
206 2573 305 2601 Vulgata
322 2573 406 2597 Subiit.
424 2573 527 2596 Subinde
544 2580 571 2596 ex
588 2575 607 2596 D
623 2574 784 2602 supplevimus
800 2573 943 2604 faciendum.

180 2611 189 2624 ²
207 2613 274 2635 Vers.
292 2613 336 2639 ⁴35
355 2612 411 2635 ibid.
427 2619 451 2634 v.
469 2613 506 2635 15.
523 2615 557 2635 est
573 2619 622 2642 seq.
639 2613 711 2635 locus.

181 2649 190 2663 ³
207 2652 231 2673 ln
247 2652 309 2674 loan.
325 2651 404 2674 homil.
422 2651 459 2674 42.
478 2652 541 2680 (alias
559 2651 605 2681 11.)
623 2658 646 2674 n.
664 2653 684 2674 1.
699 2651 744 2675 Csr.
756 2658 825 2680 supra
838 2658 892 2680 pag.
904 2651 962 2680 276,

118 2692 172 2713 nota
190 2690 227 2712 11.
243 2692 266 2713 et
282 2696 336 2718 pag.
355 2691 413 2718 318,
430 2692 483 2713 nota
501 2691 539 2712 11.

181 2727 191 2740 '²
207 2729 289 2751 Psalm.
307 2729 348 2757 32,
367 2729 404 2751 18.
420 2741 451 2745 -
468 2729 576 2757 Sequitur
593 2729 670 2751 Matth.
688 2729 729 2758 14,
748 2730 785 2752 13.

181 2766 191 2779 ⁵
208 2768 306 2795 Vulgata
322 2767 397 2791 Dixit.
415 2780 445 2784 —
462 2768 513 2790 Duo
530 2774 595 2797 seqq.
613 2768 656 2791 loci
681 2770 734 2791 sunt
750 2769 765 2791 l.
782 2769 841 2791 Petr.
858 2768 885 2795 5,
902 2767 924 2790 7.
941 2770 963 2790 et

119 2806 168 2829 lsai.
186 2807 227 2834 55,
246 2807 267 2828 1.

181 2844 191 2857 ⁶
208 2846 274 2868 Vers.
292 2845 330 2868 27.
346 2858 377 2863 —
394 2846 497 2869 Subinde
514 2847 625 2874 allegatur
642 2847 691 2869 Act.
708 2847 734 2875 3,
752 2847 773 2869 6.

181 2883 190 2896 ⁷
208 2885 274 2907 Vers.
287 2885 309 2907 1.
320 2897 350 2901 -
362 2884 417 2907 Cod.
435 2884 452 2908 C
469 2887 521 2913 post
533 2892 555 2908 n.
568 2886 605 2907 10.
616 2885 748 2908 continuat:
765 2884 897 2914 Atteqorz‘ce
913 2884 961 2908 sic:

1020 2574 1078 2596 Puer
1095 2579 1155 2595 unus
1170 2575 1222 2599 etc„
1239 2574 1263 2594 ut
1281 2572 1336 2594 infra
1354 2578 1376 2593 n.
1397 2571 1435 2599 19,
1457 2570 1497 2593 ubi
1519 2577 1532 2593 e
1554 2577 1667 2593 converso
1688 2571 1751 2593 idem
1774 2570 1863 2593 exhibet

1020 2619 1068 2641 seq.
1085 2619 1108 2634 n.
1127 2613 1163 2634 vll.

1081 2650 1091 2663 ὃ
1108 2651 1191 2673 Psalm.
1208 2650 1251 2677 79,
1269 2650 1290 2672 6.
1308 2662 1339 2666 —
1356 2649 1464 2678 Sequitur
1481 2648 1530 2671 lud.
1547 2649 1573 2678 7,
1592 2649 1629 2671 13.
1640 2661 1671 2665 -
1683 2649 1794 2677 SuperIus
1811 2649 1863 2671 voci

1016 2690 1088 2720 panis
1105 2690 1142 2712 ed.
1160 2689 1286 2717 praemittit
1302 2688 1435 2718 conficitur.

1082 2727 1091 2740 ⁹
1108 2729 1174 2750 Vers.
1192 2729 1212 2750 3.
1230 2740 1261 2744 -
1279 2727 1331 2756 Seq.
1349 2727 1412 2749 lucus
1429 2729 1463 2749 cst
1479 2727 1564 2749 Thren.
1582 2727 1608 2755 3,
1626 2727 1662 2748 19.

1082 2766 1101 2780 ¹⁰
1118 2767 1184 2789 Vers.
1197 2767 1217 2789 1.
1229 2766 1274 2789 Csr.
1292 2772 1362 2793 supra
1374 2765 1502 2788 Comment.
1514 2765 1537 2787 in
1550 2766 1610 2788 hunc
1622 2766 1705 2788 locum.
1717 2777 1748 2782 --
1759 2764 1862 2787 Subinde

1018 2807 1129 2834 allegatur
1147 2805 1196 2827 lsai.
1217 2806 1243 2833 3,
1260 2805 1287 2833 7,
1304 2811 1346 2832 pro
1358 2810 1405 2832 quo
1422 2804 1458 2826 ed.
1477 2804 1503 2831 4,
1522 2804 1530 2825 1
1545 2811 1549 2825 :
1568 2804 1657 2826 Panem
1672 2804 1782 2826 nostrum
1799 2809 1861 2826 com-

1018 2844 1120 2868 edemus.
1138 2844 1224 2866 Eadem
1241 2843 1278 2865 ed.
1295 2849 1337 2871 pro
1351 2842 1454 2873 praefici
1469 2842 1586 2865 substituit
1602 2841 1673 2872 refici.

1082 2882 1100 2895 ¹¹
1118 2883 1184 2905 Vers.
1201 2882 1223 2904 5.
1239 2894 1271 2898 —
1288 2882 1395 2911 Sequitur
1411 2882 1482 2904 Amos
1500 2882 1526 2908 8,
1544 2881 1585 2908 10;
1603 2882 1644 2904 cfr.
1661 2880 1720 2903 Tob.
1737 2881 1758 2907 2,
1776 2880 1797 2902 6.

1880 2198 1957 2222 Quarta.

1880 2429 1955 2453 Quinta.
