2296 3316
272 456 328 479 Resp.
344 460 385 474 cum

266 479 392 497 distinctione.

259 503 386 521 θοι-811115510-

268 531 291 545 ne
304 526 376 549 culpae.

275 690 327 711 ltem.
341 694 384 713 poe-

304 718 345 731 Bne.

323 1159 352 1178 Ad
365 1159 381 1178 3.

411 185 467 213 514

485 262 510 290 3.
534 262 615 294 110111,
637 260 670 289 de
692 261 743 288 hoc
765 260 839 296 quod
861 259 1006 288 subditur:
1030 259 1163 295 Quorum
1186 259 1253 287 reti-

404 309 545 341 nueritis,
568 312 676 336 relenta
697 310 780 335 sant:
802 314 868 343 ergo
890 306 1013 339 videtur,
1036 305 1110 342 quod
1125 306 1252 334 sacerdo-

405 359 445 385 tes
466 355 572 392 possint
593 354 672 382 nobis
693 354 822 382 claudere
844 353 1000 390 ingressum
1023 352 1110 389 regni.

483 402 659 430 Rcsronnco:
677 400 844 433 Dicendum,
859 398 934 436 quod
949 398 976 427 in
991 401 1103 435 peccato
1117 398 1173 427 duo
1188 406 1252 427 cou-

403 449 576 482 siderantur,
598 447 702 476 scilicet
723 447 811 484 culpa
831 449 859 475 et
880 449 981 474 reatus
993 453 1118 483 poenae‚·
1133 445 1252 482 eulpam

404 496 544 525 remittere
566 494 652 523 solius
674 494 721 522 Dei
737 497 778 522 est
792 493 929 531 effective,
945 493 1011 530 quia
1025 492 1111 521 solius
1125 495 1167 521 est
1185 492 1252 521 dare

399 543 549 579 qratiam,
571 550 642 579 quae
663 541 735 570 delet
757 542 882 578 culpam3
904 541 1052 569 meritorie
1073 543 1114 569 est
1135 539 1251 568 Christi-

403 589 535 623 hominis;
559 588 725 626 dispositive
746 596 812 617 vero
834 587 984 617 sacerdotis
1005 590 1062 621 est,
1084 587 1150 624 quia
1170 586 1250 621 facit,

402 644 457 673 quo
477 635 561 669 facte,
583 635 658 664 Deus
679 634 808 668 remittit,
831 633 998 663 conferendo
1029 633 1134 662 scilicet
1155 634 1251 662 Sacra-

403 686 493 712 menta
506 684 523 710 ¹.
541 699 577 703 -
594 682 639 711 Est
659 684 752 710 autem
774 681 827 710 alia
842 681 968 710 remissio
982 683 1118 718 quantum
1139 680 1172 709 ad
1184 688 1251 717 poe-

402 739 488 764 nam,
510 732 538 758 et
559 737 643 767 super
660 729 730 757 hanc
746 728 827 757 habet
842 730 1005 765 potestatem
1021 727 1165 762 sacerdos,
1181 727 1252 756 facta

403 778 564 807 remissione
585 778 698 814 culpae,
720 779 748 805 et
775 776 1017 809 Christus-homo;
1050 775 1097 804 sed
1129 777 1251 812 potestas

402 824 638 853 Christi-hominis
659 826 700 852 est
731 822 910 851 excellentiae
932 825 959 851 et
986 821 1180 856 universalis,
1203 830 1251 858 po-

403 874 485 901 testas
506 879 573 900 vero
594 870 743 900 sacerdotis
764 872 805 898 est
826 869 1031 897 ministerialis
1045 871 1073 898 et
1084 868 1251 905 particula-

402 920 445 948 ris
457 919 475 947 ².
499 919 530 947 Et
552 921 616 947 sunt
637 918 689 946 hae
704 920 853 954 potestates
868 916 1025 950 ordinatae,
1041 916 1108 953 quia
1122 916 1250 945 sacerdos

402 975 455 995 non
478 966 560 995 habet
581 965 709 994 ellectum
732 964 759 992 in
781 963 946 992 remittendo
977 971 1094 1000 poenam
1126 963 1177 992 nisi
1200 971 1250 1000 per

403 1014 555 1051 passionem
576 1012 691 1045 Christi,
717 1019 767 1040 nec
798 1018 899 1040 rursus
930 1010 1021 1047 passio
1043 1010 1145 1039 Christi
1167 1010 1250 1039 alicui

401 1060 559 1093 confertur,
580 1058 632 1087 nisi
654 1058 699 1087 0111
720 1058 794 1087 1)0115
815 1058 932 1087 remittit
954 1058 1072 1094 culpam.

479 1107 505 1135 3.
527 1106 605 1143 Quod
620 1105 765 1139 obiicitur,
781 1105 854 1143 quod
870 1105 945 1133 salus
960 1107 1054 1133 nostra
1068 1107 1109 1134 est
1124 1105 1149 1133 in
1166 1113 1251 1133 manu

400 1154 564 1187 sacerdotis3
586 1153 748 1187 dicendum,
770 1152 844 1190 quod
865 1155 987 1189 potestas
1008 1152 1059 1181 ista
1074 1152 1251 1189 intelligenda

400 1205 458 1235 est,
490 1200 569 1229 clave
599 1208 657 1228 non
688 1203 814 1228 errante.
845 1200 922 1228 Tunc
953 1202 1047 1227 autem
1078 1201 1174 1232 errat,
1206 1198 1250 1227 vel

400 1248 510 1286 quando
531 1247 613 1276 solvit
633 1255 717 1284 quem
739 1248 812 1276 Deus
834 1255 888 1276 non
904 1246 1065 1280 vivificavit;
1082 1246 1124 1275 vel
1139 1246 1251 1283 quando

402 1296 492 1324 minus
513 1295 594 1332 ligat,
623 1303 707 1331 quam
736 1295 772 1323 sit
799 1294 933 1331 ligandus.
961 1293 1036 1322 Unde
1057 1293 1250 1330 Gregorius⁸:

406 1354 419 1367 «
434 1342 512 1370 Illum
534 1341 661 1378 discipuli
693 1341 830 1370 viventem
863 1340 989 1374 solvunt,
1016 1348 1100 1377 quem
1122 1339 1251 1376 Magister

403 1389 616 1418 resuscitaverat
637 1391 789 1417 mortuum.
812 1388 838 1416 Si
860 1388 934 1417 euim
955 1387 1082 1424 discipuli
1111 1386 1252 1415 solverent

402 1439 560 1469 mortuum,
591 1435 724 1464 foetorem
756 1435 842 1472 magis
873 1434 1051 1463 ostenderent
1082 1441 1167 1471 quam
1194 1432 1251 1461 vir-

405 1485 490 1511 tutem
507 1494 533 1511 ».

463 1681 470 1693 ¹
489 1680 535 1703 Csr.
553 1681 590 1703 lV.
608 1681 670 1703 Sent.
687 1680 709 1703 d.
729 1680 749 1702 5.
768 1686 788 1703 a.
807 1681 828 1703 3.
845 1687 868 1709 q.
883 1681 903 1702 l.
920 1686 968 1709 seq.
987 1683 1009 1702 et
1026 1680 1048 1703 d.
1062 1680 1100 1702 18.
1117 1686 1140 1708 p.
1158 1680 1173 1702 1.
1191 1686 1211 1702 a.
1229 1680 1250 1702 2.

399 1727 422 1749 q.
444 1721 466 1748 l;
485 1720 540 1743 ibid.
558 1727 581 1749 q.
599 1721 621 1742 2.
639 1720 715 1747 agitur
732 1720 762 1742 de
779 1722 891 1748 potestate
909 1720 1035 1742 sacerdotis
1052 1725 1124 1748 supra
1137 1724 1250 1749 poenam.

402 1760 460 1782 Vide
485 1760 554 1782 etiam
580 1759 612 1781 111.
638 1759 700 1781 Sent.
723 1759 746 1781 d.
765 1759 802 1781 19.
819 1765 840 1781 a.
858 1759 879 1781 ¹¹.
896 1765 919 1787 q.
938 1759 958 1781 i.
975 1762 997 1781 et
1014 1759 1037 1781 d.
1055 1759 1093 1781 20.
1110 1765 1132 1787 q.
1151 1758 1172 1780 4.
1190 1758 1250 1780 circa

400 1799 469 1821 finem
483 1805 560 1827 corp„
578 1798 616 1821 ubi
635 1798 663 1821 de
680 1798 766 1820 influxu
784 1798 899 1826 passionis
911 1797 994 1821 Christi
1012 1798 1032 1820 in
1051 1798 1187 1820 remissione.
1199 1803 1251 1826 pec-

400 1842 514 1861 catorum.

462 1878 471 1893 ²
491 1878 549 1901 Vide
565 1878 603 1900 lV.
621 1878 683 1900 Sent.
700 1878 723 1900 d.
742 1878 778 1899 18.
796 1884 820 1905 ρ,
838 1878 853 1899 l.
871 1877 926 1900 dub.
945 1878 966 1899 2.

463 1915 471 1929 ³
489 1916 551 1940 Lihr.
568 1918 591 1939 11.
610 1917 692 1939 Homil.
718 1917 740 1939 in
768 1917 857 1944 Evang.
877 1916 955 1939 homil.
974 1916 1012 1938 26.
1030 1923 1052 1938 n.
1070 1916 1099 1943 6;
1116 1917 1157 1938 011.
1178 1922 1249 1943 supra

400 1963 420 1979 c.
439 1957 475 1979 11.
492 1963 515 1979 11.
534 1957 570 1979 60.
588 1960 610 1979 et
627 1957 665 1979 63.
682 1955 728 1979 Cir.
739 1956 879 1983 Pattavicin„
891 1956 938 1978 Xll.
950 1955 1035 1978 Ilistor.
1047 1955 1151 1978 Trident.
1163 1955 1250 1978 Concil.

400 2002 420 2019 0.
439 1997 480 2023 l2,
498 1995 537 2019 ubi
555 1996 665 2019 sententia
684 1997 740 2018 haec
759 1996 782 2018 S.
796 1996 882 2018 Bonav.
901 1995 930 2018 de
947 1995 1084 2017 remissione
1101 1997 1249 2023 peccatorum

400 2036 530 2059 detenditur
551 2039 630 2058 contra
647 2041 687 2058 eos
703 2035 744 2064 qui
762 2035 852 2062 dicunt,
869 2035 944 2063 ipsam
962 2040 1012 2056 esse
1029 2034 1137 2056 reiectam
1155 2040 1167 2056 a
1190 2033 1250 2056 Con-

400 2076 458 2098 cilio.
481 2075 537 2097 Nam
564 2084 575 2094 u
591 2075 640 2097 eius
665 2074 798 2102 opinionem
821 2073 882 2096 haud
906 2079 1004 2102 prorsus
1028 2073 1104 2101 reiici,
1126 2075 1249 2100 propterea

400 2115 464 2144 quod
481 2115 531 2143 ipsa
549 2117 683 2142 antegressa
697 2113 852 2136 reconciliatio
869 2113 963 2141 ponitur
980 2112 1010 2135 ab
1027 2119 1054 2134 οο
1072 2115 1181 2141 tanquam
1199 2118 1250 2139 pro-

402 2156 458 2177 fecta
475 2160 524 2177 non
541 2160 572 2176 ez·
590 2153 614 2176 vi
629 2153 704 2176 solius
721 2152 878 2181 conti-ilionis,
893 2152 958 2182 quod
975 2151 1106 2174 affirmabat
1122 2152 1202 2174 Petrus
1220 2150 1249 2173 ab

400 2194 482 2220 Osma,
500 2193 624 2216 damnatus
646 2193 731 2215 diserte
748 2198 760 2214 a
779 2192 839 2214 Sixto
858 2191 895 2214 lV.
912 2194 934 2214 et
953 2192 1020 2213 tacite
1043 2193 1121 2219 postea
1140 2197 1152 2212 3
1170 2192 1249 2213 1105110

400 2233 517 2260 Concilio;
535 2232 577 2254 sed
594 2238 625 2255 ea·
641 2231 665 2254 vi
680 2231 739 2259 voli,
757 2232 821 2260 quod
838 2231 862 2253 in
879 2231 1014 2253 contritione
1031 2230 1162 2257 includitur,
1181 2229 1250 2251 huius

400 2271 541 2294 Sacramenti
553 2270 708 2298 suscipiendi,
721 2270 779 2292 adeo
796 2273 821 2292 ut
837 2270 937 2298 supersit
955 2269 977 2291 in
994 2271 1128 2296 peccatore,
1141 2268 1250 2297 quamvis

401 2312 501 2339 perfecte
525 2310 635 2338 contrito,
653 2309 763 2337 obligatio
789 2309 919 2331 confitendi.
938 2309 963 2330 Et
980 2311 1111 2336 praeterea,
1127 2307 1181 2336 quia
1200 2307 1250 2335 ipse

401 2351 511 2377 affirmat,
529 2349 551 2371 in
568 2349 619 2377 ipso
636 2348 787 2371 absolutionis
810 2351 861 2370 actu
884 2347 969 2370 remitti
988 2347 1081 2375 aliquod
1099 2345 1204 2368 debitum
1222 2352 1249 2367 eo

402 2395 476 2418 usque
492 2394 657 2417 perseverans,
675 2389 719 2411 hoc
736 2390 770 2410 est
786 2390 876 2416 partem
899 2392 988 2415 poenae
1006 2386 1172 2414 temporariae,
1189 2392 1249 2414 quae

400 2421 454 2456 post
478 2428 670 2450 condonationem
696 2429 802 2449 aeternae
826 2426 903 2449 adhuc
923 2425 1028 2453 debetur,
1045 2428 1067 2447 et
1084 2424 1182 2453 gratiam
1200 2430 1250 2446 san-

401 2467 483 2489 ctitatis
500 2467 597 2489 infundi.
614 2467 675 2488 Haec
686 2466 784 2494 sunt(‘?),
796 2465 882 2494 quibus
894 2465 917 2487 S.
929 2464 1104 2486 Bonaventurae
1121 2463 1199 2491 opinio
1217 2465 1250 2485 ut-

402 2512 503 2535 cumque
520 2506 649 2528 desenditur
661 2514 672 2525 »
692 2508 734 2527 etc.
754 2505 812 2527 Vide
830 2506 853 2527 S.
870 2505 960 2532 Thoni.,
985 2503 1115 2526 Comment.
1140 2502 1163 2524 in
1188 2503 1248 2524 ioan.

402 2551 421 2567 c.
438 2546 458 2567 l=l
467 2562 472 2567 .
482 2546 533 2567 lect.
542 2545 563 2573 6,
573 2544 611 2567 ubi
622 2545 692 2567 dicit:
705 2544 748 2567 Sed
762 2545 818 2566 haec
831 2542 1001 2573 [quorundam]
1013 2542 1097 2570 positio
1110 2541 1248 2571 [secundum

402 2591 472 2613 quam
485 2584 617 2607 sacerdotes
628 2590 674 2606 non
686 2583 812 2606 absolvunt
824 2589 836 2605 a
849 2583 929 2611 culpa,
947 2582 988 2604 sed
1000 2582 1076 2604 solum
1088 2587 1101 2603 a
1112 2584 1179 2608 parte
1195 2586 1250 2608 poe-

403 2630 444 2645 nae
456 2622 600 2652 temporalis]
613 2623 682 2645 nimis
694 2629 778 2650 parum
791 2621 893 2644 attribuit
905 2621 1019 2643 Ecclesiae
1031 2619 1143 2643 clavibus.
1155 2620 1203 2642 Hoc
1216 2622 1250 2641 est

403 2663 464 2684 euim
482 2662 601 2690 proprium
620 2662 822 2684 §aeramentorum
840 2667 915 2683 novae
933 2660 1002 2688 legis,
1015 2659 1079 2688 quod
1091 2660 1114 2681 in
1126 2659 1159 2681 eis
1176 2658 1249 2686 gratia

403 2702 556 2724 conseratur...
574 2701 619 2723 Sed
637 2702 681 2723 hoc
698 2700 797 2723 dubium
821 2701 894 2723 facere
916 2700 1016 2726 videtur,
1033 2699 1121 2728 quod...
1138 2698 1167 2721 ad
1184 2698 1250 2720 ahso-

404 2741 513 2763 lutionem
534 2740 721 2768 consequendam
747 2740 860 2762 accedunt
882 2739 952 2761 adulti
970 2739 1108 2767 plerumque
1125 2740 1191 2760 antea
1208 2743 1250 2765 per

403 2778 562 2801 contritionem
580 2782 728 2806 peccatorum
745 2778 905 2800 remissionem
923 2777 1053 2804 consecuti,
1066 2780 1090 2798 ut
1101 2776 1134 2799 510
1149 2781 1250 2804 sequens

403 2817 517 2840 absolutio
543 2818 597 2839 nihil
622 2818 696 2840 facere
722 2818 828 2840 videatur
853 2817 883 2839 ad
908 2819 1056 2845 peccatorum
1080 2815 1250 2838 remissionem.

405 2857 474 2879 Sed...
485 2857 588 2879 similiter
605 2860 639 2879 est
656 2857 779 2879 dicendum
797 2857 827 2879 de
845 2857 993 2885 poenitentia.
1012 2856 1033 2878 Si
1051 2856 1103 2884 quis
1119 2855 1181 2878 enim
1198 2857 1250 2877 ante

404 2896 570 2919 absolutionem
588 2897 713 2919 sacerdotis
730 2897 796 2924 plene
819 2897 930 2919 contritus
952 2895 1031 2922 suerit,
1049 2894 1198 2923 consequitur
1215 2900 1250 2916 re-

405 2936 537 2958 missionem
555 2939 716 2964 peccatorum,
728 2942 755 2958 eo
767 2936 831 2964 quod
849 2935 918 2958 habet
935 2935 959 2958 in
976 2936 1041 2963 volo,
1062 2937 1086 2957 ut
1102 2933 1210 2956 subiiciat
1226 2940 1250 2955 50

405 2975 517 2997 Ecclesiae
533 2974 649 3003 clavibus,
661 2975 709 2997 sine
726 2981 772 3003 quo
790 2981 845 2997 vera
862 2975 968 2997 contritio
985 2981 1031 2997 non
1048 2976 1115 2996 esset.
1133 2973 1155 2995 Si
1172 2976 1249 2995 autem

1024 180 1194 209 COMMENT.
1219 181 1250 209 lN
1273 180 1418 209 lOANNEM
1440 180 1467 208 C.
1491 181 1545 209 XX.

1391 259 1437 287 50.
1459 259 1570 295 Quaest.
1594 259 1622 287 ll.
1646 260 1712 288 Item
1733 260 1880 296 quaeritur
1895 260 1929 289 de
1950 261 2002 290 hoc
2023 261 2097 298 quod
2119 262 2160 291 di-

1312 305 1367 333 cit:
1392 305 1520 342 Accipite
1542 306 1687 342 Spiritum
1707 310 1854 336 sanctum.
1877 324 1913 328 —
1936 308 2052 337 Videtur
2072 309 2160 344 enim,

1311 352 1386 388 quod
1407 352 1530 380 nondum
1552 352 1666 381 deberet
1691 353 1730 381 eis
1758 353 1825 382 dare
1854 354 1988 391 Spiritum
2017 358 2160 390 sanctum,

1310 398 1376 435 quia
1396 398 1499 428 dicitur
1525 407 1611 436 supra
1638 400 1745 429 decimo
1767 402 1888 430 sexto4:
1912 402 1945 430 Si
1964 411 2023 431 non
2044 402 2160 437 abiero,

1311 446 1486 475 Paracletus
1497 455 1556 475 non
1566 446 1657 475 veniet
1671 447 1712 475 ad
1725 455 1792 476 vos:
1808 455 1874 485 ergo
1889 448 1911 477 si
1927 449 2050 478 nondum
2065 457 2161 478 ascen-

1308 493 1402 528 derat,
1425 493 1548 522 nondum
1569 493 1687 522 debebat
1708 494 1775 523 dare
1796 494 1930 531 Spiritum
1953 498 2089 524 sanctum.

1389 540 1551 569 Responnsso
1564 551 1570 568 :
1586 540 1754 575 Dicendum,
1770 541 1845 578 quod
1859 541 1979 578 Spiritus
1994 544 2107 571 sanctus
2120 542 2161 571 di-

1309 587 1382 615 citur
1404 587 1501 624 accipi
1525 587 1569 616 vel
1597 587 1684 622 dari,
1713 596 1768 616 non
1796 587 1903 617 ratione
1929 588 2084 623 essentiae,
2113 589 2161 618 sed

1307 633 1430 671 effectus
1453 634 1616 663 Habuerunt
1637 642 1703 671 ergo
1724 634 1852 671 discipuli
1874 635 2008 672 Spiritum
2033 638 2161 665 sanctum

1308 684 1375 709 ante
1400 681 1571 718 passionem,
1601 682 1648 710 sed
1669 682 1704 710 ad
1724 680 1831 710 salutis
1852 690 1925 711 suae
1945 682 2159 720 operationem,

1308 736 1380 765 quae
1408 730 1451 757 est
1478 736 1527 765 per
1556 728 1694 766 gratiam;
1724 729 1887 758 habuerunt
1911 733 1978 767 post
2005 729 2161 766 passionem

1308 778 1375 803 ante
1397 775 1594 804 ascensionem
1615 775 1649 804 ad
1668 779 1859 812 peccatorum
1878 776 2079 805 remissionem
2086 786 2097 810 ;
2111 776 2161 805 ba-

1308 822 1433 851 buerunt
1452 826 1519 859 post
1540 823 1736 851 ascensionem
1759 822 1793 851 ad
1813 822 1884 860 fidei
1896 825 2015 851 nostrae
2025 822 2161 860 publica-

1308 870 1434 902 tionem,-
1455 869 1516 898 ideo
1538 872 1604 898 tunc
1626 870 1782 899 confirmati
1811 870 1939 905 fuerunt,
1960 873 1988 899 et
2009 870 2037 899 in
2058 870 2161 908 linguis

1307 916 1395 954 igneis
1416 916 1537 953 Spiritus
1558 919 1672 945 sanctus
1692 916 1835 946 descendit
1845 916 1865 945 ⁵.

1388 965 1433 992 51.
1457 964 1568 1000 Quaest.
1591 964 1630 992 111.
1654 964 1719 992 Item
1736 963 1898 1001 quaeritur:
1914 964 2017 1001 quibus
2034 964 2159 994 dicitur⁶

1307 1010 1472 1048 pluraliter:
1504 1010 1633 1047 Accipite
1662 1010 1808 1047 Spiritum
1836 1011 1998 1040 sanctam?
2020 1028 2056 1032 —
2078 1011 2159 1041 Vide-

1308 1060 1372 1092 tur,
1393 1057 1468 1095 quod
1490 1057 1628 1095 pluribus.

1386 1104 1519 1133 Com-na:
1548 1104 1675 1133 Matthaei
1705 1104 1812 1133 decimo
1839 1105 1962 1133 sexto⁷:
1995 1104 2059 1134 Tibi
2084 1104 2160 1140 dabo

1308 1151 1402 1180 claves
1424 1151 1509 1188 reyni
1529 1151 1696 1185 caelorum,
1717 1151 1790 1179 dixit
1810 1151 1945 1180 Dominus
1966 1151 2064 1180 Petro:
2093 1160 2160 1189 ergo

1308 1198 1437 1232 videtur,
1459 1197 1534 1235 quod
1556 1200 1678 1235 potestas
1699 1197 1842 1227 relaxandi
1865 1200 1978 1235 peccata
1991 1198 2044 1227 fuit
2058 1198 2160 1236 specia-

1308 1245 1371 1274 liter
1392 1245 1420 1274 in
1442 1246 1538 1280 Petro,
1561 1245 1605 1274 hic
1626 1248 1719 1274 autem
1741 1245 1867 1280 videtur,
1889 1246 1964 1282 quod
1978 1245 2006 1274 in
2020 1245 2158 1275 omnibus.

1389 1293 1421 1321 Et
1441 1293 1605 1327 dicendum,
1627 1293 1702 1330 quod
1725 1295 1846 1330 potestas
1860 1292 2025 1321 dimittendi
2039 1292 2097 1322 sive
2110 1301 2159 1330 po-

1309 1342 1393 1368 testas
1420 1339 1551 1368 solvendi
1576 1340 1640 1368 data
1665 1342 1708 1369 est
1735 1339 1865 1368 omnibus
1892 1339 2045 1376 Apostolis3
2068 1342 2158 1368 tamen

1308 1386 1455 1423 specialius
1477 1387 1556 1415 Petro
1577 1386 1641 1415 data
1661 1389 1703 1415 est
1723 1386 1866 1424 plenitudo
1887 1386 2031 1424 potestatis
2051 1389 2078 1415 et
2098 1386 2159 1416 eius

1308 1433 1533 1467 successorium,
1562 1436 1694 1470 tanquam
1722 1433 1840 1470 principi
1869 1435 1897 1462 et
1923 1433 2006 1470 capiti
2033 1433 2158 1462 omnium

1307 1479 1501 1516 Apostolorum
1513 1479 1533 1507 ⁸.
1555 1480 1626 1516 Quia
1647 1488 1714 1517 ergo
1736 1482 1820 1516 caput
1840 1482 1916 1514 erat,
1931 1479 2034 1508 dicitur
2049 1479 2078 1508 in
2092 1480 2159 1509 Mat-

1307 1682 1373 1702 antea
1391 1685 1440 1702 non
1456 1678 1527 1708 plena
1545 1679 1624 1701 suisset
1640 1678 1747 1701 contritio
1763 1678 1879 1701 sufficiens
1896 1678 1926 1701 ad
1943 1678 2117 1705 remissionem,
2134 1678 2158 1701 in

1308 1718 1359 1748 ipsa
1376 1718 1524 1742 absolutione
1541 1718 1702 1741 remissionem
1728 1718 1811 1746 culpae
1833 1717 1993 1746 consequitur,
2019 1717 2063 1740 nisi
2087 1719 2159 1746 ponat

1307 1758 1454 1780 obstaculum
1473 1757 1568 1785 Spiritui
1586 1760 1673 1780 sancto.
1688 1770 1719 1774 —
1736 1757 1783 1780 Csr.
1799 1757 1837 1780 lV.
1855 1758 1917 1779 Sent.
1934 1757 1957 1779 d.
1975 1757 2012 1779 ⁴8.
2024 1763 2047 1785 p.
2064 1757 2081 1780 1.
2097 1763 2119 1780 3.
2136 1758 2159 1780 2.

1308 1804 1331 1826 q.
1350 1798 1370 1824 11,
1389 1797 1429 1819 ubi
1447 1797 1470 1819 in
1487 1797 1575 1819 scholio
1592 1796 1729 1825 ostenditur,
1751 1797 1815 1819 idem
1837 1796 1896 1819 circa
1915 1797 1973 1819 hanc
1990 1802 2040 1818 rem
2060 1797 2159 1820 sensisse

1309 1837 1331 1858 S.
1348 1837 1536 1859 Bonaventuram
1553 1839 1576 1858 et
1591 1842 1663 1859 verus
1682 1837 1760 1859 status
1783 1835 1925 1865 quaestionis
1945 1838 1968 1858 et
1989 1836 2090 1859 auctoris
2108 1842 2158 1859 sen-

1307 1882 1362 1904 sus,
1382 1882 1395 1898 a
1413 1876 1544 1898 Pallavicin.
1562 1876 1728 1898 insufficienter
1744 1875 1820 1903 relati,
1837 1875 1995 1903 explanantur.

1370 1914 1380 1927 ⁴³
1397 1916 1464 1938 Vers.
1481 1915 1507 1944 7;
1525 1916 1566 1938 cfr.
1584 1915 1639 1938 ibid.
1658 1922 1679 1937 n.
1698 1914 1735 1937 24.

1370 1954 1380 1967 ⁵
1397 1955 1457 1977 Vide
1480 1961 1551 1983 supra
1571 1961 1591 1977 c.
1608 1955 1630 1977 7.
1647 1961 1670 1977 n.
1688 1955 1725 1977 57.
1743 1957 1766 1977 et
1782 1961 1801 1977 0.
1821 1954 1858 1977 M.
1876 1961 1898 1977 n.
1916 1954 1953 1978 34.
1971 1955 2049 1978 Patres
2073 1955 2098 1977 in
2122 1961 2158 1978 ex-

1307 1994 1417 2023 ponendo
1434 1995 1478 2017 hoc
1495 1994 1545 2016 loco
1562 1994 1617 2016 satis
1639 1994 1794 2022 conveniunt,
1811 1993 1859 2016 scil.
1877 1994 1897 2015 in
1915 2000 1955 2022 eo,
1973 1994 2035 2023 quod
2053 1994 2158 2022 Apostoli

1307 2033 1437 2061 receperint
1454 2033 1564 2061 Spiritum
1587 2035 1693 2055 sanctum
1716 2033 1730 2055 ’1.
1756 2039 1776 2055 e.
1793 2033 1881 2055 donum
1908 2033 2007 2061 Spiritus
2031 2033 2103 2056 sancti
2128 2033 2158 2056 ad

1307 2073 1467 2095 remissionem
1486 2074 1648 2100 peccatorum;
1660 2072 1767 2100 adiungit
1782 2071 1859 2100 Cyrill.
1871 2072 2001 2099 Alexandr„
2013 2072 2077 2101 quod
2088 2073 2157 2095 etiam

1307 2113 1421 2139 Thomas,
1438 2112 1490 2134 licet
1506 2117 1551 2133 non
1569 2114 1629 2133 essct
1645 2117 1699 2133 cum
1717 2111 1768 2133 aliis
1784 2111 1912 2139 Apostolis,
1929 2111 1974 2134 1100
1990 2111 2078 2134 donum
2096 2117 2159 2134 acce-

1307 2151 1379 2179 perit,
1396 2151 1451 2179 quia
1469 2152 1513 2173 hoc
1525 2150 1589 2173 dedit
1608 2159 1619 2170 ιι
1632 2150 1736 2173 Christus
1748 2156 1793 2172 non
1806 2149 1923 2179 aliquibus
1934 2150 2044 2179 seorsim,
2056 2151 2097 2173 sed
2109 2151 2158 2173 uni-

1306 2190 1380 2213 versis
1398 2190 1523 2217 discipulis.
1536 2190 1684 2218 Quapropter
1701 2196 1752 2212 eam
1770 2189 1892 2219 [i'irtutem
1909 2189 2017 2218 Spiritus]
2029 2190 2157 2218 accipiunt,

1307 2230 1396 2252 tametsi
1415 2229 1511 2258 quidam
1536 2236 1583 2251 non
1608 2229 1716 2257 aderant,
1733 2229 1809 2252 dantis
1829 2228 1964 2251 liberalitate
1981 2235 2026 2251 non
2043 2229 2074 2252 ad
2090 2235 2157 2257 prae-

1307 2272 1382 2291 sentes
1399 2269 1474 2291 solum
1491 2271 1626 2291 contracta»
1642 2271 1686 2291 etc.
1700 2268 1735 2291 Ad
1753 2269 1796 2290 hoc
1814 2267 1961 2296 probandum
1979 2268 2074 2290 adducit
2089 2268 2157 2291 Num.

1308 2309 1344 2336 rii,
1362 2308 1400 2330 24.
1417 2314 1491 2337 seqq.,
1508 2307 1548 2330 ubi
1565 2311 1678 2335 narratur,
1696 2307 1760 2336 quod
1783 2307 1856 2330 Eldad
1878 2310 1900 2330 et
1923 2307 2004 2329 Medad
2020 2310 2159 2335 receperunt

1307 2347 1396 2369 donum
1419 2347 1567 2375 prophetiae,
1584 2347 1636 2369 11001
1658 2353 1704 2369 11011
1727 2346 1812 2368 suerint
1828 2352 1881 2368 cum
1899 2345 1949 2368 aliis
1966 2345 2083 2374 sexaginta
2104 2348 2157 2368 octo

1307 2386 1367 2409 circa
1386 2385 1568 2408 tabernaculum.

1370 2423 1379 2436 ⁶
1396 2425 1438 2447 Ed.
1455 2431 1530 2454 quare
1548 2424 1650 2448 dicatur.
2005 2422 2014 2435 ⁷
2032 2424 2099 2447 Vers.
2118 2424 2155 2447 ii).

1370 2462 1378 2476 Β
1396 2464 1516 2492 1301113111,
1534 2465 1558 2486 ll.
1575 2464 1604 2486 de
1621 2463 1765 2487 Considerat.
1784 2470 1804 2486 c.
1823 2464 1843 2486 8.
1862 2470 1884 2486 11.
1903 2464 1947 2486 1161
1965 2464 2026 2491 Ergo
2043 2463 2105 2486 iuxta
2122 2469 2157 2486 ca·

1307 2510 1380 2526 nones
1397 2506 1449 2526 tuos
1466 2503 1504 2525 alii
1522 2503 1543 2525 in
1561 2506 1650 2531 partem
1668 2503 1838 2530 sollicitudinis,
1850 2506 1874 2525 tu
1893 2503 1916 2525 in
1934 2503 2101 2531 plenitudinem
2118 2509 2158 2531 po-

1307 2542 1394 2565 testatis
1411 2544 1506 2564 vocatus
1523 2548 1556 2564 es.
1575 2542 1678 2564 Aliorum
1699 2544 1800 2569 potestas
1823 2542 1891 2564 certis
1912 2544 2012 2564 arctatur
2030 2541 2156 2569 limitibus;

1307 2584 1344 2603 tua
1362 2580 1490 2603 extenditur
1507 2585 1529 2602 et
1546 2581 1568 2602 in
1587 2581 1649 2608 ipsos
1671 2580 1710 2609 qui
1737 2583 1874 2608 potestatem
1891 2586 1962 2608 super
1984 2580 2041 2603 alios
2062 2586 2157 2608 accepe-

1306 2622 1366 2642 runt.
1384 2619 1430 2642 Csr.
1447 2620 1491 2648 Qq.
1508 2619 1618 2647 disputat.
1643 2619 1672 2641 (10
1698 2620 1837 2642 Ρο1100110110
1861 2625 1946 2647 evang.
1963 2625 1986 2648 q.
2004 2619 2026 2641 4.
2043 2618 2083 2647 (de
2104 2618 2157 2641 obe-

1307 2659 1392 2682 dientia
1411 2659 1485 2686 Papae
1502 2659 1650 2688 praestanda)
1668 2665 1690 2681 a.
1707 2659 1729 2681 3.
1745 2659 1776 2681 311
1793 2660 1814 2682 5.
1827 2662 1850 2681 ct
1861 2659 1883 2681 6.
1904 2658 1969 2688 (tom.
1982 2659 2010 2681 V.
2022 2664 2076 2686 pag.
2089 2658 2155 2687 496),

1307 2697 1346 2720 ubi
1364 2698 1387 2720 S.
1404 2698 1490 2720 Bonav.
1509 2697 1580 2719 rerba
1598 2697 1703 2720 Matthaei
1720 2700 1743 2720 et
1760 2698 1849 2720 loannis
1867 2698 1903 2720 hic
1921 2697 1985 2720 allata
2003 2696 2096 2725 exponit
2113 2697 2158 2719 ita:

1307 2736 1448 2764 Dicendum,
1465 2736 1528 2765 quod
1555 2737 1622 2764 longe
1646 2736 1711 2759 aliter
1736 2737 1823 2759 dictum
1842 2737 1884 2759 fuit
1901 2736 1934 2759 eis
1950 2735 2012 2766 [aliis
2028 2734 2156 2765 Apostolis]

1307 2778 1330 2798 et
1345 2776 1419 2798 Petro.
1435 2776 1493 2798 Nam
1511 2776 1577 2798 Petro
1594 2775 1688 2799 divisim
1705 2777 1727 2799 et
1743 2775 1901 2805 singulariter
1920 2775 2008 2798 dictum
2030 2775 2084 2802 suit,
2101 2774 2156 2803 quia

1306 2815 1331 2837 in
1348 2821 1375 2838 eo
1394 2815 1512 2843 potestatis
1529 2815 1648 2843 plenitudo
1667 2818 1717 2837 erat
1738 2815 1895 2843 principaliter
1911 2816 1934 2836 et
1950 2814 2096 2842 singulariter
2112 2814 2156 2836 col·

1307 2854 1418 2881 1003011ος
1436 2854 1485 2876 aliis
1502 2861 1558 2877 vero
1581 2854 1668 2877 dictum
1686 2855 1727 2877 suit
1743 2854 1838 2877 simul...
1857 2854 1922 2877 Unde
1940 2853 1991 2876 licet
2008 2852 2155 2876 consimilem

1307 2892 1420 2915 habereut
1436 2896 1586 2921 potestatem,
1604 2899 1649 2916 non
1668 2896 1744 2916 tamen
1762 2892 1879 2915 habebant
1894 2892 2018 2922 aequalem
2035 2894 2078 2915 etc.
2096 2891 2155 2914 Vide

1307 2933 1375 2955 etiam
1388 2932 1444 2955 ibid.
1457 2933 1571 2961 Breviloq.
1583 2939 1605 2961 p.
1618 2933 1655 2955 Vl.
1668 2939 1687 2955 c.
1701 2933 1737 2954 42.
1750 2935 1773 2954 et
1783 2931 1863 2955 Collat.
1872 2932 1908 2954 22.
1920 2932 1941 2954 in
1953 2931 2061 2954 Hexaem.
2074 2937 2097 2953 n.
2110 2931 2154 2958 '155

1307 2972 1345 2995 IV.
1363 2972 1423 2994 Sent.
1436 2972 1459 2995 d.
1476 2972 1508 2994 19.
1527 2978 1548 2994 a.
1566 2972 1588 2994 3.
1604 2979 1627 3001 q.
1646 2973 1667 2994 i.
1688 2972 1709 2994 in
1727 2977 1804 2999 corp.;
1816 2971 1840 2994 d.
1852 2972 1889 2994 20.
1909 2977 1933 2999 p.
1954 2971 1977 2993 ΙΙ.
1995 2970 2086 2999 (1.5.111
2101 2970 2154 2993 fine.

2177 547 2231 574 Resp-

2175 1298 2230 1323 nasp.
