2296 3316
329 174 362 201 Vl
1041 168 1287 198 PROLEGOMENA
1308 167 1336 196 C.
1360 168 1377 196 l.

330 252 360 274 ita
385 251 523 279 inscriptum
548 250 651 274 Summa
672 248 842 273 collectionum
858 251 917 276 etc.;
934 248 996 271 aliud
1013 250 1062 271 est:
1080 246 1179 270 Postilla

331 298 355 321 in
371 297 530 329 Evanqelium
547 297 650 321 Ioannis.
668 296 761 325 lncipit:
777 295 894 326 Nunquid
909 295 941 318 ad
954 296 1094 325 preceptum
1110 296 1180 318 tuum

330 345 459 369 elevabitur
476 344 580 375 aquila?
595 357 627 361 —
645 344 704 367 Satis
720 343 806 366 mirum
818 345 865 369 est,
882 342 947 372 quod
963 346 986 365 et
1002 342 1025 364 in
1043 342 1180 370 apographo

330 396 352 416 et
369 393 392 415 in
408 392 488 416 litteris
512 391 663 415 substitutum
688 391 718 414 sit
734 397 819 414 nomen
836 391 1027 417 Bonaventurae,
1044 389 1120 417 primo
1143 394 1181 411 no-

330 440 393 464 mine
410 440 501 463 deletos

393 487 439 510 Sed
457 487 493 510 his
508 493 557 509 non
573 485 731 513 obstantibus,
748 485 855 508 Oudinus
872 484 925 513 (loc.
943 483 980 506 cit.
992 483 1035 505 col.
1048 483 1112 510 398),
1124 481 1181 504 Sba-

330 534 390 556 ralea
409 534 462 563 (loc.
475 533 513 556 cit.
526 539 581 561 pag.
599 533 643 555 456
655 532 692 562 b),
706 532 792 555 Bonelli
804 531 894 561 (Prodr.
906 531 949 553 col.
962 530 1018 559 712)
1031 532 1182 556 censuerunt,

331 582 432 604 eundem
449 587 501 604 esse
517 581 640 609 spurium;
657 580 760 603 editores
775 579 858 601 Veneti
875 578 927 607 (loc.
945 578 982 600 cit.
993 583 1048 605 pag.
1061 577 1100 606 92)
1113 576 1143 599 de
1154 582 1181 599 eo

331 628 445 652 dubitant.

395 676 461 700 Certe
477 682 525 699 non
541 678 630 704 spectat
644 675 674 697 ad
692 675 714 697 S.
732 674 925 697 Bonaventuram.
942 672 1007 695 Ratio
1025 671 1182 700 peremptoria

332 728 378 753 est,
399 724 464 753 quod
481 724 539 746 alius
556 721 742 746 Commentarius
762 721 832 749 longe
848 720 956 743 diversus
972 721 995 741 et
1011 718 1034 741 in
1052 719 1096 741 hoc
1119 720 1182 740 tomo

332 773 461 801 impressus
478 771 500 793 S.
519 770 610 793 Doctori
628 772 691 792 certo
707 768 821 791 vindicari
838 769 922 796 potest.
940 767 1011 789 Nemo
1028 769 1106 788 autem
1124 769 1183 788 ain.-

333 819 418 846 mabit,
435 819 512 847 ipsum
530 817 651 846 scripsisse
667 816 785 844 duplicem
803 815 827 837 in
844 815 950 837 loannem
975 812 1182 837 Commentarium.

332 869 440 895 Insuper,
457 865 496 895 qui
514 864 642 893 genuinum
664 862 863 886 Commentarium
889 862 1009 888 comparat
1033 865 1087 881 cum
1112 859 1183 881 altero

333 914 459 937 luculenter
483 911 588 939 videbit,
604 913 660 944 >tum
685 911 798 939 quantum
821 908 911 931 differat
927 906 1021 935 spurius
1037 912 1049 927 a
1068 905 1181 933 genuino,

333 964 383 984 tum
400 960 453 990 quis
470 961 584 987 congruat
600 951 695 985 ingenio
711 959 735 978 et
750 955 801 978 stilo
818 953 932 982 seraphici
950 952 1062 975 Doctoris

396 1007 525 1030 Audiamus
541 1004 692 1028 Benedictum
705 1002 789 1025 Bonelli
802 988 853 1031 (loc.
866 1001 902 1024 cit.
914 1001 959 1023 col.
969 1000 1025 1028 7⁴3>
1038 999 1067 1021 de
1079 998 1184 1026 supposi-

335 1055 382 1079 titia
399 1056 442 1077 hac
454 1053 544 1077 Postilla
556 1056 578 1075 et
590 1052 659 1074 etiam
676 1051 705 1074 de
717 1048 882 1073 Collationibus
893 1048 949 1070 intra
967 1047 981 1076 S
998 1047 1019 1069 6.
1036 1045 1185 1069 recensendis

334 1103 480 1132 loquentem:
502 1109 511 1121 ι
525 1099 682 1123 Praesentium
699 1098 777 1127 itaque
794 1096 938 1119 postillarum
950 1097 1020 1123 atquc
1032 1093 1183 1116 Collationum

334 1153 453 1173 auctorem
477 1153 593 1176 negamus
618 1146 713 1175 quidem
738 1145 938 1170 Bonaventuram,
967 1141 1009 1164 sed
1035 1140 1185 1163 nihilominus

334 1198 511 1221 Franciscanum
523 1195 593 1218 alium
604 1193 726 1222 antiquum
737 1190 895 1220 agnoscimus.
911 1188 1088 1211 Franciscanum
1100 1186 1185 1209 etenim

335 1251 385 1268 sese
402 1244 480 1272 prodit
503 1241 625 1265 collatione
650 1239 740 1267 XXlX,
757 1238 814 1261 dum
832 1236 912 1260 laudat
925 1236 1037 1259 sanctum
1054 1233 1185 1257 Antonium

335 1291 362 1315 de
380 1290 469 1315 Ordine
484 1290 602 1314 Fratrum
618 1287 755 1315 Minor-um,
774 1288 797 1308 et
812 1284 934 1308 collatione
949 1282 1042 1316 ultima,
1054 1281 1111 1304 dum
1123 1280 1184 1303 ittam

334 1339 367 1362 sic
384 1338 484 1362 claudit:
509 1337 585 1359 Verus
601 1340 658 1363 ergo
675 1333 776 1356 imitator
791 1331 854 1355 beati
870 1330 931 1353 Petri
948 1330 990 1352 suit
1014 1328 1096 1351 beatus
1117 1328 1185 1350 Fran-

334 1387 409 1410 ciscus
426 1386 450 1408 in
466 1383 602 1414 praedictis,
619 1385 642 1405 et
658 1382 732 1410 ipsius
749 1379 836 1403 debent
852 1384 903 1401 esse
925 1377 1052 1400 imitatores
1069 1376 1186 1404 professo-

335 1440 372 1457 res
388 1438 445 1456 suae
462 1436 541 1454 sacrae
557 1429 675 1458 religionis
692 1428 716 1450 in
732 1427 830 1450 eisdem.
854 1425 901 1448 Sed
923 1424 1029 1453 nunquid
1055 1422 1185 1445 censendus

335 1480 463 1503 earundem
488 1480 569 1501 auctor
592 1477 630 1499 Fr.
651 1474 780 1498 Alexander
796 1473 826 1496 ab
844 1471 999 1496 Alexandria?
1017 1470 1108 1493 Minime
1131 1475 1186 1497 gen-

335 1529 405 1556 tium,
422 1526 477 1556 quia
495 1523 594 1549 Postilla
610 1529 683 1553 super
700 1520 859 1551 Evangelium
884 1519 909 1543 S.
935 1517 1032 1542 loannis
1057 1516 1148 1547 scripta
1169 1522 1185 1539 a

334 1575 378 1599 Fr.
394 1572 535 1598 Alemandro
552 1571 580 1595 de
597 1569 748 1594 Alexandria
767 1567 824 1592 Ord.
841 1567 888 1591 FF.
906 1566 1029 1590 Minoi-um
1046 1564 1109 1588 aliud
1121 1569 1186 1592 prae-

335 1623 377 1645 fert
393 1621 484 1644 initium
502 1620 526 1642 in
542 1621 634 1641 vetusto
659 1616 812 1640 membraneo
829 1614 910 1638 codice
926 1613 1080 1636 bibliothecae
1098 1610 1186 1634 Patavi-

335 1675 379 1692 nae
395 1669 418 1691 S.
436 1667 527 1691 Antonii
552 1666 666 1689 Minoi-um
689 1663 894 1690 Conventualium,
919 1661 1041 1684 videlicet:
1067 1658 1185 1688 Prologus

335 1717 360 1741 S.
377 1714 518 1745 Hieronymi
530 1712 665 1745 presbyteri
680 1715 723 1735 etc.
740 1711 784 1735 Hit:
800 1712 834 1734 est
851 1710 950 1733 Ioannes
973 1707 1126 1738 Euangelisla
1143 1709 1186 1730 etc.

336 1765 392 1794 Quis
408 1770 465 1792 ergo
482 1763 560 1786 alius?
577 1760 720 1785 Crediderim
738 1759 817 1788 potius
833 1759 942 1781 loannem
959 1756 1104 1779 Guallensem
1121 1754 1186 1777 Ordi-

335 1812 370 1835 nis
387 1812 514 1839 annorum„
531 1816 585 1833 cum
602 1809 661 1832 inter
677 1808 727 1831 eius
745 1812 816 1835 opera
833 1804 984 1833 Waddingus
1000 1803 1030 1826 ad
1041 1802 1112 1825 fldem
1125 1801 1187 1824 codi-

336 1859 368 1883 cis
384 1858 535 1882 Aracoelitani
552 1857 581 1880 de
605 1855 668 1879 Urbe
692 1856 811 1878 recenseat
827 1851 952 1876 Postillam
975 1850 1001 1874 in
1026 1848 1186 1879 annqelium

336 1906 433 1930 Ioannis
449 1905 609 1934 incipientem:
627 1901 743 1932 Nunquid
759 1900 791 1925 ad
804 1900 943 1931 preceptum
965 1899 1035 1922 tuum
1057 1896 1187 1920 elevabitur

336 1953 438 1984 aquila?
455 1953 551 1975 Nostrae
567 1951 621 1974 huic
637 1949 740 1979 opinioni
760 1949 900 1976 suffragatur
916 1947 941 1969 P.
954 1945 1061 1974 Magister
1078 1944 1187 1967 Sbaralea

337 2001 455 2030 inquiens:
472 1998 596 2029 Expositio
613 1997 638 2021 in
655 1998 769 2021 loannem
786 1997 808 2019 et
819 1993 961 2019 Collationes
979 1992 1003 2015 in
1020 1979 1121 2015 eundem
1131 1992 1190 2014 sunt

337 2046 433 2071 Fratris
450 2045 546 2069 Ioannis
564 2043 709 2069 Guatlensz's.
725 2043 758 2065 De
775 2043 820 2065 hoc
836 2041 949 2069 scriptore
961 2039 1069 2062 nonnulla
1088 2037 1189 2061 diximus

337 2095 382 2117 alio
399 2094 421 2116 in
438 2094 500 2121 loco;
517 2091 604 2121 quihus
621 2091 672 2113 heic
683 2089 816 2116 adiicimus,
833 2088 934 2111 cundem
952 2086 1036 2110 saeculi
1047 2086 1189 2108 Xlll.aueto-

338 2147 388 2164 rem
406 2139 540 2163 habendum
549 2144 600 2161 esse
612 2138 681 2161 etiarn
693 2144 720 2160 ex
732 2143 773 2164 eo,
785 2136 857 2166 quod,
874 2134 1009 2162 Waddingo
1021 2134 1154 2159 attestante,
1166 2131 1189 2154 in

338 2188 431 2217 publica
448 2186 570 2210 Oxoniensi
595 2185 704 2208 cathedra
729 2183 881 2213 praecesserit
896 2183 932 2205 Fr.
955 2182 1070 2204 Thomam
1093 2179 1189 2203 Dochin-

340 2242 409 2265 gum,
426 2235 526 2263 Anglum
544 2233 684 2259 Minoritam,
701 2232 741 2261 qui
758 2237 819 2253 anno
836 2229 956 2253 MCCLXX
974 2228 1089 2251 claruit».

402 2284 508 2306 Attamen
525 2287 571 2304 non
588 2280 680 2303 videtur
697 2285 749 2301 esse
765 2278 859 2301 omnino
879 2278 980 2303 certum,
997 2274 1190 2298 loannem'Gual-

339 2332 425 2354 lensem
438 2335 488 2352 esse
500 2329 569 2352 huius
580 2327 686 2356 opusculi
703 2329 725 2349 et
737 2331 817 2348 earum
830 2324 993 2350 Collationum,
1005 2323 1035 2345 dc
1046 2321 1132 2351 quibus
1144 2321 1190 2349 agi-

340 2384 392 2401 mus
415 2378 438 2400 in
454 2376 534 2406 seq.‘§
552 2376 577 2404 6,
595 2377 724 2401 auctorem,
742 2373 797 2403 quia
815 2372 845 2395 de
862 2373 907 2394 hoc
924 2371 1036 2394 dissident
1048 2370 1140 2392 codices
1151 2375 1191 2391 an-

339 2425 410 2454 tiqui,
427 2430 486 2454 quos
503 2424 540 2446 hic
557 2423 586 2446 de
603 2425 702 2451 utroque
719 2421 832 2449 opusculo
848 2420 969 2448 loquentes
985 2418 1115 2441 referimus.

405 2473 424 2494 i.
450 2470 558 2498 Patavii,
587 2469 726 2492 bibliotheca
752 2468 879 2491 Antoniana
910 2467 976 2489 Scaff.
1006 2465 1057 2487 XV.
1084 2465 1109 2487 N.
1136 2464 1188 2486 326.

341 2518 441 2542 membr.
462 2524 522 2541 saec.
540 2517 600 2540 XlV.
617 2515 714 2540 Postille
729 2517 752 2539 et
768 2513 910 2538 Collationes
927 2513 953 2536 in
969 2513 1063 2542 Ecanq.
1085 2510 1190 2534 loannis.

342 2566 424 2594 lncip21
446 2563 561 2594 Nunquid
571 2563 603 2587 ad
612 2564 751 2593 preceptum
763 2563 831 2585 tuum
849 2560 978 2584 elevabitur
995 2558 1112 2589 Aquila...
1132 2558 1192 2581 Cum

343 2612 404 2635 inter
421 2613 526 2641 quatuor
542 2610 687 2634 animalia...
706 2610 779 2632 Finis:
800 2609 949 2639 professores
971 2613 1015 2631 sue
1039 2607 1120 2630 sancte
1135 2605 1191 2629 reli-

343 2658 420 2688 aionis
437 2658 462 2681 in
478 2657 571 2681 eisdem.
588 2670 619 2674 —
636 2658 752 2686 Opuscula
770 2658 826 2679 haee
837 2658 891 2678 sunt
902 2660 1030 2683 anonyma3
1043 2653 1084 2676 sed
1101 2652 1131 2676 ab
1143 2652 1192 2675 edi-

344 2707 393 2727 tore
418 2704 517 2732 catalogi
540 2704 637 2733 (Patavii
662 2704 732 2733 i886)
754 2702 911 2726 attribuuntur
933 2701 1010 2725 loanni
1027 2699 1143 2723 Guallensi
1160 2698 1192 2722 ob

343 2754 480 2780 argumenta
497 2757 509 2773 a
526 2752 551 2774 P.
567 2751 652 2774 Bonelli
669 2751 743 2773 allata.

408 2799 429 2821 2.
447 2797 540 2821 Bhemis
557 2798 580 2820 in
596 2798 680 2826 Gallia,
706 2797 844 2820 bibliotheca
869 2796 973 2825 publica,
989 2795 1043 2819 cod.
1061 2795 1087 2817 B.
1110 2794 1190 2816 tis-64.

344 2845 443 2869 membr.
461 2846 484 2868 in
502 2846 540 2876 tol.
559 2851 618 2868 saec.
636 2845 695 2867 XlV.
712 2845 818 2867 ineuntis.
835 2844 885 2868 Sub
896 2844 961 2867 titulo
978 2843 1014 2866 sol.
1036 2844 1055 2865 1.
1070 2849 1089 2865 r.
1107 2842 1148 2864 col.
1167 2842 1191 2863 i:

347 2892 465 2922 Incipiunt
481 2891 622 2915 collationes
638 2891 697 2915 edite
713 2897 729 2914 a
744 2891 861 2921 maqistro
879 2890 984 2914 Iohanne
1002 2889 1112 2913 Gallense
1132 2887 1192 2911 ordi-

347 2940 383 2964 nis
399 2940 507 2970 fratrum
523 2938 645 2962 minorum
662 2943 734 2967 super
751 2937 894 2966 Iohannem,
910 2936 1020 2967 primum
1045 2935 1190 2966 capitulum,

347 2987 447 3012 Collatia
461 2986 552 3017 prima.
570 2986 597 3009 In
610 2984 732 3016 pr-incipio
748 2986 801 3008 erat
822 2983 929 3008 verbum.
945 2982 1074 3013 Supposita
1097 2981 1195 3006 litterali

1237 245 1383 276 expositione
1400 251 1431 269 κω
1453 244 1521 269 dictis
1542 244 1608 268 circa
1626 244 1732 268 litteram
1748 247 1791 267 etc.
1814 245 1873 268 Sunt
1894 245 1924 267 90
1946 245 2089 273 collationes,

1237 299 1298 322 quae
1314 293 1384 316 finem
1402 292 1489 315 habent
1505 293 1543 315 sol.
1563 292 1598 314 16.
1614 298 1634 314 r.
1650 292 1694 314 col.
1711 292 1734 314 2.
1751 291 1786 314 his
1802 290 1895 314 verbis:
1911 291 1936 314 in
1954 291 2039 321 quibus
2056 292 2090 315 est

1234 339 1331 370 pondus
1348 339 1520 370 mysteriorum
1531 345 1661 369 manum,
1678 339 1707 362 ut
1717 337 1827 362 similiter
1835 339 1903 368 patet
1918 338 2088 362 consideranti.

1237 398 1269 404 —
1285 387 1354 410 Deest
1370 386 1440 415 igitur
1457 386 1479 408 in
1497 387 1542 408 hoc
1558 385 1639 408 codice
1656 385 1706 414 ipse
1722 385 1916 408 Commentarius.

1301 435 1324 458 3.
1344 433 1505 462 Vindobonae,
1531 433 1670 456 bibliotheca
1693 433 1806 462 Palatina,
1826 433 1878 456 cod.
1902 433 1972 456 ⁴533.
1988 431 2089 455 membr.

1238 483 1261 505 in
1278 483 1316 505 tol.
1334 487 1394 505 saec.
1412 481 1472 504 XIV.
1482 481 1545 504 Folio
1562 481 1585 503 4.
1603 487 1621 503 r.
1634 480 1658 502 in
1674 480 1796 509 superiore
1807 482 1884 508 parte:
1901 479 2001 503 Postilla
2017 485 2090 509 super

1239 529 1376 553 Iohannem.
1393 528 1500 551 Interius:
1523 527 1640 558 Nunquid
1660 526 1693 550 ad
1714 527 1854 557 preceptum
1879 528 1948 550 tuum
1965 528 2008 549 etc.
2029 526 2091 549 Desi-

1238 577 1271 600 nit
1288 577 1326 599 sol.
1344 577 1389 599 ⁴32
1406 582 1426 599 r.
1442 576 1485 599 col.
1502 576 1525 598 2.
1544 575 1602 598 Hinc
1626 575 1703 597 statim
1725 576 1855 603 sequuntur
1881 573 2015 596 collationes
2030 573 2092 596 eius-

1239 625 1306 652 dem,
1323 624 1353 647 ad
1377 629 1478 653 quarum
1496 623 1566 645 tinem
1590 622 1685 650 legitur,
1710 621 1740 644 ab
1757 621 1801 644 alia
1826 627 1896 644 manu
1917 620 2022 644 eiusdem
2040 621 2092 644 aevi

1240 672 1319 700 parvis
1335 671 1414 694 litteris
1430 672 1563 693 exaratum:
1579 669 1665 692 Petrus
1682 668 1710 692 de
1728 668 1802 692 Scala
1818 674 1891 698 super
1910 667 2047 691 Iohannem.

1302 719 1388 742 Petrus
1407 717 1435 741 de
1460 717 1533 741 Scala
1558 716 1613 740 Ord.
1636 716 1739 739 Praedic.
1763 715 1834 744 episc.
1860 715 2010 744 Veronensis,
2035 717 2092 738 teste

1240 765 1349 793 Echard.,
1373 763 1509 794 Scriptores
1535 762 1593 787 Ord.
1618 762 1717 791 Praed„
1736 765 1841 786 mortuus
1857 764 1892 785 est
1912 762 1978 785 t295.
1996 762 2092 791 Scripsit

1240 813 1354 836 Postillam
1377 818 1448 840 super
1472 812 1622 839 Matthaeum,
1648 810 1715 833 cuius
1739 810 1803 833 initio
1828 810 1982 839 praemittitur
2007 810 2092 837 duplex

1238 859 1396 889 principium,
1415 865 1517 888 quorum
1534 858 1598 881 alteri
1614 858 1716 881 eundem
1733 858 1810 881 locum
1827 857 1959 886 scripturae
1975 857 2092 885 praefixit,

1240 912 1311 935 quem
1329 906 1398 929 habet
1415 906 1469 928 illud
1488 904 1647 935 Principium,
1668 905 1698 927 de
1714 910 1762 933 quo
1774 910 1845 932 supra
1857 903 1871 932 S
1883 904 1906 926 2.
1917 903 1987 926 locuti
1999 909 2092 930 sumus,

1241 954 1288 976 scil.
1300 954 1371 981 Apoc.
1389 954 1432 975 22:
1451 951 1558 976 Ostendit
1568 951 1629 975 milti
1638 950 1741 981 fluvium
1752 957 1830 981 aquae
1841 950 1936 974 vivae...
1950 950 1997 973 Sed
2008 950 2093 973 deinde

1241 1001 1346 1030 sequitur
1362 1000 1406 1023 alia
1423 999 1542 1028 expositio.
1560 1011 1591 1016 —
1608 999 1680 1021 Etiam
1698 998 1774 1021 Sixtus
1792 998 1900 1021 Senensis
1918 997 1947 1026 (l.
1963 1003 2017 1026 pag.
2036 996 2093 1026 455,

1242 1047 1279 1070 ed.
1291 1047 1386 1075 Neapoli
1399 1045 1469 1075 ⁴742)
1483 1045 1537 1068 huic
1549 1046 1615 1068 Petro
1628 1044 1732 1067 attribuit
1742 1044 1804 1067 illam
1816 1044 1932 1067 Postillam
1944 1044 1967 1066 in
1978 1044 2094 1067 loannem.

1242 1094 1341 1123 princip.
1357 1093 1475 1124 Nunquid
1485 1093 1518 1117 ad
1526 1094 1681 1123 praeceptum
1693 1093 1761 1115 tuum
1773 1090 1904 1115 elevabitur
1914 1090 2010 1122 aquila,
2022 1097 2093 1120 quam

1241 1149 1266 1165 se
1283 1142 1370 1165 vidisse
1381 1144 1477 1164 testatur
1497 1149 1508 1161 «
1520 1147 1591 1163 manu
1608 1140 1751 1168 descriptam
1768 1139 1790 1162 in
1803 1138 1945 1162 membranis
1961 1139 2054 1161 Genuae
2071 1138 2094 1162 in

1242 1188 1380 1212 bibliotheca
1398 1187 1555 1210 Minoritarum
1573 1186 1752 1210 Observantium
1764 1194 1787 1209 ν.

1305 1235 1363 1259 Cum
1382 1235 1451 1264 igitur
1468 1234 1561 1258 codices
1572 1234 1617 1257 sibi
1634 1234 1694 1257 circa
1708 1235 1827 1256 auctorem
1839 1232 2008 1261 contradicant,
2024 1238 2095 1261 quae-

1242 1284 1338 1306 stionem
1356 1283 1509 1312 relinquimus
1521 1282 1681 1309 iniudicatam,
1694 1281 1747 1304 licet
1763 1279 1907 1309 probabilior
1919 1279 1986 1303 nobis
2002 1285 2053 1302 esse
2063 1279 2095 1301 vi-

1242 1332 1324 1355 deatur
1340 1331 1430 1360 opinio,
1447 1337 1508 1360 quae
1526 1332 1588 1353 favet
1604 1329 1681 1353 loanni
1698 1329 1821 1352 Guallensi.

1305 1378 1319 1407 S
1336 1379 1358 1401 6.
1374 1377 1404 1401 De
1421 1376 1588 1401 collationibus
1605 1376 1630 1400 in
1646 1376 1758 1400 Ioannem.

1306 1426 1399 1454 Incipit:
1417 1426 1445 1448 ln
1460 1424 1577 1455 principio
1589 1425 1642 1447 erat
1663 1422 1772 1447 Verbum.
1785 1422 1916 1453 Supposita
1933 1421 2046 1446 luminali
2056 1427 2095 1445 ex-

1239 1472 1364 1504 positione.

1305 1521 1354 1543 Hae
1378 1520 1510 1543 collationes
1527 1519 1549 1542 in
1575 1519 1612 1541 ed.
1630 1518 1739 1541 Vaticana
1764 1518 1899 1541 immediate
1919 1519 1972 1546 post
1988 1516 2095 1546 spurium

1243 1569 1440 1593 Commentarium
1456 1569 1596 1597 sequuntur,
1608 1573 1635 1589 ex
1651 1566 1734 1589 eodem
1751 1566 1833 1589 codice
1846 1564 1998 1594 descriptum.
2010 1564 2096 1587 Omnes

1243 1617 1393 1644 confitentur,
1410 1615 1512 1638 eundem
1532 1620 1583 1637 esse
1600 1614 1721 1643 utriusque
1742 1615 1875 1642 auctorem,
1892 1612 1930 1635 cui
1946 1611 2050 1640 opinioni
2067 1612 2096 1633 sa-

1243 1666 1299 1687 vent
1315 1663 1384 1686 etiam
1410 1662 1502 1685 codices
1519 1661 1591 1684 modo
1608 1660 1684 1689 relati,
1701 1660 1755 1690 qui,
1772 1661 1869 1688 excepto
1885 1665 1909 1682 n.
1926 1659 1953 1687 2,
1970 1660 2097 1687 utrumque

1243 1717 1304 1740 opus
1319 1710 1469 1737 coniungunt.
1487 1708 1553 1732 Unde
1571 1706 1714 1736 probabilius
1731 1705 1893 1730 attribuendae
1909 1707 1962 1728 sunt
1977 1704 2097 1733 praedicto

1244 1758 1321 1780 loanni
1342 1756 1465 1779 Guallensi.
1487 1755 1598 1778 Diversae
1614 1754 1645 1777 ab
1662 1754 1698 1777 his
1714 1756 1768 1777 sunt
1785 1753 1899 1782 genuinae
1921 1753 2097 1775 Bonaventurae

1244 1804 1375 1828 collationes
1392 1804 1415 1826 in
1440 1804 1561 1830 loannem,
1582 1809 1595 1825 a
1613 1803 1637 1825 P.
1653 1792 1730 1825 Fidele
1747 1807 1760 1824 a
1771 1801 1847 1824 Fanna
1865 1800 1941 1829 primo
1953 1800 2059 1822 inventae
2075 1801 2098 1821 et

1244 1853 1289 1875 hoc
1305 1854 1368 1875 tomo
1386 1851 1526 1880 impressae,
1543 1856 1604 1879 quae
1621 1850 1651 1873 ita
1669 1849 1768 1872 indolem
1786 1848 1901 1877 seraphici
1918 1846 2023 1870 Doctoris
2039 1847 2097 1869 rete-

1244 1902 1311 1926 runt,
1330 1901 1354 1922 ut
1370 1899 1399 1922 de
1416 1904 1473 1921 vero
1489 1900 1585 1920 auctore
1600 1903 1647 1920 non
1664 1896 1737 1925 possit
1753 1895 1866 1923 dubitari,
1883 1894 1973 1918 etiamsi
1990 1894 2098 1917 deessent

1245 1945 1377 1969 authentica
1395 1944 1532 1968 testimonia.

1308 1993 1370 2016 Haec
1386 1995 1440 2016 sunt
1456 1998 1526 2020 opera
1544 1992 1566 2014 in
1583 1991 1620 2014 ed.
1633 1991 1742 2014 Vaticana
1760 1990 1873 2019 impressa
1884 1991 1907 2012 et
1923 1989 2098 2012 Bonaventurae

1247 2041 1343 2069 tributa,
1360 2046 1420 2070 quae
1436 2039 1468 2063 ob
1485 2039 1677 2068 gravissimorum
1700 2040 1892 2067 argumentorum
1915 2036 2028 2059 rationem
2045 2040 2099 2058 cen-

1246 2095 1326 2111 semus
1341 2087 1496 2116 expungenda
1514 2092 1541 2109 ex
1565 2086 1671 2114 catalogo
1689 2085 1794 2108 eiusdem
1817 2089 1924 2112 operum.
1942 2083 2099 2105 Transeamus

1246 2142 1308 2158 nunc
1325 2135 1355 2158 ad
1375 2134 1527 2158 examinanda
1544 2139 1570 2156 ea
1593 2138 1665 2161 opera
1682 2131 1798 2160 exegetica
1809 2148 1815 2159 ,
1836 2137 1897 2160 quae
1918 2130 1942 2152 P.
1960 2129 2098 2152 Benedictus

1246 2182 1332 2204 Bonelli
1349 2181 1371 2204 in
1388 2187 1431 2204 suo
1448 2179 1617 2210 Supplemenlo
1636 2179 1811 2201 Bonaventurae
1827 2175 1930 2200 attribuit
1942 2178 1964 2199 et
1978 2175 2039 2204 typis
2056 2177 2099 2197 tra-

1247 2229 1314 2252 didit.
1330 2228 1407 2256 lnviti‚
1424 2228 1466 2251 sed
1487 2227 1584 2250 veritate
1600 2228 1711 2254 cogente,
1733 2225 1867 2248 accedimus
1889 2224 1919 2247 ad
1936 2222 2098 2252 probandum,

1247 2276 1369 2305 egregium
1382 2277 1444 2298 hunc
1460 2275 1551 2301 virum,
1567 2274 1606 2297 cui
1622 2274 1756 2296 defecerunt
1772 2271 1872 2300 plurima
1886 2271 2027 2294 documenta
2038 2275 2099 2292 nunc

1248 2323 1270 2345 in
1287 2322 1405 2351 publicam
1423 2322 1498 2344 lucem
1516 2320 1644 2349 producta,
1661 2320 1683 2342 in
1701 2320 1736 2342 his
1752 2317 1930 2342 Commentariis
1950 2316 2099 2340 recensendis

1248 2376 1292 2392 non
1310 2369 1419 2392 habuisse
1436 2367 1521 2391 laboris
1532 2373 1672 2396 prosperum
1688 2371 1822 2389 successum
1830 2382 1836 2392 ‚
1847 2364 1892 2388 nisi
1902 2364 1925 2387 in
1936 2363 1986 2386 solo
1998 2362 2099 2391 genuino

1247 2417 1373 2446 Evangelio
1390 2416 1480 2439 loannis
1496 2415 1600 2443 edendo,
1617 2414 1639 2437 in
1650 2413 1733 2445 ceteris
1744 2419 1801 2436 vero
1813 2411 1967 2435 diiudicandis
1979 2411 2099 2434 defecisse.

1311 2464 1325 2493 S
1340 2464 1362 2487 7.
1379 2463 1410 2487 De
1426 2462 1574 2494 Expositione
1590 2461 1616 2485 in
1633 2459 1753 2485 Canticum
1770 2458 1924 2483 (leuticorum.

1311 2510 1407 2539 lncipit:
1425 2511 1452 2533 In
1469 2509 1565 2540 speculo
1588 2507 1654 2531 brevi
1674 2508 1697 2530 et
1719 2507 1802 2536 aperto
1828 2504 1937 2529 contueri
1960 2503 2100 2528 volentibus.

1250 2558 1377 2582 Osculetur
1394 2564 1439 2581 me.

1311 2606 1352 2628 Hic
1374 2603 1560 2628 Commentarius
1582 2602 1658 2631 primo
1675 2601 1752 2624 editus
1773 2603 1808 2623 est
1830 2607 1843 2623 a
1866 2599 1989 2623 Benedicto
2013 2597 2100 2621 Bonelli

1250 2653 1380 2683 (Supplem.
1392 2653 1407 2675 1.
1419 2652 1463 2674 col.
1479 2651 1575 2678 51-281,
1592 2649 1632 2679 qui
1650 2648 1681 2671 ibi
1699 2648 1722 2671 in
1739 2648 1840 2676 praefixa
1857 2645 2020 2670 Admonitione
2037 2647 2060 2668 et
2076 2645 2100 2667 in

1249 2699 1377 2722 Prodromo
1394 2697 1446 2727 (col.
1471 2696 1527 2725 729)
1550 2702 1605 2719 eum
1628 2696 1652 2718 S.
1673 2695 1849 2717 Bonaventurae
1870 2693 1989 2716 vindicare
2010 2691 2098 2714 nititur.

1249 2747 1350 2769 Primam
1366 2751 1410 2774 pro
1427 2750 1469 2768 sua
1491 2743 1604 2767 sententia
1626 2742 1740 2765 rationem
1762 2741 1838 2764 haurit
1858 2746 1885 2763 ex
1907 2738 2050 2768 argumentis
2066 2738 2101 2760 in-

1249 2793 1366 2820 trinsecis,
1391 2791 1477 2815 scilicet
1499 2790 1564 2820 quod
1589 2792 1669 2812 auctor
1685 2789 1715 2812 sit
1738 2788 1818 2816 italus,
1835 2787 1865 2810 sit
1888 2788 1957 2809 trater
1975 2785 2055 2814 Minor,
2072 2784 2101 2808 sit

1250 2841 1274 2863 S.
1290 2841 1459 2863 Bonaventura.
1475 2839 1519 2861 Pro
1536 2843 1602 2860 more
1618 2843 1660 2859 suo
1678 2836 1701 2858 in
1718 2835 1777 2858 notis
1799 2834 1913 2863 opusculo
1935 2832 2031 2856 adiectis
2051 2831 2102 2855 dili-

1250 2887 1384 2916 gentissime
1401 2885 1522 2915 probavit,
1540 2885 1611 2907 multa
1627 2884 1651 2906 in
1668 2884 1719 2912 ipso
1735 2882 1861 2905 convenire
1877 2887 1931 2904 cum
1954 2868 2046 2908 scriptis
2066 2884 2102 2901 se-

1250 2934 1339 2963 raphici
1355 2932 1472 2961 Doctoris,
1489 2938 1550 2961 quae
1566 2931 1596 2954 ab
1613 2931 1664 2959 ipso
1681 2930 1781 2953 iudicatu
1798 2931 1852 2952 sunt
1863 2934 1914 2951 esse
1925 2927 1998 2951 certa.
2013 2938 2043 2942 —
2055 2925 2101 2948 Sed

1252 2982 1310 3011 quid
1326 2981 1453 3004 sentiamus
1469 2979 1499 3002 de
1516 2978 1552 3002 tali
1570 2977 1730 3005 conclusione,
1747 2977 1793 2999 iem
1811 2981 1882 3004 supra
1900 2974 1923 3004 (S
1940 2974 1972 3003 2.)
1994 2973 2101 2996 diximus.
