2296 3316
3 497 12 534 'l

9 110 15 178 l

9 180 11 213 l

4 262 12 348 ,l

4 345 24 439 l,

8 425 9 438 1
26 424 35 438 Β

47 418 132 437 secundo.

738 149 907 178 COMMENT.
934 150 965 178 IN
987 151 1176 179 SAPIENTIAM
1199 152 1225 180 C.
1249 153 1314 181 xvl.

150 234 244 254 omnes
266 226 340 262 impii
356 230 382 255 et
403 230 576 263 peccatores,
592 227 639 255 sed
653 227 819 255 miseriores
840 235 936 263 omnes
955 227 995 255 in-

149 273 262 306 fideles,
281 272 327 301 sed
357 273 519 301 miserrimi
539 273 610 301 idola
641 274 768 302 colentes.
802 274 915 310 Propter
943 274 994 302 hoc

149 319 218 347 bene
238 319 312 347 dixi:
334 319 389 348 Sed
417 323 440 347 el
462 319 608 348 animalia
634 321 804 349 miserrima
825 320 922 348 colunt
930 331 939 353 ,·
967 320 993 348 in

148 366 266 394 Psalmo:
286 377 299 390 «
314 366 490 394 Mutaverunt
504 366 619 402 gloriam
641 374 718 394 suam
737 367 765 394 in
786 366 992 395 similitudinem

148 412 226 441 vituli
246 412 413 441 comedentis
434 412 544 441 foenum
559 424 585 440 ».
610 413 762 441 lnsensata
782 413 879 444 enim,-
900 413 992 446 enim,

148 466 198 495 pro
219 458 281 491 sed;
303 458 467 491 insensata,
488 458 515 486 id
529 461 570 486 est
591 461 713 492 statuae,
735 462 909 494 compamata
931 457 992 491 liis,

148 505 250 534 scilicet
270 505 449 539 animalibus,
465 505 522 533 illis
537 505 682 533 deteriora
696 508 778 538 sunt,
801 505 878 541 quia,
894 513 992 533 secun-

147 552 213 580 dum
234 552 446 588 Augustinu1111,
462 551 560 580 melius
580 555 621 579 est
638 552 731 580 vivens
752 560 804 580 non
827 552 951 586 vivente,
966 555 993 580 et

148 598 267 627 sentiens
287 606 341 626 non
357 598 504 631 sentiente;
528 597 600 626 unde
614 597 720 626 Glossa:
747 609 761 622 «
773 598 801 626 ln
823 598 938 626 veritate
953 598 992 626 vi-

147 644 238 673 ventia
258 644 373 672 meliora
387 646 452 672 sunt
474 644 602 677 mortuis,
621 647 648 672 et
670 644 807 673 sensibilia
829 644 992 673 insensibili-

146 690 214 724 bus,
230 693 257 718 et
278 690 421 718 rationalia
439 690 653 719 irrationalibus.
677 690 728 719 Sed
745 691 859 727 dignum
882 690 945 724 suit,
962 694 993 719 ut

147 737 195 774 qui
215 736 373 765 Creatorem
394 736 557 773 ignorabant
578 737 603 764 in
627 737 762 765 creaturis
789 737 990 766 distinctionem

130 778 132 780 ¹
147 791 200 812 non
223 783 325 811 scirent
337 795 363 811 ».

10 861 11 872 l

10 875 33 903 be
39 883 92 902 tertio
99 883 142 901 duo.

10 930 71 949 Colunt
86 930 131 948 irra-

32 953 113 972 nonalia.

10 1571 11 1575 ¹
51 1570 127 1589 Divisio.

225 830 314 864 (Vers.
342 830 406 865 19.).
433 830 489 858 Sed
517 838 568 858 nec
600 833 717 866 aspectu
738 833 789 858 etc.
819 830 857 858 lta
887 830 992 859 dictum

147 879 203 911 est,
225 876 299 913 quod
320 876 391 905 idola
416 884 465 905 nec
492 876 609 905 audiunt
629 885 679 905 nec
705 877 797 905 vident
818 877 921 914 aliquid
949 878 992 906 vel

147 926 330 961 cognoscunt;
352 931 401 952 nec
432 924 521 952 solum
553 923 598 951 illa
630 924 698 952 nihil
730 923 834 956 vident,
865 924 915 952 secl
942 933 992 952 nec

147 973 263 1007 aspectu
295 970 435 1008 aliquod²
463 979 497 999 esc
526 969 571 999 bis
601 970 781 999 animalibus
807 970 882 999 bona
900 975 993 1007 potest

147 1017 317 1054 conspicere.
333 1017 388 1046 Sed
408 1027 458 1046 nec
473 1022 604 1055 aspectu,
627 1018 704 1054 quasi
720 1018 806 1046 dicat:
829 1026 882 1046 non
903 1018 992 1047 solum

147 1064 174 1093 in
195 1064 317 1093 absentia
331 1072 380 1101 per
401 1065 637 1101 imaginationem,
660 1064 707 1093 sed
722 1073 771 1093 nec
792 1065 819 1093 in
838 1065 993 1102 praesentia

147 1118 196 1148 per
217 1119 344 1145 sensum;
366 1111 486 1149 aliquod
506 1120 540 1140 ex
560 1111 605 1140 liis
627 1111 821 1146 animalibus,
844 1120 915 1149 quae
940 1112 992 1140 sci-

1839 158 1894 185 909

1053 228 1115 256 licet
1143 229 1252 263 colunt,
1281 230 1355 259 bona
1380 235 1471 267 potest
1499 233 1676 269 conspicere,
1705 233 1732 262 id
1760 236 1801 262 est
1826 234 1897 262 bona

1051 275 1206 311 aspiciendo
1227 284 1406 313 cognoscere,
1429 282 1455 306 et
1476 279 1681 315 intelligendum
1703 283 1743 308 est
1767 280 1800 309 de
1818 280 1896 309 bonis

1052 321 1189 355 honestis,
1211 330 1282 359 quae
1303 327 1368 351 sunt
1389 324 1459 352 bona
1481 325 1648 361 simpliciter,
1671 329 1702 354 ut
1723 330 1787 355 sunt
1808 327 1895 355 virtu-

1052 370 1091 395 tes
1112 371 1138 395 et
1161 368 1330 403 huiusmodi,
1351 378 1404 398 non
1425 371 1458 399 de
1474 371 1551 399 bonis
1572 373 1699 406 utilibus,
1715 374 1757 401 vel
1778 373 1895 402 delecta-

1051 414 1164 447 bilibus,
1180 423 1250 451 quae
1265 419 1329 443 sunt
1352 416 1422 444 bona
1437 418 1586 446 secundum
1603 419 1669 455 quid
1681 419 1700 446 ⁸.
1724 418 1895 457 Effugerunt

1050 465 1147 489 autem
1167 466 1231 495 etc,
1254 463 1332 499 quasi
1353 463 1439 491 dicat:
1463 464 1499 492 ita
1526 466 1687 494 miserrimi
1707 466 1803 494 colunt
1831 468 1895 495 ani-

1049 508 1158 540 malia‚·
1181 512 1287 543 autem,
1311 517 1360 545 pro
1381 510 1440 543 sed,
1455 510 1616 548 effugerunt
1631 515 1680 540 etc.
1698 513 1761 541 Vel:
1784 517 1894 547 aulem,

1049 555 1101 582 hoc
1122 558 1162 583 est
1184 559 1257 584 certe
1278 556 1391 585 colendo
1412 557 1555 591 animalia,
1576 557 1739 595 effuyerunt
1761 560 1812 587 Dei
1832 560 1895 588 lau-

1049 601 1111 629 dem
1133 605 1157 629 et
1179 601 1396 630 benedictionem
1424 604 1499 637 eius,
1522 605 1599 640 quasi
1625 605 1711 634 dicat:
1734 614 1783 635 nec
1804 607 1894 643 ipsum

1049 647 1135 675 Deum
1165 648 1348 677 laudaverunt
1375 657 1425 678 nec
1453 650 1674 685 benedixerunt3
1701 652 1816 681 laudem
1844 661 1894 689 pro

1049 694 1108 722 eius
1123 694 1244 722 bonitate
1265 695 1292 723 in
1314 703 1358 729 se,
1379 700 1404 723 et
1426 696 1641 725 benedictionem
1664 707 1714 735 pro
1732 699 1792 727 eius
1813 699 1894 728 bene—

1048 739 1157 768 ficentia
1178 740 1210 768 ad
1226 748 1282 769 nos.
1302 741 1402 769 Contra
1417 750 1487 778 quae
1504 743 1559 771 duo
1577 743 1679 772 dicitur
1700 745 1727 772 in
1749 745 1854 773 Psalmo
1868 746 1892 773 4:

1054 798 1066 811 «
1081 786 1251 815 Contitemini
1268 788 1394 822 Domino,
1407 790 1535 825 quoniam
1552 790 1640 819 bonus
1652 803 1677 824 »,
1690 791 1792 819 scilicet
1806 791 1837 819 in
1851 800 1893 825 se,

1053 834 1211 869 «quoniam
1233 834 1259 861 in
1282 835 1422 863 saeculum
1445 836 1632 864 misericordia
1653 837 1712 865 eius
1733 849 1760 870 »,
1782 837 1808 865 id
1833 841 1892 871 est,

1048 880 1178 916 quoniam
1194 880 1372 909 beneficentia
1392 882 1595 911 misericordiae
1613 883 1672 911 eius
1693 883 1726 911 ad
1748 892 1843 912 omnes
1865 892 1893 913 se

1048 926 1187 959 extendit;
1210 929 1236 955 et
1256 927 1322 955 dicit
1342 927 1521 965 effuyerunt,
1537 937 1590 957 non
1613 930 1701 957 solum
1723 930 1797 959 intus
1812 930 1893 959 corde

1049 980 1103 1000 non
1126 972 1268 1001 laudantes
1289 976 1315 1002 et
1336 982 1389 1002 non
1409 975 1611 1009 benedicentes,
1634 976 1680 1004 sed
1696 984 1745 1004 nec
1766 985 1814 1005 ore
1828 985 1888 1005 con-

1048 1019 1168 1053 fitentes,
1191 1022 1287 1048 contra
1308 1020 1382 1056 quod
1403 1021 1436 1049 ad
1458 1022 1593 1050 Romanos
1607 1022 1750 1051 deci1n05:
1778 1035 1791 1047 «
1805 1023 1892 1052 Corde

1049 1065 1171 1094 creditur
1193 1066 1226 1094 ad
1248 1066 1392 1101 iustitiam,
1415 1075 1462 1095 ore
1483 1071 1575 1096 autem
1598 1069 1629 1096 fit
1649 1069 1782 1098 consessio
1802 1070 1835 1098 ad
1850 1078 1892 1098 sa-

1049 1112 1133 1140 lutem
1151 1125 1176 1140 n.

901 1245 1061 1274 CAPrrULUM
1082 1246 1147 1274 xvi.

211 1377 342 1406 Secundo
363 1377 574 1405 determinatur
595 1378 628 1406 (Ie
649 1377 792 1414 supplicio
811 1387 920 1415 poenae

467 1424 666 1461 culpabilium.

226 1517 350 1554 Propter
375 1516 444 1546 baec
472 1521 497 1546 et
524 1517 568 1546 bis
596 1518 707 1546 similia
727 1521 778 1547 etc.
801 1519 946 1556 Postquam
975 1528 991 1547 a

145 1563 251 1592 decimo
275 1564 355 1592 tertio
379 1564 499 1601 capitulo
520 1565 574 1601 egit
594 1565 627 1593 de
652 1565 751 1594 merito
778 1566 875 1602 culpae
900 1566 990 1602 quoad

144 1618 245 1647 poenas
259 1610 400 1647 graviores
413 1611 552 1639 ordinatas
574 1611 607 1639 ad
623 1612 876 1641 condemnationem
894 1612 990 1649 impio-

144 1666 219 1691 rum,
241 1657 286 1686 hic
304 1657 359 1694 agit
379 1657 413 1685 de
427 1657 570 1694 supplicio
590 1667 711 1695 poenae,
726 1661 753 1686 et
774 1659 863 1694 primo
878 1659 911 1687 de
926 1667 989 1695 poe—

143 1704 185 1733 nis
206 1703 434 1732 antecedentibus
455 1707 592 1738 mortem,
614 1705 717 1733 scilicet
741 1705 769 1732 in
797 1705 848 1733 isto
870 1705 990 1741 capitulo

143 1753 169 1779 et
199 1750 304 1779 decimo
336 1750 470 1787 septim0;
503 1751 638 1785 secundo,
660 1751 693 1779 de
719 1752 813 1788 poenis
842 1750 989 1788 inferenti-

143 1797 196 1826 bus
216 1801 354 1831 mortem,
380 1797 483 1826 scilicet
504 1797 624 1834 capitulo
652 1798 757 1826 decimo
779 1801 875 1827 octavo
896 1801 923 1827 et
943 1798 989 1827 de-

144 1852 215 1873 clmo
236 1852 316 1872 nono.

196 1944 270 1967 Primo
288 1944 368 1974 agitur
385 1944 411 1967 de
428 1944 516 1967 duabus
533 1944 609 1975 poenis
627 1944 814 1969 antecedentibus
830 1946 932 1969 mortem.

221 2031 249 2059 In
264 2031 354 2067 prima
367 2031 457 2067 primo
471 2030 526 2067 agit
547 2030 580 2059 de
588 2038 682 2067 poena
699 2039 815 2065 sensus,
837 2031 940 2066 scilicet
954 2031 987 2060 de

141 2078 285 2115 plagarum
307 2078 487 2111 immissione,
510 2078 613 2106 scilicet
628 2078 748 2114 capitulo
768 2078 833 2113 isto;
852 2078 986 2112 secundo,

141 2125 175 2153 de
196 2132 283 2161 poena
302 2124 418 2158 damni,
441 2125 544 2153 scilicet
561 2124 595 2153 de
610 2125 680 2153 lucis
694 2125 894 2159 subtractione,
913 2125 986 2162 capi-

142 2171 200 2199 tulo
221 2171 326 2200 decimo
347 2171 471 2208 septimo.

402 2271 431 2294 De
447 2278 517 2301 poene.
533 2278 613 2294 sensus
630 2271 723 2302 duplici.

219 2357 248 2385 In
268 2357 357 2394 prima
378 2357 468 2394 primo
488 2357 521 2386 de
543 2365 630 2394 poena
658 2357 762 2386 inflicta
783 2365 831 2394 per
854 2365 898 2386 res
919 2358 985 2386 ani-

140 2408 255 2437 matas,·
276 2404 408 2438 secundo,
423 2404 457 2433 de
478 2412 565 2441 poena
578 2404 682 2433 inflicta
702 2412 751 2441 per
770 2412 815 2433 res
835 2405 985 2433 inanima-

142 2453 203 2479 tas:
226 2450 368 2487 Neqantes
389 2451 465 2479 enim
487 2454 518 2479 te.

1159 1378 1236 1401 Prima.
1253 1386 1322 1409 poena.
1340 1386 1432 1409 sensus,
1451 1379 1541 1403 inflicta
1557 1387 1595 1410 per
1612 1387 1648 1403 res
1665 1380 1787 1404 animatas.

1127 1473 1154 1501 ln
1176 1473 1266 1509 prima
1287 1474 1376 1509 primo
1402 1474 1523 1511 tangitur
1545 1475 1737 1511 Aegyptiorum
1759 1483 1808 1512 per
1830 1476 1893 1504 vilia

1048 1519 1176 1547 animalia
1190 1523 1216 1548 et
1230 1520 1327 1548 nociva
1339 1520 1452 1557 punitio
1461 1531 1470 1553 ,·
1485 1521 1620 1555 secundo,
1636 1525 1748 1550 econtra
1759 1522 1893 1552 Hebraeo-

1048 1574 1111 1593 rum
1140 1573 1189 1602 per
1210 1565 1381 1595 delectabilia
1404 1567 1531 1595 animalia
1552 1568 1722 1596 consolatio:
1745 1569 1805 1597 Pro
1829 1569 1892 1607 qui-

1048 1612 1101 1640 bus
1122 1615 1189 1646 etc.;
1215 1613 1312 1646 tertio,
1335 1621 1431 1642 eorum
1457 1614 1490 1642 ab
1518 1614 1682 1644 animalibus
1703 1616 1806 1644 nocivis
1827 1616 1892 1644 libe—

1048 1659 1142 1687 ratio:
1165 1660 1294 1692 Etenim,·
1316 1663 1428 1696 quarto,
1444 1661 1598 1697 praedictae
1614 1662 1764 1698 punitionis
1781 1666 1807 1691 et
1826 1663 1891 1692 libe-

1047 1705 1161 1733 rationis
1182 1706 1274 1734 ratio:
1297 1707 1332 1734 In
1353 1705 1405 1734 boc
1426 1710 1530 1735 autem.

1127 1752 1214 1788 (Vers.
1236 1753 1278 1787 l.).
1298 1753 1419 1790 Propter
1435 1752 1517 1787 baec,
1533 1754 1635 1783 scilicet
1656 1755 1721 1791 quia
1742 1756 1888 1784 miserrimi

1047 1799 1171 1837 colebant
1192 1799 1262 1827 idola
1273 1799 1293 1833 ⁶,
1315 1799 1372 1828 sive
1394 1803 1506 1836 propter
1528 1801 1695 1830 idololatriae
1717 1806 1842 1838 peccata,
1864 1807 1890 1831 et

1046 1843 1091 1873 liis
1112 1845 1239 1879 similia,
1262 1845 1288 1874 id
1313 1848 1354 1874 est
1374 1850 1488 1882 propter
1509 1847 1561 1875 alia
1589 1851 1699 1883 peccata
1721 1848 1888 1877 idololatriae

1046 1891 1192 1931 praedictis
1223 1892 1336 1926 similia,
1355 1893 1441 1929 passi
1469 1896 1538 1920 sunt
1559 1893 1643 1930 digne
1675 1897 1830 1927 tormenta;
1855 1895 1887 1923 ad

1046 1938 1176 1974 Ephesios
1203 1939 1318 1975 quinto:
1345 1939 1491 1976 «Propter
1519 1940 1586 1968 haec
1615 1941 1689 1969 venit
1718 1941 1758 1969 ira
1786 1942 1833 1970 Dei
1862 1942 1888 1970 in

1045 1985 1115 2014 filios
1141 1985 1307 2014 diffidentiae
1329 1997 1359 2020 »3
1385 1986 1590 2015 Deuteronomii
1619 1987 1749 2024 vigesimo
1776 1988 1887 2027 quinto:

1050 2044 1063 2057 «
1085 2032 1135 2060 Pro
1156 2040 1288 2061 mensura
1315 2033 1416 2069 peccati
1439 2033 1492 2061 erit
1513 2036 1539 2061 et
1567 2034 1710 2070 plagarum
1741 2035 1839 2063 modus
1860 2047 1886 2062 ».

1044 2079 1101 2107 Non
1123 2079 1195 2108 enim
1216 2079 1297 2108 debet
1317 2087 1376 2108 esse
1397 2079 1516 2108 dedecus
1537 2081 1633 2117 culpae
1655 2081 1712 2109 sine
1733 2081 1831 2110 decore
1846 2082 1888 2110 iu-

1043 2126 1131 2154 stitiae
1154 2126 1196 2154 vel
1211 2126 1358 2160 vindictae,
1381 2127 1532 2155 secundum
1553 2127 1765 2164 Augustinqu
1790 2129 1823 2156 Et
1836 2137 1887 2165 per

1044 2172 1258 2201 multitudinem
1280 2172 1455 2206 bestiarum,
1478 2176 1580 2201 terram
1603 2174 1705 2202 scilicet
1723 2182 1819 2202 eorum
1842 2183 1887 2203 va-

1043 2220 1191 2253 stantium,
1213 2223 1244 2247 ut
1265 2228 1441 2253 muscarum,
1463 2220 1632 2248 locustarum
1654 2224 1680 2249 et
1702 2228 1833 2249 ranarum
1862 2225 1887 2250 et

1043 2266 1216 2299 huiusmodi;
1238 2266 1424 2294 exterminati
1437 2270 1519 2300 sunt,
1542 2267 1568 2294 id
1583 2270 1624 2295 est
1645 2267 1766 2303 graviter
1780 2267 1886 2301 afflicti,

1042 2316 1069 2341 et
1089 2313 1258 2350 fortealiqui
1280 2321 1377 2342 eorum
1392 2313 1489 2347 occisi;
1511 2321 1595 2350 supra
1609 2314 1786 2342 duodecimo:
1813 2326 1826 2339 «
1838 2315 1887 2343 Per

1042 2360 1109 2388 haec
1131 2368 1201 2396 quae
1223 2360 1384 2393 coluerunt,
1403 2360 1500 2389 dedisti
1515 2361 1554 2388 eis
1576 2368 1683 2388 summa
1705 2364 1841 2389 tormenta
1854 2372 1885 2395 »;

1041 2405 1246 2433 Deuteronomii
1268 2405 1409 2442 trigesimo
1423 2406 1560 2434 secundo.-
1586 2418 1599 2431 «
1615 2406 1714 2435 Dentes
1735 2406 1884 2435 bestiarum

1040 2452 1185 2480 immittam
1203 2452 1231 2480 in
1253 2460 1336 2481 eos».

203 2669 211 2682 ¹
229 2671 289 2693 Vide
305 2677 377 2699 supra
393 2677 446 2699 pag.
465 2672 522 2700 208,
540 2675 595 2694 nota
611 2672 633 2694 9.
645 2684 675 2689 —
687 2672 779 2700 Glossa‚
795 2679 855 2702 quae
873 2674 984 2702 sequitur,

140 2711 175 2731 est
191 2708 316 2732 ordinaria
332 2715 359 2732 ex
379 2709 482 2732 Rabano.

202 2746 212 2760 ⁹
230 2749 272 2771 Pro
289 2748 398 2778 aliquod,
415 2750 479 2778 quod
497 2749 565 2772 etiam
577 2750 640 2772 card.
652 2750 719 2778 Hugo
731 2753 753 2772 et
764 2751 867 2778 Lyranus
883 2754 983 2779 ponunt,

140 2786 238 2815 Vulgata
256 2786 350 2816 aliquis.

203 2824 212 2837 ¹³
229 2826 273 2848 Csr.
290 2832 360 2854 supra
377 2833 431 2855 pag.
450 2827 506 2855 165,
524 2830 580 2851 nota
594 2827 616 2850 4.
635 2840 666 2844 —
682 2829 793 2856 Superius
811 2835 823 2850 e
843 2829 911 2852 codd.
932 2836 984 2857 sup-

140 2865 256 2893 plevimus
273 2865 297 2888 id
313 2868 347 2889 est
363 2865 424 2889 bona
440 2866 573 2896 aspiciendo
591 2873 737 2896 coque-scere.

201 2903 211 2916 ⁴
229 2905 311 2927 Psalni.
338 2906 395 2932 105,
423 2906 441 2927 l.
468 2906 518 2928 Vat.
536 2906 619 2928 omittit
644 2906 757 2936 quoniam
781 2907 806 2929 in
834 2907 984 2931 saeculum...

141 2949 261 2972 quomam.

233 2989 260 3013 S.
277 2990 366 3013 Bonav.
376 3003 408 3007 —
420 2991 488 3013 Tom.
505 2991 543 3013 Vl.

1103 2672 1194 2696 ⁶-Vers.
1214 2674 1251 2696 lo.

1103 2711 1112 2724 θ
1130 2713 1259 2740 Respicitur
1276 2719 1346 2740 supra
1364 2713 1406 2741 15,
1424 2713 1461 2735 418.
1478 2725 1509 2729 -
1526 2712 1627 2735 Subinde
1644 2712 1723 2735 verbis
1739 2714 1761 2735 et
1777 2712 1812 2735 Itis
1831 2713 1884 2735 Vul-

1041 2755 1092 2780 gata
1110 2753 1223 2775 interserit
1238 2758 1288 2781 per,
1305 2752 1369 2781 quod
1390 2752 1458 2774 etiam
1481 2752 1543 2774 card.
1560 2753 1627 2780 Hugo
1649 2755 1671 2774 et
1693 2753 1796 2779 Lyranus
1819 2752 1883 2774 omit-

1041 2794 1097 2813 tunt.
1114 2804 1144 2808 —
1161 2792 1211 2813 Duo
1228 2798 1292 2820 seqq.
1309 2791 1351 2813 loci
1369 2794 1422 2813 sunt
1439 2792 1495 2819 Eph.
1514 2791 1540 2818 5,
1559 2791 1580 2813 6,
1597 2794 1619 2813 ct
1636 2791 1700 2813 Deut.
1719 2791 1761 2817 25,
1780 2792 1799 2813 2.

1103 2829 1111 2842 ⁷
1129 2830 1189 2852 Libr.
1207 2831 1239 2852 lll.
1259 2830 1287 2852 de
1304 2830 1353 2852 Lib.
1370 2829 1425 2852 Arb.
1443 2836 1462 2852 r.
1480 2831 1516 2852 15.
1534 2837 1557 2852 n.
1575 2830 1611 2852 44.
1629 2830 1724 2858 aliisque
1741 2830 1795 2852 locis
1812 2835 1881 2857 saepo

1040 2876 1052 2891 a
1072 2870 1160 2891 Bonav.
1177 2869 1286 2896 allegatis.
1303 2869 1362 2893 Vide
1384 2875 1454 2896 supra
1477 2875 1530 2896 pag.
1550 2869 1604 2897 140Υ
1623 2872 1674 2891 nota
1694 2869 1714 2890 l.
1732 2881 1762 2884 —
1779 2868 1881 2890 Subinde

1041 2908 1167 2935 allegantur
1184 2908 1237 2935 Sap.
1259 2908 1296 2935 ¹2,
1313 2908 1350 2929 ⁴23.
1368 2910 1390 2929 et
1407 2908 1470 2929 Dent.
1490 2908 1531 2935 32,
1549 2907 1587 2929 24.

1758 2991 1787 3012 27

1917 427 2022 450 Effugerunt

1937 451 2002 470 Deum.

1914 1483 2022 1506 Tanguntui·

1923 1509 2008 1529 quatuor.

1907 1763 2001 1785 Exposita>

1906 1786 1998 1804 litteralis.

1908 1809 1933 1827 De
1947 1810 2013 1833 prima.
