2296 3316
54 1222 110 1246 Resp.

8 1266 57 1296 ’111101-
68 1269 112 1288 hae-

14 1300 16 1303 ·
21 1297 73 1312 rosis.

54 1783 83 1802 Ad
95 1783 112 1802 2.

745 108 915 136 COMMENT.
937 108 970 136 IN
991 107 1136 136 IOANNEM
1157 108 1185 136 C.
1208 108 1249 137 Vl.

124 189 242 228 paratio
257 189 314 218 sive
328 187 500 217 conservatio
514 187 572 216 sine
587 185 796 215 manducatione
809 185 972 222 spirituali,

127 244 198 274 quae
219 238 260 264 est
273 243 323 272 per
344 234 426 263 fidem
440 236 467 262 et
487 233 647 267 caritatem,
669 231 716 261 sed
730 234 820 269 potest
840 239 900 260 esse
914 232 973 260 sine

126 280 342 311 sacramentali.
359 280 502 309 Ideo-haec
519 282 561 308 est
575 278 730 308 necessaria
747 278 859 312 adultis,
882 285 973 306 sacra-

127 327 253 357 mentalis
267 335 346 361 vero,
364 326 414 355 etsi
429 334 484 354 non
502 326 537 354 sit
553 325 588 354 de
601 324 776 358 necessitate,
792 327 883 353 tamen
900 324 972 353 mul-

127 377 182 403 tam
204 376 325 411 praestat
344 373 506 407 utilitatem,
528 372 594 409 quia
614 372 718 400 virtute
735 371 902 400 Sacramenti
923 379 973 400 au-

127 423 209 458 getur
229 420 258 449 in
279 419 357 448 nobis
378 427 460 448 omne
480 419 586 447 bonum
598 420 617 446 ¹.

206 467 232 495 2.
254 465 333 502 Quod
360 473 426 502 ergo
453 465 583 494 obiicitur
603 464 637 493 de
664 472 748 493 carne
769 466 797 492 et
824 463 972 500 sanguine,

106 535 110 540 .
127 512 242 549 exponit
256 512 425 549 Augustinus
436 512 447 529 2
461 511 495 540 de
512 513 578 548 potu
594 513 622 540 et
639 511 700 540 cibo
713 510 879 548 spirituali;
900 510 974 539 unde

132 571 147 585 α
160 559 234 594 vult,
255 558 369 595 intelligi
391 558 488 587 cibam
508 561 533 586 et
552 561 654 595 potum
671 557 828 586 societatem
849 556 974 594 corporis

127 609 154 636 et
173 606 378 640 membrorum,
399 613 471 642 quae
491 607 533 634 est
553 607 647 634 sancta
671 604 791 633 Ecclesia
811 604 838 632 in
859 603 974 640 praede-

127 653 234 682 stinatis
254 655 282 681 et
309 651 412 681 vocatis
433 650 534 680 sanctis
561 653 589 679 et
609 650 737 679 fidelibus
764 650 824 679 eius
838 661 865 684 »,
893 652 974 678 extra

127 707 210 737 quam
231 699 326 728 nullus
347 698 477 727 salvatur.

206 745 251 775 93.
273 746 383 782 Quaest.
399 745 440 773 IV.
463 745 530 773 Item
550 744 583 773 de
598 744 721 773 utilitate
735 744 893 781 quaeritur:
917 743 975 779 Qui

126 793 288 823 manducat
307 801 403 821 meam
423 800 543 820 carnem
563 794 614 820 etc.

208 841 232 868 1.
254 839 330 868 Multi
352 839 425 868 enim
440 838 622 873 manducant,
640 838 688 876 qui
703 841 794 867 tamen
813 838 974 867 moriuntur

127 889 154 915 01
174 886 354 920 damnantur,
376 885 448 914 sicut
469 884 556 913 Iudas.

206 934 232 961 2.
254 933 336 967 Item,
359 932 430 960 sicut
457 931 540 960 Filius
568 931 636 959 vivit
656 934 770 968 propter
798 931 906 960 Patrem
934 931 974 959 vi-

127 981 253 1014 ventem,
275 979 314 1008 sic
344 979 446 1007 dicitur
467 978 496 1007 in
525 978 618 1008 littera
629 978 650 1012 ⁸,
672 977 746 1015 quod
777 985 827 1007 nos
855 977 974 1006 vivimus

127 1029 241 1063 propter
267 1026 379 1059 Filium;
407 1025 454 1054 sed
481 1025 565 1053 Filius
592 1033 647 1053 non
668 1024 859 1053 manducando
887 1024 972 1052 vivit:

128 1080 194 1109 ergo
221 1072 280 1109 pari
309 1072 414 1100 ratione
441 1074 469 1100 et
489 1078 554 1105 nos;
576 1073 625 1099 aut
653 1070 674 1099 si
696 1078 746 1099 nos
774 1070 974 1098 manducamus

127 1119 241 1153 Filium,
262 1127 351 1156 quare
371 1127 426 1147 non
447 1118 596 1147 manducat
617 1118 675 1154 ipse
695 1118 824 1146 Patrem?

206 1165 380 1194 Ruspouneo:
402 1165 554 1194 Dicendum
568 1164 603 1193 ad
623 1164 758 1201 primum,
780 1163 853 1201 quod
868 1163 974 1200 duplex

127 1212 179 1241 fuit
200 1220 237 1241 ex
256 1212 309 1241 isto
329 1212 415 1240 verbo
436 1211 559 1240 haeresis
572 1214 687 1240 exorta:
708 1219 779 1245 una,
801 1218 873 1247 quae
887 1210 973 1244 dixit,

128 1258 202 1296 quod
223 1266 259 1287 ex
280 1266 335 1295 quo
350 1258 413 1295 quis
433 1257 582 1288 manducat
595 1257 697 1286 Christi
711 1265 825 1294 corpus,
845 1265 900 1285 non
914 1259 974 1293 pot-

128 1305 181 1335 erit
208 1305 346 1340 damnari,
371 1305 437 1334 dum
460 1308 551 1333 tamen
571 1305 690 1333 credens
711 1303 899 1332 manducaret.
923 1303 974 1332 Sed

127 1352 196 1381 haec
216 1355 258 1381 est
271 1352 438 1380 irrationalis
459 1351 601 1380 manifeste
619 1353 733 1388 propter
754 1350 856 1379 Iudam.
873 1366 910 1370 —
925 1350 973 1378 Alii

128 1399 274 1433 dixerunt,
305 1398 380 1436 quod
410 1399 458 1436 qui
480 1399 564 1427 semel
594 1398 680 1436 digne
706 1397 886 1426 manducaret
913 1399 975 1434 post

128 1453 270 1483 nunquam
295 1445 487 1480 damnaretur;
507 1448 534 1474 et
555 1445 622 1474 haec
636 1445 779 1474 manifeste
799 1444 880 1478 falsa,
895 1444 973 1481 quia,

129 1491 200 1521 sicut
220 1500 270 1529 per
291 1492 462 1529 Scripturam
490 1492 603 1528 probari
628 1494 730 1528 potest,
759 1491 839 1520 multi
860 1490 975 1519 fuerunt

128 1538 193 1567 boni
214 1539 242 1567 in
264 1539 397 1573 Ecclesia,
419 1538 467 1576 qui
488 1538 663 1575 postmodum
685 1540 750 1567 sunt
770 1538 890 1566 damnati
902 1538 922 1566 4.

206 1585 268 1615 Ideo
289 1586 422 1615 catholice
436 1585 644 1623 intelligendum
664 1588 718 1614 est:
733 1585 785 1623 qai
798 1585 974 1619 manducat,

129 1632 232 1661 scilicet
251 1632 350 1670 digne,
372 1634 399 1661 et
418 1632 453 1661 ab
473 1632 520 1661 illa
540 1632 671 1669 dignitate
695 1640 750 1660 non
772 1632 875 1661 recedit
902 1632 976 1660 vivet

127 1679 156 1708 in
176 1682 329 1713 aeternum.

209 1728 235 1755 2.
257 1726 295 1755 Ad
315 1726 390 1755 aliud
404 1726 566 1760 dicendum,
588 1725 662 1763 quod
682 1734 736 1754 non
752 1728 794 1754 est
814 1725 925 1754 omnino
940 1725 975 1754 si-

130 1773 210 1807 mile,
231 1773 294 1802 licet
314 1773 469 1802 adducatur
493 1781 544 1810 pro
565 1772 655 1801 simili.
677 1772 760 1801 Filius
781 1772 854 1801 enim
874 1772 976 1800 dicitur

130 1820 225 1849 vivere
242 1824 364 1858 propter
384 1820 519 1854 Patrem,
541 1819 607 1856 quia
627 1828 643 1848 a
667 1819 747 1848 Patre
775 1819 860 1848 habet
890 1819 975 1847 vitam

131 1870 158 1896 et
178 1867 243 1904 quia
264 1870 357 1896 manet
377 1867 405 1895 in
427 1867 521 1901 Patre,
543 1866 591 1895 sed
611 1874 666 1895 non
687 1866 753 1903 quia
766 1865 976 1903 participatione

130 1914 218 1943 Patris
244 1914 292 1942 fiat
322 1913 435 1947 meli0r;
457 1921 506 1942 nos
537 1920 603 1942 vero
631 1912 751 1941 vivimus
780 1920 830 1949 per
860 1912 976 1946 Filium,

131 1961 197 1998 quia
217 1961 251 1989 ab
272 1961 331 1997 ipso
352 1960 487 1989 habemus
507 1959 607 1994 vitam,
628 1962 656 1988 et
675 1967 692 1988 a
712 1959 778 1988 Filio
800 1961 927 1988 manente
948 1959 976 1987 in

131 2008 211 2037 nobis
231 2011 259 2037 et
283 2007 492 2045 participatione
520 2007 579 2035 eius
606 2006 734 2035 meliores
763 2014 868 2035 sumus.
898 2006 975 2040 Ideo,

132 2055 198 2092 quia
218 2063 271 2083 non
293 2057 385 2083 manet
405 2054 433 2082 in
454 2053 533 2082 nobis
563 2053 615 2082 nisi
643 2061 692 2090 per
720 2053 975 2087 manducationem,

132 2101 193 2130 ideo
224 2101 440 2135 manducamus,
472 2103 504 2129 ut
538 2100 664 2129 vivamus
697 2102 725 2128 et
759 2099 887 2128 meliores
917 2098 976 2128 effi-

133 2149 239 2178 ciamur
250 2148 270 2176 ⁵.

1820 107 1875 136 335

1110 186 1156 214 94.
1172 186 1281 222 Quaest.
1297 186 1327 214 V.
1344 186 1409 215 Item
1425 186 1570 223 quaeritur
1585 186 1618 215 de
1632 186 1773 223 dignitate
1792 186 1876 214 huius

1030 232 1256 261 manducationis.
1279 232 1350 261 Dicit
1370 232 1459 267 enim,
1481 232 1556 270 quod
1582 233 1781 261 manducantes
1802 232 1875 261 hunc

1030 286 1129 315 panem
1150 287 1210 307 mm
1229 279 1408 313 morientur,
1430 279 1501 307 sicut
1520 279 1719 308 manducantes
1741 287 1848 307 manna.

1109 324 1237 354 Corum:
1259 325 1314 354 Hoc
1342 328 1391 354 aut
1420 325 1547 362 intelligit
1574 325 1608 354 de
1630 326 1686 354 vita
1705 325 1875 362 spirituali,

1030 374 1079 400 aut
1099 371 1249 408 corporali
1254 381 1265 405 ‚·
1286 371 1308 400 si
1329 371 1363 400 de
1382 371 1552 409 spirituali,
1573 371 1642 400 nihil
1656 371 1734 405 dicit,
1750 371 1815 408 quia
1829 379 1876 408 pa-

1031 420 1088 446 tres
1109 418 1208 451 sancti,
1230 418 1278 454 qui
1299 417 1479 446 comederunt
1498 426 1612 452 manna,
1634 426 1688 446 non
1709 421 1775 447 sunt
1796 417 1877 455 spiri-

1031 464 1143 493 tualiter
1164 464 1276 492 mortui.
1299 464 1325 492 Si
1345 464 1379 493 de
1399 464 1571 501 corporali,
1587 464 1730 499 similiter;
1745 464 1811 501 quia
1828 464 1878 501 qui

1030 510 1179 539 manducat
1206 510 1281 539 huuc
1311 518 1410 547 panem
1442 519 1496 539 non
1522 511 1590 539 vivit
1611 511 1808 547 corporaliter,
1830 510 1877 539 sed

1031 557 1159 585 moritur.
1182 573 1218 577 —
1242 557 1274 585 Si
1300 557 1399 591 dicas,
1428 557 1502 594 quod
1534 557 1651 594 tmttqne
1678 557 1876 586 manducantes

1031 611 1132 632 manna
1163 606 1228 632 sunt
1258 603 1361 632 mortui
1390 603 1527 640 spirituali
1553 607 1656 637 morte,
1677 604 1776 632 ethos
1797 606 1876 632 vocat

1028 653 1131 687 patres
1152 658 1265 684 eorum;
1288 650 1414 678 similiter
1435 650 1545 687 indigne
1560 650 1756 679 manducantes
1774 658 1877 687 corpus

1031 697 1133 725 Christi
1154 697 1313 725 moriuntur
1334 700 1423 725 morte
1444 696 1596 733 spirituali;
1611 696 1716 733 primae
1730 697 1764 725 ad
1782 697 1877 725 Corin-

1032 743 1105 772 thios
1135 743 1320 772 undecimo⁶z
1344 743 1402 779 Qui
1428 743 1591 771 manducat
1619 746 1643 772 et
1671 743 1739 772 bibit
1759 743 1877 780 indique

1032 790 1178 818 iudicium
1199 789 1256 818 sibi
1269 789 1432 818 manducat
1445 794 1470 817 et
1485 789 1560 817 bibit.
1577 805 1615 809 -—
1630 789 1778 826 Propterea
1792 797 1877 826 quae-

1032 837 1120 865 ritur:
1142 836 1209 874 quid
1230 839 1272 865 est
1291 837 1474 865 manducare
1503 836 1637 873 indigne,
1659 839 1686 864 et
1707 843 1793 872 quare
1814 843 1877 873 pec-

1032 886 1076 912 cat
1095 883 1265 912 manducans
1286 883 1414 920 indigne?

1111 931 1289 959 Respounsso:
1311 930 1479 964 Dicendum,
1502 929 1576 967 quod
1596 929 1675 958 cibus
1695 929 1746 958 iste
1761 937 1877 966 praepo-

1031 977 1108 1005 nitur
1130 977 1168 1005 illi
1190 977 1251 1006 cibo
1281 977 1388 1006 ratione
1417 976 1608 1005 vivificationis
1633 976 1795 1012 dupliciter:
1817 979 1877 1004 tum

1032 1024 1097 1061 quia
1117 1024 1163 1052 ille
1183 1032 1238 1052 non
1259 1026 1367 1061 poterat
1388 1023 1543 1057 vivificare,
1565 1022 1616 1051 nisi
1631 1030 1681 1060 per
1696 1023 1779 1052 istum
1794 1030 1877 1059 quem

1032 1070 1172 1107 signabat;
1194 1070 1254 1099 ideo
1275 1070 1377 1099 dicitur
1408 1070 1442 1099 de
1473 1070 1569 1103 iustis,
1591 1069 1666 1106 quod
1692 1077 1788 1097 omnes
1809 1077 1877 1097 ean—

1031 1118 1095 1147 dem
1116 1116 1302 1154 spiritualem
1322 1125 1418 1145 escam
1438 1116 1707 1149 manducaverunt,
1724 1116 1829 1152 primae
1844 1115 1878 1144 ad

1032 1164 1188 1193 Corinthios
1208 1163 1354 1197 decimo⁷3
1376 1163 1424 1192 sed
1452 1163 1500 1199 qui
1529 1163 1619 1191 solum
1639 1162 1673 1191 ad
1694 1162 1773 1191 illum
1794 1162 1878 1191 habe-

1031 1211 1097 1239 bant
1118 1210 1231 1239 oculum
1252 1210 1355 1238 mortui
1377 1212 1443 1238 sunt
1465 1209 1662 1246 spiritualiter,
1683 1209 1749 1245 quia
1770 1211 1877 1237 tantum

1031 1256 1178 1285 carnaliter
1199 1258 1389 1293 gustaverunt.
1412 1256 1451 1284 Ita
1471 1255 1618 1292 respondet
1638 1255 1806 1291 Augustinus
1817 1255 1837 1282 ⁸.

1110 1304 1194 1332 Aliter
1214 1306 1304 1340 potest
1322 1303 1393 1337 dici,
1415 1302 1489 1339 quod
1516 1310 1618 1331 manna
1643 1301 1824 1330 ordinabatur
1845 1301 1878 1330 ad

1032 1351 1268 1380 conservationem
1283 1350 1355 1379 vitae
1369 1349 1549 1387 corporalis,
1565 1349 1612 1378 sed
1627 1349 1672 1377 hic
1686 1348 1719 1377 ad
1734 1356 1880 1377 conserva—

1032 1398 1135 1426 tionem
1166 1397 1238 1425 vitae
1265 1396 1440 1433 spiritualis.
1464 1396 1494 1424 Et
1526 1396 1586 1424 vult
1616 1395 1750 1424 Dominus
1771 1394 1877 1428 dicere,

1033 1443 1107 1481 quod
1128 1443 1174 1471 ille
1194 1443 1272 1480 panis
1301 1442 1472 1471 solummodo
1494 1442 1577 1470 vitam
1599 1441 1771 1478 corporalem
1793 1441 1879 1469 conti-

1032 1490 1136 1519 nuabat
1157 1489 1191 1518 ad
1212 1492 1336 1526 tempus,
1358 1488 1406 1517 sed
1427 1488 1478 1517 iste
1508 1488 1593 1517 vitam
1624 1487 1795 1525 spiritualem
1815 1495 1879 1515 con—

1033 1537 1123 1565 tinuat
1153 1536 1179 1564 iu
1211 1539 1356 1564 aeternum
1388 1535 1416 1564 111
1437 1535 1523 1573 digne
1551 1534 1738 1568 sumentibus;
1761 1537 1788 1562 et
1819 1534 1879 1562 ideo

1033 1583 1102 1612 illo⁹
1124 1586 1165 1612 est
1185 1583 1301 1620 dignior.
1325 1599 1362 1603 —
1384 1582 1506 1620 Indique
1534 1590 1600 1611 vero
1627 1582 1792 1618 accipientes
1818 1588 1880 1618 pec-

1034 1632 1111 1665 cant,
1134 1633 1161 1659 et
1192 1630 1364 1659 convertitur
1392 1630 1431 1658 eis
1462 1629 1540 1666 panis
1562 1629 1590 1657 in
1612 1636 1765 1662 venenum,
1787 1631 1814 1656 et
1836 1628 1880 1656 isti

1034 1680 1099 1706 sunt
1120 1677 1167 1713 qui
1190 1684 1346 1705 remorsum
1374 1676 1477 1704 habent
1500 1675 1624 1705 mortalis
1652 1674 1764 1711 peccati.
1787 1674 1879 1708 Ratio,

1034 1731 1121 1761 quare
1135 1725 1261 1760 peccant,
1276 1725 1319 1751 est
1332 1725 1521 1759 contemptus,
1537 1722 1602 1759 quia
1616 1724 1724 1750 tantum
1743 1721 1880 1758 hospitem

1034 1770 1170 1799 inducunt
1191 1770 1219 1798 in
1241 1773 1296 1798 tam
1318 1769 1371 1798 vile
1392 1768 1543 1806 hospitium
1556 1769 1587 1796 ¹⁰.
1609 1784 1648 1788 —
1669 1768 1810 1804 Quomodo
1831 1775 1880 1796 au-

1035 1821 1090 1846 tem
1111 1817 1197 1854 1119710
1211 1816 1377 1853 accipiatur,
1393 1816 1471 1844 docet
1485 1815 1654 1852 Augustinus
1667 1816 1701 1842 ¹1:
1722 1826 1735 1839 «
1750 1814 1880 1842 Innocen—

1035 1864 1116 1898 tiam,
1138 1863 1244 1900 inquit,
1265 1862 1299 1891 ad
1330 1862 1416 1891 altare
1447 1864 1605 1899 apportate;
1628 1863 1754 1897 peccata,
1779 1860 1801 1889 si
1827 1860 1881 1888 sint

1034 1910 1207 1948 quotidiana,
1229 1910 1325 1939 saltem
1349 1918 1403 1937 11011
1424 1909 1478 1937 51111
1499 1909 1656 1943 mortifera;
1678 1911 1826 1945 antequam
1846 1907 1881 1935 ad

1034 1958 1121 1986 altare
1142 1957 1292 1991 accedatis,
1314 1956 1437 1985 dicatur:
1460 1956 1576 1984 Dimitte
1603 1955 1685 1983 nobis
1716 1954 1810 1983 debita
1830 1962 1880 1982 720-

1034 2008 1098 2033 stra
1119 2008 1170 2033 etc.
1193 2005 1270 2033 Tunc
1302 2004 1394 2033 securi
1425 2003 1559 2037 accedite;
1582 2002 1660 2039 panis
1680 2005 1737 2036 est,
1758 2010 1812 2030 non
1834 2009 1881 2030 10-Ὶ

1034 2059 1137 2080 nerium
1153 2063 1179 2079 ».

1114 2099 1159 2126 95.
1182 2098 1261 2126 Haec
1282 2097 1357 2126 dixit
1378 2097 1409 2125 in
1431 2097 1589 2135 Synayoya
1609 2098 1660 2124 etc.
1682 2096 1772 2132 Supra
1792 2095 1881 2132 posita

1033 2147 1075 2174 est
1096 2144 1286 2173 instructIOnis
1306 2143 1478 2173 confirmatio
1498 2145 1612 2179 propter
1637 2142 1801 2171 Iudaeorum
1828 2142 1881 2170 liti-

197 2300 205 2314 ¹
223 2301 268 2324 Csr.
284 2301 322 2323 IV.
339 2302 401 2323 Sent.
418 2301 440 2323 d.
459 2301 495 2323 12.
513 2307 536 2328 p.
554 2301 578 2323 11.
595 2306 616 2322 a.
635 2301 655 2322 1.
672 2307 695 2329 q.
712 2301 735 2322 3.
751 2303 774 2323 et
790 2307 810 2323 a.
828 2301 849 2323 2.
867 2307 890 2329 q.
908 2301 929 2322 2.
950 2300 979 2322 ad

135 2342 156 2363 3.
173 2353 204 2357 ——
221 2340 333 2368 Superius
349 2342 401 2368 post
417 2339 468 2363 sine
489 2338 661 2363 sacramentali
681 2339 717 2362 ed.
740 2339 805 2362 addit
825 2338 979 2362 manducatio

133 2379 276 2409 spiritualis.

197 2417 207 2431 ²
224 2419 248 2441 In
265 2419 327 2441 loan.
346 2418 435 2446 Evang.
451 2420 478 2440 tr.
497 2418 534 2440 26.
551 2424 575 2440 11.
593 2418 629 2440 15.
647 2417 692 2441 Cfr.
704 2418 772 2440 etiam
784 2418 821 2440 1V.
833 2418 895 2440 Sent.
907 2417 930 2440 d.
943 2418 979 2439 11.

135 2464 158 2486 p.
175 2458 200 2480 11.
217 2464 236 2480 a.
255 2458 276 2480 1.
293 2464 317 2486 q.
334 2458 356 2479 2.
373 2457 403 2480 ad
422 2458 443 2479 1.
460 2458 481 2479 2.
833 2455 843 2468 ⁸
861 2457 925 2479 Vers.
942 2456 980 2478 58.

197 2496 207 2509 ⁴
223 2496 270 2519 Csr.
286 2497 318 2519 111.
336 2497 398 2519 Sent.
418 2496 440 2519 d.
460 2497 496 2518 31.
514 2502 535 2518 a.
554 2497 574 2518 1.
591 2502 614 2525 q.
633 2496 655 2518 1.
671 2498 693 2518 01
709 2497 746 2519 IV.
759 2497 820 2518 Sent.
836 2495 858 2518 d.
873 2495 909 2517 14.
921 2502 944 2523 p.
957 2495 981 2517 lI.

135 2543 155 2559 a.
174 2537 195 2559 1,
212 2543 234 2565 q.
253 2536 278 2565 1,
295 2535 335 2558 ubi
352 2536 432 2558 similis
449 2535 528 2564 opinio
545 2541 641 2558 erronea
658 2535 688 2558 de
705 2535 797 2558 caritate
808 2537 831 2557 et
842 2534 981 2563 poenitentia

135 2575 237 2603 ponitur,
258 2575 344 2598 scilicet
360 2575 424 2604 quod
441 2575 482 2603 qui
499 2575 570 2597 semel
586 2580 666 2596 veram
689 2574 806 2597 caritatem
824 2576 846 2596 et
867 2573 982 2602 poeniten-

136 2614 191 2636 tiam
217 2613 286 2636 habet
308 2614 382 2642 ipsam
399 2619 520 2642 nunquam
538 2613 626 2641 perdat.
644 2626 674 2629 ——
691 2614 802 2642 Superius
819 2619 861 2641 pro
884 2614 906 2636 et
924 2612 982 2635 haec

136 2652 259 2682 manifeste
276 2652 339 2682 salsa
356 2652 372 2675 C
382 2653 399 2675 N
417 2654 439 2675 et
455 2652 499 2675 hoc
515 2653 550 2675 est
565 2651 688 2682 manifeste
704 2651 800 2682 falsum.

199 2690 209 2703 ⁵
226 2691 337 2720 August.⁷
354 2692 377 2713 in
395 2692 454 2713 loan.
473 2691 561 2719 Evang.
579 2693 607 2713 tr.
624 2691 661 2713 26.
679 2697 701 2713 11.
726 2691 768 2713 19:
786 2691 833 2713 Non
856 2691 902 2713 ait:
919 2691 982 2713 Sicut

137 2730 253 2752 manduco
271 2730 371 2758 Patrem,
389 2733 411 2752 et
428 2736 472 2757 ego
489 2730 544 2752 vivo
561 2732 655 2758 propter
671 2730 773 2758 Patrem,
791 2732 813 2752 et
829 2730 868 2758 qui
886 2729 983 2752 mandu-

137 2771 173 2791 cat
190 2775 227 2791 me
235 2786 240 2796 ,
258 2772 280 2791 et
293 2769 342 2797 ipse
354 2769 418 2791 vivet
430 2771 525 2797 propter
537 2775 582 2791 me.
594 2769 643 2791 Non
654 2769 717 2791 enim
728 2769 797 2791 Filius
808 2768 982 2796 participatione

137 2807 210 2830 Patris
221 2807 246 2830 fit
257 2808 350 2836 melior,
367 2808 408 2836 qui
424 2810 458 2830 est
474 2810 540 2830 natus
557 2807 670 2836 aequalis,
688 2807 747 2830 sicut
762 2806 936 2835 participatione
947 2806 982 2828 Fi—

139 2846 162 2868 lii
179 2852 221 2875 per
238 2847 348 2869 unitatem
366 2847 470 2874 corporis
486 2846 536 2868 eius
553 2848 575 2868 et
591 2846 722 2874 sanguinis,
739 2845 803 2874 quod
826 2845 861 2867 illa
885 2845 983 2867 mandu-

140 2885 199 2907 catio
217 2885 351 2914 potatioque
368 2885 495 2914 significat,
512 2891 554 2908 nos
571 2884 683 2907 efficimur
700 2884 807 2906 meliores
824 2886 867 2906 etc.

1099 2298 1109 2311 ⁶
1127 2300 1193 2322 Vers.
1213 2299 1250 2321 29.

1098 2337 1107 2350 ⁷
1127 2339 1191 2360 Vers.
1209 2338 1231 2360 3.
1250 2337 1296 2360 Cfr.
1313 2342 1383 2364 supra
1400 2342 1453 2364 pag.
1471 2335 1528 2362 327,
1540 2336 1593 2357 nota
1612 2334 1647 2356 10.
1660 2346 1690 2350 -
1702 2333 1813 2361 Superius
1830 2335 1882 2361 post

1037 2377 1074 2400 illl
1090 2376 1139 2401 cibo
1158 2378 1205 2399 fere
1221 2382 1303 2399 omnes
1321 2375 1389 2404 codd.
1407 2375 1494 2397 addunt
1510 2372 1643 2403 spirituali,
1667 2375 1689 2395 et
1710 2372 1809 2395 subinde
1831 2375 1883 2399 post

1036 2416 1147 2446 siynabat
1163 2416 1200 2438 ed.
1217 2415 1337 2443 subiungit
1353 2406 1404 2437 tum
1421 2414 1478 2443 quia
1495 2413 1531 2436 hic
1547 2412 1651 2442 vivificat
1665 2411 1750 2441 mayis.

1100 2454 1109 2467 Β
1127 2456 1149 2477 111
1167 2455 1228 2477 10311.
1246 2455 1333 2481 Evang.
1351 2454 1433 2475 ῐ1.’26.
1451 2459 1474 2475 n.
1492 2452 1533 2474 ll:
1551 2452 1627 2480 Quare
1643 2450 1851 2473 manducaverunt
1862 2451 1884 2473 et

1038 2494 1129 2517 mortui
1144 2495 1222 2517 sunt?
1240 2493 1297 2522 Quia
1314 2493 1378 2521 quod
1395 2491 1505 2514 videbant
1521 2490 1657 2518 credebant,
1674 2490 1738 2518 quod
1754 2495 1799 2511 non
1821 2489 1883 2512 vide-

1038 2534 1092 2556 bant
1110 2540 1158 2556 non
1180 2531 1342 2560 intelligebant.
1368 2531 1421 2553 Ideo
1442 2531 1524 2559 patres
1547 2528 1631 2557 vestri,
1648 2529 1702 2557 quia
1723 2528 1808 2550 similes
1830 2528 1883 2550 estis

1039 2573 1153 2595 illorum...
1171 2571 1321 2593 manducavit
1338 2575 1422 2592 manna
1439 2572 1461 2591 et
1477 2569 1589 2596 Moyses...
1606 2570 1628 2590 et
1650 2566 1734 2589 mortui
1756 2572 1803 2588 non
1823 2568 1883 2589 sunt.

1039 2612 1134 2640 Quare?
1153 2611 1209 2639 Quia
1227 2609 1341 2632 visibilem
1360 2608 1438 2631 cibum
1456 2607 1601 2635 spiritualiter
1617 2606 1775 2628 intellexerunt
1791 2608 1834 2627 etc.

1101 2649 1111 2662 ⁹
1128 2650 1198 2672 Maior
1214 2655 1268 2677 pars
1284 2648 1353 2670 codd.
1369 2647 1416 2670 ille.
1432 2659 1464 2663 —
1480 2646 1526 2669 Csr.
1545 2652 1615 2673 supra
1631 2652 1654 2668 11.
1674 2646 1710 2667 88.

1071 2692 1080 2711 I
1101 2688 1121 2701 ¹⁰
1140 2689 1185 2712 Cir.
1202 2689 1238 2710 lV.
1257 2688 1317 2710 Sent.
1333 2687 1358 2709 d.
1375 2686 1396 2708 9.
1413 2692 1434 2708 a.
1452 2687 1474 2708 2.
1491 2692 1514 2714 q.
1531 2686 1552 2707 2.
1570 2685 1592 2707 in
1604 2691 1666 2712 corp.
1684 2686 1707 2706 et
1723 2684 1746 2706 d.
1765 2684 1801 2705 12.
1819 2690 1842 2711 p.
1859 2684 1882 2706 11.

1039 2735 1059 2751 a.
1078 2729 1099 2750 1.
1116 2735 1139 2756 q.
1158 2728 1178 2749 1.
1197 2728 1218 2749 111
1236 2733 1299 2754 corp.

1102 2765 1120 2778 ¹¹
1139 2766 1162 2788 ln
1179 2766 1240 2788 10311.
1257 2765 1343 2792 Evang.
1361 2766 1388 2785 tr.
1406 2763 1444 2785 26.
1461 2769 1483 2785 n.
1510 2762 1551 2789 11,
1573 2761 1614 2784 ubi
1638 2763 1711 2783 textus
1733 2766 1774 2788 pro
1799 2759 1882 2782 saltem

1039 2805 1156 2828 substituit
1166 2804 1209 2832 vel,
1226 2806 1248 2826 et
1264 2806 1317 2831 post
1333 2801 1450 2826 accedatis
1467 2801 1627 2830 prosequitur:
1644 2800 1763 2827 attendite,
1776 2799 1831 2827 quid
1849 2798 1883 2821 di-

1039 2843 1200 2873 catisr[1uatth.
1219 2843 1246 2869 6,
1265 2841 1327 2871 l2.]:
1344 2840 1439 2864 Dimitte
1455 2839 1521 2863 nobis
1539 2842 1595 2867 etc,
1612 2845 1707 2861 securus
1730 2838 1826 2865 accede,
1844 2843 1882 2865 pa-

1039 2882 1074 2905 nis
1090 2884 1139 2904 etc..

1893 797 1969 821 Quaest.
1983 798 2011 816 in-

1916 821 1988 839 cidens.

1894 936 1951 961 Resp.
1965 937 1981 955 1.

1893 984 1948 1002 Ratio
1962 984 1995 1002 du-

1917 1007 1967 1031 plex.

1895 1310 1952 1333 Resp.
1966 1310 1982 1328 2.

1897 1590 1927 1609 Ad
1940 1592 2012 1613 quaest.

1920 1613 1977 1632 incid.

1916 2081 1987 2102 Tertio,
2002 2081 2025 2099 de

1895 2105 2025 2128 explanatione

1898 2128 2026 2146 instructionis

1898 2156 1936 2170 sex.
