2296 3316
19 1161 43 1181 De
55 1161 142 1181 secundo.

43 1723 67 1743 De
80 1723 142 1743 tertio.

42 2452 138 2477 Exponit-io

34 2476 145 2500 spiritualis.

742 142 911 171 COMMENT.
934 142 965 171 IN
988 142 1223 171 ECCLESIASTEN
1244 143 1272 172 C.
1293 144 1323 172 X.
1865 149 1903 177 85

159 222 300 256 discretio,
321 222 387 259 quia
414 221 559 250 indiscrete
581 219 714 252 inchoat,-
742 219 815 248 unde
842 219 921 248 dicit:
945 219 1003 248 lni-

160 270 233 299 tium
259 269 416 297 verborum
443 267 506 295 eius
526 267 658 295 stultitia.
686 267 717 295 Et
744 266 814 294 ratio
842 266 926 294 huius
947 269 1002 299 est,

159 317 224 355 quia
245 324 299 345 non
330 314 499 347 considerat;
530 313 603 342 unde
629 312 841 341 Proverbiorum
872 312 1003 348 vigesimo

160 371 246 392 nono:
273 374 286 388 «ι
305 361 400 390 Vidisti
429 360 568 388 hominem
595 359 717 387 velocem
744 358 779 386 ad
810 358 1003 395 loquendum?

159 409 280 439 Stultitia
299 407 386 444 magis
406 406 541 443 speranda
562 409 603 434 est
623 413 706 442 quam
729 405 802 433 illius
823 404 960 441 correptio
975 416 1001 432 n.

160 457 306 486 Indiscrete
327 455 408 484 etiam
431 456 630 486 consummat;
652 452 725 481 unde
745 451 825 480 dicit:
852 452 888 480 Et
907 451 1004 479 novis-

158 504 267 533 simum
288 502 349 531 oris
369 501 449 529 iilius
469 508 554 530 error
571 500 734 537 pessimus,
756 499 821 536 quia
841 498 958 527 stultitia
975 498 1002 526 in
1025 511 1028 513 ·

159 550 213 578 tine
234 548 360 585 perducit
381 547 414 577 ad
430 547 593 576 sententiam
607 553 767 579 erroneam;
791 544 1002 574 Proverbiorum

158 595 264 624 decimo
292 597 392 632 quarto
408 594 433 621 ¹:
459 592 675 629 «Imprudentia
702 592 853 620 stultorum
880 594 956 620 errat
971 601 1002 625 »;

158 642 236 679 quia,
265 642 335 670 sicut
363 641 467 670 dictum
496 643 537 669 est
564 647 650 676 supra
675 639 796 668 secundo
830 638 932 667 «oculi
960 646 1003 667 sa-

158 689 258 726 pientis
277 688 304 717 in
326 688 414 724 capite
435 687 509 721 eius,
531 686 634 715 stultus
648 686 676 714 in
698 685 819 714 tenebris
839 685 1002 714 ambulat».

159 752 196 756 —
208 735 327 764 Ulterius
342 735 369 763 in
390 734 506 763 stultitia
517 735 701 770 perseverat;
715 732 775 761 ideo
797 732 904 761 subdit:
927 732 1003 761 Stul-

159 786 206 810 tus
226 781 315 810 verba
328 780 517 817 multiplicat,
539 779 576 807 ita
590 778 798 817 multiplicando
813 779 898 807 verba
919 778 1003 807 stulta

159 829 287 866 pertinax
309 827 428 856 efficitur
449 827 475 855 in
491 826 606 859 malitia;
629 828 725 854 contra
738 826 813 863 quod
833 826 859 854 in
883 826 1003 854 Psalmo:

164 888 177 901 α
190 876 248 905 Non
270 874 389 903 declines
413 882 460 903 cor
488 881 581 902 meum
602 873 629 901 in
651 873 736 902 verba
762 873 882 902 malitiae
896 884 909 898 »
935 876 1003 907 etc.;

158 925 186 952 et
206 923 258 951 hoc
273 921 369 950 inutile
390 924 417 949 et
437 928 552 954 vanum,
576 919 647 949 unde
667 919 769 949 dicitur
791 919 1004 948 Proverbiorum

158 969 264 998 decimo
284 977 371 998 nono:
398 979 411 993 c<
426 968 478 1004 Qui
499 971 592 996 autem
608 967 693 996 verba
714 970 845 1000 sectatur,
867 967 936 995 nihil
959 967 1004 995 ha-

158 1016 233 1046 bebit
245 1027 275 1051 »3
298 1019 325 1044 et
340 1015 552 1044 Proverbiorum
574 1014 679 1043 decimo
694 1017 809 1051 quarto:
830 1013 903 1042 «Ubi
920 1013 1004 1042 verba

159 1066 224 1092 sunt
245 1062 381 1100 plurima,
402 1061 439 1090 ibi
460 1061 621 1098 frequenter
642 1063 789 1097 egestas».

237 1110 325 1146 (Vers.
358 1109 423 1144 ila).
458 1109 579 1145 Ignorat
612 1106 694 1135 lzomo
725 1111 776 1136 etc.
811 1107 856 1136 Hic
884 1107 1005 1136 secundo

159 1157 277 1186 ostendit
291 1157 319 1185 in
334 1156 419 1184 stulto
433 1155 569 1184 desectum
585 1154 826 1183 considerationis
844 1154 1004 1191 providae;

159 1204 237 1242 quia,
259 1211 322 1232 cum
344 1203 451 1240 ignoret
472 1201 636 1239 praeterita,
658 1209 712 1229 non
734 1204 824 1238 potest
845 1201 1006 1238 praevidere

159 1252 263 1280 sutura.
286 1250 348 1279 Ideo
368 1249 447 1278 dicit:
464 1249 586 1285 Ignorat
606 1247 703 1282 homo,
722 1248 794 1286 quid
807 1251 873 1276 ante
893 1256 923 1275 se
942 1246 1006 1291 fne-

160 1298 210 1333 rit,
225 1301 355 1335 tanquam
371 1296 473 1325 stultus
487 1298 514 1324 et
531 1295 762 1329 inconsideratus;
778 1295 864 1323 lacobi
880 1295 969 1331 primo
981 1295 1004 1322 2:

165 1357 178 1371 «
192 1344 380 1374 consideravit
400 1351 429 1372 se
443 1346 470 1372 et
490 1343 557 1371 abiit
570 1345 597 1371 et
618 1342 710 1371 statim
724 1342 827 1371 oblitus
847 1344 901 1376 est,
916 1341 1006 1378 qualis

159 1392 283 1422 suerit».
307 1392 342 1420 Et
368 1390 439 1429 quid
458 1393 521 1427 post
546 1398 612 1418 eam
639 1388 778 1427 futurum
809 1392 865 1423 est,
887 1389 953 1427 quis
980 1389 1007 1417 ei

156 1439 263 1477 poterit
283 1437 435 1468 indicare?
456 1437 536 1475 quasi
550 1437 636 1466 dicat:
659 1437 766 1470 nullus;
788 1444 875 1473 supra
895 1439 1004 1464 octavo:

165 1499 178 1513 «
195 1487 247 1523 Qui
276 1487 384 1523 ignorat
410 1484 560 1522 praeterita
589 1484 685 1512 futura
713 1484 790 1512 nullo
818 1486 907 1520 potest
935 1483 1006 1512 scire

160 1533 257 1563 nuntio
271 1545 299 1567 »,
320 1536 347 1561 et
368 1532 421 1561 hoc
441 1531 554 1568 quidem
574 1534 615 1559 est
636 1530 713 1559 valde
734 1530 910 1564 damnosum;
932 1529 1006 1558 unde

159 1579 365 1610 Deuteronomii
389 1578 530 1615 trigesimo
552 1577 687 1606 secundo:
714 1588 727 1602 «
742 1577 850 1605 Utinam
878 1580 1006 1613 saperent

160 1630 187 1656 et
207 1626 391 1663 intelligerent
412 1633 443 1653 ac
464 1624 613 1653 novissima
632 1623 810 1660 providerent
821 1635 847 1651 ».

239 1673 327 1709 (Vers.
363 1673 427 1706 15.).
450 1671 546 1699 Labor
577 1670 733 1698 stultorum
764 1673 815 1698 etc.
848 1670 1006 1699 Hic⁴terti0

159 1720 291 1754 ostendit,
306 1719 333 1747 in
348 1718 433 1748 stulto
451 1726 511 1746 esse
524 1717 662 1746 defectum
676 1717 853 1754 operationis
873 1716 1006 1754 fructuo-

159 1776 224 1802 sae,
246 1766 311 1804 quia
332 1766 359 1794 in
381 1765 474 1794 labore
495 1772 546 1793 suo
568 1764 688 1793 multum
708 1764 840 1801 affligitur
861 1767 889 1793 et
908 1772 1006 1801 parum

160 1814 278 1852 proficit.
306 1813 368 1841 ldeo
388 1812 469 1841 dicit:
499 1811 595 1840 Labor
619 1811 779 1840 stultorum
805 1811 916 1848 affliyet
943 1820 1005 1845 eos,

161 1860 227 1898 quia
247 1868 302 1889 non
327 1859 453 1888 laborant
479 1859 506 1886 in
528 1858 606 1887 bonis
618 1869 624 1892 ;
647 1857 777 1886 Ieremiae
798 1866 871 1886 nono
885 1857 915 1885 ³:
943 1869 955 1882 «
974 1858 1007 1886 Ut

161 1907 255 1944 inique
288 1909 420 1943 agerent,
456 1905 653 1934 laboraverunt
677 1915 710 1938 »;
746 1904 820 1933 unde
854 1904 1007 1941 Sapientiae

161 1954 273 1991 quinto:
300 1965 314 1978 «
328 1952 429 1982 Lassati
450 1960 548 1981 sumus
568 1952 596 1980 in
624 1951 668 1980 via
688 1951 841 1988 iniquitatis
868 1954 895 1980 et
916 1951 1008 1988 perdi-

161 2001 243 2030 tionis
269 2003 297 2029 et
323 1999 527 2028 ambulavimus
555 1999 613 2027 vias
641 1998 785 2032 difficiles;
814 1998 886 2027 viam
914 2002 1007 2027 autem

161 2047 269 2077 Domini
297 2046 486 2084 ignoravimus
507 2058 533 2074 1».
562 2046 594 2074 Et
622 2045 707 2074 huius
736 2045 871 2074 rationem
899 2046 1006 2074 reddit:

163 2095 222 2131 Qui
247 2094 380 2123 nesciunt
410 2093 442 2122 in
469 2093 571 2122 urbem
595 2101 732 2130 pergere,
754 2092 781 2121 id
803 2096 859 2127 est,
881 2093 1008 2122 nesciunt

162 2142 235 2170 viam
257 2144 361 2170 rectam
388 2140 422 2168 ad
449 2140 572 2168 eundum
601 2140 628 2168 in
653 2139 753 2168 urbem
781 2140 870 2174 illam,
898 2139 932 2168 de
953 2148 1009 2177 qua

161 2188 245 2217 Isaiae
275 2186 406 2224 vigesimo
437 2189 532 2215 sexto:
563 2197 576 2210 «
597 2185 668 2214 Urbs
698 2185 868 2214 fortitudinis
898 2189 1009 2215 nostrae

162 2234 225 2263 Sion
247 2234 383 2267 Salvator,
398 2236 517 2270 ponetur
535 2233 562 2261 in
584 2241 616 2261 ea
630 2236 730 2261 murus
751 2236 778 2261 et
798 2233 1007 2262 antemurale».

162 2282 191 2311 ln
211 2282 290 2310 hanc·
303 2280 403 2310 urbem
424 2281 551 2309 nesciunt
575 2280 650 2309 stulti
674 2288 808 2317 pergere;
830 2280 903 2308 unde
924 2288 1010 2317 supra

162 2331 257 2358 sexto:
284 2340 297 2353 α
311 2327 383 2364 Quid
403 2327 486 2356 habet
506 2327 625 2364 amplius
639 2327 724 2356 stulto
745 2326 874 2363 sapiens?
895 2330 922 2356 et
943 2328 1010 2364 quid

162 2382 284 2412 pauper,
306 2374 358 2402 nisi
379 2376 411 2402 ut
432 2376 529 2410 pergat
549 2373 627 2407 illuc,
649 2373 696 2402 ubi
718 2375 760 2401 est
781 2372 836 2401 vita
848 2375 885 2401 »Τ

247 2420 448 2457 Spiritualiter
479 2419 524 2448 hic
558 2427 607 2456 per
638 2419 797 2456 sapientem
831 2419 1010 2456 intelligimus

166 2467 320 2502 Christum,
342 2475 392 2504 per
412 2467 593 2504 insipientem
606 2466 809 2495 antichristum.
838 2466 929 2494 Verba
949 2466 1011 2494 oris

1059 220 1199 256 sapientis
1218 221 1334 257 qratia,
1356 222 1421 258 quia
1450 223 1533 251 verba
1554 224 1653 253 Christi
1676 225 1809 261 gratiosa,
1832 226 1904 254 Psal-

1060 266 1161 294 mus‘:
1187 277 1201 291 «
1215 267 1320 296 Diffusa
1343 272 1384 296 est
1404 269 1492 305 gratia
1519 270 1547 298 in
1568 270 1645 298 labiis
1667 271 1736 305 tuis,
1758 274 1904 308 propterea

1060 312 1202 341 benedixit
1222 316 1248 341 te
1269 314 1343 343 Deus
1371 315 1397 342 in
1419 319 1581 350 aeternum
1603 319 1630 344 et
1658 317 1745 346 Lucae
1767 319 1902 347 secundo:

1065 369 1078 382 «
1093 358 1245 395 Stupebant
1264 368 1374 395 omnes,
1396 361 1443 398 qui
1465 369 1529 390 eum
1550 362 1709 397 audiebant,
1731 372 1815 401 super
1836 373 1903 402 pru-

1059 404 1151 433 dentia
1171 409 1198 434 et
1226 407 1364 443 responsis
1391 408 1498 442 eius»;
1521 411 1547 437 et
1572 409 1616 437 alii
1645 409 1771 438 dicebant
1798 411 1903 440 Ioannis

1060 451 1194 488 septimo:
1227 452 1245 477 «ί
1265 453 1410 490 Nunquam
1443 455 1481 483 sic
1510 455 1593 484 homo
1619 456 1727 485 locutus
1747 460 1789 486 est
1813 469 1840 485 ».
1867 475 1902 479 —

1060 498 1177 526 Econtra
1191 498 1331 536 insipiens
1344 503 1386 528 est
1396 501 1588 535 antichristus,
1603 502 1637 530 de
1648 511 1703 539 quo
1717 503 1745 531 in
1760 504 1865 533 Psalmo
1876 505 1903 533 ⁵:

1065 555 1078 568 «
1093 544 1169 573 Dixit
1190 545 1320 582 insipiens
1341 546 1367 575 in
1389 547 1471 575 corde
1493 556 1558 576 suo:
1580 548 1637 577 Non
1659 552 1700 577 est
1721 549 1832 578 Deus».
1850 551 1904 579 La-

1061 589 1109 619 bia
1130 590 1192 619 eius
1210 592 1447 628 praecipitabunt
1462 601 1542 627 eunt,
1563 594 1629 631 quia
1643 599 1756 632 propter
1777 604 1843 624 suae
1856 595 1904 625 do-

1061 638 1165 667 ctrinae
1186 638 1317 667 malitiam
1338 639 1515 676 demergetur
1536 641 1563 669 in
1585 642 1769 677 profundum,
1792 643 1837 671 lob
1857 643 1905 672 de-

1061 684 1131 713 cimo
1159 687 1273 714 octaVO:
1307 697 1320 710 «
1341 686 1527 715 Arctabuntur
1552 696 1664 724 gressus
1692 689 1802 718 virtutis
1829 690 1904 723 eius,

1060 734 1087 759 et
1108 731 1300 768 praecipitabit
1319 740 1383 761 eum
1405 733 1548 762 consilium
1570 741 1651 762 suum
1668 746 1694 762 n.
1717 735 1806 764 Verba
1831 735 1904 764 enim

1061 779 1120 807 eius
1151 782 1234 807 erunt
1266 779 1351 808 verba
1381 779 1568 816 blasphemiae
1599 784 1626 809 et
1653 782 1812 818 superbiae3
1845 782 1905 811 ideo

1061 824 1145 853 stulta
1172 828 1200 853 et
1220 832 1345 854 erronea.
1367 825 1442 854 Unde
1469 826 1570 855 dicitur
1597 827 1716 856 Danielis
1743 828 1903 857 undecimo:

1065 883 1079 896 tx
1094 872 1231 901 Adversus
1252 872 1340 901 Deum
1362 872 1477 902 deorum
1496 873 1625 910 loquetur
1640 875 1796 911 magnifica,
1818 878 1845 904 et
1864 875 1904 904 di-

1061 918 1177 955 rigetur,
1198 919 1285 948 donec
1310 919 1480 956 compleatur
1508 920 1650 949 iracundia
1665 932 1694 955 »;
1723 924 1749 949 et
1770 921 1906 950 secundae

1061 966 1093 995 ad
1109 967 1365 996 Thessalonicenses
1380 967 1513 996 secundo:
1534 979 1547 992 «
1559 968 1732 996 Revelabitur
1748 968 1829 997 homo
1843 977 1906 1005 pec-

1061 1014 1129 1047 cati,
1152 1014 1225 1042 iilius
1246 1014 1422 1050 perditionis,
1445 1014 1491 1051 qui
1513 1014 1676 1043 adversatur
1691 1018 1718 1043 et
1738 1015 1906 1044 exaltabitur

1061 1068 1145 1097 super
1166 1068 1260 1095 omne,
1282 1061 1356 1098 quod
1377 1061 1478 1090 dicitur
1499 1062 1573 1090 Deus
1588 1073 1602 1087 »
1628 1065 1678 1090 etc.
1705 1078 1741 1083 —
1766 1062 1817 1091 Iste
1841 1062 1906 1091 insi-

1060 1108 1138 1144 piens
1159 1116 1213 1136 non
1235 1111 1342 1138 tantum
1364 1108 1530 1138 indiscretus
1557 1109 1610 1137 erit
1630 1109 1656 1137 in
1683 1109 1831 1146 loquendo,
1860 1109 1907 1138 sed

1061 1153 1143 1182 etiam
1165 1154 1377 1191 improvidens,
1405 1156 1470 1192 quia
1497 1164 1551 1184 non
1572 1156 1756 1185 considerabit
1781 1156 1905 1190 ruinam,

1061 1207 1133 1236 quae
1154 1204 1284 1229 secutura
1298 1205 1339 1230 est
1353 1209 1430 1235 eum,
1452 1202 1604 1231 secundum
1626 1203 1699 1239 quod
1713 1203 1779 1231 dicit
1795 1203 1907 1241 Aposto-

1062 1246 1106 1275 lus
1133 1247 1270 1276 secundae
1290 1248 1324 1276 ad
1348 1249 1603 1278 Thessalonicenses
1623 1250 1774 1278 secundoss:
1795 1250 1907 1286 «Quem

1062 1293 1196 1322 Dominus
1217 1294 1292 1322 lesus
1318 1294 1464 1324 interficiet
1495 1295 1594 1332 spiritu
1622 1296 1678 1324 oris
1703 1296 1745 1325 sui
1767 1308 1793 1324 ».
1822 1297 1907 1325 Istum

1063 1339 1236 1376 insipientem
1257 1340 1332 1369 stulti
1362 1344 1514 1377 sequentur
1536 1344 1563 1369 et
1584 1342 1755 1378 affligentur:
1779 1343 1837 1378 Qui
1861 1351 1907 1370 ne—

1061 1386 1159 1415 sciunt
1174 1386 1210 1415 ‘in
1230 1387 1333 1416 urbem
1350 1396 1484 1425 perpere,
1506 1396 1555 1425 per
1577 1396 1670 1417 veram
1692 1389 1772 1418 fidem
1794 1392 1822 1418 et
1841 1390 1907 1418 dile-

1063 1434 1193 1468 ctionem;
1210 1434 1346 1463 secundae
1357 1434 1390 1463 ad
1406 1435 1661 1464 Thessalonicenses
1675 1436 1808 1464 secundo:
1827 1447 1841 1461 «
1853 1437 1909 1464 Mit-

1062 1483 1101 1509 tet
1122 1480 1175 1509 illis
1196 1481 1270 1509 Deus
1294 1481 1480 1522 operationem
1503 1482 1623 1516 erroris,
1648 1482 1695 1518 qui
1722 1482 1828 1510 veritati
1854 1491 1909 1511 non

1062 1527 1253 1561 crediderunt,
1275 1528 1323 1557 sed
1348 1531 1548 1557 consenserunt
1568 1528 1705 1566 iniquitati
1721 1539 1754 1563 »ς
1776 1537 1808 1557 eo
1835 1529 1909 1566 quod

1063 1574 1205 1604 caritatem
1228 1574 1350 1604 veritatis
1378 1583 1433 1603 non
1462 1579 1641 1612 receperunt;
1670 1575 1730 1604 ideo
1758 1576 1909 1604 nescientes

1062 1621 1250 1658 decipientur;
1272 1621 1345 1650 unde
1366 1622 1393 1650 in
1408 1622 1515 1650 Psalmo
1525 1626 1535 1650 :⁴
1557 1623 1743 1651 «Nescierunt
1764 1630 1853 1659 neque
1868 1623 1909 1651 in-

1063 1667 1247 1701 tellexerunt,
1270 1667 1330 1696 ideo
1350 1668 1379 1696 in
1400 1668 1521 1698 tenebris
1542 1669 1724 1697 ambulant».

1131 1791 1221 1822 Tertio,
1239 1792 1310 1822 quoad
1327 1792 1438 1816 defectum
1455 1792 1587 1824 regiminis,
1606 1793 1693 1824 quando
1709 1793 1842 1824 praeficitur

1284 1830 1403 1861 praelatus
1420 1831 1514 1855 inutilis
1531 1831 1555 1855 et
1571 1831 1688 1855 remissus.

1149 1949 1205 1977 Vae
1225 1948 1278 1977 tibi
1291 1952 1372 1977 terra
1386 1952 1437 1978 etc.
1459 1950 1538 1978 Dedit
1556 1950 1708 1979 remedium
1730 1953 1826 1979 contra
1840 1950 1911 1979 inor·
1927 1956 2006 1975 Divisio-

1063 1996 1243 2029 dinationem,
1258 2004 1329 2033 quae
1345 1996 1470 2033 provenit
1492 2005 1528 2025 ex
1542 1997 1665 2034 praelato
1686 1997 1758 2025 malo
1772 2001 1799 2026 et
1813 1997 1909 2031 stult0;

1064 2043 1109 2072 hic
1130 2043 1211 2072 tertio
1225 2043 1271 2072 dat
1292 2043 1445 2072 remedium
1460 2046 1555 2072 contra
1576 2043 1818 2078 inordinationem,
1840 2051 1911 2081 quae

1064 2090 1190 2127 provenit
1221 2098 1258 2119 ex
1286 2090 1409 2127 praelato
1435 2090 1534 2118 inutili
1567 2093 1592 2118 et
1626 2090 1755 2118 remisso.
1786 2090 1912 2119 Ostendit

1064 2137 1162 2174 igitur,
1194 2137 1275 2166 talem
1297 2137 1409 2174 pigrum
1429 2140 1456 2166 et
1487 2137 1624 2166 carnalem
1647 2145 1702 2165 non
1732 2145 1791 2166 esse
1812 2136 1911 2173 praefi-

1064 2184 1192 2213 ciendum
1214 2192 1265 2213 nec
1279 2185 1361 2213 etiam
1383 2184 1584 2213 sustinendum.
1609 2184 1639 2212 Et
1657 2184 1740 2212 habet
1761 2184 1828 2213 haec
1847 2191 1912 2221 pars
1928 2190 2056 2210 Partesduae.

1064 2231 1148 2260 duas:
1170 2231 1236 2268 quia
1256 2231 1346 2268 primo
1367 2231 1519 2260 detestatur
1544 2239 1625 2265 eum,
1646 2230 1793 2259 ostendens
1821 2231 1911 2268 ipsum

1062 2278 1244 2315 praelatione
1265 2278 1438 2316 indiynum;
1453 2278 1573 2307 secundo
1587 2278 1668 2313 dicit,
1688 2287 1741 2307 non
1757 2286 1817 2307 esse
1831 2278 1855 2307 ei
1870 2287 1912 2307 oe-

1066 2325 1139 2353 culte
1160 2324 1388 2358 detrahendum,
1410 2325 1467 2354 ihi:
1489 2325 1525 2353 In
1545 2325 1716 2363 coqitatione
1737 2329 1790 2353 tua
1811 2328 1861 2354 etc.

1145 2372 1270 2401 Ostendit
1290 2380 1372 2410 ergo,
1394 2373 1531 2401 carnalem
1554 2376 1580 2401 et
1595 2373 1705 2409 pigrum
1726 2380 1785 2401 esse
1806 2372 1911 2409 praela·
1925 2378 1952 2397 De
1966 2379 1983 2397 ι.
1995 2380 2057 2402 parte-

1067 2420 1140 2448 tione
1161 2419 1319 2456 indignum,
1341 2419 1431 2456 primo
1452 2422 1566 2456 propter
1591 2419 1839 2447 deordinationem
1858 2427 1912 2456 yu-

1068 2466 1125 2499 lae;
1147 2466 1268 2495 secundo
1283 2468 1395 2503 propter
1416 2466 1604 2494 infirmitatem
1619 2465 1663 2494 vel
1684 2465 1853 2493 otiositatem
1866 2466 1912 2502 pi-

231 2663 239 2677 ¹
257 2665 323 2687 Vers.
333 2665 345 2686 8
355 2673 360 2686 :
372 2664 527 2692 Imprudentia
539 2665 660 2686 stultorum
674 2663 726 2694 [est]
739 2670 825 2687 errans.
836 2677 867 2681 —
879 2666 1011 2694 Sequuntur

170 2704 241 2726 Eccle.
258 2705 284 2730 2,
303 2703 344 2730 44;
362 2704 397 2726 Ps.
415 2703 472 2731 ⁴40,
491 2703 516 2730 4;
529 2704 596 2726 Prov.
609 2703 683 2730 49,7.
703 2704 824 2732 (Vulgataz
844 2704 890 2732 Qui
906 2704 1011 2732 tantum)

168 2746 191 2766 et
207 2743 249 2770 it,
266 2744 304 2766 23.

230 2780 240 2794 ²
258 2782 322 2805 Vers.
340 2781 379 2804 24.
394 2793 426 2798 -
443 2782 575 2810 Sequuntur
592 2783 665 2804 Eccle.
684 2783 710 2810 8,
727 2782 753 2809 7,

168 2821 252 2851 futura
268 2821 375 2849 praefigit
391 2822 428 2849 et,·
445 2821 511 2843 Dent.
529 2821 571 2848 32,
589 2822 626 2843 29.

231 2858 241 2872 ³
258 2860 325 2883 Vers.
346 2860 367 2882 5.
390 2872 421 2876 —
443 2860 575 2889 Sequuntur
598 2861 652 2888 Sap.
675 2860 702 2888 5,
724 2860 751 2887 73
770 2860 818 2882 lsai.
837 2861 879 2887 26,
899 2861 918 2882 l.
937 2863 959 2882 et
976 2861 1013 2882 Ec-

169 2899 211 2921 cle.
230 2899 257 2926 6,
274 2899 297 2921 8.

231 2936 242 2949 ⁴
258 2937 341 2960 Psalm.
351 2936 392 2966 44,
402 2937 423 2959 3.
434 2950 463 2953 -—
473 2937 575 2960 Subinde
584 2938 711 2965 allegantur
721 2938 775 2961 Luc.
785 2938 806 2964 2,
817 2937 858 2964 47;
869 2938 930 2959 loan.
938 2937 952 2959 7
961 2954 966 2964 ‚
977 2937 1013 2959 46.

778 2781 816 2804 ubi
841 2783 858 2804 V
863 2783 937 2810 ulgata
960 2782 1013 2805 voci

1131 2663 1140 2676 ⁵
1158 2665 1241 2686 psalm.
1260 2664 1301 2691 i3,
1320 2664 1340 2685 i.
1358 2676 1388 2680 —
1406 2664 1538 2691 Sequuntur
1561 2662 1599 2685 lob
1623 2663 1665 2689 48,
1688 2662 1715 2689 73
1733 2662 1789 2685 Dan.
1810 2662 1848 2688 Η,
1866 2661 1911 2687 36,

1069 2704 1093 2725 ll.
1110 2704 1191 2725 Thess.
1208 2704 1234 2730 2,
1252 2703 1274 2724 3.
1292 2705 1313 2724 et
1337 2702 1357 2724 4.
1382 2702 1501 2730 (Vulgatflz
1524 2702 1645 2723 Revelatus
1666 2701 1756 2723 fuerit...
1777 2700 1912 2722 adversatur

1068 2745 1091 2765 et
1107 2742 1219 2765 extollitur
1236 2748 1306 2769 super
1322 2742 1383 2769 etc.).

1132 2779 1141 2792 ¹³
1159 2781 1224 2803 Vers.
1241 2781 1270 2807 85
1289 2780 1344 2802 ibid.
1361 2787 1383 2801 v.
1402 2780 1438 2801 to.
1456 2783 1478 2802 et
1501 2780 1538 2801 lt.
1565 2780 1625 2807 (post
1649 2778 1740 2801 erroris
1766 2778 1789 2799 in
1816 2777 1910 2804 Vulgata

1069 2820 1135 2848 plura
1152 2820 1278 2847 adduntur)
1304 2822 1338 2841 est
1354 2825 1403 2847 seq.
1419 2819 1495 2847 locus;
1513 2818 1592 2840 tertius
1614 2821 1648 2840 est
1670 2818 1706 2839 Ps.
1722 2818 1765 2843 81,
1783 2817 1805 2838 5.
1821 2828 1851 2832 -
1868 2815 1912 2838 Cir.

1070 2860 1099 2881 de
1116 2862 1249 2887 praenotata
1266 2858 1408 2886 expositione
1423 2858 1503 2880 Glossa
1521 2856 1680 2879 interlinearis
1698 2856 1720 2877 in
1737 2855 1808 2877 Eccle.
1821 2855 1862 2881 40,
1877 2855 1912 2876 12.

1070 2904 1134 2926 seqq.
1152 2898 1214 2925 apud
1232 2898 1355 2925 Lyranum.
