2296 3316
333 514 390 537 Resp-

408 154 465 182 446

486 231 512 258 2.
538 229 618 262 Item,
647 239 661 253 «
676 227 743 256 fides
767 235 821 256 non
849 226 933 256 habet
959 226 1105 261 meritum,
1129 226 1174 255 cui
1198 226 1251 255 hu-

407 284 488 304 mana
509 275 579 304 ratio
599 274 713 311 praebet
733 273 955 311 experimentum
968 274 977 290 ¹
992 284 1020 308 »3
1042 273 1065 302 si
1085 280 1152 310 ergo
1171 280 1251 310 prae-

407 323 478 352 dixit
505 322 562 356 eis;
590 329 626 350 ex
654 329 710 358 quo
737 320 867 350 viderunt
894 320 1005 349 evenire
1031 320 1104 357 quod
1125 320 1251 354 dixerat,

406 369 623 406 experiebantur
644 375 703 397 esse
724 375 838 396 verum:
865 375 932 405 ergo
958 370 1038 397 erant
1058 366 1137 396 vacui
1158 375 1174 395 a
1194 374 1251 396 me-

407 416 461 444 rito
481 415 553 443 fidei.

485 462 662 490 Responnso:
684 460 836 490 Dicendum
857 463 911 494 est,
932 460 1005 497 quod
1026 459 1145 496 Apostoli
1167 459 1251 488 habe-

406 509 472 537 bant
502 508 600 542 fidem,
621 508 669 536 sed
699 511 791 536 tamen
816 515 870 536 non
901 507 980 543 plene
1011 505 1170 542 explicitam
1200 513 1251 534 nec

406 555 488 585 etiam
508 554 629 592 perfecte
657 554 781 590 firmam,
810 556 842 583 ut
862 556 951 590 patet,
979 552 1045 590 quia
1071 552 1148 581 nullo
1169 552 1251 581 modo

405 602 534 632 volebant
553 601 666 631 credere
686 600 918 630 resurrectionem
930 600 949 627 ²³.
972 615 1009 620 —
1031 598 1182 628 Dicendum
1210 602 1252 629 est

406 658 484 687 erge,
506 649 581 686 quod
594 649 729 678 Dominus
742 647 916 685 praedicebat
936 646 976 676 eis
989 646 1144 683 passionem
1158 655 1250 682 suam,

406 700 437 726 ut
458 697 511 725 iam
533 696 606 724 illam
628 695 785 728 crederent,
800 694 834 722 de
854 701 910 730 qua
930 693 999 721 nihil
1019 693 1099 730 prius
1119 693 1249 722 sciebant.

406 743 519 772 Dicebat
539 743 621 772 etiam
652 741 686 771 ad
706 741 794 770 robur
824 740 903 774 fidei,
927 743 975 774 ut,
996 740 1120 769 w'dentes
1147 740 1250 777 passio-

406 798 469 819 nem
490 792 517 819 et
537 789 710 822 vacillantes,
732 789 999 821 rememorarentur,
1020 787 1095 824 quod
1115 787 1209 816 volens
1223 789 1250 816 et

407 839 438 865 ut
459 836 533 865 Deus
552 842 651 872 passus
681 836 730 862 est.
751 832 826 862 Unde
847 832 922 861 aliud
952 832 1089 862 videbant
1117 835 1145 861 et
1174 831 1250 861 aliud

407 881 572 914 credebant,
588 879 652 916 quia
673 878 820 912 videbant,
835 878 910 916 quod
930 879 1014 907 homo
1028 886 1125 916 passus
1145 877 1249 912 fuerat,

407 931 434 958 et
461 927 626 961 credebant,
653 925 727 963 quod
751 925 845 954 volens
872 925 943 962 pati,
970 928 1003 954 ut
1030 925 1103 954 Deus
1130 924 1249 953 animam

407 983 485 1004 suam
507 976 636 1011 posuerat
647 973 667 1001 ⁸.
696 973 728 1001 Et
748 972 834 1001 huius
853 972 972 1010 signum
993 972 1045 1001 fuit
1072 979 1122 1000 sua
1142 971 1250 1008 praedi-

407 1022 476 1055 ctio,
498 1020 544 1049 sed
565 1028 620 1048 non
641 1027 743 1057 coye‘ns
764 1019 858 1053 ratio,
880 1027 952 1056 quae
972 1018 1094 1048 auferret
1107 1018 1248 1046 meritum.

484 1068 530 1096 49.
552 1067 662 1104 Quaest.
685 1066 725 1095 lV.
748 1066 813 1095 Item
835 1066 980 1103 quaeritur
1000 1066 1034 1095 de
1048 1066 1100 1094 hoc
1121 1064 1196 1102 quod
1209 1064 1250 1093 di-

407 1114 458 1148 cit,
480 1113 554 1151 quod
574 1113 700 1142 diabolus
719 1121 774 1142 non
796 1113 914 1142 habebat
934 1113 962 1141 in
983 1112 1123 1141 Christum
1138 1111 1251 1140 iurisdi-

407 1160 524 1189 ctionem
545 1159 675 1197 aliquam.

488 1208 511 1235 1.
535 1207 604 1244 Ergo
624 1206 747 1241 videtur,
769 1207 844 1244 quod
864 1207 997 1235 Dominus
1017 1205 1118 1234 iniuste
1138 1204 1249 1239 fecerit,

407 1254 482 1291 quod
502 1253 642 1290 permisit,
664 1261 728 1282 eum
749 1262 765 1282 a
785 1253 893 1282 diabolo
913 1253 1039 1290 opprimi.

1164 1408 1325 1438 CAPrruunu
1345 1409 1400 1437 XV.

527 1554 634 1585 Secundo,
652 1554 713 1578 uiros
730 1554 883 1578 constantiam
899 1554 924 1577 in
940 1560 994 1577 vera
1010 1553 1130 1577 dilectione

739 1593 787 1617 tria
803 1593 927 1624 ponuntur.

489 1696 512 1722 1.
536 1695 595 1732 Eyo
615 1703 684 1723 sum
704 1694 771 1723 vitis
791 1703 862 1723 vera
883 1697 935 1723 etc.
958 1694 987 1722 ln
1008 1693 1182 1731 praecedenti
1206 1701 1250 1722 ca-

406 1741 496 1778 pitulo
518 1741 647 1770 hortatus
668 1745 709 1770 est
730 1741 863 1770 Dominus
884 1741 1032 1778 discipulos
1046 1748 1112 1769 suos
1131 1740 1166 1769 ad
1187 1740 1250 1769 fidei

408 1787 603 1820 constantiam,
625 1787 652 1815 in
674 1787 725 1816 hoc
740 1788 869 1816 hortatur
884 1795 930 1816 eos
944 1787 977 1815 ad
991 1786 1169 1815 dilectionem
1182 1795 1250 1823 pro-

407 1833 506 1862 batam
527 1837 553 1861 et
572 1842 674 1862 veram
685 1834 704 1862 ⁹.
728 1834 758 1862 Et
780 1834 910 1871 quoniam
941 1842 1007 1862 vera
1031 1833 1140 1862 dilectio
1160 1833 1250 1870 primo

406 1880 494 1917 diligit
514 1880 618 1914 Deum,
646 1880 743 1909 deinde
771 1884 797 1909 et
822 1881 940 1909 amicum
968 1880 996 1908 in
1023 1880 1079 1908 Deo
1107 1882 1134 1908 et
1159 1879 1250 1908 inimi-

408 1935 470 1956 cum
498 1927 586 1963 diligit
613 1930 640 1955 et
671 1927 771 1955 tolerat
802 1930 915 1964 propter
940 1927 1042 1960 Deum3
1068 1926 1129 1955 ideo
1160 1926 1250 1963 primo

408 1974 536 2002 hortatur
556 1973 705 2010 discipulos
726 1973 760 2001 ad
780 1973 957 2001 dilectionem
978 1972 1044 2006 Dei;
1065 1972 1194 2006 secundo,
1216 1972 1250 2000 ad

407 2020 584 2049 dilectionem
604 2020 787 2054 amicorum,
813 2020 850 2048 ibi
863 2020 902 2048 ¹⁰:
923 2020 984 2048 Hoc
1004 2023 1045 2048 est
1061 2022 1250 2056 praeceptum

407 2076 520 2101 meum,
548 2070 582 2095 ut
602 2067 734 2104 diligatis
754 2070 821 2101 etc.;
844 2066 941 2100 tertio,
968 2066 1001 2095 ad
1028 2066 1205 2095 dilectionem
1225 2069 1250 2094 et

408 2114 592 2143 tolerantiam
613 2113 821 2147 inimicorum,
843 2113 893 2142 ibi:
916 2113 948 2142 Si
962 2113 1091 2141 mundus
1110 2121 1161 2141 vos
1175 2113 1249 2147 odit,

407 2161 504 2190 scitote
525 2164 576 2189 etc.

472 2380 479 2393 ¹
496 2382 525 2404 Ut
541 2381 595 2404 dicit
612 2381 721 2409 Gregor.,
737 2381 762 2404 ll.
778 2381 862 2403 Homil.
879 2381 901 2403 in
917 2381 1005 2409 Evang.
1023 2381 1101 2403 homil.
1117 2380 1155 2403 26.
1172 2387 1194 2403 n.
1216 2382 1234 2403 1.

471 2418 480 2432 ²
497 2419 541 2443 Clr.
557 2420 614 2442 infra
637 2420 679 2447 20,
697 2420 719 2442 9.
735 2422 758 2442 et
774 2421 816 2448 253
839 2420 915 2442 Matth.
938 2420 980 2447 28,
998 2419 1040 2447 473
1062 2420 1131 2442 Marc.
1154 2419 1197 2447 46,
1216 2419 1252 2441 14.

409 2461 431 2480 et
447 2459 502 2480 Luc.
518 2457 559 2486 24,
578 2458 615 2480 il.
631 2464 697 2487 seqq.
714 2458 773 2480 Vide
789 2464 861 2486 supra
878 2465 899 2480 n.
919 2458 956 2481 43.

473 2495 482 2508 ³
499 2497 558 2519 Vide
574 2503 644 2525 supra
662 2502 682 2519 c.
699 2497 737 2519 40.
759 2503 782 2519 n.
798 2498 836 2519 22.
858 2503 908 2526 seq.
929 2499 952 2520 et
974 2497 1011 2520 30.
1033 2503 1082 2526 seq.
1098 2509 1128 2514 —
1146 2497 1186 2519 Ed.
1209 2502 1252 2525 pro

410 2535 485 2563 Deus,
503 2535 566 2564 quod
583 2536 619 2558 hic
635 2536 746 2564 occurrit,
762 2535 891 2564 Dominus,
911 2542 972 2565 qnae
993 2535 1061 2558 etiam
1083 2535 1178 2558 interius
1200 2537 1254 2563 post

410 2573 452 2596 sed
466 2579 515 2596 non
531 2574 614 2602 repetit
629 2574 686 2603 fuit,
704 2573 721 2597 C
738 2573 793 2602 legit
809 2574 865 2604 quia
881 2580 930 2597 non
945 2574 999 2604 fuit.

473 2611 483 2624 '²
500 2613 540 2635 Ed.
556 2619 610 2635 cum
627 2619 672 2635 uno
689 2614 806 2642 alteroque
823 2613 874 2636 eod.
891 2616 913 2636 et
930 2614 1033 2636 Gorrano
1055 2613 1168 2637 libertate.
1190 2613 1253 2636 ldem

411 2651 508 2673 recurrit
524 2651 580 2673 intra
598 2651 628 2674 ad
644 2652 667 2674 2.
682 2652 706 2674 in
722 2652 774 2674 flne.
793 2652 904 2680 Superius
921 2658 964 2680 pro
980 2651 1127 2675 moriebatur
1144 2652 1163 2674 D
1179 2657 1254 2675 mave-

412 2688 490 2712 batur.

474 2726 483 2739 ⁶
500 2728 540 2750 Ed.
554 2728 725 2758 perversitatis.
743 2729 846 2752 Subinde
863 2736 906 2758 pro
923 2729 1026 2753 iustitiae
1043 2736 1089 2752 non
1105 2730 1173 2758 pauci
1185 2729 1253 2752 codd.

411 2765 594 2794 mismcordiae,
607 2769 628 2789 et
643 2767 712 2794 paulo
729 2767 822 2790 inferius
839 2774 881 2795 pro
897 2767 1087 2796 misericordiae,
1103 2767 1254 2797 dispensatio-

412 2803 448 2827 nis
466 2810 518 2826 cum
537 2805 552 2826 E
564 2805 581 2827 Ν
598 2804 760 2828 substituimus
775 2805 852 2828 mirae
868 2805 1058 2836 dispensationis.

473 2841 484 2855 ⁶
500 2843 550 2865 lsai.
567 2843 609 2870 53,
627 2844 650 2866 6.
665 2846 687 2866 et
703 2844 731 2866 7:
748 2845 774 2866 Et
790 2845 867 2872 posuit
887 2845 1000 2868 Dominus
1022 2846 1044 2867 in
1061 2851 1088 2868 eo
1110 2845 1253 2874 iniquitatem

411 2881 515 2904 omnium
531 2884 643 2905 nostrum.
659 2882 753 2906 Oblatus
769 2886 803 2906 est
819 2886 862 2906 etc.
879 2883 936 2906 lbid.
952 2891 975 2907 v.
993 2884 1019 2907 5:
1036 2885 1131 2907 Attritus
1153 2887 1186 2907 est
1203 2890 1254 2912 pro-

411 2923 463 2948 pter
478 2921 564 2943 scelera
586 2923 671 2943 nostra.
693 2921 738 2944 Csr.
754 2922 787 2944 lll.
807 2923 868 2945 Seut.
886 2923 909 2945 d.
926 2923 962 2945 46.
979 2929 1000 2945 a.
1018 2924 1040 2945 4.
1057 2930 1080 2952 q.
1097 2924 1119 2946 3.
1136 2923 1159 2946 in
1175 2929 1241 2951 corp.
1247 2931 1253 2950 ;

1022 148 1191 178 COMMENT.
1214 149 1246 177 IN
1267 148 1413 177 ΙΟΑΝΝΕΜ
1435 148 1462 177 C.
1486 149 1539 177 XV.

1386 227 1412 255 2.
1434 226 1500 255 Item
1521 226 1599 261 dicit,
1620 227 1694 264 quod
1708 227 1760 256 hoc
1781 226 1845 256 facit
1858 230 1972 264 propter
1992 229 2151 259 mandatum

1308 272 1408 301 Patris:
1430 280 1496 309 ergo
1517 272 1538 301 si
1560 272 1676 302 debebat
1696 273 1824 307 obedire,
1845 280 1911 310 ergo
1931 274 2102 304 moriebatur
2116 283 2152 304 ex

1307 318 1414 353 debito,
1435 326 1490 347 non
1511 326 1547 347 ex
1568 327 1646 348 mera
1666 319 1829 348 liberalitate
1839 320 1859 348 ⁴.
2272 302 2280 355 i

2269 358 2272 371 i

1386 365 1563 394 Rasrounnoz
1584 365 1752 400 Dicendum,
1772 365 1845 403 quod
1872 366 1992 404 aliquem
2014 367 2153 397 nolentem
2162 372 2271 421 ‹ffliss'afflj

1307 411 1400 449 puniri
1431 420 1482 449 pro
1509 412 1591 449 culpa
1620 421 1692 447 sua,
1723 413 1776 442 hoc
1803 415 1844 442 est
1874 413 1939 442 irae
1965 417 1992 443 et
2017 417 2154 443 severita-

1307 458 1382 492 τῖλε-5,·
1402 459 1522 496 aliquem
1543 459 1679 488 volentem
1703 460 1796 496 puniri
1817 468 1869 497 pro
1895 460 1977 497 culpa
1996 469 2071 495 sua,
2099 461 2153 490 hoc

1307 507 1349 533 est
1362 504 1492 533 iustitiae
1512 508 1537 533 ec
1550 505 1682 534 veritatis
1690 516 1700 539 ;
1720 505 1840 542 aliquem
1854 505 1991 534 volentem
2005 514 2057 543 pro
2071 506 2153 544 culpa

1307 551 1421 585 aliena,
1440 552 1493 580 hoc
1513 552 1609 580 mirae
1627 551 1852 588 dis-peiwationis
1866 555 1891 580 et
1908 552 2095 589 diynationis.
2116 569 2153 574 —

1307 599 1377 636 Quia
1390 607 1456 635 ergo
1470 598 1597 627 Christus
1616 598 1731 635 punitus
1751 602 1778 627 et
1800 598 1894 627 volens
1911 598 2026 635 punitus
2040 607 2091 636 pro
2104 607 2153 628 no-

1307 648 1365 675 stra
1385 646 1486 679 salute;
1507 645 1611 681 placuit
1622 653 1729 681 ponere
1742 644 1774 673 in
1788 653 1819 673 eo
1833 644 2001 683 iniquitates
2022 646 2153 675 omnium

1306 695 1456 724 nostrum,
1483 693 1510 719 et
1538 698 1589 727 pro
1621 690 1723 719 nostris
1750 691 1901 720 sceleribus
1929 691 2020 728 ipsum
2049 692 2151 729 puniri.

1309 739 1429 768 Oblatas
1442 741 1496 773 est,
1511 738 1583 777 quia
1597 738 1658 776 ipse
1672 738 1762 767 voluit
1772 738 1783 756 ⁶
1791 749 1802 773 ‚·
1816 741 1844 768 et
1857 738 1918 768 ideo
1932 739 2009 768 nulla
2019 739 2153 769 iniustitia

1306 794 1342 816 ex
1363 789 1442 823 parte
1456 785 1504 814 Dei
1526 785 1596 814 facta
1616 785 1681 820 fuit,
1703 785 1750 815 sed
1764 793 1800 815 ex
1815 788 1893 823 parte
1907 785 2016 815 diaboli.
2032 785 2063 815 Et
2076 785 2152 821 ideo,
2189 800 2192 802 ·

1306 833 1372 871 quia
1400 833 1503 861 iniuste
1529 832 1676 870 usurpavit
1701 832 1853 861 dominium
1884 840 1970 870 supra
1996 832 2153 868 Christum,

1306 880 1358 909 hoc
1385 879 1445 916 ipso
1472 879 1564 908 amisit
1591 879 1663 908 iuste
1690 879 1859 914 dominium,
1887 879 1962 916 quod
1982 879 2101 908 habebat
2125 879 2153 908 in

1307 926 1439 955 membris
1459 926 1560 955 Christi
1574 926 1593 954 ⁷.

1385 975 1412 1002 Ξ.
1433 974 1471 1002 Ad
1485 973 1553 1002 illud
1580 973 1654 1010 quod
1678 972 1786 1006 obiicit,
1808 971 1882 1009 quod
1896 971 1992 1001 debuit
2011 971 2098 1007 mori;
2112 971 2154 1001 di-
2170 975 2199 994 Ad
2211 975 2229 995 2-

1306 1020 1440 1055 cendum,
1456 1019 1530 1057 quod
1551 1021 1593 1048 est
1612 1019 1737 1048 debitum
1758 1018 1856 1047 meriti
1875 1020 1903 1047 et
1923 1017 2047 1047 debitum
2064 1026 2153 1056 prae-

1306 1066 1386 1104 cepti.
1403 1066 1531 1095 Peccator
1545 1065 1626 1094 debet
1642 1065 1727 1099 mori,
1741 1064 1807 1102 quia
1821 1064 1936 1099 meruit;
1951 1064 1999 1093 sed
2012 1064 2153 1100 Christus,

1307 1113 1372 1150 quia
1393 1112 1417 1142 ei
1439 1113 1518 1141 Pater
1539 1111 1686 1149 praecepit.
1708 1111 1762 1140 Hoc
1782 1113 1876 1140 autem
1889 1111 2013 1140 debitum
2034 1120 2090 1141 non
2109 1119 2154 1141 re-

1306 1162 1412 1197 pugnat
1432 1159 1604 1193 liberalitati,
1626 1158 1737 1195 quando
1757 1158 1788 1186 fit
1808 1166 1845 1187 ex
1859 1166 1967 1193 amore;
1989 1160 2017 1187 et
2037 1158 2076 1188 sic
2089 1158 2153 1188 fecit

1306 1205 1450 1239 Christus,
1481 1208 1508 1234 et
1540 1204 1601 1234 ideo
1630 1204 1734 1233 dicit⁸:
1761 1204 1796 1234 Ut
1820 1208 1976 1242 coynoscat
2004 1206 2152 1239 mundus,

1307 1252 1378 1290 quia
1400 1251 1488 1289 diligo
1511 1252 1639 1280 Patrem.

1425 1553 1500 1576 Primo
1516 1553 1625 1577 hortatur
1642 1553 1764 1584 discipulos
1781 1553 1809 1577 ad
1827 1553 1970 1578 dilectionem
1985 1554 2034 1578 Dei.

1386 1647 1516 1676 Hortatur
1538 1654 1585 1675 eos
1606 1647 1697 1683 primo
1717 1646 1751 1675 ad
1772 1647 1949 1676 dilectionem
1966 1647 2032 1681 Dei;
2046 1650 2073 1677 et
2087 1647 2153 1685 quia

1311 1704 1325 1718 α
1337 1693 1384 1730 qui
1400 1696 1492 1722 manet
1506 1693 1533 1721 in
1549 1693 1663 1722 caritate
1678 1693 1704 1722 in
1720 1694 1777 1722 Deo
1792 1697 1884 1723 manet
1896 1695 1918 1711 ¹¹
1932 1705 1960 1729 »,
1976 1694 2104 1723 hortatur
2118 1693 2153 1723 ad

1306 1740 1486 1768 manendum
1507 1740 1538 1768 in
1559 1748 1603 1774 se,
1628 1742 1655 1768 et
1677 1740 1728 1769 hoc
1756 1740 1867 1777 quidem
1889 1740 1953 1769 facit
1975 1741 2027 1769 hoc
2047 1740 2151 1770 ordine.

1308 1787 1398 1815 Primo
1428 1786 1596 1815 describitur
1622 1787 1785 1815 mansionis
1813 1786 1910 1821 locus;
1931 1787 2065 1821 secund0,
2085 1786 2153 1824 fru-
2171 1795 2241 1815 Divisio
2251 1795 2261 1815 it

1307 1836 1388 1866 ctus‚·
1409 1833 1503 1867 tertio,
1525 1833 1645 1867 modus;
1666 1837 1782 1871 quarto,
1804 1832 1926 1871 effectus.
2181 1819 2267 1856 ww?

1385 1881 1411 1908 Ξ).
1435 1880 1522 1916 (Vers.
1549 1880 1594 1914 1.).
1613 1880 1776 1909 Mansionis
1790 1880 1875 1917 igitur
1891 1879 1969 1908 locus
1983 1879 2153 1917 exprimitur
2165 1889 2264 1932 Dgiss'ffi.

1306 1926 1396 1963 primo
1417 1926 1477 1963 ipse
1500 1925 1650 1961 Christus,
1672 1927 1700 1955 in
1721 1935 1778 1964 quo
1791 1934 1904 1956 manere
1922 1926 2022 1955 debent
2042 1926 2152 1961 fideles,

1306 1973 1378 2002 sicut
1398 1973 1503 2010 palmes
1530 1976 1623 2002 manet
1653 1974 1681 2002 in
1712 1974 1774 2002 vite.
1804 1974 1953 2010 Propterea
1979 1973 2060 2002 dicit:
2094 1973 2153 2011 Eyo

1305 2028 1372 2048 sum
1392 2020 1460 2048 vitis
1480 2028 1568 2054 vera,
1590 2020 1650 2049 ideo
1671 2028 1758 2054 vera,
1774 2020 1839 2057 quia
1853 2020 1950 2049 vinum
1967 2028 2064 2049 verum
2086 2028 2153 2057 pro-

1306 2066 1395 2101 ducit,
1411 2067 1445 2095 de
1459 2075 1515 2104 qua
1535 2067 1647 2096 Genesis
1668 2067 1820 2104 penultimo
1833 2067 1871 2095 ¹²:
1892 2078 1905 2092 ει
1920 2067 2032 2096 Lavabit
2046 2067 2073 2096 in
2088 2067 2153 2096 vino

1307 2113 1403 2141 stolam
1431 2121 1510 2142 suam
1535 2116 1563 2142 et
1590 2113 1617 2141 in
1647 2114 1780 2151 sanguine
1812 2121 1882 2143 uvae
1914 2113 2027 2150 pallium
2053 2121 2152 2148 suum,

1306 2160 1394 2197 ligans
1415 2160 1449 2188 ad
1470 2160 1577 2189 vineam
1602 2160 1710 2197 pullum
1731 2168 1815 2189 suum
1842 2163 1869 2189 et
1890 2160 1924 2189 ad
1945 2160 2027 2189 vitem
2049 2159 2153 2189 asinam

1309 2381 1331 2403 d.
1350 2381 1387 2403 20.
1404 2388 1427 2410 q.
1445 2382 1465 2404 5.
1483 2382 1513 2404 ad
1531 2382 1553 2403 ’1.
1569 2384 1591 2404 et
1608 2381 1665 2404 dub.
1682 2382 1703 2404 3.
1721 2381 1780 2404 Vide
1797 2381 1866 2403 etiam
1883 2381 1908 2403 ll.
1925 2381 1987 2403 Sent.
2003 2380 2028 2403 d.
2044 2380 2083 2403 36.
2098 2386 2119 2403 a.
2131 2381 2153 2403 2.

1308 2426 1331 2449 q.
1346 2421 1368 2442 2.
1384 2420 1407 2442 in
1425 2426 1490 2448 corp.
1501 2432 1532 2436 —
1543 2420 1655 2448 Superius
1671 2422 1724 2448 post
1740 2419 1831 2449 placuit
1847 2419 1885 2442 ed.
1896 2419 1961 2442 addit
1977 2418 2051 2448 enim,
2063 2421 2086 2442 et
2101 2418 2154 2442 sub-

1309 2458 1362 2480 inde
1378 2464 1420 2486 pro
1437 2458 1478 2481 sed
1493 2458 1610 2481 substituit
1626 2459 1658 2486 et,
1676 2458 1793 2480 Gorranus
1809 2464 1875 2481 nam.

1371 2495 1379 2508 ⁷
1397 2496 1445 2519 Csr.
1461 2497 1494 2519 lll.
1511 2497 1574 2519 Sent.
1590 2497 1613 2519 d.
1631 2497 1668 2519 ⁴9.
1685 2503 1706 2519 a.
1724 2497 1745 2519 l.
1761 2503 1785 2526 q.
1802 2497 1824 2519 2.
1841 2497 1870 2519 ad
1888 2496 1910 2520 5.
1927 2499 1950 2519 et
1965 2496 2022 2519 dub.
2039 2497 2062 2519 3.
2078 2503 2128 2526 seq.

1371 2533 1381 2547 ⁸
1398 2536 1463 2558 Vers.
1481 2536 1518 2557 31.
1536 2536 1647 2563 August„
1663 2536 1687 2558 in
1704 2536 1766 2558 loan.
1783 2536 1871 2563 Evang.
1887 2538 1915 2558 tr.
1931 2535 1970 2558 79.
1987 2542 2010 2558 n.
2027 2536 2053 2558 2:
2071 2536 2097 2558 Et
2107 2538 2153 2558 tan-

1309 2580 1380 2603 quam
1397 2574 1417 2596 ei
1434 2574 1561 2596 diceretur:
1579 2574 1625 2597 Cur
1642 2580 1698 2602 ergo
1715 2574 1824 2601 moreris,
1841 2574 1861 2597 si
1876 2580 1923 2597 non
1935 2573 2007 2597 habes
2018 2576 2153 2602 peceatum,

1309 2614 1345 2636 cui
1362 2613 1474 2636 debeatur
1491 2614 1572 2636 mortis
1588 2613 1745 2641 supplicium?
1762 2613 1870 2636 continuo
1886 2613 1996 2636 subiecit:
2013 2613 2061 2637 Sed
2075 2615 2104 2637 ut
2118 2619 2153 2637 co-

1309 2654 1409 2682 =‹Jnoscat
1425 2651 1530 2675 mundas
1547 2655 1590 2675 etc.

1371 2689 1381 2703 ⁹
1398 2691 1444 2714 Cfr.
1460 2697 1530 2719 supra
1548 2697 1568 2714 c.
1587 2691 1624 2714 44,
1640 2697 1664 2713 n.
1682 2692 1703 2714 1.

1373 2728 1392 2742 ¹⁰
1409 2730 1475 2752 Vers.
1495 2730 1534 2757 ¹2;
1551 2730 1616 2752 tertia
1633 2735 1688 2757 pars
1704 2730 1784 2758 incipit
1800 2736 1823 2752 v.
1842 2730 1878 2752 lS.

1372 2767 1390 2780 ¹¹
1408 2769 1436 2791 Ut
1453 2768 1537 2790 dicitur
1554 2769 1569 2790 l.
1587 2769 1648 2790 loan.
1666 2768 1691 2797 4,
1710 2769 1747 2791 16.

1373 2805 1391 2821 ¹²
1408 2806 1474 2829 Vers.
1487 2807 1524 2829 Μ.
1535 2807 1633 2834 Vulgata
1642 2807 1709 2835 legit,
1718 2806 1913 2836 propositionibus
1922 2807 2031 2830 inversis:
2041 2806 2153 2836 Liyans...

1309 2845 1404 2868 asinam
1419 2851 1498 2868 suam.
1515 2845 1636 2868 Lamon...
1649 2845 1754 2875 pallium
1775 2852 1855 2869 suum.
1876 2847 1907 2868 lta
1929 2846 1997 2868 etiam
2019 2845 2069 2873 ed.,
2091 2851 2152 2875 quae

1310 2884 1416 2912 superius
1432 2886 1485 2912 post
1501 2884 1526 2906 in
1543 2890 1589 2913 quo
1606 2884 1671 2907 addit
1682 2890 1727 2914 per
1741 2883 1848 2907 caritatis
1860 2883 1995 2912 vinculum,
2007 2886 2029 2906 et
2040 2886 2093 2912 post
2100 2883 2153 2913 pal-

1309 2928 1358 2945 mes
1375 2928 1429 2945 curn
1446 2922 1462 2945 C
1474 2923 1492 2945 N
1508 2922 1628 2950 subiungit
1644 2922 1757 2946 mundus.

2265 3129 2276 3316 Ἣ
2267 2712 2275 3123 ;-a-=r——-——-.;—-
2270 2554 2277 2706 ἦ
