2296 3316
266 411 361 435 Expositio
369 411 399 430 lit·

298 435 392 476 ‘attia

280 1529 393 1549 Secundum.

410 189 466 217 478

410 265 512 298 cundo,
534 263 689 291 aduentam
708 259 871 297 proditoris
891 258 925 286 ad
945 258 1024 286 illum
1046 257 1152 291 locum,
1174 256 1210 284 ibi
1227 257 1251 283 ¹:

410 311 502 339 Iudas
522 318 589 346 erqo
610 311 661 337 etc.

488 357 513 384 2.
536 355 624 391 (vers.
656 354 701 387 1.).
730 352 899 381 Continuans
926 351 1012 388 igitur
1039 350 1111 379 dicta
1131 348 1254 378 dicendis

409 404 461 431 ait:
478 402 555 430 Haec
570 409 637 429 cam
651 400 787 433 disiisset,
809 398 920 435 supple:
935 405 1006 434 quae
1021 396 1161 433 praedicta
1175 398 1253 428 sunt;

410 449 491 477 lesus
511 455 644 484 eyresstts
669 450 710 474 est
729 454 796 474 cum
824 444 978 481 discipulis
997 443 1061 471 suis
1089 446 1174 471 trans
1196 445 1253 470 tor-

409 498 515 524 rentem
539 494 658 522 Cedron.
680 492 731 521 Iste
759 491 893 520 transitus
914 490 1106 527 praesignatus
1132 488 1185 517 suit
1212 496 1254 517 se-

409 541 489 571 cundi
506 541 608 577 Regum
620 539 726 568 decimo
740 539 837 576 quinto
849 538 872 565 ¹³:
892 548 906 563 «
918 538 976 566 Rex
990 544 1103 574 quoque
1115 538 1254 572 transgre-

408 588 535 617 diebatur
557 589 708 615 torrentem
731 585 837 614 Cedron
858 596 885 612 ι).
911 584 1054 613 Geuitivus
1074 582 1190 620 pluralis
1213 585 1255 611 est

411 635 535 667 θεάν-οτι,
556 634 583 662 id
604 637 646 662 est
673 636 749 661 trans
770 635 921 661 torrentem
939 631 1106 664 cedrorum,
1128 630 1194 667 quia
1217 629 1254 658 ibi

409 684 488 711 erant
501 681 615 709 arbores
637 680 706 708 illae.
726 680 880 717 Eyressus,
901 678 935 707 de
950 678 1072 711 civitate,
1094 677 1160 714 quia
1173 680 1255 706 extra

409 728 626 764 comprehensus
640 730 667 755 et
681 734 794 764 passus;
815 725 850 754 ad
864 725 1000 754 Hebraeos
1015 724 1125 753 ultimo:
1149 735 1162 749 (ι
1176 723 1255 752 Chri-

409 779 469 804 stus
489 778 570 803 extra
590 777 698 811 portam
728 781 826 810 passus
847 776 916 801 est»
941 775 992 801 etc.
1020 771 1074 800 Ubi
1096 774 1162 800 erat
1188 769 1255 799 lior-

410 826 472 855 tas,
496 822 526 850 in
547 830 631 860 quem
652 820 784 849 introivit
804 820 864 857 ipse
887 823 913 847 et
933 818 1072 855 discipali
1092 818 1171 851 eius,
1200 825 1255 846 non

410 872 540 906 tanquam
572 868 680 905 fugiens
711 868 754 896 vel
778 866 948 895 abscondens
979 873 1023 899 se,
1055 864 1103 893 sed
1133 864 1255 901 quietem

409 923 561 953 quaerens;
582 914 758 943 Canticorum
773 916 853 942 sexto
864 912 890 940 ³:
917 923 930 937 «
945 911 1077 940 Descendi
1093 911 1120 939 in
1142 911 1255 939 hortum

409 970 519 995 meum,
540 964 572 990 ut
592 961 714 989 viderem
728 971 762 994 »;
785 959 922 988 Psalmus:
950 970 962 983 «ι
975 958 1003 986 ln
1025 965 1091 994 pace
1111 957 1200 986 sactus
1214 959 1256 985 est

409 1009 486 1037 locus
507 1008 612 1041 eius»;
634 1007 707 1035 unde
729 1006 837 1035 subdit:

489 1055 514 1083 3.
538 1055 626 1091 (Vers.
649 1054 697 1089 2.).
715 1053 826 1082 Sciebat
846 1056 943 1080 autem
958 1055 984 1080 et
1007 1051 1114 1085 ladas,
1129 1050 1181 1089 qai
1194 1053 1255 1079 tra-

409 1101 493 1130 debat
512 1109 591 1134 etim,
608 1100 710 1128 locum.
734 1100 764 1128 Et
780 1099 849 1127 ratio
867 1098 1010 1127 subditur:
1028 1098 1106 1133 Quia
1119 1096 1254 1135 frequen-

409 1153 451 1176 ter
479 1148 560 1176 Iesus
587 1146 792 1175 conzfflniebat‘¹
814 1145 883 1174 ittae
904 1153 972 1173 cum
1001 1143 1154 1181 discipulis
1180 1143 1253 1171 suis.

410 1195 517 1223 Victor:
544 1206 557 1219 «
573 1194 652 1222 Iudas
678 1194 751 1222 hunc
774 1193 864 1221 locum
886 1194 1044 1225 notaverat,
1066 1199 1098 1220 eo
1126 1190 1200 1227 quod
1221 1190 1255 1218 ad

410 1242 487 1270 illum
503 1241 636 1270 Dominus
651 1248 731 1277 saepe
753 1240 847 1269 venire
862 1241 1044 1268 consueverat
1058 1250 1084 1266 ».
1104 1238 1191 1266 Locus
1205 1238 1256 1266 iste

410 1292 469 1318 erat
490 1288 517 1317 in
533 1288 601 1325 pede
622 1288 722 1316 montis
737 1287 851 1320 Oliveti;
873 1286 939 1315 illuc
960 1286 1016 1314 ibat
1030 1286 1105 1314 Iesus
1126 1285 1256 1322 frequen-

410 1339 467 1370 ter;
490 1336 578 1364 Lucae
600 1335 731 1372 vigesimo
758 1334 886 1371 primo⁵:
913 1333 1005 1361 «Erat
1032 1332 1129 1361 diebus
1156 1332 1257 1360 docens

410 1384 438 1412 in
470 1383 587 1420 templo,
619 1382 746 1411 noctibus
775 1384 867 1410 autem
900 1381 997 1409 exiens
1035 1380 1197 1408 morabatur
1229 1379 1256 1407 in

411 1434 504 1459 monte
525 1430 622 1458 Oliveti
642 1441 668 1457 n.

491 1477 517 1505 li.
541 1477 629 1513 (Vers.
653 1476 700 1508 3.).
724 1476 816 1504 ludas
837 1483 921 1512 erqo,
944 1483 1010 1503 cum
1032 1473 1185 1510 accepisset
1213 1481 1257 1501 co-

413 1522 530 1552 hortem.
554 1523 600 1552 Hic
621 1525 732 1551 notatur
760 1521 902 1550 ctdventits
925 1520 1085 1558 proditoris
1109 1527 1173 1548 cum
1199 1519 1258 1547 tali-

412 1571 480 1605 bus,
502 1571 548 1608 qui
579 1573 689 1607 possent
710 1577 808 1605 capere
836 1573 862 1597 et
888 1573 981 1597 tenere
1002 1571 1029 1596 et
1049 1567 1160 1596 ducere.
1184 1567 1257 1600 Ideo,

413 1626 479 1646 cum
508 1617 660 1654 accepisset
685 1615 846 1649 cohortem,
868 1624 884 1644 a
911 1615 1060 1652 gentilibus
1088 1614 1205 1647 scilicet,
1234 1617 1258 1642 et

413 1674 432 1693 a
450 1664 657 1701 principibus-⁶
682 1668 708 1692 et
735 1662 906 1691 Pharisaeus·
927 1662 1093 1695 ministros,
1115 1661 1181 1698 quia
1205 1661 1258 1689 illis

412 1719 475 1740 eum
500 1710 635 1744 tradebat3
660 1710 788 1738 Matthaei
805 1710 935 1746 vigesimo
956 1712 1035 1737 sexto
1050 1708 1164 1741 dicitur,
1184 1707 1257 1744 quod

416 1770 429 1783 «ι
444 1758 510 1786 abiit
530 1758 564 1786 ad
586 1758 724 1794 principes
752 1756 927 1785 sacerdotum
952 1759 979 1784 et
999 1756 1070 1784 dixit
1093 1755 1161 1784 illis:
1186 1754 1257 1791 Quid

411 1805 495 1833 vultis
513 1804 579 1832 mihi
602 1804 681 1837 dare,
703 1807 730 1832 et
750 1812 800 1840 ego
816 1803 893 1831 vobis
914 1811 976 1831 eum
994 1803 1099 1831 tradam
1115 1805 1152 1829 »t
1180 1802 1258 1830 Venit

413 1851 494 1885 ittae,
517 1851 595 1888 quasi
624 1851 682 1887 ipse
709 1850 807 1878 ductor
829 1850 960 1883 aliorum,
989 1858 1055 1877 cam
1084 1848 1206 1877 laternis
1233 1851 1259 1876 ct

474 1996 482 2009 ¹
502 1997 566 2020 Vers.
584 1998 605 2019 3.

473 2035 482 2048 ²
500 2037 565 2059 Vers.
583 2036 621 2058 23.
638 2048 669 2052 —
686 2036 794 2064 Sequitur
810 2034 879 2057 Hehr.
901 2035 939 2062 13,
962 2036 994 2057 12.
1013 2047 1043 2051 -
1061 2035 1118 2057 Petr.
1130 2034 1257 2062 Comestor‚

410 2076 494 2098 Histor.
512 2075 660 2103 scholastica,
678 2075 700 2097 in
718 2075 855 2103 Evangelia,
873 2080 892 2096 c.
915 2074 964 2096 l55.
983 2074 1018 2101 (ex
1036 2074 1145 2100 Alc-uino,
1162 2074 1185 2095 in
1197 2074 1258 2096 loan.

411 2116 451 2141 48.
470 2116 514 2143 l.):
534 2124 545 2135 ιι
559 2114 649 2138 Gedron
666 2115 781 2142 genitivus
799 2117 832 2136 est
849 2114 949 2136 Graecus
969 2113 1062 2141 pluralis
1086 2112 1170 2142 [textus
1191 2114 1258 2135 Grae·-

410 2161 463 2177 cus:
481 2153 550 2183 πέραν
567 2156 608 2175 τοῦ
624 2151 748 2185 χειμάρῥου
766 2154 808 2173 τῶν
825 2150 940 2181 Κέδρων],
962 2152 1002 2180 qui
1025 2151 1103 2173 Latine
1125 2151 1208 2173 dicitur
1225 2157 1257 2174 ce-

410 2193 511 2217 drorum
520 2202 543 2215 n.
555 2193 687 2215 Secundum
699 2192 755 2214 alios
768 2191 859 2215 Cedron
870 2193 904 2213 est
914 2197 957 2213 vox
970 2190 1094 2217 Hebraica,
1106 2197 1150 2213 non
1163 2190 1257 2216 Graeca,

410 2236 431 2255 et
448 2232 509 2255 idern
527 2235 561 2254 est
577 2238 603 2254 ac
620 2231 767 2259 denigratus,
782 2234 837 2257 ater,
850 2230 918 2253 tristis
930 2229 1018 2257 (cedar,
1031 2230 1080 2252 sive
1096 2229 1177 2257 kydar,
1195 2229 1256 2251 idem

410 2275 444 2294 est
459 2278 485 2294 ac
502 2271 613 2299 nigredo,
630 2270 731 2298 tristitia;
748 2271 787 2292 cfr.
806 2270 911 2296 Hieron,
928 2269 957 2291 de
973 2267 1088 2291 Nominib.
1106 2268 1211 2291 Hebraic.
1227 2268 1257 2291 de

410 2312 491 2334 Genes.
509 2311 589 2337 Hilar.,
606 2310 628 2332 in
646 2311 680 2332 Ps.
703 2310 752 2332 119.
769 2316 791 2332 n.
813 2308 869 2338 14.),
886 2311 906 2331 et
925 2309 954 2331 ita
972 2307 1099 2330 vocabatur
1110 2309 1152 2331 iste
1168 2311 1257 2330 torrens

410 2351 460 2374 sive
476 2350 505 2373 ab
523 2349 840 2377 umbrositateproveniente
857 2354 883 2370 ex
900 2348 1047 2370 multitudine
1068 2347 1191 2375 arborum,
1209 2348 1257 2376 qui-

410 2389 454 2412 bus
471 2392 519 2411 erat
535 2389 648 2416 consitus,
665 2388 715 2410 sive
732 2387 761 2410 ab
779 2393 893 2416 aquarum
910 2386 1032 2414 nigredine
1049 2389 1093 2408 etc.

472 2426 481 2440 ²³
499 2429 564 2451 Vers.
583 2428 618 2450 lO.
635 2440 666 2444 —
683 2426 787 2449 Subinde
803 2427 914 2454 allegatur
932 2426 966 2448 Ps.
984 2425 1027 2453 75,
1045 2426 1067 2448 3.

472 2466 482 2479 “²
499 2467 595 2495 Vulgata
613 2467 761 2489 convenerat.
778 2477 809 2482 —
827 2465 859 2487 De
878 2465 969 2487 Victore
986 2465 1026 2487 cfr.
1044 2470 1114 2492 supra
1131 2470 1185 2492 pag.
1199 2464 1256 2491 275,

410 2509 462 2529 nota
489 2507 523 2528 ll.
545 2506 622 2528 Glossa
649 2504 809 2528 interlinearis
832 2505 881 2529 (cfr.
908 2504 1016 2532 August,
1040 2504 1061 2526 in
1084 2505 1145 2526 ioan.
1169 2504 1257 2532 Evang.

410 2548 438 2568 tr.
454 2545 503 2567 112.
515 2551 539 2567 n.
551 2545 595 2573 2.):
608 2544 723 2568 Sciebat...
736 2544 827 2571 locum,
840 2543 879 2565 ubi
893 2544 941 2571 ipse
953 2543 1023 2571 lupus
1039 2543 1097 2565 inter
1109 2548 1165 2565 oves
1182 2543 1256 2565 locum

410 2587 593 2613 praenotaverat.
606 2584 663 2606 Vide
675 2583 804 2611 chrysost„
817 2584 838 2605 in
850 2584 911 2605 ioan.
923 2583 1002 2605 homil.
1013 2583 1052 2605 83.
1064 2583 1129 2611 (alias
1141 2583 1222 2611 82.)'n.
1236 2583 1257 2605 ·Ι,

472 2621 481 2634 ⁶
499 2622 566 2644 Vers.
583 2622 619 2644 37.
637 2621 683 2644 Cl‘r.
700 2622 757 2644 intra
775 2628 797 2644 n.
817 2622 838 2644 6.

472 2660 482 2673 ⁶
500 2662 597 2689 Vulgata
611 2660 769 2691 ponteficibus.
788 2673 818 2677 —
836 2661 943 2689 Sequitur
961 2661 1037 2683 Matth.
1056 2661 1098 2687 26,
1119 2660 1153 2682 14.
1170 2663 1192 2683 et
1213 2660 1245 2682 15.

474 2699 482 2712 ⁷
500 2701 564 2723 Vers.
584 2701 620 2722 17.
637 2713 668 2717 -
685 2701 763 2723 Glossa
782 2699 956 2723 interlinearis:
973 2699 1041 2723 Venit
1050 2699 1108 2723 illuc
1120 2706 1174 2723 cum
1186 2699 1257 2723 later-

410 2739 447 2763 m's
465 2740 552 2768 [plures
569 2740 638 2762 codd.
655 2739 782 2769 lanternis]
799 2741 821 2763 et
836 2739 927 2769 facibus
935 2748 943 2767 ς
960 2745 1004 2762 nox
1021 2739 1082 2762 enim
1100 2742 1159 2766 erat,
1177 2740 1198 2762 in
1211 2746 1257 2768 qua

411 2779 462 2801 ideo
474 2784 527 2801 cum
540 2779 638 2801 lucernis
650 2782 672 2800 et
685 2778 784 2806 facibus,
797 2781 832 2805 ut,
844 2778 863 2800 si
875 2778 943 2800 latere
956 2779 1034 2806 vellet,
1047 2778 1082 2801 his
1093 2781 1257 2807 quaereretur;

410 2819 433 2841 et
447 2817 536 2845 armis,
554 2820 578 2839 ut
595 2817 642 2844 his,
659 2818 677 2839 si
694 2817 733 2845 qui
751 2823 805 2839 eum
819 2817 943 2840 defendere
954 2817 1049 2844 vellent,
1061 2820 1255 2845 expugnarentur.

411 2855 456 2879 Csr.
473 2856 651 2883 Theophylact.,
670 2856 691 2878 in
709 2857 770 2878 hunc
786 2856 875 2878 locum:
899 2857 1007 2878 Laternas
1029 2858 1051 2878 et
1074 2857 1133 2878 faces
1155 2858 1257 2883 gestant,

411 2898 436 2917 ut
451 2900 480 2917 ne
496 2895 613 2917 occultans
629 2901 653 2917 se
670 2895 693 2916 in
710 2894 809 2917 tenebris
826 2896 954 2922 aufugeret.

473 2932 483 2945 ⁸
500 2933 559 2956 Libr.
577 2934 610 2956 lll.
628 2939 647 2955 e.
665 2934 688 2956 3.
710 2940 733 2956 n.
751 2934 777 2961 ¹3,
795 2933 833 2956 ubi
856 2935 968 2962 allegatur
985 2934 1039 2956 Luc.
1063 2935 1105 2961 22,
1123 2933 1165 2956 24:
1184 2933 1258 2956 Facta

411 2973 445 2996 est
461 2973 541 2995 autem
558 2972 673 2996 contentio
691 2975 734 2995 etc.

1005 179 1174 208 COMMENT.
1196 178 1228 206 IN
1250 177 1396 206 IOANNEM
1417 176 1445 204 C.
1467 176 1554 205 XVlll.

1308 253 1426 291 facibus
1446 257 1472 281 et
1502 253 1615 287 armis,
1636 261 1671 282 ne
1699 255 1790 290 posset
1811 252 1899 281 latere
1919 252 1946 281 in
1969 255 2064 287 nocte;
2090 254 2156 290 quia

1309 300 1381 329 enim
1403 300 1430 328 in
1452 300 1574 329 tenebris
1594 300 1787 334 ambulabant,
1809 299 1870 328 ideo
1898 299 1992 329 lumen
2013 307 2029 328 a
2049 299 2156 328 facibus

1309 346 1514 381 mendicabant;
1537 346 1582 375 Iob
1602 346 1733 384 vigesimo
1754 346 1892 384 quarto⁷:
1919 358 1933 372 «ι
1948 346 1973 375 Si
1995 346 2088 375 subito
2108 354 2156 384 ap-

1310 393 1435 430 paruerit
1454 401 1573 428 aurora,
1593 393 1766 422 arbitrantur
1787 393 1916 422 umbram
1936 393 2048 428 mortis;
2070 396 2097 422 et
2117 394 2156 423 sic

1310 440 1338 468 in
1359 440 1481 469 tenebris
1501 441 1579 477 quasi
1601 441 1628 469 in
1655 441 1716 469 luce
1737 440 1880 469 ambulant
1893 452 1921 475 »;
1943 441 1986 469 vel
2007 448 2036 469 se
2061 440 2156 479 defeu-

1310 487 1394 521 αρτ-ε,-
1415 490 1442 516 et
1456 487 1508 516 hoc
1528 487 1676 522 faciehant,
1698 488 1764 525 quia
1778 488 1847 516 nihil
1867 487 1993 516 divinum
2007 487 2035 516 in
2050 495 2083 517 eo
2097 495 2157 517 cre-

1309 533 1423 568 debant,
1446 533 1492 562 sed
1515 534 1663 562 humanam
1686 537 1794 563 tautum
1815 535 1975 572 potentiam.

1630 628 1832 665 QUAEs'rloNas.

1390 723 1414 751 5.
1437 722 1548 758 Quaest.
1571 721 1588 749 1.
1612 721 1664 750 Sed
1685 722 1832 758 quaeritur
1859 722 1905 751 hic
1933 723 2023 760 primo
2043 722 2077 752 de
2105 723 2158 752 hoc

1310 769 1384 806 quod
1405 769 1471 798 dicit
1492 768 1617 802 loannes,
1638 768 1712 805 quod
1727 771 1789 805 post
1802 769 1954 798 orationem
1970 778 2103 807 eyressus
2117 775 2159 799 est

1311 820 1395 845 tram
1407 819 1561 844 torrentem
1575 814 1704 848 Cedron,·
1718 815 1796 852 quia,
1812 815 1884 844 sicut
1897 816 1963 845 dicit
1977 817 2156 854 Augustinus,

1310 864 1344 893 de
1358 863 1509 892 Concordia
1524 862 1759 899 Evangelistarum
1771 862 1791 896 ⁸,
1814 863 1892 891 finito
1912 871 2054 898 sermone,
2075 862 2158 901 facta

1310 914 1352 939 est
1371 910 1527 944 contentio,
1549 909 1615 948 quis
1635 918 1735 938 eoram
1757 909 1906 938 videretur
1926 918 1985 939 esse
2004 911 2110 941 maior.

1390 958 1421 986 Et
1441 956 1604 991 dicendum,
1625 956 1700 993 quod
1728 956 1845 985 verbum
1868 956 1940 985 beati
1968 957 2075 987 loannis
2102 966 2155 987 non

1311 1006 1352 1032 est
1372 1003 1581 1040 intelligendum
1602 1002 1738 1039 praecise,
1760 1002 1834 1039 qnod
1862 1003 1953 1031 statim
1974 1006 2036 1040 post
2056 1005 2158 1033 oratio-

1311 1058 1385 1084 nem,
1407 1050 1454 1079 sed
1475 1049 1549 1087 quod
1571 1053 1632 1086 post
1651 1049 1804 1078 orationem
1826 1052 1853 1078 et
1874 1057 1929 1078 non
1950 1053 2013 1079 ante
2025 1050 2044 1079 ⁹.

1391 1097 1416 1125 6.
1439 1097 1549 1134 Quaest.
1566 1096 1594 1125 ll.
1610 1097 1691 1130 ltem,
1714 1096 1867 1125 Matthaeus
1882 1097 1905 1113 ¹⁰
1926 1096 2058 1134 vigesimo
2078 1101 2159 1127 sexto

1311 1143 1389 1178 dicit,
1404 1144 1478 1181 quod
1489 1144 1566 1182 venit
1577 1143 1658 1172 Iesus
1669 1143 1700 1172 in
1710 1143 1824 1177 villam,
1836 1152 1911 1182 quae
1921 1143 2031 1172 dicitur
2046 1144 2158 1174 Gethsc-

1311 1190 1402 1219 marti.
1418 1191 1505 1219 Lucas
1520 1198 1586 1219 vero
1600 1190 1732 1227 vigesimo
1747 1190 1868 1219 secundo
1881 1190 1959 1225 dicit,
1977 1190 2051 1227 quod
2065 1199 2158 1229 cyres-

1310 1246 1363 1266 sus
1384 1237 1445 1266 ibat
1464 1238 1625 1266 secandum
1646 1237 1880 1266 consuetudinem
1902 1237 1933 1266 in
1954 1241 2078 1267 montem
2101 1238 2158 1267 Oti-

1312 1293 1438 1318 varum;
1460 1285 1585 1318 loannes,
1607 1284 1680 1321 quod
1702 1287 1787 1313 tram
1808 1288 1961 1313 torrentem
1985 1285 2105 1314 Cedron.
2122 1302 2158 1307 -

1312 1328 1428 1361 Videtur
1449 1332 1493 1361 hic
1514 1340 1574 1360 esse
1594 1332 1784 1361 contrarietas.

1392 1378 1545 1416 Respondet
1574 1379 1744 1415 Augustinus
1774 1378 1803 1407 in
1835 1378 1916 1407 tertio
1943 1378 1977 1407 de
2008 1378 2159 1408 Concordia

1314 1426 1549 1463 Evangelistarum
1564 1426 1602 1453 ¹¹:
1629 1437 1641 1450 «
1654 1425 1751 1459 Mons,
1768 1425 1873 1462 inquit,
1891 1425 2039 1454 olivarum
2054 1426 2105 1455 iste
2119 1426 2158 1455 lo-

1313 1480 1363 1502 cus
1383 1475 1439 1506 est,
1461 1472 1541 1501 cuius
1556 1480 1655 1500 nomen
1676 1472 1830 1501 Matthaeus
1851 1475 1877 1501 et
1898 1472 2007 1501 Marcus
2026 1472 2160 1502 dixerunt

1317 1519 1518 1552 Gethsemani,
1539 1522 1567 1547 et
1580 1519 1616 1548 ibi
1639 1519 1817 1556 intelligimus
1832 1519 1916 1548 fuisse
1931 1519 2057 1554 hortum,
2076 1527 2158 1557 quem

1313 1569 1511 1596 commemorat
1527 1567 1638 1595 loannes
1652 1578 1679 1595 n.
1695 1567 1726 1595 Et
1741 1567 1834 1595 Victor
1847 1567 1870 1584 ¹2
1884 1567 1962 1601 dicit,
1977 1567 2051 1604 quod
2070 1579 2084 1592 ιι
2097 1567 2160 1596 villa

1313 1614 1360 1642 illa
1380 1614 1432 1642 sita
1453 1617 1494 1642 est
1515 1614 1542 1642 in
1565 1613 1633 1650 pede
1655 1614 1755 1642 montis
1776 1613 1874 1642 Oliveti
1891 1625 1916 1642 ιι.

1393 1662 1418 1688 7.
1441 1661 1551 1697 Quaest.
1575 1660 1613 1688 ΙΙΙ,
1641 1660 1706 1689 item
1728 1660 1889 1697 quaeritur:
1912 1668 1999 1698 quare
2027 1660 2160 1689 Dominus

1313 1715 1442 1744 egressus
1462 1710 1504 1735 est
1524 1707 1623 1735 urbem
1639 1710 1735 1735 nocte?
1749 1724 1788 1728 —
1802 1707 1930 1741 Videtur,
1945 1707 2020 1744 quod
2041 1707 2161 1736 voluerit

1313 1755 1429 1783 latitare.

1392 1801 1545 1838 Respondet
1572 1800 1829 1838 Clirysostomusffl,
1851 1801 1925 1839 quod
1946 1802 1999 1830 hoc
2024 1809 2079 1830 non
2100 1804 2160 1830 tan-

1313 1850 1372 1876 tum
1394 1848 1457 1876 fecit
1485 1851 1564 1882 tunc,
1593 1848 1640 1877 sed
1668 1848 1750 1876 etiam
1775 1856 1856 1885 saepe
1884 1848 1973 1877 facere
2001 1848 2159 1882 consuevit,

1377 1993 1386 2006 ⁹
1403 1996 1513 2023 August,
1531 1995 1553 2017 in
1570 1996 1631 2017 ioan.
1648 1996 1733 2022 Evang.
1751 1997 1778 2017 tr.
1797 1995 1850 2017 ll2.
1867 2001 1889 2017 n.
1908 1995 1934 2018 l:
1949 1995 1998 2017 Hoc
2009 1995 2074 2024 quod
2084 1997 2162 2017 narrat

1315 2034 1442 2063 [loannes],
1459 2034 1590 2062 ingressum
1609 2034 1732 2056 Dominum
1751 2040 1804 2056 cuni
1821 2034 1940 2062 discipulis
1956 2034 2005 2057 suis
2021 2034 2043 2057 in
2055 2035 2160 2062 hortum,

1314 2080 1359 2096 non
1376 2073 1484 2096 continuo
1502 2074 1586 2095 factum
1604 2076 1651 2100 est,
1668 2078 1721 2095 cum
1744 2073 1794 2096 eius
1810 2073 1846 2095 illa
1869 2073 1930 2095 sinim
1953 2075 2013 2096 esset
2034 2073 2106 2095 oratio
2126 2072 2161 2103 [in

1314 2119 1366 2141 cap.
1383 2112 1516 2142 praeced.],
1533 2113 1563 2135 de
1580 2112 1645 2135 cuius
1662 2112 1740 2135 verbis
1757 2113 1800 2134 ait:
1818 2113 1880 2136 Haec
1897 2118 1952 2136 cum
1968 2111 2066 2135 dixisset
2082 2113 2160 2140 lesus,

1314 2152 1355 2174 sed
1372 2152 1414 2174 alia
1431 2152 1545 2180 quaedam
1563 2155 1616 2174 sunt
1632 2152 1780 2180 interposita,
1800 2158 1860 2180 quae
1882 2151 1911 2174 ab
1934 2152 1976 2174 isto
1999 2151 2160 2180 praetermissa

1314 2191 1377 2219 apud
1399 2191 1455 2213 alios
1477 2191 1633 2219 Evangelistas
1657 2191 1788 2219 leguntur...
1812 2191 1860 2213 Non
1885 2197 1942 2218 ergo
1964 2191 1997 2213 sic
2020 2190 2161 2218 accipiamus

1314 2230 1377 2259 quod
1395 2230 1437 2252 ait:
1454 2229 1517 2252 Haec
1537 2235 1592 2252 cum
1613 2228 1712 2252 divisset
1733 2229 1823 2252 Iesus...
1845 2232 1955 2258 tanquam
1978 2229 2087 2251 continuo
2109 2231 2162 2256 post

1314 2269 1350 2291 illa
1367 2268 1439 2291 verba
1457 2269 1477 2290 in
1496 2269 1559 2291 illum
1577 2270 1669 2291 hortum
1688 2268 1754 2291 suerit
1770 2268 1901 2296 ingressus,
1919 2268 1960 2290 sed
1975 2268 2005 2290 ad
2022 2269 2066 2291 hoc
2086 2268 2161 2290 valeat

1314 2307 1378 2336 quod
1394 2307 1482 2330 dictum
1499 2310 1548 2330 est:
1566 2307 1629 2331 Haec
1645 2313 1700 2330 cum
1722 2306 1821 2330 discissa
1837 2308 1915 2335 Iesus,
1933 2309 1958 2329 ut
1975 2312 2021 2329 non
2038 2312 2093 2329 eum
2109 2309 2161 2329 ante

1313 2346 1437 2374 opinemur
1453 2347 1597 2374 ingressum,
1614 2352 1685 2375 quam
1703 2346 1738 2368 illa
1756 2345 1828 2368 verba
1845 2346 1929 2368 finiret.

1377 2384 1396 2398 ¹⁰
1414 2386 1478 2408 Vers.
1496 2386 1533 2408 36.
1550 2398 1581 2402 —
1598 2387 1730 2414 Sequuntur
1746 2385 1801 2407 Luc.
1818 2385 1855 2407 22.
1873 2385 1910 2407 39.
1927 2387 1949 2407 et
1966 2385 2027 2407 loun.
2046 2384 2087 2413 18,
2105 2384 2127 2407 l.

1377 2424 1395 2437 ¹¹
1413 2425 1469 2453 Cap.
1487 2425 1508 2447 4.
1525 2431 1547 2447 n.
1566 2425 1602 2447 10.

1376 2463 1395 2476 ¹²
1412 2464 1457 2487 Csr.
1474 2470 1544 2492 supra
1562 2470 1615 2492 pag.
1633 2463 1691 2491 275,
1704 2467 1757 2485 nota
1770 2463 1807 2486 ll.
1819 2463 1878 2486 Vide
1894 2464 1998 2486 Glossam
2011 2461 2160 2486 ordinariam

1313 2503 1376 2531 apud
1394 2503 1509 2530 Lyranum
1527 2502 1550 2524 in
1567 2503 1642 2524 Matth.
1661 2502 1703 2529 26,
1720 2502 1758 2524 36.
1775 2501 1811 2530 (ex
1828 2501 1902 2529 Beda,
1914 2501 1937 2523 in
1948 2501 2048 2524 eundem
2060 2500 2160 2529 locum):

1316 2551 1328 2562 a
1340 2541 1486 2564 Gethsemani
1503 2542 1579 2569 locus,
1597 2541 1620 2563 in
1636 2547 1683 2569 quo
1700 2540 1825 2570 [Christus]
1847 2540 1934 2567 oravit,
1951 2543 1985 2562 est
2006 2540 2036 2562 ad
2057 2539 2160 2562 radicem

1314 2581 1398 2603 montis
1415 2580 1509 2607 Oliveti,
1527 2579 1567 2602 ubi
1583 2582 1617 2602 est
1634 2581 1715 2602 hortus
1726 2589 1746 2602 n.
1764 2580 1870 2607 Hieron,
1887 2578 1937 2601 Lib.
1953 2579 1983 2602 de
1996 2578 2043 2601 Situ
2056 2581 2078 2601 et
2089 2578 2162 2601 nomi-

1314 2619 1382 2642 nibus
1398 2620 1501 2642 locorum
1518 2619 1637 2642 Hebraic.:
1656 2618 1820 2647 Gethsemani,
1840 2619 1915 2645 locus,
1933 2617 1972 2640 ubi
1990 2618 2094 2640 Salvator
2110 2619 2162 2640 ante

1313 2659 1444 2688 passionem
1467 2659 1549 2681 oravit.
1569 2659 1607 2681 Est
1628 2661 1705 2681 autem
1728 2659 1758 2681 ad
1774 2658 1865 2681 radices
1887 2657 1971 2680 montis
1989 2657 2083 2685 Oliveti,
2100 2663 2162 2679 nunc

1313 2698 1408 2721 ecclesia
1425 2698 1526 2726 desuper
1542 2698 1670 2720 aedificata.

1376 2735 1395 2749 ¹¹³
1412 2737 1434 2759 ln
1452 2737 1512 2759 loan.
1530 2737 1609 2759 homil.
1626 2737 1662 2759 83.
1681 2736 1745 2765 (alias
1764 2736 1809 2765 82.)
1826 2743 1848 2759 n.
1862 2737 1888 2758 l:
1906 2736 1979 2764 Saepe
1995 2740 2097 2764 namque
2108 2740 2161 2757 cum

1314 2776 1355 2798 illis
1372 2775 1537 2803 conveniebat,
1555 2778 1579 2798 ut
1601 2776 1698 2798 seorsim
1720 2776 1750 2798 de
1773 2775 1906 2797 necessariis
1928 2775 1978 2797 illos
1999 2774 2161 2802 alloqueretur,

1313 2821 1373 2843 quae
1389 2821 1434 2837 non
1452 2820 1494 2843 par
1510 2816 1559 2837 erat
1575 2815 1632 2837 alios
1648 2815 1735 2837 audire.
1754 2814 1808 2837 illud
1825 2820 1882 2836 vero
1900 2813 1953 2836 tacit
1969 2813 1992 2835 in
2010 2811 2128 2835 montibus
2140 2813 2162 2834 et

1314 2854 1397 2882 hortis,
1414 2854 1512 2876 tumultu
1530 2860 1630 2876 vacuum
1647 2854 1723 2876 locum
1740 2859 1833 2881 semper
1849 2858 1975 2882 quaerens,
1993 2857 2022 2874 ne
2044 2851 2162 2874 auditores

1314 2900 1326 2916 a
1352 2893 1454 2916 doctrina
1480 2893 1677 2921 interpellarentur
1694 2891 1761 2922 (ὥστε
1782 2891 1811 2922 μὴ
1834 2890 1882 2919 vivi<
1896 2890 1996 2913 διάνοιαν
2017 2888 2161 2920 ἐκκροῦεσθαι

1314 2933 1353 2960 τῆς
1371 2927 1514 2962 ἀκροάσεως,
1531 2938 1591 2961 quae
1609 2931 1680 2954 verba
1698 2932 1720 2954 S.
1738 2932 1852 2958 Thomas,
1872 2931 1895 2953 in
1918 2929 2002 2954 eatena
2024 2935 2107 2957 aurea,
2129 2929 2162 2952 sic

1314 2971 1418 2994 exhibet:
1435 2977 1465 2993 ne
1482 2977 1547 2993 mens
1563 2971 1703 2999 impediatur
1721 2970 1750 2993 ab
1766 2970 1901 2999 auditione).

2175 955 2231 980 Rosp.
2273 958 2274 983 ζ

2175 1375 2233 1399 Renp.
2274 1371 2275 1374 ¹

2177 1796 2234 1820 Resp.
