2296 3316
4 2213 15 2571 w„

4 2858 13 3022 <sm->umna-

771 499 1346 573 PROLEGOMENA

652 710 737 758 IN
787 708 1109 758 SEXTUM
1159 707 1459 755 TOMUM.

244 1226 363 1249 Rationem
388 1225 500 1249 reddituri
525 1225 555 1248 de
579 1224 690 1254 operibus
715 1225 738 1247 S.
754 1225 930 1247 Bonaventurae
947 1223 976 1246 ad
995 1229 1029 1246 sa-

180 1279 234 1296 crae
250 1273 382 1301 scripturae
397 1272 517 1295 scientiam
534 1271 700 1300 spectantibus,
710 1277 812 1300 quorum
824 1271 949 1294 editionem
961 1270 1029 1293 novis

181 1320 263 1344 studiis
278 1322 402 1349 purgatam
420 1321 465 1342 hoc
480 1322 544 1342 sexto
561 1322 653 1342 nostrae
675 1319 783 1342 editionis
804 1318 925 1341 volumine
941 1318 1029 1346 incepi-

180 1373 242 1394 mus,
258 1368 419 1395 opportunum
436 1372 487 1389 esse
504 1368 614 1394 putamus
630 1366 707 1395 primo
724 1368 822 1388 tractare
834 1365 864 1388 de
875 1365 940 1388 libris
951 1365 1029 1388 eidem

182 1414 237 1436 falso
249 1412 376 1442 attributis,
393 1413 478 1436 deinde
495 1413 525 1436 de
541 1413 662 1441 genuinis,
678 1418 740 1442 quae
756 1412 778 1435 in
795 1412 879 1435 eodem
891 1414 954 1435 sexto
966 1412 1030 1434 volu-

182 1460 244 1483 mine
261 1460 415 1483 continentur.

558 1553 620 1577 CAP.
636 1555 653 1577 1.

289 1638 328 1669 De
348 1638 450 1678 spuriis
469 1638 550 1669 libris
570 1638 718 1678 exegeticis
739 1638 789 1670 sub
810 1639 920 1670 nomine

372 1685 399 1716 S.
420 1685 632 1716 Bonaventurae
652 1685 728 1725 prelo
748 1685 833 1717 datis.

245 1788 258 1817 S
276 1789 297 1811 1.
314 1787 385 1818 Opera
401 1787 521 1818 exegetica
545 1787 570 1811 111
595 1787 734 1812 editionibus
749 1787 939 1819 praecedentibus
955 1789 1030 1812 Bone-

181 1833 293 1858 ventuxae
309 1833 428 1858 attributae
452 1833 554 1857 breviter
578 1833 749 1857 enumerantur.
766 1847 798 1851 —
814 1835 839 1857 In
859 1835 960 1858 editione
976 1841 1030 1863 ope-

181 1888 235 1904 rum
260 1882 284 1905 S.
308 1882 483 1904 Bonaventurae
500 1881 611 1904 Vaticana
635 1881 733 1910 aliisque
755 1881 953 1911 subsequentibus
973 1882 1030 1904 haec

182 1928 331 1951 inveniuntur
362 1928 413 1957 (csr.
438 1928 508 1951 editio
533 1930 610 1951 nostra
642 1930 696 1951 tom.
727 1929 743 1951 l.
774 1929 885 1951 Praefatio
917 1929 1030 1956 generalis

182 1981 237 2004 pag.
254 1975 302 1998 XIII
318 1978 407 2005 seqq.):
426 1976 448 1998 1.
465 1966 607 2003 Principium
632 1981 651 1997 s.
669 1975 810 2004 Scripturae.
825 1987 858 1992 —
874 1976 895 1997 2.
912 1975 1030 2004 Expositio

182 2022 206 2045 in
222 2022 366 2045 Psalterium.
382 2034 413 2039 —
431 2023 452 2045 3.
469 2022 585 2050 Expositio
603 2022 625 2044 in
642 2022 760 2044 Psalmum
778 2022 831 2044 118.
848 2034 879 2039 -
896 2021 917 2044 t.
935 2022 1031 2050 Exposi-

182 2069 214 2092 tio
232 2069 254 2092 in
270 2069 430 2092 Ecclesiasten.
446 2081 477 2086 —
494 2069 517 2092 5.
533 2069 650 2097 ExpositIO
667 2069 689 2091 in
707 2069 856 2097 Sapientiam.
874 2080 905 2085 ——
922 2068 944 2091 6.
961 2069 1031 2096 Expo-

183 2114 234 2138 sitio
259 2115 282 2137 in
306 2115 491 2138 Lamentationes
516 2114 634 2137 Ieremiae.
651 2126 682 2132 —
697 2114 721 2137 7.
742 2115 859 2143 Expositio
876 2115 899 2137 in
924 2120 976 2143 cap.
993 2115 1030 2137 VI.

184 2162 206 2184 S.
223 2162 336 2185 Matthaei.
353 2174 384 2179 —
401 2163 424 2185 8.
440 2163 561 2191 Expositio'
573 2162 596 2185 in
612 2162 764 2190 Evangelium
782 2162 879 2184 Ioannis.
896 2174 927 2179 —
944 2162 967 2185 9.
983 2161 1031 2185 Col-

185 2209 281 2236 lationes
297 2210 320 2232 in
338 2210 453 2240 loannem.

247 2256 322 2284 Opera
339 2263 362 2279 n.
379 2257 402 2279 8.
418 2259 441 2280 et
457 2258 480 2280 9.
497 2258 567 2280 relata
583 2257 625 2280 alia
637 2254 732 2279 suntab
745 2256 857 2285 operibus
874 2257 979 2280 eiusdem
997 2257 1031 2280 in-

184 2302 326 2330 scriptionis,
343 2308 404 2331 quae
421 2303 444 2325 in
461 2304 505 2325 hoc
530 2306 593 2326 tomo
617 2306 697 2326 nostro
719 2303 837 2331 publicata
853 2305 914 2326 sunt.
931 2303 1030 2326 Praeter-

185 2349 292 2372 misimus
309 2350 448 2378 opusculum
466 2349 655 2374 llluminationes
673 2350 791 2374 Ecclesiae
807 2350 858 2373 sive
875 2351 990 2379 Expositio
1008 2352 1030 2374 in

184 2395 342 2418 Hexaemeron
362 2396 386 2418 in
410 2399 489 2419 nostro
507 2397 588 2426 quinto
605 2400 669 2420 tomo
687 2398 731 2420 iam
750 2398 904 2426 impressum,
921 2398 988 2427 quia,
1007 2401 1032 2421 ut

184 2442 269 2471 cuique
285 2445 354 2470 patet,
371 2443 499 2466 nullatenus
516 2447 550 2466 est
566 2450 626 2473 opus
642 2445 796 2472 exegeticum.

247 2489 372 2512 Praedictis
389 2490 468 2512 addita
484 2494 538 2513 sunt
554 2491 577 2513 111
594 2490 762 2521 Supplemento
774 2492 798 2514 P.
810 2492 928 2514 Benedicti
945 2492 1031 2515 Bonelli

186 2535 300 2561 (Tridenti
317 2536 401 2566 1772);
421 2537 457 2559 10.
475 2537 596 2561 Tractatus
613 2539 635 2561 in
660 2539 777 2562 Psalmum
794 2539 837 2562 ⁴5:
859 2539 945 2563 Vacate
961 2541 983 2563 et
999 2539 1032 2562 vi-

185 2581 241 2605 dete.
253 2594 284 2599 —
296 2583 333 2605 11.
349 2583 465 2611 Expositio
477 2584 500 2606 in
512 2583 634 2608 Canticum
650 2584 807 2609 Canticorum
818 2598 850 2603 —
863 2587 901 2609 12.
912 2587 1033 2609 Tractatus

185 2629 208 2652 in
220 2635 240 2652 c.
254 2629 274 2651 1.
287 2629 422 2652 Ezechielis:
435 2629 495 2653 Cum
506 2636 581 2654 essem
592 2631 617 2654 in
628 2631 705 2655 medio
717 2632 874 2662 captivorum.
886 2645 917 2650 —
930 2634 967 2656 13.
979 2634 1033 2656 Tra-

185 2678 259 2699 ctatus
276 2676 298 2698 in
315 2682 336 2699 c.
353 2676 402 2698 10..
415 2677 550 2701 Ezechielis:
572 2678 700 2708 Ingredere
722 2679 747 2703 in.
771 2679 847 2703 medio
864 2682 984 2704 rotarum.
1001 2693 1032 2698 —

187 2721 223 2744 14.
240 2721 425 2745 Commentarius
442 2722 465 2745 in
481 2723 632 2751 Evangelium
651 2725 672 2747 S.
690 2725 780 2748 Ioannis
797 2725 865 2755 (infra
887 2726 1033 2756 impressus).

185 2779 216 2784 -—·
234 2767 271 2790 15.
290 2767 480 2792 Commentarius
491 2769 516 2791 in
533 2770 705 2799 Apocalypsim.
722 2784 752 2789 —
770 2772 806 2795 16,
824 2772 1032 2795 Commentariolus

185 2814 209 2837 in
226 2821 247 2837 c.
264 2815 289 2844 4,
301 2815 323 2837 8.
340 2815 425 2843 Apoc.:
443 2816 554 2844 Quatuor
571 2817 695 2841 animalia.
712 2830 744 2835 —
761 2819 798 2841 17.
815 2820 871 2842 Item
889 2819 911 2841 in
928 2825 948 2842 c.
965 2819 992 2847 5,
1011 2820 1032 2842 1.

186 2862 271 2890 Apoc.:
292 2861 344 2885 Vidi
360 2862 385 2885 in
401 2862 501 2886 deoetera
517 2863 627 2887 sedentis.

249 2908 288 2931 His
305 2910 446 2939 praemissis,
463 2910 569 2933 facienda
583 2913 618 2933 est
633 2911 746 2934 discussio
759 2912 789 2934 de
800 2912 896 2941 singulis
913 2912 1032 2941 operibus,

186 2960 247 2983 quae
263 2956 331 2979 certis
348 2957 491 2985 argumentis
508 2956 601 2985 probari
618 2960 716 2985 possunt
732 2964 784 2981 8558
799 2958 957 2989 supposititia.

282 3001 307 3025 S.
323 3002 415 3025 Bonav.
425 3015 457 3019 —
469 3003 537 3025 Tom.
554 3003 592 3026 VI.

1147 1223 1161 1251 g
1178 1223 1199 1245 2.
1217 1221 1247 1245 De
1264 1220 1382 1252 opusculo:
1399 1219 1542 1251 Principium
1559 1226 1638 1243 sacres
1655 1219 1797 1250 Scriptum.

1147 1270 1240 1298 Incipit:
1259 1268 1364 1293 Ostendit
1381 1268 1441 1291 milti
1456 1267 1574 1291 Dominus
1590 1267 1692 1297 fluvium
1709 1274 1786 1298 aquae
1802 1267 1876 1291 vivae.
1892 1268 1932 1291 De-

1084 1317 1150 1340 sinit:
1166 1318 1189 1340 81
1204 1316 1332 1340 amabilius
1349 1315 1424 1339 veteri
1445 1316 1591 1339 testamento.
1607 1327 1639 1332 —
1656 1315 1748 1338 Editum
1765 1318 1799 1338 est
1816 1315 1892 1344 primo
1911 1316 1933 1338 in

1084 1364 1217 1388 collectione
1233 1364 1401 1392 opusculorum
1418 1363 1557 1391 Argentinae
1578 1362 1646 1390 1495,
1665 1363 1751 1385 deinde
1772 1365 1893 1391 receptum
1909 1363 1933 1386 in

1086 1412 1221 1434 Vaticanam
1238 1413 1261 1434 et
1277 1411 1418 1439 posteriores
1434 1410 1561 1433 editionese
1571 1410 1600 1433 Ut
1616 1409 1793 1439 supposititium
1809 1412 1901 1433 notatur
1919 1416 1934 1432 a

1085 1459 1198 1482 Casimiro
1209 1458 1301 1481 Oudino
1313 1457 1479 1487 (Commentar.
1491 1458 1521 1481 de
1533 1456 1691 1485 scriptoribus
1700 1457 1826 1480 ecclesiast.
1835 1460 1890 1480 tom.
1899 1458 1933 1480 Ill.

1086 1506 1180 1529 Dissert.
1197 1506 1227 1528 de
1238 1505 1350 1533 operibus
1361 1506 1384 1528 S.
1401 1505 1488 1527 Bonav.
1500 1511 1521 1527 c.
1532 1505 1554 1527 8.
1566 1510 1620 1532 pag.
1633 1504 1687 1533 392,
1699 1503 1737 1526 ed.
1748 1504 1841 1532 Lipsiae
1856 1504 1932 1534 1722),

1085 1553 1116 1576 ab
1132 1553 1260 1576 editoribus
1277 1553 1372 1575 VenetIs
1388 1553 1455 1582 (tom.
1465 1553 1486 1576 J.
1503 1552 1533 1575 de
1551 1552 1602 1574 Vita
1619 1538 1749 1580 et'scriptis
1766 1557 1820 1580 pag.
1839 1551 1893 1581 104)
1912 1555 1934 1574 81
1952 1556 1954 1558 ’

1086 1600 1116 1623 ab
1133 1601 1260 1629 Hyacinthe
1272 1599 1384 1627 ,Sbaralea
1402 1599 1532 1628 (Supplem.
1550 1599 1579 1621 ad
1597 1598 1725 1626 Scriptores
1737 1598 1792 1621 Ord.
1810 1598 1863 1621 Min.
1879 1605 1934 1627 pag.

1087 1649 1131 1671 156
1149 1648 1184 1677 a);
1200 1648 1242 1671 sed
1263 1647 1401 1670 Benedictus
1425 1634 1511 1669 Bonelli
1537 1646 1689 1675 (Prodromus
1714 1646 1744 1668 ad
1768 1652 1838 1674 opera
1855 1646 1933 1669 omnia

1087 1696 1110 1718 S.
1126 1696 1221 1722 Bonav„
1238 1694 1345 1721 Bassam,
1364 1694 1438 1721 1767,
1455 1694 1498 1716 col.
1515 1693 1570 1722 622)
1589 1694 1632 1715 hoc
1657 1693 1798 1720 opusculum
1816 1693 1934 1716 Bonaven-

1086 1744 1151 1765 turae
1176 1741 1294 1763 vindicare
1319 1740 1404 1769 nititur,
1421 1740 1462 1762 sed
1487 1740 1579 1762 frustra.
1595 1751 1626 1755 —
1647 1739 1709 1768 Quid
1734 1738 1826 1762 nomine
1843 1738 1935 1762 Princi-

1083 1788 1153 1819 pium
1169 1793 1254 1811 sacrae
1271 1786 1412 1816 Scripturae
1429 1786 1507 1809 medio
1528 1792 1588 1808 aevo
1604 1786 1775 1813 intelligeretur,
1796 1788 1887 1808 notatur
1904 1785 1934 1807 in-

1087 1837 1120 1858 sra
1138 1835 1161 1864 (S
1179 1835 1221 1868 ⁸·)·.

1149 1882 1278 1904 Audiamus
1295 1881 1365 1909 igitur
1381 1880 1411 1903 de
1428 1881 1472 1902 hoc
1488 1882 1584 1902 tractatu
1608 1879 1763 1907 Hyacinthum
1781 1878 1932 1901 Sharaleam:

1089 1938 1101 1949 α
1112 1928 1290 1952 Removendum
1307 1928 1344 1950 aio
1361 1927 1390 1950 ab
1407 1926 1519 1955 operibus
1530 1926 1645 1954 seraphici
1657 1925 1761 1948 Doctoris
1777 1928 1800 1948 et
1816 1926 1860 1948 allo
1873 1925 1933 1948 able-

1087 1976 1203 2004 gandum,
1219 1981 1248 1998 eo
1264 1974 1328 2004 quod
1344 1974 1408 1997 stilus
1425 1973 1493 1996 huius
1509 1972 1615 2002 opusculi
1632 1972 1727 1994 omnino
1745 1972 1852 1995 diversus
1869 1974 1904 1995 est
1921 1978 1934 1995 a

1086 2022 1138 2045 stilo
1155 2022 1342 2044 Bonaventurae:
1359 2020 1415 2043 nihil
1432 2020 1455 2042 in
1472 2025 1499 2042 eo
1516 2025 1602 2047 grave.
1618 2018 1660 2041 sed
1671 2017 1801 2047 abiectum
1819 2018 1934 2041 nihilere-

1087 2072 1163 2096 ctum,
1179 2068 1221 2091 sed
1238 2068 1338 2095 humile;
1355 2067 1446 2095 phrasis
1463 2067 1545 2089 inculta
1563 2068 1586 2088 ct
1602 2065 1695 2088 sordida
1707 2071 1735 2088 ac
1746 2066 1893 2093 superlativis
1904 2065 1934 2088 ad

1086 2121 1199 2138 nauseam
1223 2114 1369 2141 redundans,
1387 2116 1411 2136 ut
1427 2116 1461 2136 est
1478 2113 1541 2141 apud
1558 2113 1651 2135 Petrum
1669 2112 1760 2135 loannis
1776 2112 1847 2141 Olivi;
1865 2118 1935 2135 voces

1086 2163 1179 2186 Latinae
1203 2162 1308 2184 insuetae
1332 2167 1359 2184 ac
1385 2160 1596 2190 frequentissimae,
1613 2166 1674 2189 quac
1697 2160 1799 2188 produnt
1815 2162 1933 2182 auctorem

1087 2209 1173 2232 saeculi
1190 2209 1250 2236 XIV,
1267 2208 1307 2238 qui
1323 2208 1448 2236 prologum
1474 2207 1612 2235 expositioni
1630 2212 1710 2229 sacrae
1731 2206 1863 2235 scripturae
1884 2211 1936 2228 con-

1087 2256 1169 2280 fecit».
1186 2268 1217 2273 —
1234 2256 1297 2278 Hanc
1314 2255 1446 2284 opinionem
1464 2253 1640 2282 approbandam
1658 2260 1709 2276 esse
1726 2259 1862 2280 censemus,
1879 2252 1935 2282 quin

1087 2307 1164 2327 tamen
1181 2309 1308 2332 negemus,
1326 2302 1407 2325 haberi
1419 2302 1440 2324 in
1452 2301 1564 2330 opusculo
1577 2301 1613 2323 1110
1624 2301 1750 2323 sententIas
1767 2301 1863 2323 minime
1874 2306 1935 2328 sper-

1087 2352 1188 2381 nendas,
1205 2351 1342 2380 praesertim
1367 2356 1427 2379 quae
1452 2350 1605 2379 depromptae
1629 2352 1682 2372 sunt
1699 2355 1727 2371 ex
1743 2348 1808 2371 libris
1825 2350 1847 2371 S.
1866 2349 1936 2371 Bona-

1088 2401 1209 2421 venturae.

1150 2445 1292 2473 Argumenta
1310 2443 1379 2471 igitur
1395 2449 1408 2465 a
1425 2442 1548 2466 Benedicto
1566 2442 1650 2465 Bonelli
1667 2448 1711 2470 pro
1727 2448 1769 2464 sua
1786 2441 1895 2469 opinione
1906 2441 1935 2463 al-

1088 2493 1132 2515 lata
1149 2492 1244 2514 minime
1261 2490 1413 2519 persuadent,
1431 2493 1453 2512 et
1468 2490 1512 2512 alia
1537 2490 1609 2512 multa
1633 2489 1656 2511 in
1681 2490 1784 2511 favorem
1810 2488 1936 2511 contrario-

1088 2546 1140 2562 rum
1158 2539 1262 2566 militant.
1280 2538 1356 2560 PrImo
1381 2537 1466 2560 Bonelli
1488 2536 1550 2564 dicit,
1574 2536 1636 2564 ipsos
1653 2535 1799 2558 adversarios
1820 2534 1934 2562 confiteri,

1088 2586 1189 2608 cundem
1206 2585 1275 2607 huius
1294 2584 1400 2613 opusculi
1422 2587 1540 2606 auctorem
1557 2589 1608 2605 esse
1630 2588 1657 2605 ac
1675 2581 1834 2605 Collatioreum
1851 2580 1876 2603 in
1896 2580 1935 2603 He·

1088 2633 1248 2659 &aeiner0n.;
1273 2631 1314 2654 sed
1339 2632 1381 2653 has
1406 2631 1542 2654 Collationes
1559 2636 1610 2652 esse
1631 2631 1693 2651 certo
1710 2627 1935 2653 Bonavcnturianas,

1088 2680 1140 2703 licet
1156 2678 1283 2702 adversarii
1300 2684 1339 2700 cas
1356 2680 1381 2700 ut
1405 2677 1496 2705 spurias
1521 2676 1637 2699 rciiciant:
1654 2681 1717 2703 ergo.
1736 2686 1767 2692 -—·
1783 2674 1852 2702 Quod
1869 2670 1931 2696 idem

1089 2718 1209 2755 utriusque
1226 2724 1303 2753 operiS
1314 2725 1344 2748 sit
1356 2726 1447 2751 auctor,
1464 2723 1544 2746 dicunt
1555 2722 1650 2751 quidem
1667 2722 1773 2744 oudinus
1784 2724 1807 2743 et
1823 2721 1864 2749 qui
1881 2726 1935 2742 eum

1089 2772 1157 2801 quasi
1173 2777 1265 2800 semper
1282 2774 1304 2793 et
1321 2776 1389 2793 caece
1405 2772 1546 2798 sequuntur,
1563 2768 1663 2791 editores
1680 2766 1772 2794 Veneti,
1791 2773 1837 2789 non
1857 2769 1935 2789 autem

1090 2819 1211 2847 Sbaralea;
1229 2818 1265 2841 isti
1275 2820 1359 2840 autem
1376 2817 1463 2839 nullum
1485 2817 1649 2843 argumentum
1667 2815 1776 2841 afferunt,
1793 2813 1835 2835 nisi
1858 2822 1868 2833 α
1880 2813 1934 2842 quia

1089 2865 1192 2895 aequalis
1213 2865 1297 2887 locutio
1322 2864 1404 2886 vitiosa
1428 2864 1522 2890 suadet,
1545 2861 1616 2890 idque
1633 2861 1754 2883 contlrmat
1777 2860 1835 2882 levis
1856 2865 1935 2882 rerum

1090 2912 1265 2940 comparatIO».
1283 2911 1356 2933 Etiam
1382 2910 1468 2933 Bonelli
1490 2908 1580 2931 scribit:
1601 2907 1689 2931 «Certe
1711 2907 1775 2929 stilus
1798 2906 1861 2928 haud
1878 2905 1936 2928 absi-

1090 2959 1149 2981 milis
1167 2961 1213 2985 est;
1230 2958 1309 2980 itidem
1328 2958 1349 2979 in
1368 2960 1467 2985 utroque
1484 2956 1508 2978 111
1525 2955 1638 2978 distinctio
1661 2953 1728 2977 Verbi
1740 2952 1851 2981 increati,
1867 2951 1938 2975 Verbi

1833 3000 1839 3021 I
