2296 3316
60 453 137 474 Vanitas
151 454 168 472 3,

57 922 138 941 Vanitas
151 922 168 941 t.

52 1626 104 1653 item,
118 1629 168 1646 exte-

57 1654 168 1669 111158νόηο-

56 1673 92 1692 scit
112 1674 167 1693 immo

56 1696 168 1724 quadrupli-

58 1721 110 1739 citer.

96 1767 166 1786 Primo.

70 2002 165 2022 Secundo.

94 2331 163 2351 Tertio.

909 139 941 167 IN
962 140 1205 170 ECCLEstASTEN.
1917 150 1933 178 5

188 213 263 252 facit
282 219 402 244 mentem
422 223 546 257 vanam,
568 219 595 245 et
616 216 668 245 hoc
688 216 886 246 inflammando
899 217 934 246 ad
949 217 1033 246 luxu-

191 262 273 297 riam,
295 262 375 291 iuxta
405 262 473 291 illud
500 262 533 291 ad
561 262 693 299 Ephesios
714 263 826 300 quinto:
852 263 944 292 Nolite
974 264 1033 292 ine-

189 309 287 338 briari
306 309 389 343 vino,
411 309 442 338 in
463 318 519 347 quo
540 312 580 338 est
594 309 727 337 luxuria.
744 310 781 338 Ad
796 310 867 339 hanc
882 310 1033 339 vanitatem

189 351 309 385 mundus
340 356 427 384 traxit
457 356 647 390 Salomonem;
682 356 860 385 Ecclesiastae
891 357 1031 386 secundo:

191 402 272 431 Dixi:
300 402 412 431 Vadam
433 405 458 431 et
478 402 605 439 affluam
625 402 736 431 deliciis
767 406 793 431 et
818 402 912 440 fruar
933 403 1015 432 bonis
1022 414 1032 438 ;

187 455 211 480 et
231 451 308 485 vicli,
330 450 407 488 quod
427 449 478 479 ltoc
499 458 610 488 quoque
630 452 702 478 esset
714 449 840 478 vanitas.
855 466 896 471 —
914 450 1033 480 Mundus

187 499 269 528 etiam
290 497 493 535 praetendendo
512 496 719 535 sufficientiam
741 496 826 525 trahit
838 496 873 525 ad
887 496 1032 534 cupidita-

187 550 255 580 tem,
276 548 304 574 et
323 553 373 582 per
394 545 447 573 1100
467 543 531 573 facit
551 551 599 572 cor
619 542 739 572 hominis
760 551 878 578 vanum,
899 543 980 580 iuxta
1000 543 1032 572 il-

189 593 235 623 lud
255 592 469 621 Proverbiorum
490 590 621 628 vigesimo
641 589 733 626 primo
745 591 770 618 ¹:
798 590 856 626 Qui
875 595 1033 629 conyreyat

187 639 340 669 thesauros
370 639 474 676 lingua
500 637 647 666 mendacii
666 645 763 666 vanus
783 640 837 671 est,
859 645 961 666 excors
981 641 1030 666 est.

186 688 244 716 Non
272 686 362 716 solum
392 685 508 715 avaritia
534 684 598 713 facit
623 684 763 713 hominem
790 693 919 719 vanum,
947 684 1032 713 immo

188 734 269 763 etiam
289 733 351 762 sine
372 732 474 766 corde,-
494 731 596 760 dicitur
618 731 692 760 enim
721 731 901 760 Ecclesiastici
925 731 1032 760 decimo

187 781 220 811 de
241 789 337 815 avaro,
359 780 407 817 qui
425 779 548 817 proiecit
569 778 676 807 intima
692 787 768 811 sua;
782 778 863 815 quia,
879 778 1032 807 secundum

187 828 260 866 quod
280 827 346 856 dicit
368 826 474 855 Veritas
494 825 621 855 Matthaei
644 828 739 860 sexto,
755 825 807 853 ubi
819 828 861 853 est
874 824 1032 853 thesaurus

187 878 272 909 tuus,
294 873 335 903 ibi
355 877 396 902 est
415 876 440 902 et
461 870 511 901 cor
533 875 637 906 tuum‚·
651 872 699 901 sed
713 872 863 901 thesaurus
877 874 920 900 est
933 874 1030 901 extra:

185 930 252 959 ergo
279 923 306 950 et
333 928 380 949 cor
401 922 490 949 extra.
513 935 550 940 —-
571 919 690 948 Mundus
717 919 799 948 etiam
827 918 1031 956 praetendendo

185 968 361 1006 sapientiam
382 967 466 996 allicit
485 966 519 995 ad
540 966 754 1001 curiositatem,
776 968 803 995 et
823 973 873 1003 per
894 966 947 995 hoc
967 966 1032 995 facit

188 1023 301 1050 vanum;
323 1015 397 1044 unde
424 1014 491 1043 dicit
517 1013 663 1051 Apostolus
688 1013 795 1049 primae
820 1013 855 1042 ad
875 1013 1032 1042 Corinthios

188 1063 290 1092 tertio2
317 1065 345 1091 et
366 1061 452 1090 trahit
472 1068 509 1090 ex
531 1060 650 1089 Psalmo:
672 1060 817 1089 Dominus
841 1059 896 1089 seit
922 1060 1031 1097 copita-

187 1110 276 1139 tiones
295 1108 490 1146 sapientium,
512 1108 653 1145 quoniam
666 1116 761 1136 vanae
781 1110 851 1135 sunt
858 1117 868 1141 ‚·
889 1107 967 1144 quia,
989 1114 1031 1136 se-

186 1156 308 1186 cundum
329 1155 395 1184 illud
424 1155 554 1184 Ieremiae
584 1154 707 1189 decimo,
734 1153 841 1183 stultus
871 1152 971 1191 factus
991 1157 1031 1182 est

186 1203 279 1232 omnis
300 1202 384 1231 homo
404 1211 424 1231 a
444 1201 565 1230 scientia
585 1209 651 1229 sua.
667 1198 737 1229 Haec
755 1200 828 1229 enim
843 1203 885 1229 est
899 1200 1032 1238 sapientia

187 1251 322 1284 humana,
344 1257 416 1287 quae
436 1257 491 1278 non
512 1248 651 1285 cognoscit
672 1247 773 1282 utilia,
796 1247 843 1276 sed
857 1247 1031 1281 mutabilia,-

186 1300 213 1327 et
233 1297 293 1326 ideo
314 1296 448 1325 Dominus
462 1303 523 1324 eam
536 1294 600 1324 10011
621 1295 750 1329 stultam,
772 1294 844 1323 sicut
857 1294 960 1323 dicitur
974 1294 1031 1331 pri-

186 1352 245 1373 mae
265 1344 299 1373 ad
329 1342 486 1372 Corinthios
513 1342 619 1379 primo:
642 1341 768 1371 Stultum
795 1340 864 1379 fecit
885 1342 962 1370 Deus
982 1350 1030 1370 sa-

182 1391 326 1429 pientiam
353 1389 442 1419 huius
469 1389 582 1418 mundi.
605 1389 742 1426 Sapientia
769 1389 855 1418 stulta
881 1397 952 1418 vana
972 1391 1029 1423 est,

185 1438 250 1476 quia
280 1445 415 1472 erronea;
447 1437 520 1466 unde
550 1436 652 1466 dicitur
678 1436 857 1466 Ecclesiastici
889 1436 1030 1473 trigesimo

185 1487 297 1523 quarto:
320 1484 468 1513 Divinatio
490 1484 602 1513 erroris
627 1487 652 1512 et
672 1483 806 1521 auquria
826 1483 981 1512 mendacia
1005 1487 1031 1512 et

184 1532 300 1561 somnia
320 1530 569 1569 malefacientium
590 1531 708 1559 vanitas
728 1534 776 1559 est.

265 1581 308 1608 11.
331 1579 370 1608 Ab
390 1579 442 1607 hac
463 1578 638 1616 quadruplici
653 1578 772 1607 vanitate
787 1578 878 1607 cordis
896 1578 1031 1607 interiori

184 1625 403 1664 quadrupliciter
434 1625 572 1654 evanescit
598 1625 681 1653 homo
709 1625 844 1653 exterius.
875 1642 910 1645 —
939 1625 1030 1654 Primo

183 1681 304 1711 namque
319 1673 424 1701 vanitas
437 1672 591 1709 superbiae
602 1672 691 1701 reddit
701 1671 935 1709 infructuosum,
950 1672 1030 1702 iuxta

183 1720 251 1750 illud
273 1719 453 1749 Ecclesiastici
474 1719 589 1748 sexto³z
611 1718 677 1747 Non
691 1722 715 1747 te
728 1718 848 1747 extollas
869 1718 901 1747 in
921 1719 1029 1757 eoyita-

184 1769 258 1798 tione
285 1771 337 1796 tua
364 1767 440 1795 velut
467 1769 589 1801 taurus,
617 1775 652 1794 ne
679 1765 754 1804 forte
781 1766 909 1795 elidatur
934 1767 1030 1795 virtus

184 1818 252 1849 tua,
267 1818 291 1843 et
306 1814 485 1852 relinquaris
499 1813 576 1842 velut
597 1813 709 1851 liynum
730 1813 852 1842 aridum
873 1813 905 1842 in
918 1823 1028 1848 eremo,
1048 1816 1050 1818 ’

183 1864 210 1891 01
230 1861 269 1890 ita
289 1869 392 1890 vanum
416 1863 552 1898 quantum
574 1860 608 1889 ad
628 1860 751 1889 fructum
779 1860 843 1889 boni
867 1860 974 1897 operis;
996 1861 1029 1889 de

183 1917 239 1947 quo
266 1908 396 1937 Ieremiae
423 1907 543 1936 decimo:
572 1908 655 1936 Vana
675 1911 745 1936 sunt
765 1916 855 1944 opera
882 1916 984 1936 eorum
1004 1911 1030 1936 et

181 1956 248 1985 risu
276 1955 385 1993 (liqna,
407 1955 439 1983 in
459 1955 505 1983 die
524 1954 702 1983 visitationis
726 1963 799 1983 suae
822 1954 968 1992 peribunt.
992 1971 1028 1976 —

183 2003 294 2031 Vanitas
321 2002 470 2031 avaritiae
496 2001 586 2031 reddit
613 2001 809 2039 neyotiosum,
837 2004 865 2030 et
896 2010 945 2039 per
977 2002 1029 2031 hoc

182 2050 277 2079 multis
307 2049 448 2078 laboribus
478 2049 650 2083 obnoxium;
681 2049 859 2078 Ecclesiastae
890 2050 1027 2086 quarto4:

185 2097 380 2127 Considerans
402 2096 498 2133 reperi
517 2099 543 2124 et
563 2095 657 2124 aliam
683 2096 845 2125 vanitatem
871 2096 925 2125 sub
957 2096 1027 2125 sole:

182 2152 262 2173 unus
282 2148 322 2172 est
342 2147 368 2172 et
388 2143 548 2172 secundum
576 2152 635 2172 non
662 2141 761 2179 habet,
783 2146 809 2172 et
833 2147 930 2172 tamen
951 2143 1029 2172 labo-

181 2199 253 2219 rare
273 2198 332 2219 non
352 2194 460 2224 cessat,
483 2198 534 2219 nec
554 2190 707 2219 satiantur
727 2190 805 2219 oculi
824 2190 888 2219 eius
908 2191 1027 2220 divitiis.

182 2236 297 2265 Divitiae
318 2236 391 2265 enim
412 2240 477 2266 sunt
497 2236 535 2265 dii
555 2237 652 2271 alieni,
673 2236 707 2266 de
721 2237 824 2274 quibus
838 2237 968 2266 leremiae
982 2237 1029 2266 de-

181 2284 252 2323 cimo
272 2286 366 2313 sexto:
390 2283 524 2313 Servietis
545 2284 602 2312 diis
624 2284 744 2318 alienis,
767 2284 819 2322 qui
838 2293 897 2313 non
917 2284 1029 2313 dabunt

180 2331 260 2360 vobis
287 2331 415 2370 requiem
443 2331 488 2360 die
520 2339 555 2360 ac
582 2334 669 2360 nocte.
691 2347 730 2351 —
751 2331 863 2360 Vanitas
889 2331 1029 2360 luxuriae

182 2378 271 2407 reddit
292 2378 431 2407 hominem
454 2377 661 2415 compositum,
683 2377 749 2415 quia
770 2377 908 2407 luxuriosi
929 2386 958 2407 se
978 2386 1028 2407 ex-

244 2498 252 2512 ¹
270 2500 336 2522 Vers.
352 2500 379 2527 6;
396 2500 500 2529 sequitur
517 2499 583 2522 Eccli.
601 2499 644 2527 10,
662 2499 703 2527 10;
721 2500 806 2523 deinde
823 2501 900 2523 Matth.
918 2502 945 2529 6,
962 2500 1000 2524 24.

235 2528 252 2551 ἦ
269 2539 335 2561 Vers.
352 2539 389 2561 20.
406 2545 434 2561 ex
450 2539 486 2561 ΡΞ.
503 2539 545 2567 93,
564 2538 601 2561 11.
618 2551 650 2555 -
667 2539 799 2568 Sequuntur
817 2540 872 2562 locis
889 2540 936 2562 citt.
948 2546 970 2562 v.
984 2540 1026 2567 14,

180 2584 204 2600 v.
221 2578 258 2600 20.
275 2580 298 2600 et
314 2584 337 2600 v.
354 2577 376 2600 5.

242 2615 251 2628 ²³
269 2617 335 2639 Vers.
352 2618 374 2639 2.
390 2619 412 2639 et
429 2617 456 2644 3,
473 2616 512 2639 ubi
530 2617 629 2645 Vulgata
646 2617 711 2645 plura
733 2618 854 2640 interserit.
872 2630 901 2634 —-
918 2618 1026 2647 Sequitur

181 2656 222 2679 ler.
239 2656 281 2683 10,
299 2656 340 2679 15;
358 2656 422 2679 Vana
439 2658 491 2679 sunt
509 2658 531 2679 et
547 2663 607 2685 opus
623 2656 670 2679 risu
687 2657 798 2684 dignum,
815 2657 837 2679 in
856 2660 961 2686 tempore
972 2658 1027 2680 visi-

180 2695 271 2718 tationis
287 2698 330 2717 etc.

242 2733 252 2746 ⁴¹
270 2734 336 2757 Vers.
352 2734 375 2757 7.
393 2735 413 2757 8.
430 2735 483 2757 Post
507 2740 555 2758 non
580 2734 648 2758 habet
669 2735 768 2763 Vulgata
791 2737 813 2758 et
830 2736 847 2758 Α
864 2736 954 2759 addunt
978 2742 1027 2760 non

178 2773 270 2804 filium,
288 2779 336 2796 non
351 2773 461 2804 fratrem.
477 2787 508 2791 —
525 2774 633 2803 Sequitur
649 2775 692 2797 ler.
710 2775 750 2802 16,
763 2775 806 2797 13;
818 2775 927 2798 Servietis
939 2774 971 2798 ibi
981 2776 1026 2798 diis

180 2812 258 2836 alienis
274 2813 312 2835 die
328 2819 354 2835 ac
371 2815 450 2841 nocte,
468 2814 508 2843 qui
525 2820 570 2836 non
588 2813 676 2836 dabunt
692 2813 760 2836 vobis
776 2814 888 2843 requiem.

243 2851 253 2864 ⁵
269 2853 336 2875 Vers,
353 2853 379 2880 85
397 2852 480 2876 deinde
496 2853 565 2876 Prov.
582 2853 619 2880 31,
637 2853 674 2875 30.
692 2853 795 2880 Subinde
816 2853 937 2882 respicitur
954 2854 970 2877 1.
986 2854 1027 2876 Pe-

181 2891 208 2913 tri
226 2891 247 2919 1,
264 2891 307 2913 24:
324 2891 381 2920 Quia
399 2891 475 2914 omnis
491 2897 545 2914 caro
556 2894 581 2914 ut
593 2892 700 2919 foenum,
714 2894 736 2914 et
747 2892 823 2914 omnis
835 2892 907 2920 gloria
919 2892 969 2915 eius
981 2894 1027 2915 tan-

177 2935 251 2958 quam
269 2930 311 2952 1105
328 2929 387 2952 100111
404 2932 448 2953 010.

1091 219 1178 247 1011115
1199 225 1404 250 consueverunt
1425 230 1541 257 ornare;
1562 223 1636 253 unde
1656 224 1684 252 in
1699 233 1817 261 persona
1837 234 1934 256 eorum

1089 264 1191 293 dicitur
1212 266 1366 302 Sapientiae
1386 268 1545 297 secundofi:
1569 269 1746 307 Corone-mus
1767 280 1819 300 nos
1840 273 1933 307 rosis,

1090 315 1247 350 antequam
1267 318 1464 348 marcescant;
1485 318 1512 344 et
1533 315 1585 345 hoc
1606 317 1717 353 quidem
1733 318 1853 353 vanitas,
1869 319 1934 356 quia

1068 358 1191 387 ‘dicitur
1212 359 1425 389 Proverbiorum
1446 362 1558 391 ultimo:
1583 363 1690 392 Fallax
1710 367 1751 392 est
1769 366 1888 402 qratia,
1909 369 1935 394 et

1089 412 1169 433 vana
1188 408 1228 433 est
1245 405 1431 442 pulcritudoe
1452 407 1513 436 ideo
1534 417 1616 443 vana,
1638 409 1704 446 quia
1725 411 1818 439 omnis
1836 411 1934 448 yloria

1089 453 1117 479 et
1137 451 1296 488 pulcritudo
1316 454 1418 481 carnis
1448 457 1591 492 tanquam
1611 455 1664 492 flos
1684 455 1770 493 foeni.
1794 473 1830 477 ——
1852 458 1934 486 Vani-
1950 466 2026 489 Quarto.

1089 500 1131 527 tas
1150 498 1306 528 mundanae
1336 500 1497 537 sapientiae
1529 501 1618 530 reddit
1640 503 1838 542 vaniloquum.
1860 504 1932 533 Dum

1089 544 1163 573 enim
1184 552 1232 573 cor
1253 548 1345 580 errat,
1365 553 1396 574 os
1417 554 1487 574 vana
1508 549 1688 584 pronuntiat;
1710 549 1815 585 primae
1836 550 1870 578 ad
1890 550 1934 579 Ti-

1089 591 1233 620 motheum
1264 592 1393 629 primo⁶:
1415 593 1500 622 Finis
1526 595 1676 631 praecepti
1696 600 1737 624 est
1763 597 1876 625 caritas
1901 597 1935 625 de

1089 639 1174 667 corde
1200 647 1277 676 puro
1305 642 1330 667 et
1356 640 1532 669 conscientia
1553 640 1629 670 bona
1649 645 1673 670 et
1694 642 1750 679 fide
1777 652 1836 672 non
1855 643 1934 680 ficta,

1089 694 1109 714 a
1122 685 1229 724 quibus
1243 685 1365 724 quidam
1386 686 1557 716 aberrantes
1577 689 1708 717 conversi
1721 693 1791 717 sunt
1804 690 1836 718 in
1849 690 1936 719 vani-

1088 732 1235 770 loquium,
1257 741 1316 761 non
1337 733 1521 771 intelligentes
1545 743 1634 773 neque
1661 744 1736 773 quae
1761 735 1934 774 loquuntur,

1088 788 1177 818 neque
1191 780 1225 808 de
1239 779 1344 817 quibus
1359 779 1519 818 affirmant.
1535 781 1567 810 Et
1581 782 1647 818 quia
1668 782 1807 811 mundana
1827 783 1934 820 sapien-

1088 826 1126 854 tia
1146 829 1211 855 sunt
1232 826 1357 863 corrupti
1378 830 1405 855 et
1429 826 1552 864 decepti,
1577 828 1645 856 alios
1670 828 1767 857 volunt
1790 837 1840 866 per
1866 837 1935 858 vana

1088 873 1174 902 verba
1194 873 1345 913 seducere3
1367 873 1440 902 unde
1461 874 1495 902 ad
1516 874 1609 903 Titum
1631 875 1736 912 primo:
1759 876 1835 905 Sunt
1851 876 1937 905 multi

1088 919 1296 954 inobedienteS,
1319 920 1470 959 vaniloqui
1489 924 1513 950 et
1534 922 1713 956 seductores,
1735 923 1865 951 maxime
1885 923 1936 961 qui

1088 967 1122 996 de
1142 967 1364 996 circumcisione
1383 971 1469 1002 sunt,
1491 977 1563 1006 quos
1591 972 1700 1006 oportet
1721 970 1873 1007 redaryui.
1895 986 1934 991 —

1088 1014 1131 1043 Sic
1152 1015 1237 1051 igitur
1258 1023 1273 1043 a
1294 1015 1414 1044 vanitate
1428 1023 1524 1044 rerum
1539 1016 1712 1045 exteriorum
1727 1017 1817 1057 oritur
1829 1017 1935 1046 vanitas

1088 1062 1229 1096 cordium,
1245 1066 1273 1091 et
1286 1062 1321 1091 ab
1336 1063 1388 1091 1130
1402 1063 1492 1092 oritur
1504 1063 1610 1092 vanitas
1620 1064 1794 1092 exteriorum
1808 1072 1932 1101 operum.

1171 1111 1214 1138 12.
1238 1110 1394 1138 Secundum
1416 1110 1469 1138 1100
1496 1110 1581 1147 igitur
1610 1110 1763 1148 colligitur,
1789 1111 1863 1148 quod
1885 1111 1933 1140 tri-

1088 1156 1153 1193 plex
1175 1159 1217 1185 est
1247 1157 1368 1190 vanitas,
1390 1156 1493 1185 scilicet
1523 1156 1746 1192 mutabilitatis,
1768 1157 1934 1196 iniquitatis

1087 1206 1115 1233 et
1132 1203 1335 1241 poenalitatis,
1364 1206 1391 1232 et
1418 1204 1572 1232 secundum
1603 1204 1677 1241 quod
1704 1204 1769 1233 dicit
1797 1204 1874 1241 Hugo
1901 1204 1935 1233 de

1088 1254 1182 1280 sancto
1203 1251 1350 1284 Victore⁷,
1377 1250 1495 1287 «prima
1515 1254 1556 1280 est
1583 1251 1718 1280 naturalis
1744 1254 1772 1280 et
1795 1254 1871 1288 apta,
1893 1259 1935 1280 se—

1087 1298 1178 1328 cunda
1205 1298 1365 1335 culpabilis,
1393 1298 1459 1335 quia
1486 1306 1633 1335 perversa,
1656 1299 1737 1327 tertia
1767 1298 1888 1335 poenalis
1908 1301 1936 1327 et

1087 1346 1188 1375 misera
1202 1357 1229 1380 >›;
1251 1348 1278 1374 et
1299 1346 1382 1375 habet
1403 1353 1459 1374 una
1479 1348 1573 1374 ortum
1594 1346 1629 1374 ab
1650 1345 1715 1379 alia,
1730 1348 1762 1374 ut
1778 1345 1867 1374 visum
1884 1349 1933 1374 est.

1087 1393 1139 1430 Qui
1161 1393 1246 1430 igitur
1267 1393 1327 1422 vult
1346 1393 1475 1422 recedere
1496 1401 1512 1421 a
1533 1392 1653 1421 vanitate
1673 1392 1810 1421 miseriae
1827 1392 1936 1421 deserat

1088 1441 1235 1469 vanitatem
1257 1440 1374 1477 culpae,
1396 1443 1424 1469 et
1444 1440 1491 1478 qui
1514 1441 1585 1469 113110
1606 1440 1666 1468 vult
1680 1439 1808 1469 deserere
1822 1448 1877 1469 non
1891 1447 1935 1470 re-

1087 1487 1183 1524 spiciat
1204 1487 1237 1515 ad
1266 1487 1414 1516 vanitatem
1443 1487 1593 1516 mutabilis
1621 1490 1752 1521 naturae,
1774 1487 1820 1516 sed
1843 1490 1935 1524 speret

1087 1537 1114 1564 01
1134 1534 1282 1563 adhaereat
1303 1534 1436 1569 divinae,
1458 1537 1485 1563 et
1506 1534 1545 1564 510
1566 1534 1664 1563 beatus
1678 1534 1739 1563 erit.
1756 1535 1865 1563 Beatus
1884 1535 1934 1572 igi—

1087 1584 1134 1610 tur
1154 1582 1218 1616 vir,
1240 1582 1326 1610 cuius
1346 1585 1387 1610 est
1406 1590 1511 1611 nomen
1532 1582 1653 1611 Domini
1670 1590 1735 1618 spes
1755 1582 1826 1611 eius.

1169 1629 1212 1658 13.
1235 1629 1369 1666 Quoniam
1398 1629 1482 1666 igitur
1510 1629 1641 1666 sapientis
1668 1631 1709 1658 est
1736 1629 1807 1658 viam
1835 1629 1934 1658 docere

1086 1677 1120 1706 ad
1141 1676 1306 1706 veniendum
1328 1676 1355 1704 in
1376 1676 1590 1710 beatitudinem,
1605 1676 1657 1705 hoc
1677 1676 1730 1704 fuit
1754 1676 1935 1713 praecipuum

1086 1726 1114 1752 et
1134 1731 1233 1760 operae
1256 1723 1376 1759 pretium
1405 1722 1520 1759 sapienti
1549 1723 1697 1757 Salomoni;
1726 1723 1773 1751 sed
1800 1723 1881 1759 quia,
1902 1725 1934 1751 ut

1086 1773 1161 1807 patet
1182 1778 1218 1798 ex
1239 1769 1333 1803 dictis,
1349 1769 1383 1798 ad
1396 1769 1596 1798 beatitudinem
1611 1769 1807 1806 acquirendam
1823 1777 1933 1798 necesse

1086 1819 1142 1850 est,
1164 1818 1275 1844 aeterna
1295 1816 1370 1853 diligi
1398 1819 1425 1844 et
1445 1816 1601 1852 praesentia
1625 1815 1743 1852 despici,
1765 1818 1792 1844 et
1813 1816 1933 1844 ulterius

1086 1863 1157 1892 50110
1178 1863 1209 1891 in
1230 1862 1323 1891 medio
1341 1871 1456 1899 pravae
1476 1862 1606 1891 nationis
1626 1862 1717 1891 debite
1737 1862 1895 1891 conversari
1907 1862 1931 1896 Β;

1086 1910 1147 1939 ideo
1174 1913 1231 1939 tres
1258 1910 1343 1939 libros
1371 1909 1471 1943 edidit,
1499 1909 1731 1938 Proverbiorum
1758 1909 1876 1944 scilicet,
1903 1909 1932 1937 in

1086 1957 1188 1994 quibus
1209 1957 1288 1986 docet
1308 1956 1396 1985 filium
1419 1957 1556 1993 sapienter
1577 1956 1605 1985 in
1626 1957 1678 1985 hoc
1694 1957 1803 1986 saeculo
1817 1964 1932 1985 conver-

1086 2004 1157 2038 sari;
1190 2003 1396 2038 Ecelcsiasten,
1428 2004 1455 2032 in
1487 2008 1542 2040 quo
1573 2003 1652 2032 docet
1682 2003 1837 2040 praesentia
1867 2011 1932 2032 0011-

1086 2053 1224 2085 1011111010;
1247 2053 1274 2080 01
1296 2051 1418 2080 Cantica
1446 2050 1645 2085 canticorum,
1667 2051 1695 2079 in
1726 2051 1829 2088 quibus
1853 2051 1931 2080 docet

1086 2098 1212 2127 caelestia
1232 2098 1361 2135 diligere,
1382 2098 1504 2126 maxime
1524 2097 1615 2134 ipsum
1637 2098 1781 2135 Sponsum.

1230 2192 1270 2220 DE
1291 2200 1475 2225 QUADRUPLICI
1496 2200 1586 2221 CAUSA
1607 2200 1690 2221 HUIUS
1711 2201 1789 2221 LIBRI.

1168 2287 1210 2315 14.
1233 2287 1276 2315 Sic
1297 2287 1382 2324 igitur
1403 2289 1491 2323 patet,
1513 2286 1577 2323 quis
1604 2286 1638 2315 sit
1665 2286 1735 2323 sinis
1755 2287 1818 2315 libri
1840 2286 1930 2315 Eccle-

1085 2333 1189 2362 siastes.
1212 2333 1244 2361 Et
1264 2333 1395 2370 quoniam
1422 2345 1435 2358 «τ
1449 2333 1511 2361 111115
1539 2333 1656 2370 imponit
1676 2333 1866 2362 necessitatem
1888 2332 1931 2361 his

1085 2387 1156 2416 quae
1187 2382 1252 2408 sunt
1282 2379 1317 2408 ad
1344 2379 1488 2414 finem⁹»;
1510 2387 1574 2408 cum
1599 2379 1661 2408 111115
1692 2380 1727 2408 511
1758 2381 1931 2416 contemptus

1145 2500 1155 2514 Β
1172 2502 1237 2524 Vers.
1256 2502 1310 2529 5-7,
1327 2501 1366 2524 ubi
1384 2502 1484 2529 Vulgata
1499 2503 1551 2529 post
1567 2500 1731 2530 vaniloquium
1747 2501 1812 2523 addit
1827 2500 1930 2523 volentes

1082 2546 1131 2564 esse
1149 2540 1205 2570 leyis
1223 2540 1342 2569 doctores,
1360 2542 1382 2563 et
1398 2546 1441 2568 pro
1458 2539 1580 2570 affirmant
1597 2539 1670 2562 maior
1682 2545 1736 2567 pars
1747 2539 1816 2562 codd.
1827 2538 1930 2568 afficiun-

1083 2580 1132 2603 tur.
1148 2592 1179 2596 —
1197 2579 1305 2608 Sequitur
1321 2579 1364 2601 Tit.
1383 2579 1404 2606 1,
1423 2579 1458 2601 10,
1477 2582 1499 2601 et
1516 2579 1553 2600 11.

1145 2617 1154 2630 ⁷
1172 2619 1194 2641 ln
1211 2619 1284 2641 Eccle.
1302 2618 1381 2641 homil.
1399 2618 1420 2645 1,
1437 2617 1476 2640 ubi
1495 2617 1614 2645 distinguit
1631 2619 1677 2640 tres
1698 2617 1787 2645 species
1809 2617 1929 2644 vanitatis,

1083 2657 1130 2680 5011.
1148 2656 1317 2684 mutabilitatis,
1335 2656 1472 2679 curiositatis
1489 2656 1539 2679 sive
1556 2656 1687 2684 cupiditatis
1704 2658 1726 2678 et
1737 2656 1890 2684 mortalitatis,
1902 2662 1929 2678 ac

1084 2697 1168 2720 deinde
1185 2697 1228 2719 ait:
1247 2697 1321 2719 Prima
1345 2702 1401 2724 ergo
1424 2696 1513 2718 vanitas
1529 2695 1639 2718 naturalis
1656 2697 1690 2718 est
1706 2698 1728 2717 et
1743 2697 1795 2723 apta
1813 2695 1862 2718 sive
1878 2700 1929 2717 con-

1083 2743 1154 2764 grua,
1172 2736 1273 2759 secunda
1291 2738 1334 2758 etc.
1351 2735 1396 2758 Csr.
1414 2735 1471 2757 infra
1488 2741 1507 2757 c.
1526 2735 1546 2763 1,
1565 2735 1612 2757 1-3.

1146 2773 1155 2787 ¹³
1173 2775 1229 2797 Phil.
1248 2776 1274 2803 2,
1292 2774 1334 2797 45:
1351 2775 1380 2797 Ut
1396 2774 1444 2800 sitis
1468 2774 1518 2796 51110
1542 2775 1660 2802 querela...
1682 2774 1704 2796 in
1729 2773 1806 2796 medio
1830 2773 1927 2796 nationis

1083 2820 1170 2842 pravae
1191 2817 1214 2836 et
1236 2820 1368 2842 perversae.
1386 2826 1414 2829 —
1431 2813 1464 2835 De
1486 2819 1552 2842 seqq.
1574 2814 1615 2835 cfr.
1636 2813 1741 2839 Hieron,
1758 2812 1887 2835 Comment.
1904 2812 1927 2834 in

1083 2853 1156 2875 Eccle.
1174 2853 1195 2879 1,
1213 2853 1233 2874 1.
1251 2854 1273 2874 01
1290 2854 1345 2875 10111.
1362 2852 1391 2875 V.
1407 2858 1462 2880 pag.
1480 2851 1539 2878 363,
1555 2855 1607 2874 nota
1625 2852 1646 2874 8.
1664 2850 1735 2874 verba
1752 2850 1865 2878 Origenis.

1146 2889 1156 2902 ⁹
1173 2891 1307 2914 Secundum
1324 2891 1427 2920 Ariston,
1444 2891 1468 2913 11.
1485 2891 1552 2918 Phys.
1571 2892 1622 2913 text.
1640 2890 1678 2912 88.
1694 2895 1759 2918 seqq.
1778 2890 1807 2918 (c.
1824 2888 1863 2917 9.).

1953 1025 2067 1044 Notandum.

1953 1096 2029 1138 ’111111ξέ1
2040 1101 2071 1114 va·

1986 1125 2005 1137 nl
2027 1125 2043 1138 S·

1954 1638 1999 1657 Tres
2011 1638 2055 1657 libri

1951 1661 2062 1681 Salomonis.

1948 2294 1999 2313 Libri
2012 2294 2067 2313 huius

1983 2317 2031 2336 finis.
