2296 3316
242 533 303 551 Causa
313 533 358 550 [alsa

239 556 363 580 quadruplex.

230 814 255 832 Ex
259 812 326 836 positio
333 813 361 830 lit-

260 836 330 854 tsi-alis.

251 860 277 878 De
291 860 350 883 prima

242 883 289 901 salsa
295 888 357 902 eausa.

378 169 431 198 186

507 244 608 268 Secundo
624 244 754 268 ostenditur
771 244 927 268 misericordia
944 244 1050 268 exhibita
1068 244 1091 268 in

618 284 679 306 modo
697 283 824 314 punitionis
841 283 975 314 dupliciter.

454 386 509 414 Sed
529 389 554 414 ec
575 385 619 414 lus
641 389 691 414 etc.
715 386 760 415 llic
781 386 937 415 ostenditur
959 386 1149 415 misericordia
1173 394 1222 415 ex-

279 439 355 458 Divisio-
375 432 461 462 hibita
483 433 509 461 in
530 433 615 461 modo
628 432 805 470 punitionis,-
827 436 854 462 et
876 432 949 462 illius
969 433 1042 461 modi
1068 433 1157 470 primo
1178 441 1222 461 re-

375 483 466 508 movet
479 488 605 508 causam
618 479 748 517 fabsam:
769 479 891 509 seeundo
904 479 1003 508 subdit
1016 487 1131 507 veram:
1149 478 1223 507 Cum

375 534 450 563 erqo.
467 542 504 546 —
520 526 547 553 ln
564 529 641 562 parte
657 526 746 563 prima
761 526 851 563 primo
865 526 999 559 ostendit,
1015 526 1090 563 quod
1104 526 1149 554 ille
1164 534 1222 554 mo-

375 573 427 601 dus
449 573 579 609 puniendi
595 580 649 601 nou
670 572 722 601 fuit
743 580 778 601 ex
796 572 978 610 impotentia‚·
998 572 1132 606 secundo,
1148 572 1222 609 quod

374 627 424 648 nec
445 628 480 648 ex
504 619 692 656 tyuorantia:
715 619 769 648 Sed
788 619 944 656 pat·tt'bus;
966 619 1060 653 tertio,
1083 619 1157 656 quod
1172 627 1222 647 nec

374 675 410 695 ex
440 666 557 694 timore:
588 666 644 694 Nec
672 666 792 699 timens,·
818 669 931 703 quarto,
953 666 1026 703 quod
1049 674 1099 695 nec
1119 674 1155 695 ex
1178 666 1222 694 iu-

375 713 505 742 iusticia:
530 713 585 742 Nec
602 715 610 730 ¹
633 714 718 742 euim.

453 761 542 796 (Vei-s.
564 761 613 797 8.).
636 761 692 790 Sed
706 765 731 790 et
745 761 789 790 hia·
811 764 861 790 etc.
878 761 1009 798 Quamvis
1030 761 1114 798 aliqui
1132 761 1223 798 legant

376 809 427 837 boc
447 808 480 837 de
496 808 623 837 Patribus
644 808 866 842 introducendis,
882 816 1003 846 quorum
1019 808 1152 836 Dominus
1173 808 1222 836 lio-

375 859 430 884 stes
451 855 529 892 prius
554 855 770 884 misericorditer
795 855 947 890 exterruit,
970 855 1065 884 nolens
1086 863 1132 884 eos
1147 855 1223 883 velut

375 903 500 931 homines
522 902 651 931 mortales
672 910 813 939 exponere
834 902 933 931 subitis
955 902 1091 930 bellorum
1114 901 1223 938 pericu-

376 950 420 983 lis;
438 953 529 978 tamen
550 949 749 986 congruentius
766 949 874 977 videtur
895 949 1092 985 exponendum
1106 948 1139 977 de
1158 956 1223 985 gen-

376 996 450 1025 tibus
470 996 639 1024 Chauanaeis
660 1003 675 1023 a
697 995 763 1023 facie
779 1003 875 1023 eorum
892 995 1039 1023 ejiciendis.
1058 995 1129 1023 Dicit
1143 1002 1222 1031 ergo:

376 1043 430 1072 Sed
451 1046 477 1071 et
497 1042 558 1076 lits,
581 1042 708 1079 quamvis
729 1042 832 1070 scilice-t
854 1045 910 1070 tam
935 1042 1086 1070 enormiter
1115 1049 1224 1078 peccas-

376 1094 452 1123 sent,
471 1089 641 1128 pepercisti,
663 1089 766 1117 scilicet
788 1097 842 1117 uon
864 1089 954 1117 statim
977 1092 1003 1117 et
1025 1088 1107 1117 simul
1129 1096 1224 1117 omnes

376 1138 437 1166 illos
457 1136 636 1174 expellendo,
659 1140 802 1174 tauquam
824 1134 1006 1169 hominibus,
1030 1143 1113 1164 carne
1134 1135 1223 1171 fragili

377 1184 491 1218 indutis,
513 1187 539 1212 et
562 1183 621 1212 ideo
642 1183 675 1211 ad
692 1183 860 1220 peccandum
883 1183 1069 1219 pronioribus.
1096 1194 1109 1207 «
1122 1183 1224 1211 Sensus

376 1231 449 1260 enim
477 1234 504 1259 et
533 1230 659 1267 cogitatio
689 1230 802 1258 liumani
831 1229 921 1258 cordis
950 1229 976 1257 in
1007 1229 1110 1258 malum
1137 1237 1225 1266 prona

377 1282 442 1307 sunt
463 1278 497 1306 ab
525 1277 707 1306 adolescentia
735 1285 785 1305 sua
806 1289 833 1310 »‚
862 1276 974 1305 Genesis
994 1277 1121 1305 octavoss.
1152 1276 1224 1304 Hanc

377 1325 510 1354 rationem
532 1325 630 1361 allegat
651 1324 708 1360 ipse
730 1324 863 1352 Dominus
884 1323 996 1352 Genesis
1017 1326 1111 1352 sexto:
1139 1335 1151 1347 «
1167 1323 1224 1351 Non

377 1371 549 1409 permanebit
564 1370 678 1407 spiritus
700 1378 778 1399 meus
794 1370 820 1398 in
843 1370 966 1403 bomine,
982 1369 1047 1406 quia
1065 1378 1130 1398 caro
1144 1372 1223 1398 est».

379 1420 413 1447 Et
434 1419 542 1447 misisti
562 1422 754 1446 antecessores
772 1417 916 1445 exercitas
939 1416 983 1445 cai
1005 1425 1120 1453 vespas,
1143 1416 1169 1444 id
1184 1419 1226 1445 est

377 1474 465 1503 genus
486 1473 647 1494 muscarum
668 1464 746 1493 valde
762 1464 986 1501 pungitivarum3
1008 1463 1123 1492 Glossa³
1145 1463 1221 1492 dicit:

382 1514 535 1542 «Timores
565 1512 731 1545 acerrimos,
756 1512 859 1548 quibus
889 1511 972 1539 corda
1002 1511 1126 1547 gentium
1154 1519 1225 1547 pun*

378 1561 515 1598 gebantur
530 1572 556 1587 ».
580 1560 608 1587 Hi
632 1562 697 1588 sunt
717 1558 883 1591 crabrones,
912 1557 945 1586 de
967 1558 1078 1594 quibus·
1091 1558 1225 1586 Deutero-

378 1608 461 1636 nomii
491 1606 625 1643 septimo:
652 1618 665 1630 «
684 1605 838 1634 Crabrones
866 1604 955 1633 mittet
986 1604 1121 1633 Dominus
1152 1605 1226 1634 Deus

378 1658 445 1683 tuus
466 1654 493 1682 in
514 1661 576 1686 eos,
599 1652 685 1681 donec
705 1652 794 1680 deleat
815 1659 910 1680 omnes
934 1655 1018 1688 atque
1039 1650 1180 1687 disperdat
1195 1662 1225 1685 »;

379 1701 464 1730 Exodi
486 1701 617 1737 vigesimo
641 1700 738 1728 tertio:
765 1711 778 1723 «
794 1698 897 1726 Mittzim
918 1701 1055 1727 terrorem
1078 1706 1170 1727 meum
1198 1698 1226 1727 in

378 1756 562 1786 praecursum
584 1751 662 1776 tuum
679 1757 709 1779 »;
732 1750 759 1775 et
787 1749 862 1782 post:
891 1757 903 1770 «
920 1746 1051 1774 Emittens
1077 1745 1227 1774 crabrones

379 1795 470 1832 prius,
492 1794 539 1831 qui
561 1794 697 1830 fugabunt
718 1793 855 1821 Hevaeum
868 1804 880 1817 »
900 1795 951 1821 ete.
973 1792 1007 1820 Ut
1022 1791 1101 1825 ithS,
1124 1791 1228 1820 scilicet

379 1841 571 1874 Chananaeos,
593 1840 742 1877 paulatim
763 1839 1006 1872 exterom'narent,
1032 1838 1059 1866 id
1080 1842 1122 1867 est
1146 1841 1228 1866 extra

380 1888 511 1917 terminos
534 1891 624 1916 terrae
645 1886 834 1924 promissionis
859 1888 994 1922 ponerent
1016 1885 1058 1914 vel
1086 1885 1226 1922 fugarent,

379 1935 422 1963 vel
443 1938 525 1963 extra
546 1934 679 1963 terminos
694 1934 764 1961 vitae
786 1932 953 1969 praesentis,
974 1932 1015 1960 vel
1030 1935 1112 1960 extra
1133 1931 1228 1960 termi-

379 1990 429 2010 nos
452 1985 541 2010 terrae
557 1981 722 2014 viventiunu
739 1979 811 2008 unde
833 1979 941 2007 Baruch
958 1978 1038 2007 tertio
1050 1979 1074 2006 4:
1100 1989 1114 2003 «
1129 1978 1228 2006 Exter-

381 2029 475 2056 minati
490 2031 556 2057 sunt
576 2031 603 2056 et
617 2027 651 2056 ad
672 2027 774 2055 interos
788 2025 991 2055 descenderunt
1005 2036 1032 2058 »,
1054 2024 1161 2053 exclusi
1176 2024 1227 2052 sci*

380 2075 443 2104 licet
464 2084 479 2103 a
502 2079 576 2104 terra
595 2074 755 2103 viventium.

969 168 1138 196 COMMENT.
1162 168 1193 196 ΙΝ
1215 168 1406 196 ὃΑΡΙΕΝΤΙΑΜ
1427 168 1454 196 C.
1478 168 1529 196 xil.

1357 245 1446 281 (Vers.
1470 245 1517 280 9.).
1548 245 1612 274 Non
1639 246 1711 284 quia
1736 246 1875 283 impotens
1904 255 1971 275 eras
1998 247 2030 275 iu
2058 247 2126 276 betto

1277 292 1420 320 subticere
1448 292 1553 329 impios
1574 292 1681 326 tasas,
1710 293 1862 322 secundum
1891 293 1958 322 illud
1985 294 2124 323 Psalmi⁵z

1283 350 1296 363 «
1312 338 1491 367 Praecinxisti
1515 347 1559 367 me
1580 339 1684 368 virtute
1709 340 1742 368 ad
1765 340 1881 374 bellum,
1902 343 1930 368 et
1944 341 2125 377 supplantasti

1278 385 1453 422 insurgentes
1475 386 1501 414 in
1524 395 1567 415 me
1589 387 1688 415 subtus
1709 395 1753 415 me
1767 397 1797 421 »;
1820 390 1873 415 aut
1898 387 1994 416 bestiis
2014 388 2125 422 saevis,

1279 432 1305 460 id
1326 435 1367 461 est
1388 436 1436 461 aut
1458 441 1506 469 per
1528 433 1629 462 bestias
1653 433 1795 467 crudeles,
1823 434 1976 462 secundum
1999 434 2067 463 illud
2089 435 2126 463 le-

1279 479 1382 508 remiae
1410 479 1522 516 quinto:
1549 481 1671 516 «Lupus
1699 480 1732 508 ad
1755 487 1898 516 vesperam
1927 480 2044 509 vastavit
2063 488 2126 514 eos,

1278 528 1305 554 et
1333 525 1436 562 pardus
1465 526 1580 562 vigilans
1608 534 1692 563 super
1720 526 1844 555 civitates
1875 534 2019 560 eorum»,
2041 535 2127 564 supra

1278 572 1438 600 undecimo:
1466 584 1478 597 ιε
1495 573 1551 601 Νοιι
1572 573 1646 601 enim
1671 573 1847 609 impossibilis
1875 577 1935 601 erat
1955 573 2127 610 omnipotens

1279 627 1378 647 manus
1401 621 1448 647 tua
1462 631 1475 644 »
1495 622 1545 648 etc.
1563 622 1624 648 Aut
1636 619 1721 648 verbo
1743 620 1833 654 duro,
1849 620 1875 648 id
1890 623 1932 648 est
1946 628 1995 657 per
2010 620 2126 649 verbum

1278 673 1423 701 asperum,
1445 665 1505 694 illos
1532 666 1623 694 sz'uzat
1646 667 1854 700 exterminare,
1883 666 2036 695 seeundum
2059 666 2127 695 illud

1280 711 1409 740 lereniiae
1424 712 1556 749 vigesimo
1572 713 1653 741 tertio
1664 713 1690 741 ⁶:
1717 725 1729 738 «
1745 712 1875 750 Nuuquid
1889 721 1944 741 non
1966 713 2051 741 verba
2066 720 2127 741 mea

1279 759 1357 796 quasi
1380 759 1450 796 ignis
1471 762 1498 788 et
1519 760 1597 796 quasi
1620 761 1735 789 malleus
1756 762 1901 789 conterens
1923 763 2015 797 petras
2029 763 2064 788 »Ἰ

1359 806 1448 842 (Vers.
1468 807 1534 842 Ι10.).
1551 807 1606 835 Sed
1619 807 1755 844 partibas
1770 811 1820 836 etc.
1836 807 1883 836 Hic
1897 807 2032 842 ostendit,
2053 807 2127 844 quod

1280 852 1331 881 hoc
1354 861 1407 881 uon
1430 853 1493 881 fecit
1513 861 1549 881 ex
1572 853 1758 891 ignorantia,
1780 854 1883 883 scilicet
1911 855 2008 891 culpae
2029 861 2126 883 eorum

1279 900 1395 929 actualis
1410 900 1452 928 vel
1467 900 1624 937 originalis,
1645 900 1753 929 dicens:
1771 901 1825 929 Sed
1836 901 1975 938 partibus
1989 904 2040 930 etc.
2057 901 2128 929 Bene

1279 946 1353 980 dixi,
1369 946 1443 983 quod
1457 955 1515 975 ‘nou
1530 947 1601 984 qaia
1616 947 1756 984 impotens
1767 950 1832 981 etc.;
1843 948 1893 976 sed
1903 947 2057 984 partibus,
2077 947 2128 976 «id

1280 996 1321 1022 est
1336 993 1467 1030 paulatim
1490 994 1532 1022 vel
1552 1001 1601 1030 per
1616 997 1708 1030 partes
1720 1006 1733 1019 »
1755 997 1782 1022 et
1803 994 1966 1028 successive,
1981 994 2128 1028 iudicans,

1280 1041 1306 1069 id
1322 1044 1363 1069 est
1378 1041 1449 1069 iuste
1463 1041 1596 1077 puniens;
1610 1040 1815 1069 Deuteronomii
1829 1040 1945 1077 septimo
1957 1041 1983 1068 ⁷:
1999 1052 2012 1066 «
2024 1041 2128 1069 Consu-

1281 1091 1336 1116 met
1358 1088 1483 1116 nationes
1498 1088 1548 1116 has
1563 1088 1590 1116 in
1605 1090 1754 1124 conspectu
1770 1090 1817 1115 tuo
1835 1087 1966 1124 paulatim
1981 1090 2065 1125 atque
2080 1096 2129 1125 per

1281 1138 1386 1171 partes,
1408 1143 1442 1163 ne
1464 1135 1533 1163 forte
1555 1134 1774 1171 multiplicentur
1795 1137 1892 1162 contra
1906 1137 1932 1163 te
1950 1134 2053 1164 bestiae
2074 1137 2129 1164 ter-

1281 1190 1328 1210 rae
1340 1192 1367 1216 »;
1383 1176 1476 1210 dabas
1491 1182 1586 1210 locam
1598 1181 1798 1219 poenitentiae,
1814 1185 1854 1215 ut,
1869 1181 2035 1218 quibusdam
2048 1182 2129 1219 puni-

1282 1229 1330 1261 tis,
1346 1228 1390 1256 alii
1406 1228 1630 1265 corrigerentur;
1647 1228 1692 1256 lob
1707 1228 1838 1265 vigesimo
1860 1232 1960 1265 quarto
1974 1228 2002 1256 ⁸:
2022 1240 2035 1254 «r
2050 1229 2129 1258 Dedit

1281 1276 1303 1304 ei
1320 1276 1393 1304 Deus
1409 1275 1498 1303 locum
1521 1275 1718 1311 poenitentiae,
1733 1278 1760 1303 et
1782 1275 1826 1303 ille
1847 1274 1973 1303 abutitur
1994 1275 2068 1304 eoin
2083 1284 2129 1305 su-

1281 1321 1406 1358 perbiam
1422 1333 1447 1348 ».
1471 1320 1535 1349 Nou
1551 1321 1710 1357 z'ynoraus,
1732 1321 1798 1357 quia
1819 1321 1973 1357 ignorantia
1994 1321 2022 1350 in
2041 1322 2128 1351 Deum

1280 1377 1335 1397 non
1349 1368 1436 1401 cadit,
1459 1368 1531 1396 sicut
1545 1375 1595 1396 nec
1617 1368 1746 1396 tenebrae
1761 1368 1788 1396 iu
1811 1368 1913 1402 lucem3
1929 1368 2002 1398 unde
2023 1369 2129 1406 primae

1282 1415 1388 1444 loannis
1409 1415 1510 1452 primo:
1532 1427 1544 1439 «
1556 1415 1629 1443 Deus
1645 1415 1694 1442 lux
1710 1418 1764 1448 est,
1785 1419 1812 1443 et
1835 1415 1964 1444 tenebrae
1982 1416 2010 1445 in
2028 1425 2060 1446 eo
2075 1425 2129 1446 non

1281 1465 1346 1492 suut
1374 1463 1482 1490 ullae».
1508 1462 1654 1497 Quoniam
1682 1461 1808 1500 z'nz‘qua9
1836 1466 1877 1490 est
1903 1463 1984 1492 natio
2011 1473 2128 1499 eorum,

1282 1517 1331 1546 per
1352 1509 1450 1546 culpae
1471 1508 1616 1542 malitiam,
1639 1508 1704 1545 quia
1726 1508 1887 1545 iniquorum
1909 1512 2020 1546 patrum
2041 1510 2129 1548 iniqui

1282 1556 1343 1589 fiiii;
1366 1556 1438 1585 unde
1467 1564 1552 1592 supra
1573 1558 1688 1592 quarto:
1717 1567 1729 1580 α
1745 1555 1785 1583 Ex
1814 1555 1916 1592 iniquis
1941 1564 2053 1591 omnes,
2081 1557 2128 1594 qui

1282 1606 1445 1637 nascuntur,
1467 1605 1550 1632 testes
1571 1606 1636 1631 suut
1661 1602 1799 1639 nequitiae
1820 1602 1931 1631 illorum
1948 1614 1978 1638 »;
2000 1607 2025 1632 et
2042 1607 2129 1632 uatu-

1284 1650 1357 1679 ratz's
1378 1650 1495 1679 matitia
1527 1649 1658 1683 illoram,
1691 1650 1716 1678 id
1738 1653 1779 1678 est
1811 1650 1930 1679 naturali
1962 1651 2059 1680 similis
2080 1659 2130 1688 per

1283 1705 1365 1726 usum
1387 1705 1487 1734 pravae
1519 1697 1734 1726 consuetudinis.
1763 1697 1966 1726 «Consuetudo
1991 1698 2064 1727 enim
2092 1699 2130 1727 al—

1283 1746 1343 1773 tera
1363 1746 1464 1772 natura
1483 1747 1525 1772 est
1537 1744 1559 1760 ¹⁰
1574 1754 1605 1777 »;
1628 1743 1699 1772 sicut
1720 1744 1792 1772 enim
1815 1752 1848 1773 ea
1868 1752 1940 1782 quae
1961 1748 2026 1774 sunt
2046 1753 2062 1774 a
2083 1754 2131 1774 na-

1283 1794 1362 1824 tura,
1383 1791 1494 1819 difficile
1515 1791 1558 1819 vel
1580 1799 1724 1828 nunquam
1738 1791 1804 1820 exui
1827 1795 1954 1828 possunt;
1977 1792 2016 1821 sic
2035 1800 2086 1822 nec
2099 1801 2132 1822 ea

1283 1846 1355 1875 quae
1375 1845 1410 1866 ex
1433 1837 1646 1871 consuetudine;
1669 1838 1742 1866 unde
1764 1838 1893 1867 Ieremiae
1907 1838 2013 1868 decimo
2034 1840 2131 1868 tertio:

1288 1897 1301 1909 «
1317 1884 1343 1912 Si
1364 1887 1473 1913 mutare
1495 1887 1584 1921 potest
1605 1885 1733 1922 Aethiops
1754 1885 1853 1922 pellem
1879 1893 1971 1920 suam,
1992 1889 2041 1915 aut
2068 1895 2131 1924 par-

1283 1931 1336 1960 dus
1351 1931 1497 1959 varietates
1512 1939 1588 1965 suas;
1608 1934 1635 1960 et
1650 1939 1698 1960 vos
1719 1932 1845 1968 poteritis
1859 1932 1928 1961 bene
1949 1932 2052 1967 facere,
2067 1941 2131 1962 cum

1283 1977 1434 2006 didiceritis
1465 1977 1568 2005 malum
1591 1988 1621 2011 »;
1644 1977 1794 2014 Gregorius
1810 1979 1848 2006 ¹¹:
1875 1990 1889 2003 a
1906 1978 2022 2008 Difficile
2043 1980 2132 2017 surgit

1284 2032 1367 2061 quem
1399 2024 1485 2052 moles
1513 2024 1720 2053 consuetudinis
1752 2025 1894 2061 premit».
1918 2026 1952 2054 Et
1982 2026 2132 2055 naturalis

1284 2070 1400 2099 malitia
1415 2070 1548 2103 ittorzmn
1562 2070 1701 2099 Glossa12:
1722 2082 1734 2096 α
1748 2072 1926 2106 Permanens,
1941 2072 2093 2102 inveterata
2104 2085 2131 2108 n,

446 2270 452 2283 ¹
472 2272 503 2293 lta
521 2270 641 2299 uubanus,
659 2270 722 2292 card.
739 2270 806 2297 Hugo
824 2272 846 2292 et
863 2270 981 2297 Lyranus;
1000 2269 1098 2297 Vulgata
1116 2269 1177 2291 Non.

445 2309 454 2321 ²
474 2310 539 2332 Vers.
551 2310 576 2332 ‘21
589 2318 593 2337 ς
607 2310 662 2332 ibid.
680 2310 704 2337 6,
721 2310 743 2331 3.
760 2312 793 2331 est
811 2314 859 2337 seq.
872 2308 946 2335 locus,
964 2308 985 2330 in
1003 2314 1050 2336 quo
1068 2310 1119 2336 post
1136 2306 1229 2330 homine

382 2350 482 2377 Vulgata
500 2349 564 2371 addit
581 2349 603 2372 in
622 2350 753 2372 aeteruum.

445 2386 454 2400 ³
473 2389 559 2416 Nempe
582 2387 741 2410 interlinearis
758 2394 785 2409 ex
803 2386 905 2409 Rabano.
922 2398 952 2402 —
969 2387 1102 2415 Sequuntur
1125 2386 1190 2407 Dent.
1207 2385 1229 2412 7,

382 2427 425 2455 20,
444 2427 513 2449 Exod.
531 2427 572 2453 23,
590 2427 628 2449 27.
645 2429 667 2448 et
684 2427 721 2448 28.

445 2465 454 2477 ‘¹
473 2466 537 2488 Vers.
557 2466 594 2488 l9.

446 2503 455 2516 ‘¹
474 2505 555 2527 Psalm.
583 2505 616 2533 ¹7,
640 2505 676 2527 40.
694 2517 724 2521 —
741 2505 791 2527 Duo
816 2510 881 2532 seqq.
904 2503 947 2525 loci
972 2506 1025 2526 sunt
1051 2504 1092 2525 ier.
1115 2503 1141 2531 5,
1164 2503 1186 2525 6.
1209 2505 1231 2524 et

384 2545 438 2572 sap.
460 2544 493 2572 ii,
516 2545 549 2566 18.

446 2581 455 2594 ⁵
474 2583 539 2605 Vers.
557 2583 599 2605 ⁴29:
618 2583 750 2611 Nunquid...
767 2589 818 2605 mea
835 2585 888 2605 sunt
905 2582 972 2610 quasi
995 2582 1065 2609 ignis,
1083 2581 1138 2603 dicit
1155 2580 1231 2603 Domi-

384 2628 442 2648 nus,
461 2624 506 2644 et...
524 2624 632 2650 petram?
649 2634 680 2638 -—
697 2622 807 2650 Superius
824 2628 866 2650 pro
883 2627 994 2651 asperum
1013 2620 1066 2643 edd.
1083 2626 1189 2649 asperos.

447 2659 455 2673 ⁷
475 2662 540 2683 Veis.
558 2663 600 2689 22,
619 2661 658 2683 ubi
683 2665 734 2689 post
756 2663 838 2691 partes
862 2661 959 2688 Vulgata
984 2660 1048 2683 addit
1069 2659 1124 2683 Non
1140 2658 1231 2689 poteris

383 2706 423 2723 eas
447 2700 524 2723 delere
543 2700 644 2730 pariter.
660 2713 691 2717 —
708 2701 787 2723 Glossa
810 2699 984 2723 interlinearis:
1003 2698 1049 2722 Sed
1065 2697 1189 2728 partibus,
1208 2698 1230 2720 id

384 2742 418 2762 est
434 2746 475 2767 per
493 2743 582 2767 panos,
595 2740 617 2761 id
630 2742 663 2761 est
676 2739 798 2767 paulatim,
811 2745 857 2761 non
869 2745 976 2761 exercens
990 2744 1083 2760 omnem
1098 2737 1231 2759 vindictam.

384 2778 430 2802 Csr.
447 2785 517 2806 supra
535 2785 557 2800 v.
576 2780 598 2800 2.

448 2816 457 2829 Β
476 2818 542 2839 Vers.
560 2818 597 2839 23.
615 2830 645 2833 —
663 2818 771 2846 Sequitur
789 2819 803 2839 l.
821 2818 881 2839 loan.
902 2818 925 2844 l,
943 2817 965 2839 ⁵).

448 2854 458 2867 ⁹
476 2857 506 2878 lta
524 2856 592 2878 etiam
611 2856 674 2878 card.
692 2857 759 2884 Ilugo
772 2859 793 2878 ct
805 2857 921 2883 Lyrauus3
940 2856 1038 2883 Vulgata
1051 2861 1160 2885 nequam,
1172 2860 1232 2883 quae

385 2896 453 2918 etiam
472 2896 540 2923 paulo
559 2895 652 2917 inferius
671 2902 712 2923 pro
731 2895 841 2922 illorum,
859 2895 922 2924 quod
940 2895 1009 2917 etiam
1027 2894 1135 2917 Rabanus
1152 2893 1231 2922 habet,

386 2934 503 2957 substituit
521 2934 637 2963 ipsorum.
655 2947 685 2951 —
708 2936 761 2963 Seq.
784 2935 848 2956 locus
870 2937 903 2956 est
926 2935 978 2962 Sap.
1002 2934 1026 2962 Ji,
1050 2934 1076 2961 63
1099 2935 1139 2955 cfr.
1161 2939 1231 2961 supra

386 2980 440 3002 pag.
461 2974 515 2999 ¹33,
533 2976 584 2995 nola
607 2974 641 2995 12.

1349 2266 1368 2279 ¹⁰
1385 2268 1484 2295 Aristot.,
1496 2267 1525 2289 de
1538 2267 1646 2290 Memoria
1663 2270 1685 2289 et
1702 2268 1818 2290 reminisc.
1835 2274 1856 2290 c.
1868 2268 1890 2290 3.
1908 2267 1938 2297 (c.
1949 2268 1993 2296 2.):
2011 2268 2132 2297 Tanquam

1286 2307 1347 2329 enim
1365 2310 1446 2329 natura
1464 2307 1508 2329 iam
1527 2307 1669 2329 consuetudo
1687 2310 1729 2329 est.
1741 2307 1787 2330 Cl'r.
1798 2308 1813 2329 1.
1825 2308 1918 2330 Rlietor.
1936 2314 1956 2330 c.
1973 2308 2010 2330 25.
2026 2307 2055 2336 (c.
2073 2308 2132 2337 th),

1287 2346 1325 2369 ubi
1348 2346 1415 2375 dicit,
1440 2346 1504 2375 quod
1533 2346 1701 2368 «consuetudo
1729 2346 1803 2368 simile
1830 2346 1916 2375 aliquid
1945 2349 1979 2369 est
2003 2348 2132 2369 naturae».

1286 2384 1347 2407 Libr.
1367 2385 1412 2407 Vll.
1429 2384 1499 2407 Etliic.
1517 2391 1537 2407 c.
1559 2385 1596 2406 10:
1614 2385 1780 2407 lucontinentes
1792 2385 1845 2407 item
1858 2391 1885 2407 ex
1897 2385 2045 2407 assuetudine
2061 2391 2131 2414 quam

1286 2430 1314 2446 ex
1331 2426 1411 2446 natura
1429 2424 1502 2446 sanari
1521 2424 1608 2446 facilius
1625 2427 1735 2451 possunt,
1752 2424 1841 2452 quippe
1866 2430 1919 2446 cum
1940 2423 2132 2446 consuetudinem

1287 2469 1357 2491 quam
1375 2465 1480 2484 naturam
1499 2462 1622 2484 immutare
1640 2462 1726 2485 sat-ilius
1743 2463 1783 2489 sit,
1801 2469 1853 2484 naui
1871 2461 1902 2484 ob
1920 2462 1941 2485 id
1960 2468 2059 2491 *quoque
2081 2468 2133 2485 con-

1287 2502 1432 2524 suetudinem
1451 2505 1540 2523 mutare
1557 2504 1591 2524 est
1607 2501 1711 2530 difficile,
1730 2502 1783 2530 quia
1800 2504 1895 2525 naturae
1918 2507 2029 2530 perquam
2052 2501 2133 2524 similis

1288 2545 1328 2564 est.
1345 2541 1437 2569 Cicero,
1450 2541 1477 2563 V.
1495 2541 1524 2563 de
1536 2540 1608 2563 Finit).
1623 2548 1642 2563 c.
1655 2542 1692 2563 25.
1705 2542 1784 2569 docet,
1799 2550 1811 2561 α
1820 2541 1986 2564 consuetudine
1998 2541 2063 2570 quasi
2079 2541 2134 2563 alte-

1287 2587 1336 2603 ram
1354 2583 1460 2602 naturam
1478 2580 1536 2603 effici
1549 2589 1570 2602 υ.
1587 2592 1618 2596 -
1635 2580 1743 2609 Sequitur
1760 2581 1801 2602 ler.
1820 2581 1860 2608 13,
1878 2580 1916 2602 23.

1350 2618 1368 2631 ¹¹
1386 2618 1449 2641 Libr.
1473 2619 1556 2641 xxw.
1582 2619 1658 2641 Moral.
1683 2625 1703 2641 c.
1728 2619 1766 2641 36.
1790 2626 1813 2641 n.
1838 2619 1881 2646 65,
1907 2618 1946 2641 ubi
1964 2618 2056 2646 exponit
2078 2618 2132 2641 illud

1287 2659 1372 2680 Tin-en.
1389 2658 1416 2684 3,
1434 2658 1476 2679 53:
1494 2658 1572 2686 Lapsa
1589 2658 1623 2680 est
1639 2657 1663 2679 in
1682 2656 1761 2680 lucum
1780 2656 1825 2680 cita
1843 2662 1906 2683 mea,
1921 2657 1943 2679 et
1950 2657 2085 2685 posuerunt
2101 2655 2133 2678 Ia-

1284 2696 1364 2727 pidem
1381 2703 1452 2726 supet·
1469 2703 1513 2724 mc,
1525 2699 1547 2719 et
1564 2697 1631 2719 dicit:
1651 2705 1662 2716 ιι
1675 2697 1702 2719 Ινη.
1720 2696 1800 2719 laeam
1812 2696 1900 2725 quippe
1912 2695 1959 2717 vita
1971 2694 2067 2722 labitur,
2079 2701 2132 2717 cum

1288 2736 1339 2758 labe
1357 2736 1481 2764 iniquitatis
1499 2736 1637 2764 inquinatur.
1650 2735 1719 2764 Lape's
1735 2741 1790 2757 vero
1807 2735 1982 2762 superponitur,
1995 2740 2048 2757 cum
2064 2733 2132 2756 etiam

1288 2775 1346 2798 dura
1364 2775 1532 2797 consuetudine
1548 2781 1613 2797 meus
1633 2775 1655 2796 in
1680 2777 1774 2802 peccato
1796 2774 1934 2800 devoratur,
1952 2776 1987 2800 ut,
2005 2776 2027 2795 et
2044 2773 2062 2795 si
2079 2772 2134 2795 velit

1288 2820 1424 2842 exsurgere,
1442 2814 1485 2836 iam
1504 2817 1630 2842 utcumque
1642 2820 1686 2835 non
1699 2813 1783 2841 possit,
1799 2812 1852 2841 quia
1865 2813 1937 2835 moles
1948 2812 2049 2840 desuper
2060 2812 2134 2834 malae

1288 2853 1460 2876 consuetudinis
1476 2853 1561 2881 premit
1572 2862 1594 2875 n.
1612 2853 1681 2874 Paulo
1698 2855 1763 2874 antea
1782 2852 1901 2874 docuerat:
1920 2852 1992 2873 Tanto
2009 2857 2066 2878 ergo
2084 2850 2133 2873 saci-

1288 2893 1332 2915 lius
1349 2893 1479 2921 egreditur,
1495 2895 1582 2921 quanto
1600 2891 1683 2914 minori
1700 2891 1865 2913 consuetudine
1882 2893 2019 2913 coarctatur.

1352 2930 1370 2943 ¹²
1388 2932 1449 2953 Haec
1474 2934 1495 2953 et
1520 2937 1568 2960 seq.
1586 2931 1665 2953 Glossa
1693 2933 1746 2952 sunt
1774 2929 1945 2952 interlineares.
1969 2941 2001 2945 —
2025 2928 2133 2958 Sequitur

1288 2971 1373 2993 Tliren.
1394 2971 1419 2997 1,
1440 2970 1474 2992 ll.

2141 813 2167 832 De
2181 813 2265 834 seeundu-
2274 814 2278 830 ἲ
