<?xml version="1.0" encoding="UTF-8"?>
<!DOCTYPE html PUBLIC "-//W3C//DTD XHTML 1.0 Transitional//EN"
    "http://www.w3.org/TR/xhtml1/DTD/xhtml1-transitional.dtd">
<html xmlns="http://www.w3.org/1999/xhtml" xml:lang="en" lang="en">
 <head>
  <title>
</title>
<meta http-equiv="Content-Type" content="text/html;charset=utf-8" />
  <meta name='ocr-system' content='tesseract 3.04.00' />
  <meta name='ocr-capabilities' content='ocr_page ocr_carea ocr_par ocr_line ocrx_word'/>
</head>
<body>
  <div class='ocr_page' id='page_1' title='image "./doctorisseraphic06bona_0551.png"; bbox 0 0 2296 3316; ppageno 0'>
   <div class='ocr_carea' id='block_1_1' title="bbox 9 517 78 547">
    <p class='ocr_par' dir='ltr' id='par_1_1' title="bbox 9 517 78 547">
     <span class='ocr_line' id='line_1_1' title="bbox 9 517 78 547; baseline -0.029 -4"><span class='ocrx_word' id='word_1_1' title='bbox 9 517 11 543; x_wconf 60' lang='grc' dir='ltr'><strong>ἶ</strong></span> <span class='ocrx_word' id='word_1_2' title='bbox 23 523 78 547; x_wconf 77' lang='lat' dir='ltr'>Resp.</span> 
     </span>
    </p>
   </div>
   <div class='ocr_carea' id='block_1_2' title="bbox 10 991 78 1015">
    <p class='ocr_par' dir='ltr' id='par_1_2' title="bbox 10 991 78 1015">
     <span class='ocr_line' id='line_1_2' title="bbox 10 991 78 1015; baseline -0.029 -3"><span class='ocrx_word' id='word_1_3' title='bbox 10 993 11 1012; x_wconf 58' lang='lat' dir='ltr'>i</span> <span class='ocrx_word' id='word_1_4' title='bbox 22 991 78 1015; x_wconf 76' lang='lat' dir='ltr'>Resp.</span> 
     </span>
    </p>
   </div>
   <div class='ocr_carea' id='block_1_3' title="bbox 9 1224 77 1244">
    <p class='ocr_par' dir='ltr' id='par_1_3' title="bbox 9 1224 77 1244">
     <span class='ocr_line' id='line_1_3' title="bbox 9 1224 77 1244; baseline 0 0"><span class='ocrx_word' id='word_1_5' title='bbox 9 1224 48 1244; x_wconf 70' lang='lat' dir='ltr'>lAd</span> <span class='ocrx_word' id='word_1_6' title='bbox 59 1225 77 1244; x_wconf 74' lang='lat'>2.</span> 
     </span>
    </p>
   </div>
   <div class='ocr_carea' id='block_1_4' title="bbox 0 1271 79 1314">
    <p class='ocr_par' dir='ltr' id='par_1_4' title="bbox 0 1271 79 1314">
     <span class='ocr_line' id='line_1_4' title="bbox 0 1271 79 1295; baseline 0 -5"><span class='ocrx_word' id='word_1_7' title='bbox 0 1271 11 1295; x_wconf 65' lang='grc' dir='ltr'><strong>ῌ</strong></span> <span class='ocrx_word' id='word_1_8' title='bbox 16 1279 18 1289; x_wconf 90' lang='grc'>1</span> <span class='ocrx_word' id='word_1_9' title='bbox 29 1271 79 1291; x_wconf 77' lang='lat' dir='ltr'>litte-</span> 
     </span>
     <span class='ocr_line' id='line_1_5' title="bbox 14 1295 46 1314; baseline 0 0"><span class='ocrx_word' id='word_1_10' title='bbox 14 1295 46 1314; x_wconf 55' lang='lat' dir='ltr'>ilis.</span> 
     </span>
    </p>
   </div>
   <div class='ocr_carea' id='block_1_5' title="bbox 0 1360 77 1394">
    <p class='ocr_par' dir='ltr' id='par_1_5' title="bbox 0 1360 77 1394">
     <span class='ocr_line' id='line_1_6' title="bbox 0 1360 77 1394; baseline -0.013 -9"><span class='ocrx_word' id='word_1_11' title='bbox 0 1360 77 1394; x_wconf 47' lang='lat' dir='ltr'>marica.</span> 
     </span>
    </p>
   </div>
   <div class='ocr_carea' id='block_1_6' title="bbox 9 678 12 1562">
    <p class='ocr_par' dir='ltr' id='par_1_6' title="bbox 9 678 12 1562">
     <span class='ocr_line' id='line_1_7' title="bbox 9 678 12 1562; baseline 0 0"><span class='ocrx_word' id='word_1_12' title='bbox 9 678 12 1562; x_wconf 95' lang='lat' dir='ltr'> </span> 
     </span>
    </p>
   </div>
   <div class='ocr_carea' id='block_1_7' title="bbox 18 1879 78 1900">
    <p class='ocr_par' dir='ltr' id='par_1_7' title="bbox 18 1879 78 1900">
     <span class='ocr_line' id='line_1_8' title="bbox 18 1879 78 1900; baseline 0 -1"><span class='ocrx_word' id='word_1_13' title='bbox 18 1879 78 1900; x_wconf 81' lang='lat' dir='ltr'>ivisio.</span> 
     </span>
    </p>
   </div>
   <div class='ocr_carea' id='block_1_8' title="bbox 11 2518 16 3259">
    <p class='ocr_par' dir='ltr' id='par_1_8' title="bbox 11 2518 16 3259">
     <span class='ocr_line' id='line_1_9' title="bbox 11 2518 16 3259; baseline 0 0"><span class='ocrx_word' id='word_1_14' title='bbox 11 2518 16 3259; x_wconf 95' lang='lat' dir='ltr'> </span> 
     </span>
    </p>
   </div>
   <div class='ocr_carea' id='block_1_9' title="bbox 709 157 1229 186">
    <p class='ocr_par' dir='ltr' id='par_1_9' title="bbox 709 157 1229 186">
     <span class='ocr_line' id='line_1_10' title="bbox 709 157 1229 186; baseline 0 0"><span class='ocrx_word' id='word_1_15' title='bbox 709 157 880 186; x_wconf 86' lang='lat' dir='ltr'>COMMENT.</span> <span class='ocrx_word' id='word_1_16' title='bbox 903 158 936 186; x_wconf 97' lang='lat' dir='ltr'>lN</span> <span class='ocrx_word' id='word_1_17' title='bbox 958 157 1104 186; x_wconf 92' lang='lat' dir='ltr'>lOANNEM</span> <span class='ocrx_word' id='word_1_18' title='bbox 1126 158 1153 186; x_wconf 94' lang='lat' dir='ltr'>C.</span> <span class='ocrx_word' id='word_1_19' title='bbox 1175 158 1229 186; x_wconf 89' lang='lat' dir='ltr'>XX.</span> 
     </span>
    </p>
   </div>
   <div class='ocr_carea' id='block_1_10' title="bbox 93 235 943 1585">
    <p class='ocr_par' dir='ltr' id='par_1_10' title="bbox 95 235 942 366">
     <span class='ocr_line' id='line_1_11' title="bbox 96 235 942 275; baseline -0.004 -8"><span class='ocrx_word' id='word_1_20' title='bbox 96 237 158 275; x_wconf 85' lang='lat' dir='ltr'>pide</span> <span class='ocrx_word' id='word_1_21' title='bbox 178 240 206 267; x_wconf 93' lang='lat' dir='ltr'>et</span> <span class='ocrx_word' id='word_1_22' title='bbox 226 237 374 275; x_wconf 80' lang='lat' dir='ltr'>signaculis</span> <span class='ocrx_word' id='word_1_23' title='bbox 394 236 556 270; x_wconf 89' lang='lat' dir='ltr'>iacentibus,</span> <span class='ocrx_word' id='word_1_24' title='bbox 579 235 662 264; x_wconf 86' lang='lat' dir='ltr'>Iesus.</span> <span class='ocrx_word' id='word_1_25' title='bbox 684 236 755 272; x_wconf 85' lang='lat' dir='ltr'>Quia</span> <span class='ocrx_word' id='word_1_26' title='bbox 776 244 841 265; x_wconf 84' lang='lat' dir='ltr'>vero</span> <span class='ocrx_word' id='word_1_27' title='bbox 859 244 942 273; x_wconf 92' lang='lat' dir='ltr'>opor-</span> 
     </span>
     <span class='ocr_line' id='line_1_12' title="bbox 96 283 942 320; baseline -0.004 -7"><span class='ocrx_word' id='word_1_28' title='bbox 96 284 185 318; x_wconf 87' lang='lat' dir='ltr'>tebat,</span> <span class='ocrx_word' id='word_1_29' title='bbox 206 284 274 313; x_wconf 87' lang='lat' dir='ltr'>alios</span> <span class='ocrx_word' id='word_1_30' title='bbox 293 283 456 317; x_wconf 82' lang='lat' dir='ltr'>certificari;</span> <span class='ocrx_word' id='word_1_31' title='bbox 487 283 613 320; x_wconf 90' lang='lat' dir='ltr'>aperitur</span> <span class='ocrx_word' id='word_1_32' title='bbox 640 284 852 311; x_wconf 85' lang='lat' dir='ltr'>monumentum</span> <span class='ocrx_word' id='word_1_33' title='bbox 881 284 942 319; x_wconf 89' lang='lat' dir='ltr'>post</span> 
     </span>
     <span class='ocr_line' id='line_1_13' title="bbox 95 328 920 366; baseline -0.004 -6"><span class='ocrx_word' id='word_1_34' title='bbox 95 331 345 365; x_wconf 78' lang='lat' dir='ltr'>resurrectionem,</span> <span class='ocrx_word' id='word_1_35' title='bbox 366 333 393 359; x_wconf 90' lang='lat' dir='ltr'>et</span> <span class='ocrx_word' id='word_1_36' title='bbox 414 330 452 358; x_wconf 89' lang='lat' dir='ltr'>ita</span> <span class='ocrx_word' id='word_1_37' title='bbox 471 329 596 358; x_wconf 88' lang='lat' dir='ltr'>creditur</span> <span class='ocrx_word' id='word_1_38' title='bbox 617 328 692 366; x_wconf 91' lang='lat' dir='ltr'>quod</span> <span class='ocrx_word' id='word_1_39' title='bbox 712 328 816 357; x_wconf 85' lang='lat' dir='ltr'>sactum</span> <span class='ocrx_word' id='word_1_40' title='bbox 837 331 879 357; x_wconf 88' lang='lat' dir='ltr'>est</span> <span class='ocrx_word' id='word_1_41' title='bbox 893 340 920 357; x_wconf 70' lang='grc'>1».</span> 
     </span>
    </p>

    <p class='ocr_par' dir='ltr' id='par_1_11' title="bbox 95 375 942 457">
     <span class='ocr_line' id='line_1_14' title="bbox 177 375 942 414; baseline -0.003 -8"><span class='ocrx_word' id='word_1_42' title='bbox 177 379 219 406; x_wconf 83' lang='grc'>15.</span> <span class='ocrx_word' id='word_1_43' title='bbox 242 378 352 414; x_wconf 86' lang='lat' dir='ltr'>Quaest.</span> <span class='ocrx_word' id='word_1_44' title='bbox 374 377 405 405; x_wconf 95' lang='lat' dir='ltr'>V.</span> <span class='ocrx_word' id='word_1_45' title='bbox 428 377 493 405; x_wconf 89' lang='lat' dir='ltr'>ltem</span> <span class='ocrx_word' id='word_1_46' title='bbox 515 376 676 413; x_wconf 89' lang='lat' dir='ltr'>quaeritur:</span> <span class='ocrx_word' id='word_1_47' title='bbox 698 375 772 404; x_wconf 91' lang='lat' dir='ltr'>unde</span> <span class='ocrx_word' id='word_1_48' title='bbox 786 375 852 410; x_wconf 88' lang='lat' dir='ltr'>hoc,</span> <span class='ocrx_word' id='word_1_49' title='bbox 867 375 942 412; x_wconf 90' lang='lat' dir='ltr'>quod</span> 
     </span>
     <span class='ocr_line' id='line_1_15' title="bbox 95 423 649 457; baseline -0.005 -3"><span class='ocrx_word' id='word_1_50' title='bbox 95 425 140 454; x_wconf 91' lang='lat' dir='ltr'>isti</span> <span class='ocrx_word' id='word_1_51' title='bbox 161 425 210 454; x_wconf 90' lang='lat' dir='ltr'>soli</span> <span class='ocrx_word' id='word_1_52' title='bbox 232 426 436 457; x_wconf 90' lang='lat' dir='ltr'>cucurrerunt,</span> <span class='ocrx_word' id='word_1_53' title='bbox 458 426 485 452; x_wconf 90' lang='lat' dir='ltr'>et</span> <span class='ocrx_word' id='word_1_54' title='bbox 505 423 550 451; x_wconf 87' lang='lat' dir='ltr'>alii</span> <span class='ocrx_word' id='word_1_55' title='bbox 573 425 649 451; x_wconf 81' lang='lat' dir='ltr'>non?</span> 
     </span>
    </p>

    <p class='ocr_par' dir='ltr' id='par_1_12' title="bbox 95 469 942 601">
     <span class='ocr_line' id='line_1_16' title="bbox 173 469 941 508; baseline -0.004 -8"><span class='ocrx_word' id='word_1_56' title='bbox 173 471 342 504; x_wconf 84' lang='lat' dir='ltr'>Dicendum,</span> <span class='ocrx_word' id='word_1_57' title='bbox 370 470 444 508; x_wconf 90' lang='lat' dir='ltr'>quod</span> <span class='ocrx_word' id='word_1_58' title='bbox 475 470 518 499; x_wconf 88' lang='lat' dir='ltr'>vel</span> <span class='ocrx_word' id='word_1_59' title='bbox 549 470 615 508; x_wconf 89' lang='lat' dir='ltr'>quia</span> <span class='ocrx_word' id='word_1_60' title='bbox 643 469 702 498; x_wconf 89' lang='lat' dir='ltr'>istis</span> <span class='ocrx_word' id='word_1_61' title='bbox 733 469 798 498; x_wconf 90' lang='lat' dir='ltr'>solis</span> <span class='ocrx_word' id='word_1_62' title='bbox 823 469 941 498; x_wconf 87' lang='lat' dir='ltr'>relatum</span> 
     </span>
     <span class='ocr_line' id='line_1_17' title="bbox 95 516 942 554; baseline -0.005 -6"><span class='ocrx_word' id='word_1_63' title='bbox 95 522 151 554; x_wconf 89' lang='lat' dir='ltr'>est;</span> <span class='ocrx_word' id='word_1_64' title='bbox 172 518 231 553; x_wconf 85' lang='lat' dir='ltr'>vel,</span> <span class='ocrx_word' id='word_1_65' title='bbox 247 518 318 547; x_wconf 88' lang='lat' dir='ltr'>sicut</span> <span class='ocrx_word' id='word_1_66' title='bbox 332 517 398 546; x_wconf 91' lang='lat' dir='ltr'>dicit</span> <span class='ocrx_word' id='word_1_67' title='bbox 411 517 561 554; x_wconf 86' lang='lat' dir='ltr'>Gregorius</span> <span class='ocrx_word' id='word_1_68' title='bbox 574 518 593 551; x_wconf 91' lang='lat'>¹,</span> <span class='ocrx_word' id='word_1_69' title='bbox 613 528 627 542; x_wconf 88' lang='lat'>«</span> <span class='ocrx_word' id='word_1_70' title='bbox 641 516 680 545; x_wconf 93' lang='lat' dir='ltr'>illi</span> <span class='ocrx_word' id='word_1_71' title='bbox 696 524 762 554; x_wconf 88' lang='lat' dir='ltr'>prae</span> <span class='ocrx_word' id='word_1_72' title='bbox 778 516 879 545; x_wconf 89' lang='lat' dir='ltr'>ceteris</span> <span class='ocrx_word' id='word_1_73' title='bbox 893 524 942 544; x_wconf 91' lang='lat' dir='ltr'>cu-</span> 
     </span>
     <span class='ocr_line' id='line_1_18' title="bbox 95 563 763 601; baseline -0.006 -7"><span class='ocrx_word' id='word_1_74' title='bbox 95 567 259 599; x_wconf 87' lang='lat' dir='ltr'>currerunt,</span> <span class='ocrx_word' id='word_1_75' title='bbox 281 564 328 601; x_wconf 94' lang='lat' dir='ltr'>qui</span> <span class='ocrx_word' id='word_1_76' title='bbox 349 571 416 601; x_wconf 88' lang='lat' dir='ltr'>prae</span> <span class='ocrx_word' id='word_1_77' title='bbox 437 563 536 594; x_wconf 88' lang='lat' dir='ltr'>ceteris</span> <span class='ocrx_word' id='word_1_78' title='bbox 556 566 763 592; x_wconf 88' lang='lat' dir='ltr'>amaverunt».</span> 
     </span>
    </p>

    <p class='ocr_par' dir='ltr' id='par_1_13' title="bbox 94 609 943 782">
     <span class='ocr_line' id='line_1_19' title="bbox 176 609 943 648; baseline -0.004 -8"><span class='ocrx_word' id='word_1_79' title='bbox 176 612 219 640; x_wconf 87' lang='lat'>16.</span> <span class='ocrx_word' id='word_1_80' title='bbox 242 612 352 648; x_wconf 85' lang='lat' dir='ltr'>Quaest.</span> <span class='ocrx_word' id='word_1_81' title='bbox 367 611 409 640; x_wconf 91' lang='lat' dir='ltr'>Vl.</span> <span class='ocrx_word' id='word_1_82' title='bbox 432 611 512 645; x_wconf 81' lang='lat' dir='ltr'>item,</span> <span class='ocrx_word' id='word_1_83' title='bbox 529 612 560 639; x_wconf 90' lang='lat'>1:</span> <span class='ocrx_word' id='word_1_84' title='bbox 583 618 646 639; x_wconf 88' lang='lat' dir='ltr'>cum</span> <span class='ocrx_word' id='word_1_85' title='bbox 668 610 755 638; x_wconf 84' lang='lat' dir='ltr'>Lucas</span> <span class='ocrx_word' id='word_1_86' title='bbox 775 609 848 638; x_wconf 81' lang='lat' dir='ltr'>dicat</span> <span class='ocrx_word' id='word_1_87' title='bbox 869 609 943 646; x_wconf 86' lang='lat' dir='ltr'>vige-</span> 
     </span>
     <span class='ocr_line' id='line_1_20' title="bbox 95 657 941 696; baseline -0.005 -8"><span class='ocrx_word' id='word_1_88' title='bbox 95 659 164 688; x_wconf 90' lang='lat' dir='ltr'>simo</span> <span class='ocrx_word' id='word_1_89' title='bbox 195 661 296 696; x_wconf 90' lang='lat' dir='ltr'>quarto</span> <span class='ocrx_word' id='word_1_90' title='bbox 307 659 328 693; x_wconf 68' lang='grc'>2,</span> <span class='ocrx_word' id='word_1_91' title='bbox 349 658 423 696; x_wconf 89' lang='lat' dir='ltr'>quod</span> <span class='ocrx_word' id='word_1_92' title='bbox 452 658 549 686; x_wconf 88' lang='lat' dir='ltr'>Petrus</span> <span class='ocrx_word' id='word_1_93' title='bbox 575 657 625 686; x_wconf 91' lang='lat' dir='ltr'>ivit</span> <span class='ocrx_word' id='word_1_94' title='bbox 651 657 685 686; x_wconf 91' lang='lat' dir='ltr'>ad</span> <span class='ocrx_word' id='word_1_95' title='bbox 711 660 941 691; x_wconf 80' lang='lat' dir='ltr'>monumentum,</span> 
     </span>
     <span class='ocr_line' id='line_1_21' title="bbox 95 704 942 742; baseline -0.004 -7"><span class='ocrx_word' id='word_1_96' title='bbox 95 709 202 735; x_wconf 92' lang='lat' dir='ltr'>tantum</span> <span class='ocrx_word' id='word_1_97' title='bbox 223 705 257 735; x_wconf 90' lang='lat' dir='ltr'>de</span> <span class='ocrx_word' id='word_1_98' title='bbox 272 706 352 734; x_wconf 88' lang='lat' dir='ltr'>Petro</span> <span class='ocrx_word' id='word_1_99' title='bbox 373 705 513 742; x_wconf 85' lang='lat' dir='ltr'>loquitur;</span> <span class='ocrx_word' id='word_1_100' title='bbox 529 705 596 742; x_wconf 90' lang='lat' dir='ltr'>quid</span> <span class='ocrx_word' id='word_1_101' title='bbox 610 708 665 739; x_wconf 90' lang='lat' dir='ltr'>est,</span> <span class='ocrx_word' id='word_1_102' title='bbox 680 704 755 742; x_wconf 90' lang='lat' dir='ltr'>quod</span> <span class='ocrx_word' id='word_1_103' title='bbox 770 704 883 732; x_wconf 86' lang='lat' dir='ltr'>loannes</span> <span class='ocrx_word' id='word_1_104' title='bbox 898 704 942 732; x_wconf 89' lang='lat' dir='ltr'>hic</span> 
     </span>
     <span class='ocr_line' id='line_1_22' title="bbox 94 752 449 782; baseline -0.006 0"><span class='ocrx_word' id='word_1_105' title='bbox 94 753 164 782; x_wconf 90' lang='lat' dir='ltr'>duos</span> <span class='ocrx_word' id='word_1_106' title='bbox 184 752 343 781; x_wconf 79' lang='lat' dir='ltr'>cucurrisse</span> <span class='ocrx_word' id='word_1_107' title='bbox 363 752 449 781; x_wconf 79' lang='lat' dir='ltr'>dicit?</span> 
     </span>
    </p>

    <p class='ocr_par' dir='ltr' id='par_1_14' title="bbox 94 798 942 923">
     <span class='ocr_line' id='line_1_23' title="bbox 174 798 941 836; baseline -0.003 -8"><span class='ocrx_word' id='word_1_108' title='bbox 174 801 199 828; x_wconf 88' lang='lat'>2.</span> <span class='ocrx_word' id='word_1_109' title='bbox 222 800 302 833; x_wconf 85' lang='lat' dir='ltr'>Item,</span> <span class='ocrx_word' id='word_1_110' title='bbox 317 807 388 836; x_wconf 87' lang='lat' dir='ltr'>quae</span> <span class='ocrx_word' id='word_1_111' title='bbox 403 799 551 828; x_wconf 82' lang='lat' dir='ltr'>necessitas</span> <span class='ocrx_word' id='word_1_112' title='bbox 572 801 645 833; x_wconf 90' lang='lat' dir='ltr'>erat,</span> <span class='ocrx_word' id='word_1_113' title='bbox 667 798 741 836; x_wconf 91' lang='lat' dir='ltr'>quod</span> <span class='ocrx_word' id='word_1_114' title='bbox 763 799 876 827; x_wconf 88' lang='lat' dir='ltr'>loannes</span> <span class='ocrx_word' id='word_1_115' title='bbox 897 798 941 827; x_wconf 89' lang='lat' dir='ltr'>hic</span> 
     </span>
     <span class='ocr_line' id='line_1_24' title="bbox 94 844 942 882; baseline -0.002 -6"><span class='ocrx_word' id='word_1_116' title='bbox 94 847 128 876; x_wconf 90' lang='lat' dir='ltr'>de</span> <span class='ocrx_word' id='word_1_117' title='bbox 149 855 178 876; x_wconf 88' lang='lat' dir='ltr'>se</span> <span class='ocrx_word' id='word_1_118' title='bbox 198 846 302 875; x_wconf 86' lang='lat' dir='ltr'>faceret</span> <span class='ocrx_word' id='word_1_119' title='bbox 322 846 509 875; x_wconf 76' lang='lat' dir='ltr'>mentionem?</span> <span class='ocrx_word' id='word_1_120' title='bbox 531 863 567 867; x_wconf 94' lang='lat'>—-</span> <span class='ocrx_word' id='word_1_121' title='bbox 589 846 721 880; x_wconf 91' lang='lat' dir='ltr'>Videtur,</span> <span class='ocrx_word' id='word_1_122' title='bbox 747 845 820 882; x_wconf 92' lang='lat' dir='ltr'>quod</span> <span class='ocrx_word' id='word_1_123' title='bbox 842 844 942 874; x_wconf 89' lang='lat' dir='ltr'>melius</span> 
     </span>
     <span class='ocr_line' id='line_1_25' title="bbox 94 893 345 923; baseline -0.004 0"><span class='ocrx_word' id='word_1_124' title='bbox 94 894 202 923; x_wconf 85' lang='lat' dir='ltr'>fecisset</span> <span class='ocrx_word' id='word_1_125' title='bbox 222 893 345 922; x_wconf 89' lang='lat' dir='ltr'>tacendo.</span> 
     </span>
    </p>

    <p class='ocr_par' dir='ltr' id='par_1_15' title="bbox 94 938 942 1165">
     <span class='ocr_line' id='line_1_26' title="bbox 173 938 942 977; baseline -0.004 -8"><span class='ocrx_word' id='word_1_126' title='bbox 173 940 327 977; x_wconf 86' lang='lat' dir='ltr'>Respondet</span> <span class='ocrx_word' id='word_1_127' title='bbox 357 939 526 976; x_wconf 76' lang='lat' dir='ltr'>Augustinus</span> <span class='ocrx_word' id='word_1_128' title='bbox 557 940 585 968; x_wconf 89' lang='lat' dir='ltr'>in</span> <span class='ocrx_word' id='word_1_129' title='bbox 617 939 698 969; x_wconf 86' lang='lat' dir='ltr'>tertio</span> <span class='ocrx_word' id='word_1_130' title='bbox 726 939 759 967; x_wconf 91' lang='lat' dir='ltr'>de</span> <span class='ocrx_word' id='word_1_131' title='bbox 790 938 942 967; x_wconf 83' lang='lat' dir='ltr'>Concordia</span> 
     </span>
     <span class='ocr_line' id='line_1_27' title="bbox 96 986 941 1025; baseline -0.004 -9"><span class='ocrx_word' id='word_1_132' title='bbox 96 987 330 1025; x_wconf 83' lang='lat' dir='ltr'>Evangelistarum</span> <span class='ocrx_word' id='word_1_133' title='bbox 343 987 363 1021; x_wconf 74' lang='lat'>⁸,</span> <span class='ocrx_word' id='word_1_134' title='bbox 385 986 460 1023; x_wconf 91' lang='lat' dir='ltr'>quod</span> <span class='ocrx_word' id='word_1_135' title='bbox 481 987 568 1015; x_wconf 91' lang='lat' dir='ltr'>Lucas</span> <span class='ocrx_word' id='word_1_136' title='bbox 589 986 701 1014; x_wconf 89' lang='lat' dir='ltr'>Petrum</span> <span class='ocrx_word' id='word_1_137' title='bbox 716 986 807 1014; x_wconf 92' lang='lat' dir='ltr'>solum</span> <span class='ocrx_word' id='word_1_138' title='bbox 822 993 941 1014; x_wconf 86' lang='lat' dir='ltr'>comme-</span> 
     </span>
     <span class='ocr_line' id='line_1_28' title="bbox 94 1031 941 1071; baseline -0.005 -8"><span class='ocrx_word' id='word_1_139' title='bbox 94 1034 221 1068; x_wconf 89' lang='lat' dir='ltr'>moravit,</span> <span class='ocrx_word' id='word_1_140' title='bbox 236 1034 303 1071; x_wconf 89' lang='lat' dir='ltr'>quia</span> <span class='ocrx_word' id='word_1_141' title='bbox 317 1033 355 1061; x_wconf 93' lang='lat' dir='ltr'>illi</span> <span class='ocrx_word' id='word_1_142' title='bbox 371 1032 528 1069; x_wconf 85' lang='lat' dir='ltr'>Magdalena</span> <span class='ocrx_word' id='word_1_143' title='bbox 538 1032 629 1069; x_wconf 93' lang='lat' dir='ltr'>primo</span> <span class='ocrx_word' id='word_1_144' title='bbox 640 1031 792 1065; x_wconf 89' lang='lat' dir='ltr'>nuntiavit;</span> <span class='ocrx_word' id='word_1_145' title='bbox 808 1034 835 1060; x_wconf 89' lang='lat' dir='ltr'>et</span> <span class='ocrx_word' id='word_1_146' title='bbox 850 1034 941 1060; x_wconf 90' lang='lat' dir='ltr'>tamen</span> 
     </span>
     <span class='ocr_line' id='line_1_29' title="bbox 94 1078 940 1119; baseline -0.005 -9"><span class='ocrx_word' id='word_1_147' title='bbox 94 1081 152 1119; x_wconf 89' lang='lat' dir='ltr'>ipse</span> <span class='ocrx_word' id='word_1_148' title='bbox 172 1083 326 1117; x_wconf 90' lang='lat' dir='ltr'>utrumque</span> <span class='ocrx_word' id='word_1_149' title='bbox 347 1082 563 1113; x_wconf 89' lang='lat' dir='ltr'>commemorat;</span> <span class='ocrx_word' id='word_1_150' title='bbox 591 1078 663 1107; x_wconf 92' lang='lat' dir='ltr'>unde</span> <span class='ocrx_word' id='word_1_151' title='bbox 690 1078 823 1115; x_wconf 86' lang='lat' dir='ltr'>Cleophas</span> <span class='ocrx_word' id='word_1_152' title='bbox 850 1078 940 1106; x_wconf 89' lang='lat' dir='ltr'>dixit:</span> 
     </span>
     <span class='ocr_line' id='line_1_30' title="bbox 95 1125 940 1165; baseline -0.005 -8"><span class='ocrx_word' id='word_1_153' title='bbox 95 1128 239 1157; x_wconf 81' lang='lat' dir='ltr'>Abierunt</span> <span class='ocrx_word' id='word_1_154' title='bbox 258 1127 381 1165; x_wconf 82' lang='lat' dir='ltr'>quidam</span> <span class='ocrx_word' id='word_1_155' title='bbox 402 1134 436 1154; x_wconf 77' lang='lat' dir='ltr'>ex</span> <span class='ocrx_word' id='word_1_156' title='bbox 457 1126 567 1154; x_wconf 77' lang='lat' dir='ltr'>nostris</span> <span class='ocrx_word' id='word_1_157' title='bbox 588 1125 628 1153; x_wconf 79' lang='lat' dir='ltr'>ad</span> <span class='ocrx_word' id='word_1_158' title='bbox 649 1128 867 1153; x_wconf 82' lang='lat' dir='ltr'>monumentum</span> <span class='ocrx_word' id='word_1_159' title='bbox 889 1128 940 1154; x_wconf 88' lang='lat' dir='ltr'>etc.</span> 
     </span>
    </p>

    <p class='ocr_par' dir='ltr' id='par_1_16' title="bbox 93 1171 943 1585">
     <span class='ocr_line' id='line_1_31' title="bbox 173 1171 943 1210; baseline -0.003 -8"><span class='ocrx_word' id='word_1_160' title='bbox 173 1174 210 1203; x_wconf 92' lang='lat' dir='ltr'>Ad</span> <span class='ocrx_word' id='word_1_161' title='bbox 231 1173 321 1208; x_wconf 83' lang='lat' dir='ltr'>aliud,</span> <span class='ocrx_word' id='word_1_162' title='bbox 343 1172 417 1210; x_wconf 90' lang='lat' dir='ltr'>quod</span> <span class='ocrx_word' id='word_1_163' title='bbox 446 1172 608 1209; x_wconf 89' lang='lat' dir='ltr'>quaeritur:</span> <span class='ocrx_word' id='word_1_164' title='bbox 637 1179 725 1209; x_wconf 87' lang='lat' dir='ltr'>quare</span> <span class='ocrx_word' id='word_1_165' title='bbox 753 1171 786 1200; x_wconf 91' lang='lat' dir='ltr'>de</span> <span class='ocrx_word' id='word_1_166' title='bbox 818 1180 847 1200; x_wconf 93' lang='lat' dir='ltr'>se</span> <span class='ocrx_word' id='word_1_167' title='bbox 878 1171 943 1200; x_wconf 87' lang='lat' dir='ltr'>facit</span> 
     </span>
     <span class='ocr_line' id='line_1_32' title="bbox 93 1218 942 1256; baseline -0.005 -6"><span class='ocrx_word' id='word_1_168' title='bbox 93 1221 281 1250; x_wconf 82' lang='lat' dir='ltr'>mentionem?</span> <span class='ocrx_word' id='word_1_169' title='bbox 302 1219 405 1256; x_wconf 86' lang='lat' dir='ltr'>duplex</span> <span class='ocrx_word' id='word_1_170' title='bbox 429 1222 470 1248; x_wconf 91' lang='lat' dir='ltr'>est</span> <span class='ocrx_word' id='word_1_171' title='bbox 492 1219 577 1247; x_wconf 89' lang='lat' dir='ltr'>ratio:</span> <span class='ocrx_word' id='word_1_172' title='bbox 593 1218 727 1247; x_wconf 77' lang='lat' dir='ltr'>litteralis</span> <span class='ocrx_word' id='word_1_173' title='bbox 748 1218 861 1252; x_wconf 86' lang='lat' dir='ltr'>scilicet,</span> <span class='ocrx_word' id='word_1_174' title='bbox 876 1218 942 1255; x_wconf 86' lang='lat' dir='ltr'>quia</span> 
     </span>
     <span class='ocr_line' id='line_1_33' title="bbox 94 1265 941 1302; baseline -0.005 -5"><span class='ocrx_word' id='word_1_175' title='bbox 94 1268 202 1298; x_wconf 84' lang='lat' dir='ltr'>volebat</span> <span class='ocrx_word' id='word_1_176' title='bbox 223 1268 335 1296; x_wconf 88' lang='lat' dir='ltr'>Petrum</span> <span class='ocrx_word' id='word_1_177' title='bbox 357 1266 408 1295; x_wconf 86' lang='lat' dir='ltr'>sibi</span> <span class='ocrx_word' id='word_1_178' title='bbox 430 1273 614 1302; x_wconf 83' lang='lat' dir='ltr'>praeponere,</span> <span class='ocrx_word' id='word_1_179' title='bbox 630 1268 662 1294; x_wconf 91' lang='lat' dir='ltr'>ut</span> <span class='ocrx_word' id='word_1_180' title='bbox 676 1265 788 1294; x_wconf 89' lang='lat' dir='ltr'>Petrum</span> <span class='ocrx_word' id='word_1_181' title='bbox 803 1265 941 1299; x_wconf 87' lang='lat' dir='ltr'>laudaret,</span> 
     </span>
     <span class='ocr_line' id='line_1_34' title="bbox 94 1312 941 1352; baseline -0.006 -7"><span class='ocrx_word' id='word_1_182' title='bbox 94 1323 123 1345; x_wconf 92' lang='lat' dir='ltr'>se</span> <span class='ocrx_word' id='word_1_183' title='bbox 143 1315 236 1352; x_wconf 91' lang='lat' dir='ltr'>ipsum</span> <span class='ocrx_word' id='word_1_184' title='bbox 256 1314 431 1347; x_wconf 79' lang='lat' dir='ltr'>humiliaret3</span> <span class='ocrx_word' id='word_1_185' title='bbox 454 1313 534 1350; x_wconf 92' lang='lat' dir='ltr'>quia,</span> <span class='ocrx_word' id='word_1_186' title='bbox 557 1320 620 1341; x_wconf 90' lang='lat' dir='ltr'>cum</span> <span class='ocrx_word' id='word_1_187' title='bbox 642 1312 701 1349; x_wconf 86' lang='lat' dir='ltr'>ipse</span> <span class='ocrx_word' id='word_1_188' title='bbox 715 1312 792 1349; x_wconf 90' lang='lat' dir='ltr'>prior</span> <span class='ocrx_word' id='word_1_189' title='bbox 808 1312 941 1346; x_wconf 87' lang='lat' dir='ltr'>venisset,</span> 
     </span>
     <span class='ocr_line' id='line_1_35' title="bbox 94 1359 942 1400; baseline -0.005 -9"><span class='ocrx_word' id='word_1_190' title='bbox 94 1362 230 1400; x_wconf 83' lang='lat' dir='ltr'>posterior</span> <span class='ocrx_word' id='word_1_191' title='bbox 245 1361 369 1390; x_wconf 89' lang='lat' dir='ltr'>introivit</span> <span class='ocrx_word' id='word_1_192' title='bbox 379 1361 399 1388; x_wconf 75' lang='lat'>⁴².</span> <span class='ocrx_word' id='word_1_193' title='bbox 414 1377 450 1381; x_wconf 96' lang='lat'>—</span> <span class='ocrx_word' id='word_1_194' title='bbox 466 1360 632 1397; x_wconf 83' lang='lat' dir='ltr'>Alleqorica</span> <span class='ocrx_word' id='word_1_195' title='bbox 653 1367 720 1388; x_wconf 91' lang='lat' dir='ltr'>vero</span> <span class='ocrx_word' id='word_1_196' title='bbox 741 1362 797 1393; x_wconf 90' lang='lat' dir='ltr'>est,</span> <span class='ocrx_word' id='word_1_197' title='bbox 813 1359 878 1396; x_wconf 87' lang='lat' dir='ltr'>quia</span> <span class='ocrx_word' id='word_1_198' title='bbox 892 1367 942 1396; x_wconf 91' lang='lat' dir='ltr'>per</span> 
     </span>
     <span class='ocr_line' id='line_1_36' title="bbox 96 1405 942 1445; baseline -0.005 -7"><span class='ocrx_word' id='word_1_199' title='bbox 96 1409 222 1438; x_wconf 90' lang='lat' dir='ltr'>Ioannem</span> <span class='ocrx_word' id='word_1_200' title='bbox 254 1408 375 1445; x_wconf 90' lang='lat' dir='ltr'>populus</span> <span class='ocrx_word' id='word_1_201' title='bbox 397 1406 554 1440; x_wconf 72' lang='lat' dir='ltr'>IuslaieuS,</span> <span class='ocrx_word' id='word_1_202' title='bbox 582 1414 632 1443; x_wconf 92' lang='lat' dir='ltr'>per</span> <span class='ocrx_word' id='word_1_203' title='bbox 665 1406 776 1435; x_wconf 88' lang='lat' dir='ltr'>Petrum</span> <span class='ocrx_word' id='word_1_204' title='bbox 805 1405 942 1434; x_wconf 86' lang='lat' dir='ltr'>seniorem</span> 
     </span>
     <span class='ocr_line' id='line_1_37' title="bbox 94 1452 942 1494; baseline -0.005 -10"><span class='ocrx_word' id='word_1_205' title='bbox 94 1455 209 1494; x_wconf 75' lang='lat' dir='ltr'>qentilis</span> <span class='ocrx_word' id='word_1_206' title='bbox 230 1454 398 1491; x_wconf 87' lang='lat' dir='ltr'>designatur.</span> <span class='ocrx_word' id='word_1_207' title='bbox 423 1453 536 1482; x_wconf 90' lang='lat' dir='ltr'>loannes</span> <span class='ocrx_word' id='word_1_208' title='bbox 558 1453 636 1489; x_wconf 87' lang='lat' dir='ltr'>prius</span> <span class='ocrx_word' id='word_1_209' title='bbox 657 1452 796 1486; x_wconf 85' lang='lat' dir='ltr'>cucurrit,</span> <span class='ocrx_word' id='word_1_210' title='bbox 819 1452 866 1481; x_wconf 90' lang='lat' dir='ltr'>sed</span> <span class='ocrx_word' id='word_1_211' title='bbox 887 1460 942 1481; x_wconf 90' lang='lat' dir='ltr'>non</span> 
     </span>
     <span class='ocr_line' id='line_1_38' title="bbox 96 1499 943 1538; baseline -0.004 -7"><span class='ocrx_word' id='word_1_212' title='bbox 96 1502 236 1536; x_wconf 88' lang='lat' dir='ltr'>introivit;</span> <span class='ocrx_word' id='word_1_213' title='bbox 258 1501 325 1538; x_wconf 88' lang='lat' dir='ltr'>quia</span> <span class='ocrx_word' id='word_1_214' title='bbox 345 1500 463 1529; x_wconf 90' lang='lat' dir='ltr'>Iudaeus</span> <span class='ocrx_word' id='word_1_215' title='bbox 493 1500 573 1537; x_wconf 88' lang='lat' dir='ltr'>prius</span> <span class='ocrx_word' id='word_1_216' title='bbox 604 1500 701 1537; x_wconf 84' lang='lat' dir='ltr'>Legem</span> <span class='ocrx_word' id='word_1_217' title='bbox 734 1499 871 1536; x_wconf 86' lang='lat' dir='ltr'>suscepit,</span> <span class='ocrx_word' id='word_1_218' title='bbox 895 1499 943 1528; x_wconf 88' lang='lat' dir='ltr'>sed</span> 
     </span>
     <span class='ocr_line' id='line_1_39' title="bbox 96 1546 940 1585; baseline -0.005 -7"><span class='ocrx_word' id='word_1_219' title='bbox 96 1557 150 1578; x_wconf 89' lang='grc'><strong>11011</strong></span> <span class='ocrx_word' id='word_1_220' title='bbox 165 1548 296 1582; x_wconf 90' lang='lat' dir='ltr'>credidit;</span> <span class='ocrx_word' id='word_1_221' title='bbox 311 1547 421 1585; x_wconf 84' lang='lat' dir='ltr'>gentilis</span> <span class='ocrx_word' id='word_1_222' title='bbox 442 1555 509 1576; x_wconf 90' lang='lat' dir='ltr'>vero</span> <span class='ocrx_word' id='word_1_223' title='bbox 530 1546 637 1575; x_wconf 87' lang='lat' dir='ltr'>tardius</span> <span class='ocrx_word' id='word_1_224' title='bbox 659 1546 772 1575; x_wconf 90' lang='lat' dir='ltr'>veniens</span> <span class='ocrx_word' id='word_1_225' title='bbox 794 1546 910 1575; x_wconf 87' lang='lat' dir='ltr'>credidit</span> <span class='ocrx_word' id='word_1_226' title='bbox 921 1546 940 1574; x_wconf 83' lang='lat'>5.</span> 
     </span>
    </p>
   </div>
   <div class='ocr_carea' id='block_1_11' title="bbox 180 1639 858 1679">
    <p class='ocr_par' dir='ltr' id='par_1_17' title="bbox 180 1639 858 1679">
     <span class='ocr_line' id='line_1_40' title="bbox 180 1639 858 1679; baseline -0.004 -7"><span class='ocrx_word' id='word_1_227' title='bbox 180 1641 316 1679; x_wconf 84' lang='lat' dir='ltr'>Secundo,</span> <span class='ocrx_word' id='word_1_228' title='bbox 337 1640 370 1671; x_wconf 90' lang='lat' dir='ltr'>de</span> <span class='ocrx_word' id='word_1_229' title='bbox 391 1639 618 1671; x_wconf 80' lang='lat' dir='ltr'>manifestatione</span> <span class='ocrx_word' id='word_1_230' title='bbox 639 1639 858 1670; x_wconf 80' lang='lat' dir='ltr'>resurrectionis.</span> 
     </span>
    </p>
   </div>
   <div class='ocr_carea' id='block_1_12' title="bbox 95 1734 943 2046">
    <p class='ocr_par' dir='ltr' id='par_1_18' title="bbox 95 1734 943 2046">
     <span class='ocr_line' id='line_1_41' title="bbox 178 1734 940 1772; baseline -0.004 -7"><span class='ocrx_word' id='word_1_231' title='bbox 178 1737 221 1765; x_wconf 89' lang='lat'>17.</span> <span class='ocrx_word' id='word_1_232' title='bbox 238 1737 260 1764; x_wconf 85' lang='lat' dir='ltr'>A</span> <span class='ocrx_word' id='word_1_233' title='bbox 267 1735 381 1764; x_wconf 76' lang='lat' dir='ltr'>bierunt</span> <span class='ocrx_word' id='word_1_234' title='bbox 395 1743 463 1772; x_wconf 85' lang='lat' dir='ltr'>erqo</span> <span class='ocrx_word' id='word_1_235' title='bbox 475 1735 485 1751; x_wconf 83' lang='lat'><strong><em>⁶</em></strong></span> <span class='ocrx_word' id='word_1_236' title='bbox 501 1734 641 1771; x_wconf 74' lang='lat' dir='ltr'>discipuli</span> <span class='ocrx_word' id='word_1_237' title='bbox 654 1735 694 1763; x_wconf 77' lang='lat' dir='ltr'>acl</span> <span class='ocrx_word' id='word_1_238' title='bbox 708 1734 874 1771; x_wconf 75' lang='lat' dir='ltr'>semetipsos</span> <span class='ocrx_word' id='word_1_239' title='bbox 889 1737 940 1763; x_wconf 89' lang='lat' dir='ltr'>etc.</span> 
     </span>
     <span class='ocr_line' id='line_1_42' title="bbox 98 1780 942 1821; baseline -0.005 -8"><span class='ocrx_word' id='word_1_240' title='bbox 98 1784 187 1821; x_wconf 88' lang='lat' dir='ltr'>Supra</span> <span class='ocrx_word' id='word_1_241' title='bbox 208 1783 263 1820; x_wconf 84' lang='lat' dir='ltr'>egit</span> <span class='ocrx_word' id='word_1_242' title='bbox 283 1783 317 1811; x_wconf 91' lang='lat' dir='ltr'>de</span> <span class='ocrx_word' id='word_1_243' title='bbox 337 1782 538 1816; x_wconf 88' lang='lat' dir='ltr'>sollicitudine,</span> <span class='ocrx_word' id='word_1_244' title='bbox 560 1782 604 1810; x_wconf 83' lang='lat' dir='ltr'>hic</span> <span class='ocrx_word' id='word_1_245' title='bbox 626 1782 682 1818; x_wconf 80' lang='lat' dir='ltr'>agit</span> <span class='ocrx_word' id='word_1_246' title='bbox 709 1781 742 1810; x_wconf 92' lang='lat' dir='ltr'>de</span> <span class='ocrx_word' id='word_1_247' title='bbox 770 1780 942 1818; x_wconf 77' lang='lat' dir='ltr'>manifesta-</span> 
     </span>
     <span class='ocr_line' id='line_1_43' title="bbox 98 1827 941 1867; baseline -0.004 -8"><span class='ocrx_word' id='word_1_248' title='bbox 98 1831 171 1859; x_wconf 83' lang='lat' dir='ltr'>tione</span> <span class='ocrx_word' id='word_1_249' title='bbox 179 1841 189 1864; x_wconf 90' lang='lat'>‚·</span> <span class='ocrx_word' id='word_1_250' title='bbox 210 1833 237 1859; x_wconf 92' lang='lat' dir='ltr'>et</span> <span class='ocrx_word' id='word_1_251' title='bbox 257 1829 323 1867; x_wconf 86' lang='lat' dir='ltr'>quia</span> <span class='ocrx_word' id='word_1_252' title='bbox 344 1829 527 1857; x_wconf 88' lang='lat' dir='ltr'>manifestatio</span> <span class='ocrx_word' id='word_1_253' title='bbox 554 1828 668 1865; x_wconf 89' lang='lat' dir='ltr'>utrique</span> <span class='ocrx_word' id='word_1_254' title='bbox 689 1828 770 1857; x_wconf 89' lang='lat' dir='ltr'>sexui</span> <span class='ocrx_word' id='word_1_255' title='bbox 793 1827 864 1856; x_wconf 86' lang='lat' dir='ltr'>facta</span> <span class='ocrx_word' id='word_1_256' title='bbox 884 1831 941 1862; x_wconf 90' lang='lat' dir='ltr'>est,</span> 
     </span>
     <span class='ocr_line' id='line_1_44' title="bbox 97 1875 942 1913; baseline -0.004 -7"><span class='ocrx_word' id='word_1_257' title='bbox 97 1877 158 1906; x_wconf 90' lang='lat' dir='ltr'>ideo</span> <span class='ocrx_word' id='word_1_258' title='bbox 178 1876 310 1906; x_wconf 87' lang='lat' dir='ltr'>dividitur</span> <span class='ocrx_word' id='word_1_259' title='bbox 332 1876 400 1905; x_wconf 90' lang='lat' dir='ltr'>haec</span> <span class='ocrx_word' id='word_1_260' title='bbox 431 1883 495 1913; x_wconf 89' lang='lat' dir='ltr'>pars</span> <span class='ocrx_word' id='word_1_261' title='bbox 527 1876 554 1904; x_wconf 93' lang='lat' dir='ltr'>in</span> <span class='ocrx_word' id='word_1_262' title='bbox 586 1875 663 1904; x_wconf 92' lang='lat' dir='ltr'>duas.</span> <span class='ocrx_word' id='word_1_263' title='bbox 690 1875 718 1903; x_wconf 92' lang='lat' dir='ltr'>ln</span> <span class='ocrx_word' id='word_1_264' title='bbox 740 1875 830 1912; x_wconf 89' lang='lat' dir='ltr'>prima</span> <span class='ocrx_word' id='word_1_265' title='bbox 850 1875 942 1912; x_wconf 90' lang='lat' dir='ltr'>agitur</span> 
     </span>
     <span class='ocr_line' id='line_1_45' title="bbox 96 1921 943 1955; baseline -0.005 -2"><span class='ocrx_word' id='word_1_266' title='bbox 96 1924 129 1953; x_wconf 91' lang='lat' dir='ltr'>de</span> <span class='ocrx_word' id='word_1_267' title='bbox 151 1923 369 1952; x_wconf 82' lang='lat' dir='ltr'>manifestatione</span> <span class='ocrx_word' id='word_1_268' title='bbox 390 1922 461 1951; x_wconf 85' lang='lat' dir='ltr'>facta</span> <span class='ocrx_word' id='word_1_269' title='bbox 481 1921 617 1955; x_wconf 80' lang='lat' dir='ltr'>mulieri;</span> <span class='ocrx_word' id='word_1_270' title='bbox 639 1922 667 1950; x_wconf 89' lang='lat' dir='ltr'>in</span> <span class='ocrx_word' id='word_1_271' title='bbox 688 1921 822 1955; x_wconf 88' lang='lat' dir='ltr'>secunda,</span> <span class='ocrx_word' id='word_1_272' title='bbox 837 1921 870 1950; x_wconf 89' lang='lat' dir='ltr'>de</span> <span class='ocrx_word' id='word_1_273' title='bbox 884 1929 943 1950; x_wconf 87' lang='lat' dir='ltr'>ma-</span> 
     </span>
     <span class='ocr_line' id='line_1_46' title="bbox 96 1968 942 2006; baseline -0.004 -7"><span class='ocrx_word' id='word_1_274' title='bbox 96 1970 268 1999; x_wconf 81' lang='lat' dir='ltr'>nifestatione</span> <span class='ocrx_word' id='word_1_275' title='bbox 295 1969 366 1998; x_wconf 81' lang='lat' dir='ltr'>sacta</span> <span class='ocrx_word' id='word_1_276' title='bbox 393 1968 563 2006; x_wconf 48' lang='lat' dir='ltr'>discipuli&amp;</span> <span class='ocrx_word' id='word_1_277' title='bbox 585 1968 659 1997; x_wconf 84' lang='lat' dir='ltr'>ibi⁷:</span> <span class='ocrx_word' id='word_1_278' title='bbox 683 1968 757 1997; x_wconf 88' lang='lat' dir='ltr'>Cam</span> <span class='ocrx_word' id='word_1_279' title='bbox 785 1976 853 2005; x_wconf 89' lang='lat' dir='ltr'>erqo</span> <span class='ocrx_word' id='word_1_280' title='bbox 873 1971 942 1996; x_wconf 76' lang='lat' dir='ltr'>esset</span> 
     </span>
     <span class='ocr_line' id='line_1_47' title="bbox 95 2021 232 2046; baseline -0.007 0"><span class='ocrx_word' id='word_1_281' title='bbox 95 2025 160 2046; x_wconf 72' lang='lat' dir='ltr'>sero</span> <span class='ocrx_word' id='word_1_282' title='bbox 180 2021 232 2046; x_wconf 89' lang='lat' dir='ltr'>etc.</span> 
     </span>
    </p>
   </div>
   <div class='ocr_carea' id='block_1_13' title="bbox 94 2166 943 2470">
    <p class='ocr_par' dir='ltr' id='par_1_19' title="bbox 94 2166 942 2313">
     <span class='ocr_line' id='line_1_48' title="bbox 158 2166 941 2195; baseline 0 -5"><span class='ocrx_word' id='word_1_283' title='bbox 158 2167 166 2180; x_wconf 85' lang='lat'>¹</span> <span class='ocrx_word' id='word_1_284' title='bbox 183 2166 244 2190; x_wconf 87' lang='lat' dir='ltr'>Libr.</span> <span class='ocrx_word' id='word_1_285' title='bbox 261 2168 285 2190; x_wconf 94' lang='lat' dir='ltr'>ll.</span> <span class='ocrx_word' id='word_1_286' title='bbox 302 2167 385 2189; x_wconf 85' lang='lat' dir='ltr'>Homil.</span> <span class='ocrx_word' id='word_1_287' title='bbox 404 2167 427 2189; x_wconf 90' lang='lat' dir='ltr'>in</span> <span class='ocrx_word' id='word_1_288' title='bbox 444 2167 531 2195; x_wconf 77' lang='lat' dir='ltr'>Evang.</span> <span class='ocrx_word' id='word_1_289' title='bbox 550 2167 629 2189; x_wconf 84' lang='lat' dir='ltr'>liomil.</span> <span class='ocrx_word' id='word_1_290' title='bbox 649 2167 686 2189; x_wconf 84' lang='lat'>22.</span> <span class='ocrx_word' id='word_1_291' title='bbox 699 2173 722 2189; x_wconf 91' lang='grc'>11.</span> <span class='ocrx_word' id='word_1_292' title='bbox 739 2168 761 2189; x_wconf 81' lang='lat'>2.</span> <span class='ocrx_word' id='word_1_293' title='bbox 773 2179 804 2183; x_wconf 97' lang='lat'><strong>—</strong></span> <span class='ocrx_word' id='word_1_294' title='bbox 815 2166 941 2195; x_wconf 66' lang='lat' dir='ltr'>chrysost„</span> 
     </span>
     <span class='ocr_line' id='line_1_49' title="bbox 95 2205 942 2235; baseline -0.001 -5"><span class='ocrx_word' id='word_1_295' title='bbox 95 2208 117 2230; x_wconf 92' lang='lat' dir='ltr'>in</span> <span class='ocrx_word' id='word_1_296' title='bbox 134 2208 195 2230; x_wconf 81' lang='lat' dir='ltr'>loan.</span> <span class='ocrx_word' id='word_1_297' title='bbox 213 2207 291 2229; x_wconf 86' lang='lat' dir='ltr'>homil.</span> <span class='ocrx_word' id='word_1_298' title='bbox 309 2207 346 2229; x_wconf 81' lang='lat'>85.</span> <span class='ocrx_word' id='word_1_299' title='bbox 364 2206 429 2235; x_wconf 81' lang='lat' dir='ltr'>(alias</span> <span class='ocrx_word' id='word_1_300' title='bbox 447 2206 493 2234; x_wconf 90' lang='lat'>84.)</span> <span class='ocrx_word' id='word_1_301' title='bbox 511 2213 533 2228; x_wconf 94' lang='grc'>11.</span> <span class='ocrx_word' id='word_1_302' title='bbox 552 2206 578 2228; x_wconf 86' lang='grc'>4;</span> <span class='ocrx_word' id='word_1_303' title='bbox 596 2205 655 2229; x_wconf 91' lang='lat' dir='ltr'>Cum</span> <span class='ocrx_word' id='word_1_304' title='bbox 672 2206 773 2229; x_wconf 87' lang='lat' dir='ltr'>venisset</span> <span class='ocrx_word' id='word_1_305' title='bbox 789 2207 825 2229; x_wconf 84' lang='lat' dir='ltr'>illa</span> <span class='ocrx_word' id='word_1_306' title='bbox 843 2209 865 2229; x_wconf 91' lang='lat' dir='ltr'>et</span> <span class='ocrx_word' id='word_1_307' title='bbox 885 2208 942 2229; x_wconf 84' lang='lat' dir='ltr'>haec</span> 
     </span>
     <span class='ocr_line' id='line_1_50' title="bbox 94 2244 942 2274; baseline -0.001 -6"><span class='ocrx_word' id='word_1_308' title='bbox 94 2245 198 2273; x_wconf 81' lang='lat' dir='ltr'>dixisset,</span> <span class='ocrx_word' id='word_1_309' title='bbox 216 2246 259 2268; x_wconf 87' lang='lat' dir='ltr'>boc</span> <span class='ocrx_word' id='word_1_310' title='bbox 276 2245 368 2272; x_wconf 82' lang='lat' dir='ltr'>audito,</span> <span class='ocrx_word' id='word_1_311' title='bbox 386 2245 416 2267; x_wconf 94' lang='lat' dir='ltr'>illi</span> <span class='ocrx_word' id='word_1_312' title='bbox 434 2244 526 2274; x_wconf 81' lang='lat' dir='ltr'>[Petrus</span> <span class='ocrx_word' id='word_1_313' title='bbox 544 2247 566 2267; x_wconf 91' lang='lat' dir='ltr'>et</span> <span class='ocrx_word' id='word_1_314' title='bbox 582 2244 690 2274; x_wconf 83' lang='lat' dir='ltr'>loannes]</span> <span class='ocrx_word' id='word_1_315' title='bbox 708 2245 736 2268; x_wconf 85' lang='lat' dir='ltr'>ad</span> <span class='ocrx_word' id='word_1_316' title='bbox 750 2245 882 2273; x_wconf 85' lang='lat' dir='ltr'>sepulcrum</span> <span class='ocrx_word' id='word_1_317' title='bbox 900 2248 942 2268; x_wconf 85' lang='lat' dir='ltr'>sta-</span> 
     </span>
     <span class='ocr_line' id='line_1_51' title="bbox 96 2285 286 2313; baseline 0 -6"><span class='ocrx_word' id='word_1_318' title='bbox 96 2285 137 2307; x_wconf 81' lang='lat' dir='ltr'>tim</span> <span class='ocrx_word' id='word_1_319' title='bbox 153 2288 286 2313; x_wconf 86' lang='lat' dir='ltr'>properant.</span> 
     </span>
    </p>

    <p class='ocr_par' dir='ltr' id='par_1_20' title="bbox 95 2322 943 2386">
     <span class='ocr_line' id='line_1_52' title="bbox 156 2322 943 2351; baseline -0.001 -4"><span class='ocrx_word' id='word_1_320' title='bbox 156 2322 165 2336; x_wconf 78' lang='lat'>²</span> <span class='ocrx_word' id='word_1_321' title='bbox 183 2324 249 2347; x_wconf 87' lang='lat' dir='ltr'>Vers.</span> <span class='ocrx_word' id='word_1_322' title='bbox 268 2325 308 2346; x_wconf 91' lang='lat'>12:</span> <span class='ocrx_word' id='word_1_323' title='bbox 326 2324 406 2346; x_wconf 86' lang='lat' dir='ltr'>Petrus</span> <span class='ocrx_word' id='word_1_324' title='bbox 424 2326 502 2346; x_wconf 85' lang='lat' dir='ltr'>autem</span> <span class='ocrx_word' id='word_1_325' title='bbox 519 2329 618 2351; x_wconf 83' lang='lat' dir='ltr'>surgens</span> <span class='ocrx_word' id='word_1_326' title='bbox 643 2323 744 2346; x_wconf 86' lang='lat' dir='ltr'>cucurrit</span> <span class='ocrx_word' id='word_1_327' title='bbox 760 2324 790 2346; x_wconf 84' lang='lat' dir='ltr'>ad</span> <span class='ocrx_word' id='word_1_328' title='bbox 809 2330 943 2346; x_wconf 90' lang='lat' dir='ltr'>monumen-</span> 
     </span>
     <span class='ocr_line' id='line_1_53' title="bbox 95 2365 204 2386; baseline 0 0"><span class='ocrx_word' id='word_1_329' title='bbox 95 2365 143 2386; x_wconf 89' lang='lat' dir='ltr'>tum</span> <span class='ocrx_word' id='word_1_330' title='bbox 162 2365 204 2386; x_wconf 89' lang='lat' dir='ltr'>etc.</span> 
     </span>
    </p>

    <p class='ocr_par' dir='ltr' id='par_1_21' title="bbox 94 2400 941 2470">
     <span class='ocr_line' id='line_1_54' title="bbox 157 2400 941 2430; baseline 0 -6"><span class='ocrx_word' id='word_1_331' title='bbox 157 2400 166 2414; x_wconf 79' lang='lat'>⁸</span> <span class='ocrx_word' id='word_1_332' title='bbox 183 2402 238 2430; x_wconf 85' lang='lat' dir='ltr'>Cap.</span> <span class='ocrx_word' id='word_1_333' title='bbox 256 2402 293 2425; x_wconf 80' lang='lat'>25.</span> <span class='ocrx_word' id='word_1_334' title='bbox 311 2408 333 2424; x_wconf 91' lang='lat' dir='ltr'>n.</span> <span class='ocrx_word' id='word_1_335' title='bbox 350 2401 393 2424; x_wconf 85' lang='lat'>70:</span> <span class='ocrx_word' id='word_1_336' title='bbox 411 2401 470 2424; x_wconf 86' lang='lat' dir='ltr'>Cum</span> <span class='ocrx_word' id='word_1_337' title='bbox 488 2401 537 2429; x_wconf 88' lang='lat' dir='ltr'>ipse</span> <span class='ocrx_word' id='word_1_338' title='bbox 555 2402 628 2424; x_wconf 88' lang='lat' dir='ltr'>Lucas</span> <span class='ocrx_word' id='word_1_339' title='bbox 646 2402 737 2424; x_wconf 87' lang='lat' dir='ltr'>Petrum</span> <span class='ocrx_word' id='word_1_340' title='bbox 760 2401 842 2424; x_wconf 86' lang='lat' dir='ltr'>dixerit</span> <span class='ocrx_word' id='word_1_341' title='bbox 859 2408 941 2424; x_wconf 87' lang='lat' dir='ltr'>cucur-</span> 
     </span>
     <span class='ocr_line' id='line_1_55' title="bbox 94 2440 941 2470; baseline -0.001 -6"><span class='ocrx_word' id='word_1_342' title='bbox 94 2441 151 2464; x_wconf 87' lang='lat' dir='ltr'>risse</span> <span class='ocrx_word' id='word_1_343' title='bbox 167 2441 196 2464; x_wconf 84' lang='lat' dir='ltr'>ad</span> <span class='ocrx_word' id='word_1_344' title='bbox 214 2443 397 2469; x_wconf 77' lang='lat' dir='ltr'>monumentum,</span> <span class='ocrx_word' id='word_1_345' title='bbox 415 2443 437 2463; x_wconf 89' lang='lat' dir='ltr'>et</span> <span class='ocrx_word' id='word_1_346' title='bbox 453 2440 579 2468; x_wconf 82' lang='lat' dir='ltr'>Cleopbam</span> <span class='ocrx_word' id='word_1_347' title='bbox 592 2440 683 2468; x_wconf 82' lang='lat' dir='ltr'>dixisse,</span> <span class='ocrx_word' id='word_1_348' title='bbox 696 2441 745 2468; x_wconf 82' lang='lat' dir='ltr'>ipse</span> <span class='ocrx_word' id='word_1_349' title='bbox 756 2440 823 2470; x_wconf 88' lang='lat' dir='ltr'>[Luc.</span> <span class='ocrx_word' id='word_1_350' title='bbox 842 2441 879 2468; x_wconf 87' lang='lat'>24,</span> <span class='ocrx_word' id='word_1_351' title='bbox 891 2440 941 2470; x_wconf 86' lang='lat'>24.]</span> 
     </span>
    </p>
   </div>
   <div class='ocr_carea' id='block_1_14' title="bbox 93 2479 946 2509">
    <p class='ocr_par' dir='ltr' id='par_1_22' title="bbox 93 2479 946 2509">
     <span class='ocr_line' id='line_1_56' title="bbox 93 2479 946 2509; baseline 0 -7"><span class='ocrx_word' id='word_1_352' title='bbox 93 2480 206 2507; x_wconf 89' lang='lat' dir='ltr'>retulerit,</span> <span class='ocrx_word' id='word_1_353' title='bbox 224 2480 287 2509; x_wconf 87' lang='lat' dir='ltr'>quod</span> <span class='ocrx_word' id='word_1_354' title='bbox 304 2479 402 2509; x_wconf 82' lang='lat' dir='ltr'>quidam</span> <span class='ocrx_word' id='word_1_355' title='bbox 419 2485 503 2502; x_wconf 80' lang='lat' dir='ltr'>eorum</span> <span class='ocrx_word' id='word_1_356' title='bbox 520 2479 597 2502; x_wconf 79' lang='lat' dir='ltr'>ierant</span> <span class='ocrx_word' id='word_1_357' title='bbox 614 2479 646 2502; x_wconf 85' lang='lat' dir='ltr'>ad</span> <span class='ocrx_word' id='word_1_358' title='bbox 666 2481 864 2508; x_wconf 60' lang='lat' dir='ltr'>monumemtum</span> <span class='ocrx_word' id='word_1_359' title='bbox 883 2480 946 2502; x_wconf 85' lang='lat' dir='ltr'>intel-</span> 
     </span>
    </p>
   </div>
   <div class='ocr_carea' id='block_1_15' title="bbox 94 2519 943 2975">
    <p class='ocr_par' dir='ltr' id='par_1_23' title="bbox 94 2519 943 2619">
     <span class='ocr_line' id='line_1_57' title="bbox 94 2519 943 2548; baseline 0 -7"><span class='ocrx_word' id='word_1_360' title='bbox 94 2519 171 2548; x_wconf 77' lang='lat' dir='ltr'>1igitur</span> <span class='ocrx_word' id='word_1_361' title='bbox 188 2519 288 2541; x_wconf 58' lang='lat' dir='ltr'>attestari</span> <span class='ocrx_word' id='word_1_362' title='bbox 306 2519 390 2546; x_wconf 86' lang='lat' dir='ltr'>loanni,</span> <span class='ocrx_word' id='word_1_363' title='bbox 408 2519 472 2547; x_wconf 88' lang='lat' dir='ltr'>quod</span> <span class='ocrx_word' id='word_1_364' title='bbox 489 2519 536 2541; x_wconf 91' lang='lat' dir='ltr'>duo</span> <span class='ocrx_word' id='word_1_365' title='bbox 554 2519 620 2541; x_wconf 87' lang='lat' dir='ltr'>ierint</span> <span class='ocrx_word' id='word_1_366' title='bbox 645 2519 675 2541; x_wconf 89' lang='lat' dir='ltr'>ad</span> <span class='ocrx_word' id='word_1_367' title='bbox 693 2522 883 2547; x_wconf 86' lang='lat' dir='ltr'>monumentum;</span> <span class='ocrx_word' id='word_1_368' title='bbox 902 2519 943 2541; x_wconf 90' lang='lat' dir='ltr'>sed</span> 
     </span>
     <span class='ocr_line' id='line_1_58' title="bbox 94 2557 943 2586; baseline 0 -6"><span class='ocrx_word' id='word_1_369' title='bbox 94 2558 186 2581; x_wconf 87' lang='lat' dir='ltr'>Petrum</span> <span class='ocrx_word' id='word_1_370' title='bbox 202 2558 277 2580; x_wconf 87' lang='lat' dir='ltr'>solum</span> <span class='ocrx_word' id='word_1_371' title='bbox 295 2558 370 2586; x_wconf 87' lang='lat' dir='ltr'>primo</span> <span class='ocrx_word' id='word_1_372' title='bbox 387 2557 591 2584; x_wconf 83' lang='lat' dir='ltr'>commemoravit,</span> <span class='ocrx_word' id='word_1_373' title='bbox 616 2558 671 2586; x_wconf 82' lang='lat' dir='ltr'>quia</span> <span class='ocrx_word' id='word_1_374' title='bbox 689 2558 719 2580; x_wconf 92' lang='lat' dir='ltr'>illi</span> <span class='ocrx_word' id='word_1_375' title='bbox 741 2558 848 2586; x_wconf 86' lang='lat' dir='ltr'>primitus</span> <span class='ocrx_word' id='word_1_376' title='bbox 873 2558 943 2580; x_wconf 84' lang='lat' dir='ltr'>Maria</span> 
     </span>
     <span class='ocr_line' id='line_1_59' title="bbox 94 2596 248 2619; baseline -0.006 0"><span class='ocrx_word' id='word_1_377' title='bbox 94 2596 248 2619; x_wconf 82' lang='lat' dir='ltr'>nuntiaverat.</span> 
     </span>
    </p>

    <p class='ocr_par' dir='ltr' id='par_1_24' title="bbox 155 2635 798 2664">
     <span class='ocr_line' id='line_1_60' title="bbox 155 2635 798 2664; baseline -0.002 -5"><span class='ocrx_word' id='word_1_378' title='bbox 155 2635 165 2648; x_wconf 70' lang='lat'><em>⁰</em></span> <span class='ocrx_word' id='word_1_379' title='bbox 181 2635 227 2659; x_wconf 85' lang='lat' dir='ltr'>Csr.</span> <span class='ocrx_word' id='word_1_380' title='bbox 243 2642 313 2664; x_wconf 83' lang='lat' dir='ltr'>supra</span> <span class='ocrx_word' id='word_1_381' title='bbox 331 2642 385 2664; x_wconf 83' lang='lat' dir='ltr'>pag.</span> <span class='ocrx_word' id='word_1_382' title='bbox 404 2636 463 2663; x_wconf 80' lang='lat'>505,</span> <span class='ocrx_word' id='word_1_383' title='bbox 480 2638 533 2658; x_wconf 84' lang='lat' dir='ltr'>nota</span> <span class='ocrx_word' id='word_1_384' title='bbox 551 2636 573 2658; x_wconf 75' lang='lat'>9.</span> <span class='ocrx_word' id='word_1_385' title='bbox 590 2635 664 2658; x_wconf 85' lang='lat' dir='ltr'>verba</span> <span class='ocrx_word' id='word_1_386' title='bbox 681 2635 798 2664; x_wconf 81' lang='lat' dir='ltr'>Chrysost.</span> 
     </span>
    </p>

    <p class='ocr_par' dir='ltr' id='par_1_25' title="bbox 94 2673 939 2743">
     <span class='ocr_line' id='line_1_61' title="bbox 158 2673 939 2704; baseline 0 -7"><span class='ocrx_word' id='word_1_387' title='bbox 158 2673 167 2686; x_wconf 82' lang='lat'>⁵</span> <span class='ocrx_word' id='word_1_388' title='bbox 185 2675 317 2697; x_wconf 87' lang='lat' dir='ltr'>Secundum</span> <span class='ocrx_word' id='word_1_389' title='bbox 334 2675 439 2703; x_wconf 84' lang='lat' dir='ltr'>Gregor.,</span> <span class='ocrx_word' id='word_1_390' title='bbox 457 2675 479 2704; x_wconf 88' lang='lat' dir='ltr'>ll.</span> <span class='ocrx_word' id='word_1_391' title='bbox 497 2675 580 2697; x_wconf 87' lang='lat' dir='ltr'>Homil.</span> <span class='ocrx_word' id='word_1_392' title='bbox 598 2675 619 2697; x_wconf 92' lang='lat' dir='ltr'>in</span> <span class='ocrx_word' id='word_1_393' title='bbox 636 2676 724 2703; x_wconf 81' lang='lat' dir='ltr'>Evang.</span> <span class='ocrx_word' id='word_1_394' title='bbox 741 2675 820 2697; x_wconf 87' lang='lat' dir='ltr'>homil.</span> <span class='ocrx_word' id='word_1_395' title='bbox 832 2676 868 2697; x_wconf 90' lang='lat'>22.</span> <span class='ocrx_word' id='word_1_396' title='bbox 881 2682 903 2697; x_wconf 91' lang='lat' dir='ltr'>n.</span> <span class='ocrx_word' id='word_1_397' title='bbox 917 2676 939 2697; x_wconf 88' lang='lat'>2.</span> 
     </span>
     <span class='ocr_line' id='line_1_62' title="bbox 94 2713 805 2743; baseline 0.001 -7"><span class='ocrx_word' id='word_1_398' title='bbox 94 2716 116 2736; x_wconf 92' lang='lat' dir='ltr'>et</span> <span class='ocrx_word' id='word_1_399' title='bbox 133 2714 154 2736; x_wconf 89' lang='grc'>3.</span> <span class='ocrx_word' id='word_1_400' title='bbox 167 2727 196 2730; x_wconf 93' lang='grc'>-</span> <span class='ocrx_word' id='word_1_401' title='bbox 210 2714 301 2737; x_wconf 83' lang='lat' dir='ltr'>Plurimi</span> <span class='ocrx_word' id='word_1_402' title='bbox 319 2714 388 2736; x_wconf 87' lang='lat' dir='ltr'>codd.</span> <span class='ocrx_word' id='word_1_403' title='bbox 408 2714 515 2742; x_wconf 88' lang='lat' dir='ltr'>superius</span> <span class='ocrx_word' id='word_1_404' title='bbox 532 2714 640 2736; x_wconf 90' lang='lat' dir='ltr'>omittunt</span> <span class='ocrx_word' id='word_1_405' title='bbox 657 2713 805 2743; x_wconf 78' lang='lat' dir='ltr'>desiqmztur.</span> 
     </span>
    </p>

    <p class='ocr_par' dir='ltr' id='par_1_26' title="bbox 94 2751 943 2819">
     <span class='ocr_line' id='line_1_63' title="bbox 156 2751 943 2781; baseline 0 -6"><span class='ocrx_word' id='word_1_406' title='bbox 156 2751 166 2764; x_wconf 81' lang='lat'>⁶</span> <span class='ocrx_word' id='word_1_407' title='bbox 183 2753 281 2780; x_wconf 83' lang='lat' dir='ltr'>Vulgata</span> <span class='ocrx_word' id='word_1_408' title='bbox 299 2753 362 2775; x_wconf 83' lang='lat' dir='ltr'>addit</span> <span class='ocrx_word' id='word_1_409' title='bbox 379 2752 481 2781; x_wconf 73' lang='lat' dir='ltr'>iterum,</span> <span class='ocrx_word' id='word_1_410' title='bbox 499 2753 539 2775; x_wconf 77' lang='lat' dir='ltr'>cfr.</span> <span class='ocrx_word' id='word_1_411' title='bbox 557 2759 627 2781; x_wconf 79' lang='lat' dir='ltr'>supra</span> <span class='ocrx_word' id='word_1_412' title='bbox 645 2759 668 2775; x_wconf 90' lang='grc'>11.</span> <span class='ocrx_word' id='word_1_413' title='bbox 687 2753 713 2780; x_wconf 85' lang='lat'>1,</span> <span class='ocrx_word' id='word_1_414' title='bbox 730 2752 769 2775; x_wconf 88' lang='lat' dir='ltr'>ubi</span> <span class='ocrx_word' id='word_1_415' title='bbox 787 2753 855 2775; x_wconf 82' lang='lat' dir='ltr'>etiam</span> <span class='ocrx_word' id='word_1_416' title='bbox 869 2759 943 2775; x_wconf 88' lang='lat' dir='ltr'>mem-</span> 
     </span>
     <span class='ocr_line' id='line_1_64' title="bbox 94 2791 417 2819; baseline -0.003 -5"><span class='ocrx_word' id='word_1_417' title='bbox 94 2791 135 2814; x_wconf 84' lang='lat' dir='ltr'>bra</span> <span class='ocrx_word' id='word_1_418' title='bbox 151 2791 273 2814; x_wconf 87' lang='lat' dir='ltr'>divisionis</span> <span class='ocrx_word' id='word_1_419' title='bbox 290 2794 417 2819; x_wconf 89' lang='lat' dir='ltr'>ponuntur.</span> 
     </span>
    </p>

    <p class='ocr_par' dir='ltr' id='par_1_27' title="bbox 156 2829 304 2854">
     <span class='ocr_line' id='line_1_65' title="bbox 156 2829 304 2854; baseline -0.014 0"><span class='ocrx_word' id='word_1_420' title='bbox 156 2829 164 2842; x_wconf 94' lang='lat'>⁷</span> <span class='ocrx_word' id='word_1_421' title='bbox 182 2831 247 2854; x_wconf 88' lang='lat' dir='ltr'>Vers.</span> <span class='ocrx_word' id='word_1_422' title='bbox 266 2831 304 2853; x_wconf 80' lang='lat'>19.</span> 
     </span>
    </p>

    <p class='ocr_par' dir='ltr' id='par_1_28' title="bbox 94 2868 941 2937">
     <span class='ocr_line' id='line_1_66' title="bbox 155 2868 941 2898; baseline -0.001 -6"><span class='ocrx_word' id='word_1_423' title='bbox 155 2868 164 2881; x_wconf 84' lang='lat'>¹³</span> <span class='ocrx_word' id='word_1_424' title='bbox 182 2870 247 2892; x_wconf 86' lang='lat' dir='ltr'>Vers.</span> <span class='ocrx_word' id='word_1_425' title='bbox 272 2870 319 2896; x_wconf 76' lang='lat'>113</span> <span class='ocrx_word' id='word_1_426' title='bbox 345 2869 410 2892; x_wconf 87' lang='lat' dir='ltr'>tertia</span> <span class='ocrx_word' id='word_1_427' title='bbox 437 2875 491 2897; x_wconf 85' lang='lat' dir='ltr'>pars</span> <span class='ocrx_word' id='word_1_428' title='bbox 518 2869 600 2897; x_wconf 89' lang='lat' dir='ltr'>incipit</span> <span class='ocrx_word' id='word_1_429' title='bbox 626 2876 647 2892; x_wconf 88' lang='lat' dir='ltr'>v.</span> <span class='ocrx_word' id='word_1_430' title='bbox 675 2869 715 2892; x_wconf 86' lang='lat'>14:</span> <span class='ocrx_word' id='word_1_431' title='bbox 740 2872 822 2898; x_wconf 82' lang='lat' dir='ltr'>quarta</span> <span class='ocrx_word' id='word_1_432' title='bbox 848 2876 870 2891; x_wconf 94' lang='lat' dir='ltr'>v.</span> <span class='ocrx_word' id='word_1_433' title='bbox 898 2869 941 2897; x_wconf 71' lang='lat'>173</span> 
     </span>
     <span class='ocr_line' id='line_1_67' title="bbox 94 2908 272 2937; baseline 0 -6"><span class='ocrx_word' id='word_1_434' title='bbox 94 2908 176 2937; x_wconf 74' lang='lat' dir='ltr'>quinta</span> <span class='ocrx_word' id='word_1_435' title='bbox 193 2915 215 2931; x_wconf 96' lang='lat' dir='ltr'>v.</span> <span class='ocrx_word' id='word_1_436' title='bbox 235 2909 272 2931; x_wconf 88' lang='lat'>18.</span> 
     </span>
    </p>

    <p class='ocr_par' dir='ltr' id='par_1_29' title="bbox 156 2945 943 2975">
     <span class='ocr_line' id='line_1_68' title="bbox 156 2945 943 2975; baseline 0 -6"><span class='ocrx_word' id='word_1_437' title='bbox 156 2945 165 2958; x_wconf 83' lang='lat'>⁹</span> <span class='ocrx_word' id='word_1_438' title='bbox 182 2948 288 2975; x_wconf 64' lang='lat' dir='ltr'>August„</span> <span class='ocrx_word' id='word_1_439' title='bbox 306 2947 328 2970; x_wconf 90' lang='lat' dir='ltr'>in</span> <span class='ocrx_word' id='word_1_440' title='bbox 345 2948 405 2969; x_wconf 79' lang='lat' dir='ltr'>loon.</span> <span class='ocrx_word' id='word_1_441' title='bbox 425 2948 511 2975; x_wconf 84' lang='lat' dir='ltr'>Evang.</span> <span class='ocrx_word' id='word_1_442' title='bbox 534 2950 562 2969; x_wconf 90' lang='lat' dir='ltr'>tr.</span> <span class='ocrx_word' id='word_1_443' title='bbox 581 2948 632 2969; x_wconf 87' lang='lat'>121.</span> <span class='ocrx_word' id='word_1_444' title='bbox 651 2954 673 2969; x_wconf 90' lang='lat' dir='ltr'>n.</span> <span class='ocrx_word' id='word_1_445' title='bbox 693 2948 718 2969; x_wconf 82' lang='lat'>1:</span> <span class='ocrx_word' id='word_1_446' title='bbox 736 2948 760 2970; x_wconf 90' lang='lat' dir='ltr'>ld</span> <span class='ocrx_word' id='word_1_447' title='bbox 777 2950 823 2975; x_wconf 88' lang='lat' dir='ltr'>est,</span> <span class='ocrx_word' id='word_1_448' title='bbox 842 2947 881 2970; x_wconf 87' lang='lat' dir='ltr'>ubi</span> <span class='ocrx_word' id='word_1_449' title='bbox 906 2948 943 2969; x_wconf 84' lang='lat' dir='ltr'>lia-</span> 
     </span>
    </p>
   </div>
   <div class='ocr_carea' id='block_1_16' title="bbox 968 801 974 2041">
    <p class='ocr_par' dir='ltr' id='par_1_30' title="bbox 968 801 974 2041">
     <span class='ocr_line' id='line_1_69' title="bbox 968 801 974 2041; baseline 0 0"><span class='ocrx_word' id='word_1_450' title='bbox 968 801 974 2041; x_wconf 95' lang='lat' dir='ltr'> </span> 
     </span>
    </p>
   </div>
   <div class='ocr_carea' id='block_1_17' title="bbox 968 801 974 2447">
    <p class='ocr_par' dir='ltr' id='par_1_31' title="bbox 968 801 974 2447">
     <span class='ocr_line' id='line_1_70' title="bbox 968 801 974 2447; baseline 0 0"><span class='ocrx_word' id='word_1_451' title='bbox 968 801 974 2447; x_wconf 95' lang='lat' dir='ltr'> </span> 
     </span>
    </p>
   </div>
   <div class='ocr_carea' id='block_1_18' title="bbox 1788 159 1843 187">
    <p class='ocr_par' dir='ltr' id='par_1_32' title="bbox 1788 159 1843 187">
     <span class='ocr_line' id='line_1_71' title="bbox 1788 159 1843 187; baseline -0.018 0"><span class='ocrx_word' id='word_1_452' title='bbox 1788 159 1843 187; x_wconf 79' lang='lat'>507</span> 
     </span>
    </p>
   </div>
   <div class='ocr_carea' id='block_1_19' title="bbox 1035 234 1807 267">
    <p class='ocr_par' dir='ltr' id='par_1_33' title="bbox 1035 234 1807 267">
     <span class='ocr_line' id='line_1_72' title="bbox 1035 234 1807 267; baseline 0 -9"><span class='ocrx_word' id='word_1_453' title='bbox 1035 235 1122 266; x_wconf 82' lang='lat' dir='ltr'>Primo,</span> <span class='ocrx_word' id='word_1_454' title='bbox 1140 235 1166 258; x_wconf 82' lang='lat' dir='ltr'>de</span> <span class='ocrx_word' id='word_1_455' title='bbox 1182 235 1370 259; x_wconf 63' lang='lat' dir='ltr'>manifestatione</span> <span class='ocrx_word' id='word_1_456' title='bbox 1386 234 1451 259; x_wconf 71' lang='lat' dir='ltr'>facta</span> <span class='ocrx_word' id='word_1_457' title='bbox 1466 235 1558 259; x_wconf 82' lang='lat' dir='ltr'>mulieri</span> <span class='ocrx_word' id='word_1_458' title='bbox 1574 235 1685 260; x_wconf 74' lang='lat' dir='ltr'>notantur</span> <span class='ocrx_word' id='word_1_459' title='bbox 1701 235 1807 267; x_wconf 81' lang='lat' dir='ltr'>quinque.</span> 
     </span>
    </p>
   </div>
   <div class='ocr_carea' id='block_1_20' title="bbox 997 330 1986 2053">
    <p class='ocr_par' dir='ltr' id='par_1_34' title="bbox 997 330 1939 741">
     <span class='ocr_line' id='line_1_73' title="bbox 1077 330 1844 367; baseline 0.001 -9"><span class='ocrx_word' id='word_1_460' title='bbox 1077 330 1258 359; x_wconf 83' lang='lat' dir='ltr'>Manifestatio</span> <span class='ocrx_word' id='word_1_461' title='bbox 1278 330 1363 367; x_wconf 85' lang='lat' dir='ltr'>igitur</span> <span class='ocrx_word' id='word_1_462' title='bbox 1383 330 1454 359; x_wconf 83' lang='lat' dir='ltr'>sacta</span> <span class='ocrx_word' id='word_1_463' title='bbox 1474 330 1593 359; x_wconf 86' lang='lat' dir='ltr'>mulieri</span> <span class='ocrx_word' id='word_1_464' title='bbox 1613 331 1665 360; x_wconf 94' lang='lat' dir='ltr'>hoc</span> <span class='ocrx_word' id='word_1_465' title='bbox 1679 330 1776 359; x_wconf 91' lang='lat' dir='ltr'>ordine</span> <span class='ocrx_word' id='word_1_466' title='bbox 1797 330 1844 359; x_wconf 91' lang='lat' dir='ltr'>de-</span> 
     </span>
     <span class='ocr_line' id='line_1_74' title="bbox 998 376 1939 411; baseline 0.001 -6"><span class='ocrx_word' id='word_1_467' title='bbox 998 376 1140 405; x_wconf 86' lang='lat' dir='ltr'>scribitur.</span> <span class='ocrx_word' id='word_1_468' title='bbox 1172 377 1263 406; x_wconf 91' lang='lat' dir='ltr'>Primo</span> <span class='ocrx_word' id='word_1_469' title='bbox 1293 377 1452 406; x_wconf 89' lang='lat' dir='ltr'>insinuatur</span> <span class='ocrx_word' id='word_1_470' title='bbox 1483 378 1583 407; x_wconf 87' lang='lat' dir='ltr'>Mariae</span> <span class='ocrx_word' id='word_1_471' title='bbox 1613 377 1752 406; x_wconf 79' lang='lat' dir='ltr'>desolatio</span> <span class='ocrx_word' id='word_1_472' title='bbox 1760 388 1770 411; x_wconf 91' lang='lat'><em>;</em></span> <span class='ocrx_word' id='word_1_473' title='bbox 1801 385 1844 406; x_wconf 90' lang='lat' dir='ltr'>se-</span> <span class='ocrx_word' id='word_1_474' title='bbox 1860 382 1939 402; x_wconf 76' lang='lat' dir='ltr'>Divisio-</span> 
     </span>
     <span class='ocr_line' id='line_1_75' title="bbox 999 423 1843 459; baseline 0.001 -7"><span class='ocrx_word' id='word_1_475' title='bbox 999 423 1105 458; x_wconf 91' lang='lat' dir='ltr'>cundo,</span> <span class='ocrx_word' id='word_1_476' title='bbox 1137 423 1275 453; x_wconf 88' lang='lat' dir='ltr'>desolatae</span> <span class='ocrx_word' id='word_1_477' title='bbox 1296 424 1414 453; x_wconf 77' lang='lat' dir='ltr'>offertur</span> <span class='ocrx_word' id='word_1_478' title='bbox 1442 425 1617 459; x_wconf 71' lang='lat' dir='ltr'>consolatio,</span> <span class='ocrx_word' id='word_1_479' title='bbox 1649 425 1685 453; x_wconf 91' lang='lat' dir='ltr'>ibi</span> <span class='ocrx_word' id='word_1_480' title='bbox 1704 425 1731 453; x_wconf 81' lang='lat'>⁸:</span> <span class='ocrx_word' id='word_1_481' title='bbox 1764 425 1843 453; x_wconf 89' lang='lat' dir='ltr'>Dum</span> 
     </span>
     <span class='ocr_line' id='line_1_76' title="bbox 999 470 1844 507; baseline 0.002 -9"><span class='ocrx_word' id='word_1_482' title='bbox 999 478 1067 507; x_wconf 89' lang='lat' dir='ltr'>erqo</span> <span class='ocrx_word' id='word_1_483' title='bbox 1093 470 1174 507; x_wconf 73' lang='lat' dir='ltr'>fleret</span> <span class='ocrx_word' id='word_1_484' title='bbox 1203 473 1270 505; x_wconf 64' lang='lat' dir='ltr'>etc.;</span> <span class='ocrx_word' id='word_1_485' title='bbox 1303 471 1398 505; x_wconf 90' lang='lat' dir='ltr'>tertio,</span> <span class='ocrx_word' id='word_1_486' title='bbox 1430 471 1533 500; x_wconf 88' lang='lat' dir='ltr'>nolenti</span> <span class='ocrx_word' id='word_1_487' title='bbox 1564 472 1699 500; x_wconf 86' lang='lat' dir='ltr'>consolari</span> <span class='ocrx_word' id='word_1_488' title='bbox 1726 471 1844 500; x_wconf 84' lang='lat' dir='ltr'>offertur</span> 
     </span>
     <span class='ocr_line' id='line_1_77' title="bbox 1001 516 1845 554; baseline 0.002 -10"><span class='ocrx_word' id='word_1_489' title='bbox 1001 516 1112 545; x_wconf 74' lang='lat' dir='ltr'>Christi</span> <span class='ocrx_word' id='word_1_490' title='bbox 1130 516 1347 554; x_wconf 76' lang='lat' dir='ltr'>manifestatio,</span> <span class='ocrx_word' id='word_1_491' title='bbox 1369 517 1422 546; x_wconf 88' lang='lat' dir='ltr'>ibi:</span> <span class='ocrx_word' id='word_1_492' title='bbox 1439 518 1518 546; x_wconf 83' lang='lat' dir='ltr'>Haec</span> <span class='ocrx_word' id='word_1_493' title='bbox 1538 527 1605 547; x_wconf 87' lang='lat' dir='ltr'>cum</span> <span class='ocrx_word' id='word_1_494' title='bbox 1626 518 1756 552; x_wconf 73' lang='lat' dir='ltr'>dixisset,</span> <span class='ocrx_word' id='word_1_495' title='bbox 1779 526 1845 546; x_wconf 80' lang='lat' dir='ltr'>con-</span> 
     </span>
     <span class='ocr_line' id='line_1_78' title="bbox 999 564 1845 601; baseline 0.004 -10"><span class='ocrx_word' id='word_1_496' title='bbox 999 571 1086 591; x_wconf 78' lang='lat' dir='ltr'>versa</span> <span class='ocrx_word' id='word_1_497' title='bbox 1106 566 1174 597; x_wconf 89' lang='lat' dir='ltr'>etc.;</span> <span class='ocrx_word' id='word_1_498' title='bbox 1196 567 1309 600; x_wconf 87' lang='lat' dir='ltr'>quarto,</span> <span class='ocrx_word' id='word_1_499' title='bbox 1323 564 1357 592; x_wconf 89' lang='lat' dir='ltr'>de</span> <span class='ocrx_word' id='word_1_500' title='bbox 1372 564 1590 593; x_wconf 82' lang='lat' dir='ltr'>manifestatione</span> <span class='ocrx_word' id='word_1_501' title='bbox 1611 565 1776 601; x_wconf 85' lang='lat' dir='ltr'>publicanda</span> <span class='ocrx_word' id='word_1_502' title='bbox 1793 565 1845 594; x_wconf 87' lang='lat' dir='ltr'>sibi</span> 
     </span>
     <span class='ocr_line' id='line_1_79' title="bbox 999 609 1845 646; baseline 0.004 -9"><span class='ocrx_word' id='word_1_503' title='bbox 999 609 1082 638; x_wconf 93' lang='lat' dir='ltr'>datur</span> <span class='ocrx_word' id='word_1_504' title='bbox 1102 610 1278 646; x_wconf 78' lang='lat' dir='ltr'>praeceptio,</span> <span class='ocrx_word' id='word_1_505' title='bbox 1300 610 1352 639; x_wconf 89' lang='lat' dir='ltr'>ibi:</span> <span class='ocrx_word' id='word_1_506' title='bbox 1376 610 1452 638; x_wconf 84' lang='lat' dir='ltr'>Dicit</span> <span class='ocrx_word' id='word_1_507' title='bbox 1472 611 1498 639; x_wconf 81' lang='lat' dir='ltr'>ci</span> <span class='ocrx_word' id='word_1_508' title='bbox 1515 611 1612 639; x_wconf 80' lang='lat' dir='ltr'>lesus:</span> <span class='ocrx_word' id='word_1_509' title='bbox 1635 611 1702 640; x_wconf 88' lang='lat' dir='ltr'>Noli</span> <span class='ocrx_word' id='word_1_510' title='bbox 1721 620 1766 640; x_wconf 88' lang='lat' dir='ltr'>me</span> <span class='ocrx_word' id='word_1_511' title='bbox 1781 615 1845 640; x_wconf 82' lang='lat' dir='ltr'>tan-</span> 
     </span>
     <span class='ocr_line' id='line_1_80' title="bbox 997 656 1845 694; baseline 0.004 -10"><span class='ocrx_word' id='word_1_512' title='bbox 997 664 1082 693; x_wconf 85' lang='lat' dir='ltr'>qere,·</span> <span class='ocrx_word' id='word_1_513' title='bbox 1102 656 1213 693; x_wconf 89' lang='lat' dir='ltr'>quinto,</span> <span class='ocrx_word' id='word_1_514' title='bbox 1239 656 1465 685; x_wconf 83' lang='lat' dir='ltr'>manifestationis</span> <span class='ocrx_word' id='word_1_515' title='bbox 1493 665 1542 686; x_wconf 92' lang='lat' dir='ltr'>seu</span> <span class='ocrx_word' id='word_1_516' title='bbox 1570 658 1749 694; x_wconf 78' lang='lat' dir='ltr'>apparitionis</span> <span class='ocrx_word' id='word_1_517' title='bbox 1769 658 1845 687; x_wconf 82' lang='lat' dir='ltr'>rela-</span> 
     </span>
     <span class='ocr_line' id='line_1_81' title="bbox 1000 703 1555 741; baseline 0.002 -10"><span class='ocrx_word' id='word_1_518' title='bbox 1000 703 1053 738; x_wconf 89' lang='lat' dir='ltr'>tio,</span> <span class='ocrx_word' id='word_1_519' title='bbox 1075 703 1128 732; x_wconf 91' lang='lat' dir='ltr'>ibi:</span> <span class='ocrx_word' id='word_1_520' title='bbox 1158 703 1238 732; x_wconf 78' lang='lat' dir='ltr'>Venit</span> <span class='ocrx_word' id='word_1_521' title='bbox 1258 704 1357 732; x_wconf 87' lang='lat' dir='ltr'>Maria</span> <span class='ocrx_word' id='word_1_522' title='bbox 1378 703 1555 741; x_wconf 81' lang='lat' dir='ltr'>Maqdalene.</span> 
     </span>
    </p>

    <p class='ocr_par' dir='ltr' id='par_1_35' title="bbox 998 750 1971 929">
     <span class='ocr_line' id='line_1_82' title="bbox 1081 750 1971 787; baseline 0.003 -9"><span class='ocrx_word' id='word_1_523' title='bbox 1081 750 1124 778; x_wconf 91' lang='lat'>18.</span> <span class='ocrx_word' id='word_1_524' title='bbox 1141 750 1230 787; x_wconf 86' lang='lat' dir='ltr'>(Vers.</span> <span class='ocrx_word' id='word_1_525' title='bbox 1248 750 1314 786; x_wconf 89' lang='lat'>10.).</span> <span class='ocrx_word' id='word_1_526' title='bbox 1331 750 1489 779; x_wconf 85' lang='lat' dir='ltr'>Insinuatur</span> <span class='ocrx_word' id='word_1_527' title='bbox 1503 758 1569 787; x_wconf 86' lang='lat' dir='ltr'>ergo</span> <span class='ocrx_word' id='word_1_528' title='bbox 1584 751 1733 780; x_wconf 86' lang='lat' dir='ltr'>vehemens</span> <span class='ocrx_word' id='word_1_529' title='bbox 1746 753 1846 781; x_wconf 89' lang='lat' dir='ltr'>Mariae</span> <span class='ocrx_word' id='word_1_530' title='bbox 1863 758 1891 777; x_wconf 81' lang='lat' dir='ltr'>De</span> <span class='ocrx_word' id='word_1_531' title='bbox 1903 757 1971 781; x_wconf 75' lang='lat' dir='ltr'>primo-</span> 
     </span>
     <span class='ocr_line' id='line_1_83' title="bbox 999 797 1847 834; baseline 0.002 -8"><span class='ocrx_word' id='word_1_532' title='bbox 999 797 1150 831; x_wconf 76' lang='lat' dir='ltr'>desolatio,</span> <span class='ocrx_word' id='word_1_533' title='bbox 1173 805 1244 834; x_wconf 89' lang='lat' dir='ltr'>quae</span> <span class='ocrx_word' id='word_1_534' title='bbox 1258 798 1345 834; x_wconf 87' lang='lat' dir='ltr'>ipsam</span> <span class='ocrx_word' id='word_1_535' title='bbox 1363 797 1514 834; x_wconf 88' lang='lat' dir='ltr'>inquietam</span> <span class='ocrx_word' id='word_1_536' title='bbox 1529 806 1583 826; x_wconf 90' lang='lat' dir='ltr'>non</span> <span class='ocrx_word' id='word_1_537' title='bbox 1599 798 1704 826; x_wconf 89' lang='lat' dir='ltr'>sinebat</span> <span class='ocrx_word' id='word_1_538' title='bbox 1719 799 1847 828; x_wconf 83' lang='lat' dir='ltr'>recedere</span> 
     </span>
     <span class='ocr_line' id='line_1_84' title="bbox 998 844 1846 882; baseline 0.001 -10"><span class='ocrx_word' id='word_1_539' title='bbox 998 852 1015 872; x_wconf 92' lang='lat' dir='ltr'>a</span> <span class='ocrx_word' id='word_1_540' title='bbox 1036 845 1177 881; x_wconf 89' lang='lat' dir='ltr'>sepulcro,</span> <span class='ocrx_word' id='word_1_541' title='bbox 1202 844 1284 873; x_wconf 87' lang='lat' dir='ltr'>etiam</span> <span class='ocrx_word' id='word_1_542' title='bbox 1306 844 1366 873; x_wconf 88' lang='lat' dir='ltr'>aliis</span> <span class='ocrx_word' id='word_1_543' title='bbox 1386 844 1528 881; x_wconf 84' lang='lat' dir='ltr'>discipulis</span> <span class='ocrx_word' id='word_1_544' title='bbox 1549 844 1760 879; x_wconf 86' lang='lat' dir='ltr'>recedentibus;</span> <span class='ocrx_word' id='word_1_545' title='bbox 1783 853 1846 882; x_wconf 89' lang='lat' dir='ltr'>pro-</span> 
     </span>
     <span class='ocr_line' id='line_1_85' title="bbox 999 891 1846 929; baseline 0.001 -10"><span class='ocrx_word' id='word_1_546' title='bbox 999 894 1094 928; x_wconf 87' lang='lat' dir='ltr'>pterea</span> <span class='ocrx_word' id='word_1_547' title='bbox 1114 891 1194 920; x_wconf 90' lang='lat' dir='ltr'>dicit:</span> <span class='ocrx_word' id='word_1_548' title='bbox 1218 891 1362 920; x_wconf 83' lang='lat' dir='ltr'>Abierant</span> <span class='ocrx_word' id='word_1_549' title='bbox 1375 900 1443 929; x_wconf 89' lang='lat' dir='ltr'>erqo</span> <span class='ocrx_word' id='word_1_550' title='bbox 1459 891 1598 928; x_wconf 78' lang='lat' dir='ltr'>discipuli</span> <span class='ocrx_word' id='word_1_551' title='bbox 1612 891 1652 920; x_wconf 78' lang='lat' dir='ltr'>ad</span> <span class='ocrx_word' id='word_1_552' title='bbox 1665 892 1846 929; x_wconf 76' lang='lat' dir='ltr'>semetipsos,</span> 
     </span>
    </p>

    <p class='ocr_par' dir='ltr' id='par_1_36' title="bbox 999 937 1848 1022">
     <span class='ocr_line' id='line_1_86' title="bbox 1003 937 1848 975; baseline 0.001 -9"><span class='ocrx_word' id='word_1_553' title='bbox 1003 950 1016 963; x_wconf 91' lang='lat'>«</span> <span class='ocrx_word' id='word_1_554' title='bbox 1032 938 1059 966; x_wconf 90' lang='lat' dir='ltr'>id</span> <span class='ocrx_word' id='word_1_555' title='bbox 1080 940 1134 972; x_wconf 92' lang='lat' dir='ltr'>est,</span> <span class='ocrx_word' id='word_1_556' title='bbox 1148 937 1196 966; x_wconf 90' lang='lat' dir='ltr'>ubi</span> <span class='ocrx_word' id='word_1_557' title='bbox 1218 938 1379 966; x_wconf 83' lang='lat' dir='ltr'>habitabant</span> <span class='ocrx_word' id='word_1_558' title='bbox 1390 938 1400 954; x_wconf 78' lang='lat'>⁹</span> <span class='ocrx_word' id='word_1_559' title='bbox 1415 950 1442 972; x_wconf 87' lang='lat'>»,</span> <span class='ocrx_word' id='word_1_560' title='bbox 1458 938 1622 975; x_wconf 86' lang='lat' dir='ltr'>priusquam</span> <span class='ocrx_word' id='word_1_561' title='bbox 1637 938 1671 967; x_wconf 88' lang='lat' dir='ltr'>ad</span> <span class='ocrx_word' id='word_1_562' title='bbox 1685 947 1848 967; x_wconf 89' lang='lat' dir='ltr'>monumen—</span> 
     </span>
     <span class='ocr_line' id='line_1_87' title="bbox 999 985 1846 1022; baseline 0 -8"><span class='ocrx_word' id='word_1_563' title='bbox 999 988 1059 1014; x_wconf 89' lang='lat' dir='ltr'>tum</span> <span class='ocrx_word' id='word_1_564' title='bbox 1081 988 1226 1019; x_wconf 81' lang='lat' dir='ltr'>venerant‚</span> <span class='ocrx_word' id='word_1_565' title='bbox 1248 988 1280 1013; x_wconf 83' lang='lat' dir='ltr'>ut</span> <span class='ocrx_word' id='word_1_566' title='bbox 1300 985 1422 1022; x_wconf 85' lang='lat' dir='ltr'>aliquam</span> <span class='ocrx_word' id='word_1_567' title='bbox 1444 985 1656 1014; x_wconf 90' lang='lat' dir='ltr'>consolationem</span> <span class='ocrx_word' id='word_1_568' title='bbox 1683 986 1846 1022; x_wconf 85' lang='lat' dir='ltr'>reciperent.</span> 
     </span>
    </p>

    <p class='ocr_par' dir='ltr' id='par_1_37' title="bbox 998 1031 1851 1631">
     <span class='ocr_line' id='line_1_88' title="bbox 1080 1031 1847 1066; baseline 0.003 -7"><span class='ocrx_word' id='word_1_569' title='bbox 1080 1032 1124 1059; x_wconf 84' lang='grc'>19.</span> <span class='ocrx_word' id='word_1_570' title='bbox 1147 1031 1236 1066; x_wconf 87' lang='lat' dir='ltr'>(Vers.</span> <span class='ocrx_word' id='word_1_571' title='bbox 1268 1031 1334 1065; x_wconf 82' lang='grc'><strong>11,).</strong></span> <span class='ocrx_word' id='word_1_572' title='bbox 1360 1032 1459 1060; x_wconf 85' lang='lat' dir='ltr'>Maria</span> <span class='ocrx_word' id='word_1_573' title='bbox 1484 1035 1581 1060; x_wconf 87' lang='lat' dir='ltr'>autem</span> <span class='ocrx_word' id='word_1_574' title='bbox 1609 1032 1707 1061; x_wconf 76' lang='lat' dir='ltr'>stabat</span> <span class='ocrx_word' id='word_1_575' title='bbox 1727 1033 1767 1061; x_wconf 82' lang='lat' dir='ltr'>ad</span> <span class='ocrx_word' id='word_1_576' title='bbox 1787 1041 1847 1061; x_wconf 84' lang='lat' dir='ltr'>mo—</span> 
     </span>
     <span class='ocr_line' id='line_1_89' title="bbox 998 1076 1845 1116; baseline 0.002 -10"><span class='ocrx_word' id='word_1_577' title='bbox 998 1082 1170 1106; x_wconf 85' lang='lat' dir='ltr'>numentum</span> <span class='ocrx_word' id='word_1_578' title='bbox 1191 1076 1277 1115; x_wconf 78' lang='lat' dir='ltr'>foris,</span> <span class='ocrx_word' id='word_1_579' title='bbox 1303 1089 1317 1103; x_wconf 80' lang='grc'>«</span> <span class='ocrx_word' id='word_1_580' title='bbox 1332 1078 1359 1106; x_wconf 93' lang='lat' dir='ltr'>id</span> <span class='ocrx_word' id='word_1_581' title='bbox 1380 1081 1421 1107; x_wconf 89' lang='lat' dir='ltr'>est</span> <span class='ocrx_word' id='word_1_582' title='bbox 1448 1082 1511 1107; x_wconf 88' lang='lat' dir='ltr'>ante</span> <span class='ocrx_word' id='word_1_583' title='bbox 1526 1079 1604 1107; x_wconf 84' lang='lat' dir='ltr'>illurn</span> <span class='ocrx_word' id='word_1_584' title='bbox 1627 1079 1703 1107; x_wconf 85' lang='lat' dir='ltr'>saxei</span> <span class='ocrx_word' id='word_1_585' title='bbox 1726 1079 1845 1116; x_wconf 86' lang='lat' dir='ltr'>sepulcri</span> 
     </span>
     <span class='ocr_line' id='line_1_90' title="bbox 999 1124 1851 1164; baseline 0.001 -11"><span class='ocrx_word' id='word_1_586' title='bbox 999 1125 1089 1153; x_wconf 91' lang='lat' dir='ltr'>locum</span> <span class='ocrx_word' id='word_1_587' title='bbox 1104 1124 1126 1141; x_wconf 82' lang='lat'>¹⁰</span> <span class='ocrx_word' id='word_1_588' title='bbox 1141 1136 1168 1158; x_wconf 86' lang='lat'>»,</span> <span class='ocrx_word' id='word_1_589' title='bbox 1189 1127 1216 1153; x_wconf 91' lang='lat' dir='ltr'>et</span> <span class='ocrx_word' id='word_1_590' title='bbox 1242 1128 1452 1161; x_wconf 88' lang='lat' dir='ltr'>perseveranter</span> <span class='ocrx_word' id='word_1_591' title='bbox 1477 1125 1622 1160; x_wconf 87' lang='lat' dir='ltr'>manebat;</span> <span class='ocrx_word' id='word_1_592' title='bbox 1647 1125 1708 1154; x_wconf 90' lang='lat' dir='ltr'>ideo</span> <span class='ocrx_word' id='word_1_593' title='bbox 1730 1125 1851 1164; x_wconf 47' lang='lat' dir='ltr'>invenitg</span> 
     </span>
     <span class='ocr_line' id='line_1_91' title="bbox 1000 1171 1845 1209; baseline 0 -9"><span class='ocrx_word' id='word_1_594' title='bbox 1000 1172 1088 1200; x_wconf 90' lang='lat' dir='ltr'>Lucae</span> <span class='ocrx_word' id='word_1_595' title='bbox 1109 1171 1270 1200; x_wconf 87' lang='lat' dir='ltr'>undecimo:</span> <span class='ocrx_word' id='word_1_596' title='bbox 1297 1183 1311 1196; x_wconf 82' lang='lat'>«</span> <span class='ocrx_word' id='word_1_597' title='bbox 1329 1172 1360 1200; x_wconf 87' lang='lat' dir='ltr'>At</span> <span class='ocrx_word' id='word_1_598' title='bbox 1381 1172 1426 1200; x_wconf 92' lang='lat' dir='ltr'>ille</span> <span class='ocrx_word' id='word_1_599' title='bbox 1441 1172 1462 1200; x_wconf 89' lang='lat' dir='ltr'>si</span> <span class='ocrx_word' id='word_1_600' title='bbox 1478 1173 1697 1208; x_wconf 87' lang='lat' dir='ltr'>perseveraverit</span> <span class='ocrx_word' id='word_1_601' title='bbox 1719 1173 1845 1209; x_wconf 90' lang='lat' dir='ltr'>pulsans,</span> 
     </span>
     <span class='ocr_line' id='line_1_92' title="bbox 999 1218 1847 1256; baseline 0.001 -9"><span class='ocrx_word' id='word_1_602' title='bbox 999 1219 1060 1247; x_wconf 89' lang='lat' dir='ltr'>dico</span> <span class='ocrx_word' id='word_1_603' title='bbox 1082 1218 1172 1253; x_wconf 85' lang='lat' dir='ltr'>vobis,</span> <span class='ocrx_word' id='word_1_604' title='bbox 1194 1218 1244 1247; x_wconf 89' lang='lat' dir='ltr'>etsi</span> <span class='ocrx_word' id='word_1_605' title='bbox 1266 1226 1321 1247; x_wconf 91' lang='lat' dir='ltr'>non</span> <span class='ocrx_word' id='word_1_606' title='bbox 1341 1218 1417 1247; x_wconf 84' lang='lat' dir='ltr'>dabit</span> <span class='ocrx_word' id='word_1_607' title='bbox 1438 1219 1476 1247; x_wconf 93' lang='lat' dir='ltr'>illi</span> <span class='ocrx_word' id='word_1_608' title='bbox 1492 1227 1622 1256; x_wconf 82' lang='lat' dir='ltr'>surgens,</span> <span class='ocrx_word' id='word_1_609' title='bbox 1638 1227 1670 1248; x_wconf 92' lang='lat' dir='ltr'>eo</span> <span class='ocrx_word' id='word_1_610' title='bbox 1691 1219 1766 1256; x_wconf 88' lang='lat' dir='ltr'>quod</span> <span class='ocrx_word' id='word_1_611' title='bbox 1780 1219 1847 1248; x_wconf 90' lang='lat' dir='ltr'>ami-</span> 
     </span>
     <span class='ocr_line' id='line_1_93' title="bbox 999 1266 1847 1302; baseline 0.001 -8"><span class='ocrx_word' id='word_1_612' title='bbox 999 1274 1049 1294; x_wconf 87' lang='lat' dir='ltr'>cus</span> <span class='ocrx_word' id='word_1_613' title='bbox 1069 1266 1130 1294; x_wconf 90' lang='lat' dir='ltr'>eius</span> <span class='ocrx_word' id='word_1_614' title='bbox 1151 1266 1201 1299; x_wconf 84' lang='lat' dir='ltr'>sit,</span> <span class='ocrx_word' id='word_1_615' title='bbox 1223 1268 1337 1302; x_wconf 90' lang='lat' dir='ltr'>propter</span> <span class='ocrx_word' id='word_1_616' title='bbox 1363 1266 1569 1302; x_wconf 88' lang='lat' dir='ltr'>improbitatem</span> <span class='ocrx_word' id='word_1_617' title='bbox 1591 1269 1682 1295; x_wconf 87' lang='lat' dir='ltr'>tamen</span> <span class='ocrx_word' id='word_1_618' title='bbox 1703 1267 1763 1295; x_wconf 88' lang='lat' dir='ltr'>eius</span> <span class='ocrx_word' id='word_1_619' title='bbox 1785 1274 1847 1295; x_wconf 91' lang='lat' dir='ltr'>sur-</span> 
     </span>
     <span class='ocr_line' id='line_1_94' title="bbox 999 1312 1846 1350; baseline 0 -9"><span class='ocrx_word' id='word_1_620' title='bbox 999 1316 1044 1350; x_wconf 84' lang='lat' dir='ltr'>get</span> <span class='ocrx_word' id='word_1_621' title='bbox 1065 1315 1092 1341; x_wconf 90' lang='lat' dir='ltr'>et</span> <span class='ocrx_word' id='word_1_622' title='bbox 1106 1312 1181 1341; x_wconf 84' lang='lat' dir='ltr'>dabit</span> <span class='ocrx_word' id='word_1_623' title='bbox 1202 1312 1253 1347; x_wconf 88' lang='lat' dir='ltr'>illi,</span> <span class='ocrx_word' id='word_1_624' title='bbox 1269 1315 1406 1349; x_wconf 88' lang='lat' dir='ltr'>quotquot</span> <span class='ocrx_word' id='word_1_625' title='bbox 1428 1313 1511 1341; x_wconf 87' lang='lat' dir='ltr'>habet</span> <span class='ocrx_word' id='word_1_626' title='bbox 1526 1320 1610 1349; x_wconf 87' lang='lat' dir='ltr'>panes</span> <span class='ocrx_word' id='word_1_627' title='bbox 1631 1313 1801 1342; x_wconf 87' lang='lat' dir='ltr'>necessarios</span> <span class='ocrx_word' id='word_1_628' title='bbox 1815 1324 1846 1347; x_wconf 88' lang='lat'>»;</span> 
     </span>
     <span class='ocr_line' id='line_1_95' title="bbox 999 1358 1847 1396; baseline 0.001 -10"><span class='ocrx_word' id='word_1_629' title='bbox 999 1358 1032 1386; x_wconf 88' lang='lat' dir='ltr'>ad</span> <span class='ocrx_word' id='word_1_630' title='bbox 1047 1358 1221 1387; x_wconf 82' lang='lat' dir='ltr'>colossenses</span> <span class='ocrx_word' id='word_1_631' title='bbox 1235 1362 1348 1395; x_wconf 84' lang='lat' dir='ltr'>quarto:</span> <span class='ocrx_word' id='word_1_632' title='bbox 1368 1370 1381 1383; x_wconf 89' lang='lat'>«</span> <span class='ocrx_word' id='word_1_633' title='bbox 1393 1358 1517 1387; x_wconf 85' lang='lat' dir='ltr'>Orationi</span> <span class='ocrx_word' id='word_1_634' title='bbox 1534 1359 1645 1393; x_wconf 83' lang='lat' dir='ltr'>instate,</span> <span class='ocrx_word' id='word_1_635' title='bbox 1661 1359 1805 1396; x_wconf 87' lang='lat' dir='ltr'>vigilantes</span> <span class='ocrx_word' id='word_1_636' title='bbox 1820 1359 1847 1387; x_wconf 89' lang='lat' dir='ltr'>in</span> 
     </span>
     <span class='ocr_line' id='line_1_96' title="bbox 1000 1405 1848 1442; baseline -0.001 -8"><span class='ocrx_word' id='word_1_637' title='bbox 1000 1414 1031 1434; x_wconf 91' lang='lat' dir='ltr'>ea</span> <span class='ocrx_word' id='word_1_638' title='bbox 1047 1418 1059 1431; x_wconf 83' lang='lat'>»</span> <span class='ocrx_word' id='word_1_639' title='bbox 1078 1409 1129 1434; x_wconf 87' lang='lat' dir='ltr'>etc.</span> <span class='ocrx_word' id='word_1_640' title='bbox 1147 1405 1292 1439; x_wconf 77' lang='lat' dir='ltr'>Plorans;</span> <span class='ocrx_word' id='word_1_641' title='bbox 1308 1405 1477 1442; x_wconf 79' lang='lat' dir='ltr'>Augustinus</span> <span class='ocrx_word' id='word_1_642' title='bbox 1489 1406 1526 1433; x_wconf 87' lang='lat'>¹¹:</span> <span class='ocrx_word' id='word_1_643' title='bbox 1553 1417 1566 1430; x_wconf 87' lang='lat'>«</span> <span class='ocrx_word' id='word_1_644' title='bbox 1578 1405 1671 1439; x_wconf 82' lang='lat' dir='ltr'>Oculi,</span> <span class='ocrx_word' id='word_1_645' title='bbox 1687 1405 1734 1442; x_wconf 89' lang='lat' dir='ltr'>qui</span> <span class='ocrx_word' id='word_1_646' title='bbox 1757 1405 1848 1433; x_wconf 91' lang='lat' dir='ltr'>Domi-</span> 
     </span>
     <span class='ocr_line' id='line_1_97' title="bbox 1000 1453 1848 1489; baseline 0 -8"><span class='ocrx_word' id='word_1_647' title='bbox 1000 1461 1066 1481; x_wconf 90' lang='lat' dir='ltr'>num</span> <span class='ocrx_word' id='word_1_648' title='bbox 1082 1453 1258 1489; x_wconf 84' lang='lat' dir='ltr'>quaesierant</span> <span class='ocrx_word' id='word_1_649' title='bbox 1278 1455 1306 1481; x_wconf 84' lang='lat' dir='ltr'>et</span> <span class='ocrx_word' id='word_1_650' title='bbox 1320 1460 1374 1486; x_wconf 88' lang='lat' dir='ltr'>non</span> <span class='ocrx_word' id='word_1_651' title='bbox 1395 1453 1571 1486; x_wconf 90' lang='lat' dir='ltr'>invenerant,</span> <span class='ocrx_word' id='word_1_652' title='bbox 1590 1453 1644 1481; x_wconf 88' lang='lat' dir='ltr'>iam</span> <span class='ocrx_word' id='word_1_653' title='bbox 1659 1453 1788 1489; x_wconf 87' lang='lat' dir='ltr'>lacrymis</span> <span class='ocrx_word' id='word_1_654' title='bbox 1805 1460 1848 1481; x_wconf 90' lang='lat' dir='ltr'>va-</span> 
     </span>
     <span class='ocr_line' id='line_1_98' title="bbox 1000 1499 1848 1536; baseline 0 -8"><span class='ocrx_word' id='word_1_655' title='bbox 1000 1500 1111 1534; x_wconf 85' lang='lat' dir='ltr'>cabant,</span> <span class='ocrx_word' id='word_1_656' title='bbox 1133 1502 1160 1528; x_wconf 88' lang='lat' dir='ltr'>et</span> <span class='ocrx_word' id='word_1_657' title='bbox 1181 1500 1243 1536; x_wconf 91' lang='lat' dir='ltr'>plus</span> <span class='ocrx_word' id='word_1_658' title='bbox 1264 1499 1338 1528; x_wconf 90' lang='lat' dir='ltr'>dolet</span> <span class='ocrx_word' id='word_1_659' title='bbox 1364 1499 1478 1533; x_wconf 90' lang='lat' dir='ltr'>mulier,</span> <span class='ocrx_word' id='word_1_660' title='bbox 1501 1499 1575 1536; x_wconf 91' lang='lat' dir='ltr'>quod</span> <span class='ocrx_word' id='word_1_661' title='bbox 1595 1500 1687 1528; x_wconf 84' lang='lat' dir='ltr'>suerat</span> <span class='ocrx_word' id='word_1_662' title='bbox 1715 1500 1848 1528; x_wconf 92' lang='lat' dir='ltr'>Dominus</span> 
     </span>
     <span class='ocr_line' id='line_1_99' title="bbox 999 1547 1847 1584; baseline 0 -9"><span class='ocrx_word' id='word_1_663' title='bbox 999 1547 1108 1575; x_wconf 88' lang='lat' dir='ltr'>ablatus</span> <span class='ocrx_word' id='word_1_664' title='bbox 1129 1547 1163 1575; x_wconf 92' lang='lat' dir='ltr'>de</span> <span class='ocrx_word' id='word_1_665' title='bbox 1179 1549 1371 1581; x_wconf 91' lang='lat' dir='ltr'>monumento,</span> <span class='ocrx_word' id='word_1_666' title='bbox 1393 1555 1476 1584; x_wconf 88' lang='lat' dir='ltr'>quam</span> <span class='ocrx_word' id='word_1_667' title='bbox 1499 1547 1573 1583; x_wconf 90' lang='lat' dir='ltr'>quod</span> <span class='ocrx_word' id='word_1_668' title='bbox 1588 1547 1679 1576; x_wconf 85' lang='lat' dir='ltr'>fuerat</span> <span class='ocrx_word' id='word_1_669' title='bbox 1699 1547 1806 1575; x_wconf 90' lang='lat' dir='ltr'>occisus</span> <span class='ocrx_word' id='word_1_670' title='bbox 1820 1547 1847 1575; x_wconf 92' lang='lat' dir='ltr'>in</span> 
     </span>
     <span class='ocr_line' id='line_1_100' title="bbox 1000 1594 1114 1631; baseline 0 -9"><span class='ocrx_word' id='word_1_671' title='bbox 1000 1594 1073 1631; x_wconf 85' lang='lat' dir='ltr'>ligno</span> <span class='ocrx_word' id='word_1_672' title='bbox 1089 1606 1114 1622; x_wconf 85' lang='lat'>».</span> 
     </span>
    </p>

    <p class='ocr_par' dir='ltr' id='par_1_38' title="bbox 1000 1640 1986 1866">
     <span class='ocr_line' id='line_1_101' title="bbox 1079 1640 1986 1687; baseline 0.001 -18"><span class='ocrx_word' id='word_1_673' title='bbox 1079 1641 1248 1675; x_wconf 84' lang='lat' dir='ltr'>Notandum,</span> <span class='ocrx_word' id='word_1_674' title='bbox 1263 1640 1338 1677; x_wconf 90' lang='lat' dir='ltr'>quod</span> <span class='ocrx_word' id='word_1_675' title='bbox 1359 1641 1444 1669; x_wconf 88' lang='lat' dir='ltr'>Maria</span> <span class='ocrx_word' id='word_1_676' title='bbox 1458 1640 1534 1669; x_wconf 89' lang='lat' dir='ltr'>flevit</span> <span class='ocrx_word' id='word_1_677' title='bbox 1548 1641 1780 1678; x_wconf 80' lang='lat' dir='ltr'>companctione,</span> <span class='ocrx_word' id='word_1_678' title='bbox 1796 1642 1848 1670; x_wconf 90' lang='lat' dir='ltr'>Lu·</span> <span class='ocrx_word' id='word_1_679' title='bbox 1865 1645 1940 1687; x_wconf 58' lang='lat' dir='ltr'>Triqlg</span> <span class='ocrx_word' id='word_1_680' title='bbox 1953 1645 1986 1664; x_wconf 77' lang='lat'>¹10-</span> 
     </span>
     <span class='ocr_line' id='line_1_102' title="bbox 1000 1683 1941 1724; baseline 0.001 -8"><span class='ocrx_word' id='word_1_681' title='bbox 1000 1695 1047 1716; x_wconf 90' lang='lat' dir='ltr'>cae</span> <span class='ocrx_word' id='word_1_682' title='bbox 1068 1688 1184 1724; x_wconf 89' lang='lat' dir='ltr'>septimo</span> <span class='ocrx_word' id='word_1_683' title='bbox 1197 1688 1237 1721; x_wconf 80' lang='grc'>12;</span> <span class='ocrx_word' id='word_1_684' title='bbox 1253 1687 1329 1716; x_wconf 88' lang='lat' dir='ltr'>flevit</span> <span class='ocrx_word' id='word_1_685' title='bbox 1343 1687 1556 1724; x_wconf 75' lang='lat' dir='ltr'>compassione,</span> <span class='ocrx_word' id='word_1_686' title='bbox 1579 1696 1665 1724; x_wconf 87' lang='lat' dir='ltr'>supra</span> <span class='ocrx_word' id='word_1_687' title='bbox 1686 1688 1846 1717; x_wconf 89' lang='lat' dir='ltr'>undecimo:</span> <span class='ocrx_word' id='word_1_688' title='bbox 1937 1683 1941 1687; x_wconf 78' lang='lat'>&#39;</span> 
     </span>
     <span class='ocr_line' id='line_1_103' title="bbox 1005 1734 1846 1771; baseline 0.002 -9"><span class='ocrx_word' id='word_1_689' title='bbox 1005 1746 1017 1758; x_wconf 90' lang='lat'>«</span> <span class='ocrx_word' id='word_1_690' title='bbox 1038 1734 1125 1768; x_wconf 87' lang='lat' dir='ltr'>Iesus,</span> <span class='ocrx_word' id='word_1_691' title='bbox 1148 1737 1179 1762; x_wconf 91' lang='lat' dir='ltr'>ut</span> <span class='ocrx_word' id='word_1_692' title='bbox 1199 1734 1266 1763; x_wconf 89' lang='lat' dir='ltr'>vidit</span> <span class='ocrx_word' id='word_1_693' title='bbox 1288 1742 1348 1763; x_wconf 89' lang='lat' dir='ltr'>eam</span> <span class='ocrx_word' id='word_1_694' title='bbox 1372 1735 1526 1771; x_wconf 86' lang='lat' dir='ltr'>plorantem</span> <span class='ocrx_word' id='word_1_695' title='bbox 1540 1746 1566 1769; x_wconf 88' lang='lat'>»;</span> <span class='ocrx_word' id='word_1_696' title='bbox 1588 1735 1665 1764; x_wconf 90' lang='lat' dir='ltr'>flevit</span> <span class='ocrx_word' id='word_1_697' title='bbox 1685 1736 1846 1770; x_wconf 73' lang='lat' dir='ltr'>devotione,</span> 
     </span>
     <span class='ocr_line' id='line_1_104' title="bbox 1000 1781 1847 1819; baseline 0.002 -10"><span class='ocrx_word' id='word_1_698' title='bbox 1000 1784 1031 1809; x_wconf 91' lang='lat' dir='ltr'>ut</span> <span class='ocrx_word' id='word_1_699' title='bbox 1053 1781 1113 1814; x_wconf 80' lang='lat' dir='ltr'>liic,</span> <span class='ocrx_word' id='word_1_700' title='bbox 1141 1781 1175 1809; x_wconf 89' lang='lat' dir='ltr'>de</span> <span class='ocrx_word' id='word_1_701' title='bbox 1206 1789 1263 1818; x_wconf 91' lang='lat' dir='ltr'>quo</span> <span class='ocrx_word' id='word_1_702' title='bbox 1284 1781 1422 1810; x_wconf 85' lang='lat' dir='ltr'>Psalmus:</span> <span class='ocrx_word' id='word_1_703' title='bbox 1449 1792 1462 1806; x_wconf 89' lang='lat'>«</span> <span class='ocrx_word' id='word_1_704' title='bbox 1477 1782 1599 1810; x_wconf 90' lang='lat' dir='ltr'>Fuerunt</span> <span class='ocrx_word' id='word_1_705' title='bbox 1621 1782 1687 1810; x_wconf 89' lang='lat' dir='ltr'>mihi</span> <span class='ocrx_word' id='word_1_706' title='bbox 1711 1783 1847 1819; x_wconf 87' lang='lat' dir='ltr'>lacrymae</span> 
     </span>
     <span class='ocr_line' id='line_1_105' title="bbox 1000 1828 1845 1866; baseline 0.001 -10"><span class='ocrx_word' id='word_1_707' title='bbox 1000 1836 1077 1856; x_wconf 91' lang='lat' dir='ltr'>meae</span> <span class='ocrx_word' id='word_1_708' title='bbox 1098 1835 1181 1864; x_wconf 85' lang='lat' dir='ltr'>panes</span> <span class='ocrx_word' id='word_1_709' title='bbox 1195 1828 1239 1856; x_wconf 91' lang='lat' dir='ltr'>die</span> <span class='ocrx_word' id='word_1_710' title='bbox 1260 1836 1291 1856; x_wconf 86' lang='lat' dir='ltr'>ac</span> <span class='ocrx_word' id='word_1_711' title='bbox 1306 1831 1398 1862; x_wconf 89' lang='lat' dir='ltr'>nocte,</span> <span class='ocrx_word' id='word_1_712' title='bbox 1420 1828 1486 1857; x_wconf 90' lang='lat' dir='ltr'>dum</span> <span class='ocrx_word' id='word_1_713' title='bbox 1505 1828 1607 1857; x_wconf 90' lang='lat' dir='ltr'>dicitur</span> <span class='ocrx_word' id='word_1_714' title='bbox 1621 1829 1687 1857; x_wconf 89' lang='lat' dir='ltr'>mihi</span> <span class='ocrx_word' id='word_1_715' title='bbox 1710 1829 1845 1866; x_wconf 91' lang='lat' dir='ltr'>quotidie:</span> 
     </span>
    </p>

    <p class='ocr_par' dir='ltr' id='par_1_39' title="bbox 1001 1874 1349 1903">
     <span class='ocr_line' id='line_1_106' title="bbox 1001 1874 1349 1903; baseline 0 0"><span class='ocrx_word' id='word_1_716' title='bbox 1001 1874 1049 1903; x_wconf 93' lang='lat' dir='ltr'>Ubi</span> <span class='ocrx_word' id='word_1_717' title='bbox 1071 1877 1112 1903; x_wconf 92' lang='lat' dir='ltr'>est</span> <span class='ocrx_word' id='word_1_718' title='bbox 1134 1874 1208 1903; x_wconf 90' lang='lat' dir='ltr'>Deus</span> <span class='ocrx_word' id='word_1_719' title='bbox 1229 1877 1296 1903; x_wconf 89' lang='lat' dir='ltr'>tuus</span> <span class='ocrx_word' id='word_1_720' title='bbox 1311 1877 1349 1902; x_wconf 73' lang='lat' dir='ltr'>n?</span> 
     </span>
    </p>

    <p class='ocr_par' dir='ltr' id='par_1_40' title="bbox 1000 1921 1980 2053">
     <span class='ocr_line' id='line_1_107' title="bbox 1080 1921 1980 1967; baseline 0.002 -18"><span class='ocrx_word' id='word_1_721' title='bbox 1080 1922 1156 1950; x_wconf 79' lang='lat' dir='ltr'>Dum</span> <span class='ocrx_word' id='word_1_722' title='bbox 1172 1930 1240 1959; x_wconf 83' lang='lat' dir='ltr'>erqo</span> <span class='ocrx_word' id='word_1_723' title='bbox 1254 1921 1341 1958; x_wconf 80' lang='lat' dir='ltr'>fleret.</span> <span class='ocrx_word' id='word_1_724' title='bbox 1361 1922 1408 1950; x_wconf 88' lang='lat' dir='ltr'>Hic</span> <span class='ocrx_word' id='word_1_725' title='bbox 1428 1922 1565 1951; x_wconf 84' lang='lat' dir='ltr'>desolatae</span> <span class='ocrx_word' id='word_1_726' title='bbox 1583 1922 1739 1951; x_wconf 71' lang='lat' dir='ltr'>consolatio</span> <span class='ocrx_word' id='word_1_727' title='bbox 1764 1922 1847 1960; x_wconf 80' lang='lat' dir='ltr'>offer·</span> <span class='ocrx_word' id='word_1_728' title='bbox 1856 1925 1884 1944; x_wconf 74' lang='lat'>1³⁴³</span> <span class='ocrx_word' id='word_1_729' title='bbox 1897 1925 1980 1967; x_wconf 51' lang='lat' dir='ltr'>ffiindo</span> 
     </span>
     <span class='ocr_line' id='line_1_108' title="bbox 1000 1967 1845 2005; baseline 0.002 -9"><span class='ocrx_word' id='word_1_730' title='bbox 1000 1971 1050 1997; x_wconf 81' lang='lat' dir='ltr'>tur</span> <span class='ocrx_word' id='word_1_731' title='bbox 1070 1971 1097 1997; x_wconf 92' lang='lat' dir='ltr'>et</span> <span class='ocrx_word' id='word_1_732' title='bbox 1118 1968 1146 1996; x_wconf 94' lang='lat' dir='ltr'>in</span> <span class='ocrx_word' id='word_1_733' title='bbox 1167 1968 1233 1996; x_wconf 80' lang='lat' dir='ltr'>visu</span> <span class='ocrx_word' id='word_1_734' title='bbox 1254 1972 1281 1997; x_wconf 88' lang='lat' dir='ltr'>et</span> <span class='ocrx_word' id='word_1_735' title='bbox 1302 1968 1329 1996; x_wconf 89' lang='lat' dir='ltr'>in</span> <span class='ocrx_word' id='word_1_736' title='bbox 1351 1967 1464 2005; x_wconf 78' lang='lat' dir='ltr'>affatu,</span> <span class='ocrx_word' id='word_1_737' title='bbox 1486 1969 1532 1997; x_wconf 91' lang='lat' dir='ltr'>sed</span> <span class='ocrx_word' id='word_1_738' title='bbox 1549 1969 1607 2005; x_wconf 87' lang='lat' dir='ltr'>ipsa</span> <span class='ocrx_word' id='word_1_739' title='bbox 1628 1972 1728 1998; x_wconf 87' lang='lat' dir='ltr'>neutro</span> <span class='ocrx_word' id='word_1_740' title='bbox 1749 1978 1845 1998; x_wconf 89' lang='lat' dir='ltr'>conso—</span> 
     </span>
     <span class='ocr_line' id='line_1_109' title="bbox 1000 2015 1955 2053; baseline 0.002 -10"><span class='ocrx_word' id='word_1_741' title='bbox 1000 2015 1083 2043; x_wconf 88' lang='lat' dir='ltr'>latur.</span> <span class='ocrx_word' id='word_1_742' title='bbox 1106 2015 1134 2043; x_wconf 93' lang='lat' dir='ltr'>ln</span> <span class='ocrx_word' id='word_1_743' title='bbox 1162 2016 1228 2043; x_wconf 78' lang='lat' dir='ltr'>visu</span> <span class='ocrx_word' id='word_1_744' title='bbox 1260 2015 1419 2044; x_wconf 87' lang='lat' dir='ltr'>consolatur</span> <span class='ocrx_word' id='word_1_745' title='bbox 1440 2016 1467 2044; x_wconf 92' lang='lat' dir='ltr'>in</span> <span class='ocrx_word' id='word_1_746' title='bbox 1489 2018 1602 2053; x_wconf 84' lang='lat' dir='ltr'>aspectu</span> <span class='ocrx_word' id='word_1_747' title='bbox 1623 2016 1788 2053; x_wconf 84' lang='lat' dir='ltr'>Angelorum</span> <span class='ocrx_word' id='word_1_748' title='bbox 1810 2017 1844 2050; x_wconf 76' lang='grc'>13;</span> <span class='ocrx_word' id='word_1_749' title='bbox 1866 2019 1955 2038; x_wconf 73' lang='lat' dir='ltr'>Primum·</span> 
     </span>
    </p>
   </div>
   <div class='ocr_carea' id='block_1_21' title="bbox 999 2166 1847 2969">
    <p class='ocr_par' dir='ltr' id='par_1_41' title="bbox 999 2166 1846 2391">
     <span class='ocr_line' id='line_1_110' title="bbox 999 2166 1846 2190; baseline -0.001 -1"><span class='ocrx_word' id='word_1_750' title='bbox 999 2167 1104 2190; x_wconf 80' lang='lat' dir='ltr'>bitabant</span> <span class='ocrx_word' id='word_1_751' title='bbox 1120 2169 1142 2189; x_wconf 90' lang='lat' dir='ltr'>et</span> <span class='ocrx_word' id='word_1_752' title='bbox 1159 2167 1221 2189; x_wconf 87' lang='lat' dir='ltr'>unde</span> <span class='ocrx_word' id='word_1_753' title='bbox 1238 2166 1267 2189; x_wconf 80' lang='lat' dir='ltr'>ad</span> <span class='ocrx_word' id='word_1_754' title='bbox 1284 2169 1461 2189; x_wconf 86' lang='lat' dir='ltr'>monumentum</span> <span class='ocrx_word' id='word_1_755' title='bbox 1479 2169 1634 2189; x_wconf 85' lang='lat' dir='ltr'>cucurrerant.</span> <span class='ocrx_word' id='word_1_756' title='bbox 1653 2166 1714 2188; x_wconf 86' lang='lat' dir='ltr'>Multi</span> <span class='ocrx_word' id='word_1_757' title='bbox 1732 2166 1800 2188; x_wconf 88' lang='lat' dir='ltr'>codd.</span> <span class='ocrx_word' id='word_1_758' title='bbox 1818 2166 1846 2188; x_wconf 93' lang='lat' dir='ltr'>le-</span> 
     </span>
     <span class='ocr_line' id='line_1_111' title="bbox 999 2204 1845 2235; baseline -0.002 -6"><span class='ocrx_word' id='word_1_759' title='bbox 999 2209 1057 2234; x_wconf 84' lang='lat' dir='ltr'>gunt</span> <span class='ocrx_word' id='word_1_760' title='bbox 1068 2205 1109 2229; x_wconf 77' lang='lat' dir='ltr'>ubi</span> <span class='ocrx_word' id='word_1_761' title='bbox 1124 2205 1263 2229; x_wconf 83' lang='lat' dir='ltr'>habitabant</span> <span class='ocrx_word' id='word_1_762' title='bbox 1276 2205 1347 2235; x_wconf 76' lang='lat' dir='ltr'>prius</span> <span class='ocrx_word' id='word_1_763' title='bbox 1364 2206 1385 2228; x_wconf 80' lang='lat' dir='ltr'>et</span> <span class='ocrx_word' id='word_1_764' title='bbox 1401 2204 1430 2234; x_wconf 89' lang='lat' dir='ltr'>[C</span> <span class='ocrx_word' id='word_1_765' title='bbox 1444 2205 1515 2234; x_wconf 78' lang='lat' dir='ltr'>prius</span> <span class='ocrx_word' id='word_1_766' title='bbox 1533 2204 1599 2234; x_wconf 80' lang='lat' dir='ltr'>cum]</span> <span class='ocrx_word' id='word_1_767' title='bbox 1617 2204 1649 2227; x_wconf 79' lang='lat' dir='ltr'>ad</span> <span class='ocrx_word' id='word_1_768' title='bbox 1664 2206 1845 2228; x_wconf 72' lang='lat' dir='ltr'>monumentum</span> 
     </span>
     <span class='ocr_line' id='line_1_112' title="bbox 999 2243 1844 2273; baseline -0.002 -5"><span class='ocrx_word' id='word_1_769' title='bbox 999 2247 1122 2268; x_wconf 79' lang='lat' dir='ltr'>venerant.</span> <span class='ocrx_word' id='word_1_770' title='bbox 1140 2245 1244 2267; x_wconf 85' lang='lat' dir='ltr'>Subinde</span> <span class='ocrx_word' id='word_1_771' title='bbox 1261 2251 1304 2272; x_wconf 85' lang='lat' dir='ltr'>pro</span> <span class='ocrx_word' id='word_1_772' title='bbox 1321 2246 1349 2267; x_wconf 85' lang='lat' dir='ltr'>ut</span> <span class='ocrx_word' id='word_1_773' title='bbox 1364 2243 1471 2273; x_wconf 78' lang='lat' dir='ltr'>aliquam</span> <span class='ocrx_word' id='word_1_774' title='bbox 1494 2243 1679 2267; x_wconf 68' lang='lat' dir='ltr'>consolationem</span> <span class='ocrx_word' id='word_1_775' title='bbox 1701 2243 1844 2273; x_wconf 77' lang='lat' dir='ltr'>reciperent,</span> 
     </span>
     <span class='ocr_line' id='line_1_113' title="bbox 1000 2281 1845 2313; baseline -0.004 -6"><span class='ocrx_word' id='word_1_776' title='bbox 1000 2284 1064 2313; x_wconf 92' lang='lat' dir='ltr'>quod</span> <span class='ocrx_word' id='word_1_777' title='bbox 1082 2283 1166 2306; x_wconf 81' lang='lat' dir='ltr'>nabent</span> <span class='ocrx_word' id='word_1_778' title='bbox 1182 2284 1251 2306; x_wconf 87' lang='lat' dir='ltr'>AFG</span> <span class='ocrx_word' id='word_1_779' title='bbox 1262 2284 1297 2305; x_wconf 83' lang='lat' dir='ltr'>lK</span> <span class='ocrx_word' id='word_1_780' title='bbox 1308 2284 1337 2310; x_wconf 89' lang='lat' dir='ltr'>L,</span> <span class='ocrx_word' id='word_1_781' title='bbox 1354 2283 1391 2305; x_wconf 89' lang='lat' dir='ltr'>ed.</span> <span class='ocrx_word' id='word_1_782' title='bbox 1408 2289 1462 2305; x_wconf 89' lang='lat' dir='ltr'>cum</span> <span class='ocrx_word' id='word_1_783' title='bbox 1485 2282 1533 2305; x_wconf 80' lang='lat' dir='ltr'>aliis</span> <span class='ocrx_word' id='word_1_784' title='bbox 1555 2282 1624 2304; x_wconf 88' lang='lat' dir='ltr'>codd.</span> <span class='ocrx_word' id='word_1_785' title='bbox 1641 2282 1711 2311; x_wconf 82' lang='lat' dir='ltr'>quasi</span> <span class='ocrx_word' id='word_1_786' title='bbox 1731 2282 1769 2311; x_wconf 88' lang='lat' dir='ltr'>[ita</span> <span class='ocrx_word' id='word_1_787' title='bbox 1787 2281 1803 2304; x_wconf 94' lang='lat' dir='ltr'>C</span> <span class='ocrx_word' id='word_1_788' title='bbox 1814 2283 1845 2309; x_wconf 71' lang='lat' dir='ltr'>E,</span> 
     </span>
     <span class='ocr_line' id='line_1_114' title="bbox 1000 2321 1845 2352; baseline -0.002 -7"><span class='ocrx_word' id='word_1_789' title='bbox 1000 2324 1078 2352; x_wconf 87' lang='lat' dir='ltr'>plures</span> <span class='ocrx_word' id='word_1_790' title='bbox 1102 2323 1138 2345; x_wconf 86' lang='lat' dir='ltr'>alii</span> <span class='ocrx_word' id='word_1_791' title='bbox 1164 2323 1232 2345; x_wconf 89' lang='lat' dir='ltr'>codd.</span> <span class='ocrx_word' id='word_1_792' title='bbox 1249 2322 1274 2345; x_wconf 80' lang='lat' dir='ltr'>id</span> <span class='ocrx_word' id='word_1_793' title='bbox 1294 2324 1343 2350; x_wconf 79' lang='lat' dir='ltr'>est;</span> <span class='ocrx_word' id='word_1_794' title='bbox 1360 2322 1478 2344; x_wconf 86' lang='lat' dir='ltr'>Gorranus</span> <span class='ocrx_word' id='word_1_795' title='bbox 1500 2321 1554 2351; x_wconf 84' lang='lat' dir='ltr'>aut]</span> <span class='ocrx_word' id='word_1_796' title='bbox 1579 2321 1687 2351; x_wconf 80' lang='lat' dir='ltr'>aliquam</span> <span class='ocrx_word' id='word_1_797' title='bbox 1709 2321 1845 2350; x_wconf 72' lang='lat' dir='ltr'>recipientes</span> 
     </span>
     <span class='ocr_line' id='line_1_115' title="bbox 1001 2361 1506 2391; baseline -0.002 -7"><span class='ocrx_word' id='word_1_798' title='bbox 1001 2363 1128 2391; x_wconf 84' lang='lat' dir='ltr'>[Gorranus</span> <span class='ocrx_word' id='word_1_799' title='bbox 1144 2361 1296 2391; x_wconf 76' lang='lat' dir='ltr'>recepissent]</span> <span class='ocrx_word' id='word_1_800' title='bbox 1314 2361 1506 2384; x_wconf 75' lang='lat' dir='ltr'>consolationem.</span> 
     </span>
    </p>

    <p class='ocr_par' dir='ltr' id='par_1_42' title="bbox 1001 2399 1847 2585">
     <span class='ocr_line' id='line_1_116' title="bbox 1064 2399 1845 2428; baseline -0.003 -5"><span class='ocrx_word' id='word_1_801' title='bbox 1064 2400 1084 2413; x_wconf 87' lang='lat'>¹⁰</span> <span class='ocrx_word' id='word_1_802' title='bbox 1100 2402 1129 2423; x_wconf 93' lang='lat' dir='ltr'>Ut</span> <span class='ocrx_word' id='word_1_803' title='bbox 1153 2401 1208 2423; x_wconf 69' lang='lat' dir='ltr'>dicit</span> <span class='ocrx_word' id='word_1_804' title='bbox 1232 2402 1337 2428; x_wconf 67' lang='lat' dir='ltr'>August„</span> <span class='ocrx_word' id='word_1_805' title='bbox 1361 2401 1394 2423; x_wconf 85' lang='lat'>111.</span> <span class='ocrx_word' id='word_1_806' title='bbox 1413 2400 1442 2422; x_wconf 89' lang='lat' dir='ltr'>de</span> <span class='ocrx_word' id='word_1_807' title='bbox 1459 2399 1577 2422; x_wconf 88' lang='lat' dir='ltr'>Consensu</span> <span class='ocrx_word' id='word_1_808' title='bbox 1604 2399 1742 2426; x_wconf 78' lang='lat' dir='ltr'>Evangelist.</span> <span class='ocrx_word' id='word_1_809' title='bbox 1764 2404 1783 2421; x_wconf 88' lang='lat' dir='ltr'>c.</span> <span class='ocrx_word' id='word_1_810' title='bbox 1807 2399 1845 2421; x_wconf 86' lang='lat'>24.</span> 
     </span>
     <span class='ocr_line' id='line_1_117' title="bbox 1001 2437 1846 2467; baseline -0.004 -4"><span class='ocrx_word' id='word_1_811' title='bbox 1001 2447 1024 2463; x_wconf 91' lang='lat' dir='ltr'>n.</span> <span class='ocrx_word' id='word_1_812' title='bbox 1042 2441 1079 2463; x_wconf 81' lang='lat'>69.</span> <span class='ocrx_word' id='word_1_813' title='bbox 1097 2442 1120 2463; x_wconf 92' lang='lat' dir='ltr'>ln</span> <span class='ocrx_word' id='word_1_814' title='bbox 1137 2440 1180 2463; x_wconf 88' lang='lat' dir='ltr'>CN</span> <span class='ocrx_word' id='word_1_815' title='bbox 1198 2440 1290 2462; x_wconf 80' lang='lat' dir='ltr'>additur</span> <span class='ocrx_word' id='word_1_816' title='bbox 1306 2438 1395 2467; x_wconf 82' lang='lat' dir='ltr'>stabat,</span> <span class='ocrx_word' id='word_1_817' title='bbox 1414 2439 1454 2467; x_wconf 85' lang='lat' dir='ltr'>qui</span> <span class='ocrx_word' id='word_1_818' title='bbox 1471 2438 1571 2461; x_wconf 85' lang='lat' dir='ltr'>subinde</span> <span class='ocrx_word' id='word_1_819' title='bbox 1593 2445 1647 2461; x_wconf 89' lang='lat' dir='ltr'>cum</span> <span class='ocrx_word' id='word_1_820' title='bbox 1670 2437 1775 2466; x_wconf 87' lang='lat' dir='ltr'>pluribus</span> <span class='ocrx_word' id='word_1_821' title='bbox 1797 2439 1846 2460; x_wconf 77' lang='lat' dir='ltr'>aliis</span> 
     </span>
     <span class='ocr_line' id='line_1_118' title="bbox 1001 2477 1845 2508; baseline -0.002 -6"><span class='ocrx_word' id='word_1_822' title='bbox 1001 2480 1069 2503; x_wconf 89' lang='lat' dir='ltr'>codd.</span> <span class='ocrx_word' id='word_1_823' title='bbox 1087 2486 1129 2508; x_wconf 88' lang='lat' dir='ltr'>pro</span> <span class='ocrx_word' id='word_1_824' title='bbox 1154 2480 1176 2502; x_wconf 86' lang='lat' dir='ltr'>et</span> <span class='ocrx_word' id='word_1_825' title='bbox 1197 2480 1377 2508; x_wconf 77' lang='lat' dir='ltr'>perseveranter</span> <span class='ocrx_word' id='word_1_826' title='bbox 1402 2478 1544 2500; x_wconf 87' lang='lat' dir='ltr'>substituunt</span> <span class='ocrx_word' id='word_1_827' title='bbox 1567 2477 1590 2500; x_wconf 76' lang='lat' dir='ltr'>id</span> <span class='ocrx_word' id='word_1_828' title='bbox 1606 2479 1641 2501; x_wconf 82' lang='lat' dir='ltr'>est</span> <span class='ocrx_word' id='word_1_829' title='bbox 1657 2479 1845 2507; x_wconf 73' lang='lat' dir='ltr'>persecerantei&#39;,</span> 
     </span>
     <span class='ocr_line' id='line_1_119' title="bbox 1001 2517 1847 2546; baseline -0.004 -5"><span class='ocrx_word' id='word_1_830' title='bbox 1001 2519 1039 2541; x_wconf 81' lang='lat' dir='ltr'>ed.</span> <span class='ocrx_word' id='word_1_831' title='bbox 1056 2525 1109 2541; x_wconf 89' lang='lat' dir='ltr'>cum</span> <span class='ocrx_word' id='word_1_832' title='bbox 1132 2519 1235 2540; x_wconf 88' lang='lat' dir='ltr'>Gorrano</span> <span class='ocrx_word' id='word_1_833' title='bbox 1257 2518 1445 2546; x_wconf 71' lang='lat' dir='ltr'>perseveranter.</span> <span class='ocrx_word' id='word_1_834' title='bbox 1462 2529 1493 2533; x_wconf 97' lang='lat'><strong>—</strong></span> <span class='ocrx_word' id='word_1_835' title='bbox 1511 2517 1643 2545; x_wconf 85' lang='lat' dir='ltr'>Sequuntur</span> <span class='ocrx_word' id='word_1_836' title='bbox 1660 2517 1714 2538; x_wconf 88' lang='lat' dir='ltr'>Luc.</span> <span class='ocrx_word' id='word_1_837' title='bbox 1733 2517 1768 2543; x_wconf 90' lang='lat'>11,</span> <span class='ocrx_word' id='word_1_838' title='bbox 1787 2517 1807 2538; x_wconf 90' lang='lat'>8.</span> <span class='ocrx_word' id='word_1_839' title='bbox 1825 2521 1847 2538; x_wconf 85' lang='lat' dir='ltr'>et</span> 
     </span>
     <span class='ocr_line' id='line_1_120' title="bbox 1001 2557 1701 2585; baseline -0.006 -4"><span class='ocrx_word' id='word_1_840' title='bbox 1001 2558 1088 2581; x_wconf 90' lang='lat' dir='ltr'>Coloss.</span> <span class='ocrx_word' id='word_1_841' title='bbox 1106 2557 1132 2585; x_wconf 86' lang='lat'>4,</span> <span class='ocrx_word' id='word_1_842' title='bbox 1150 2558 1170 2579; x_wconf 91' lang='lat'>2.</span> <span class='ocrx_word' id='word_1_843' title='bbox 1695 2582 1701 2585; x_wconf 25' lang='grc' dir='ltr'>ξ</span> 
     </span>
    </p>

    <p class='ocr_par' dir='ltr' id='par_1_43' title="bbox 1000 2593 1847 2697">
     <span class='ocr_line' id='line_1_121' title="bbox 1064 2593 1847 2623; baseline -0.004 -4"><span class='ocrx_word' id='word_1_844' title='bbox 1064 2596 1081 2608; x_wconf 93' lang='lat'>¹¹</span> <span class='ocrx_word' id='word_1_845' title='bbox 1100 2598 1123 2619; x_wconf 90' lang='lat' dir='ltr'>ln</span> <span class='ocrx_word' id='word_1_846' title='bbox 1146 2597 1206 2618; x_wconf 82' lang='lat' dir='ltr'>loan.</span> <span class='ocrx_word' id='word_1_847' title='bbox 1226 2596 1315 2623; x_wconf 82' lang='lat' dir='ltr'>Evang.</span> <span class='ocrx_word' id='word_1_848' title='bbox 1337 2597 1364 2617; x_wconf 89' lang='lat' dir='ltr'>tr.</span> <span class='ocrx_word' id='word_1_849' title='bbox 1383 2595 1434 2617; x_wconf 59' lang='grc'>1121,</span> <span class='ocrx_word' id='word_1_850' title='bbox 1453 2600 1475 2616; x_wconf 90' lang='lat' dir='ltr'>n.</span> <span class='ocrx_word' id='word_1_851' title='bbox 1494 2595 1515 2621; x_wconf 94' lang='lat'>1,</span> <span class='ocrx_word' id='word_1_852' title='bbox 1536 2593 1576 2616; x_wconf 87' lang='lat' dir='ltr'>ubi</span> <span class='ocrx_word' id='word_1_853' title='bbox 1602 2600 1644 2622; x_wconf 89' lang='lat' dir='ltr'>pro</span> <span class='ocrx_word' id='word_1_854' title='bbox 1661 2595 1683 2617; x_wconf 88' lang='lat' dir='ltr'>et</span> <span class='ocrx_word' id='word_1_855' title='bbox 1704 2593 1761 2623; x_wconf 76' lang='lat' dir='ltr'>plus</span> <span class='ocrx_word' id='word_1_856' title='bbox 1786 2593 1847 2616; x_wconf 81' lang='lat' dir='ltr'>dolet</span> 
     </span>
     <span class='ocr_line' id='line_1_122' title="bbox 1000 2632 1844 2662; baseline -0.005 -3"><span class='ocrx_word' id='word_1_857' title='bbox 1000 2636 1087 2659; x_wconf 79' lang='lat' dir='ltr'>mulier</span> <span class='ocrx_word' id='word_1_858' title='bbox 1105 2638 1179 2658; x_wconf 83' lang='lat' dir='ltr'>textus</span> <span class='ocrx_word' id='word_1_859' title='bbox 1196 2634 1326 2662; x_wconf 83' lang='lat' dir='ltr'>originalis,</span> <span class='ocrx_word' id='word_1_860' title='bbox 1344 2640 1414 2662; x_wconf 89' lang='lat' dir='ltr'>quem</span> <span class='ocrx_word' id='word_1_861' title='bbox 1432 2633 1535 2662; x_wconf 90' lang='lat' dir='ltr'>sequitur</span> <span class='ocrx_word' id='word_1_862' title='bbox 1552 2633 1597 2660; x_wconf 91' lang='lat' dir='ltr'>ed.,</span> <span class='ocrx_word' id='word_1_863' title='bbox 1613 2632 1718 2662; x_wconf 72' lang='lat' dir='ltr'>amplias</span> <span class='ocrx_word' id='word_1_864' title='bbox 1735 2632 1844 2656; x_wconf 84' lang='lat' dir='ltr'>dolentes.</span> 
     </span>
     <span class='ocr_line' id='line_1_123' title="bbox 1000 2674 1263 2697; baseline -0.008 0"><span class='ocrx_word' id='word_1_865' title='bbox 1000 2687 1031 2692; x_wconf 85' lang='lat'>-</span> <span class='ocrx_word' id='word_1_866' title='bbox 1047 2675 1091 2697; x_wconf 88' lang='lat' dir='ltr'>Csr.</span> <span class='ocrx_word' id='word_1_867' title='bbox 1111 2674 1167 2696; x_wconf 80' lang='lat' dir='ltr'>infra</span> <span class='ocrx_word' id='word_1_868' title='bbox 1185 2680 1206 2696; x_wconf 93' lang='lat' dir='ltr'>n.</span> <span class='ocrx_word' id='word_1_869' title='bbox 1226 2674 1263 2696; x_wconf 81' lang='lat'>29.</span> 
     </span>
    </p>

    <p class='ocr_par' dir='ltr' id='par_1_44' title="bbox 1000 2711 1845 2820">
     <span class='ocr_line' id='line_1_124' title="bbox 1064 2711 1845 2739; baseline -0.003 -4"><span class='ocrx_word' id='word_1_870' title='bbox 1064 2712 1083 2725; x_wconf 77' lang='lat'>¹²</span> <span class='ocrx_word' id='word_1_871' title='bbox 1101 2713 1166 2735; x_wconf 84' lang='lat' dir='ltr'>Vers.</span> <span class='ocrx_word' id='word_1_872' title='bbox 1185 2713 1230 2735; x_wconf 83' lang='lat'>38:</span> <span class='ocrx_word' id='word_1_873' title='bbox 1254 2713 1279 2734; x_wconf 87' lang='lat' dir='ltr'>Et</span> <span class='ocrx_word' id='word_1_874' title='bbox 1303 2714 1365 2734; x_wconf 84' lang='lat' dir='ltr'>stans</span> <span class='ocrx_word' id='word_1_875' title='bbox 1389 2713 1450 2733; x_wconf 89' lang='lat' dir='ltr'>retro</span> <span class='ocrx_word' id='word_1_876' title='bbox 1475 2717 1542 2733; x_wconf 84' lang='lat' dir='ltr'>secus</span> <span class='ocrx_word' id='word_1_877' title='bbox 1559 2711 1631 2739; x_wconf 86' lang='lat' dir='ltr'>pedes</span> <span class='ocrx_word' id='word_1_878' title='bbox 1653 2711 1715 2738; x_wconf 84' lang='lat' dir='ltr'>eius,</span> <span class='ocrx_word' id='word_1_879' title='bbox 1739 2711 1845 2738; x_wconf 81' lang='lat' dir='ltr'>lacrymis</span> 
     </span>
     <span class='ocr_line' id='line_1_125' title="bbox 1000 2749 1844 2780; baseline -0.005 -5"><span class='ocrx_word' id='word_1_880' title='bbox 1000 2752 1077 2780; x_wconf 87' lang='lat' dir='ltr'>coepit</span> <span class='ocrx_word' id='word_1_881' title='bbox 1101 2752 1177 2779; x_wconf 82' lang='lat' dir='ltr'>rigare</span> <span class='ocrx_word' id='word_1_882' title='bbox 1202 2751 1274 2779; x_wconf 89' lang='lat' dir='ltr'>pedes</span> <span class='ocrx_word' id='word_1_883' title='bbox 1298 2751 1348 2772; x_wconf 86' lang='lat' dir='ltr'>eius</span> <span class='ocrx_word' id='word_1_884' title='bbox 1369 2753 1411 2773; x_wconf 85' lang='lat' dir='ltr'>etc.</span> <span class='ocrx_word' id='word_1_885' title='bbox 1428 2762 1459 2766; x_wconf 97' lang='lat'><strong>—</strong></span> <span class='ocrx_word' id='word_1_886' title='bbox 1476 2750 1526 2772; x_wconf 87' lang='lat' dir='ltr'>Duo</span> <span class='ocrx_word' id='word_1_887' title='bbox 1552 2756 1616 2778; x_wconf 86' lang='lat' dir='ltr'>seqq.</span> <span class='ocrx_word' id='word_1_888' title='bbox 1639 2749 1681 2772; x_wconf 89' lang='lat' dir='ltr'>loci</span> <span class='ocrx_word' id='word_1_889' title='bbox 1707 2752 1759 2772; x_wconf 89' lang='lat' dir='ltr'>sunt</span> <span class='ocrx_word' id='word_1_890' title='bbox 1784 2750 1844 2771; x_wconf 82' lang='lat' dir='ltr'>ioan.</span> 
     </span>
     <span class='ocr_line' id='line_1_126' title="bbox 1002 2790 1278 2820; baseline -0.007 -7"><span class='ocrx_word' id='word_1_891' title='bbox 1002 2790 1278 2820; x_wconf 67' lang='grc' dir='ltr'><strong>11,33.01Ρ5.41,4.</strong></span> 
     </span>
    </p>

    <p class='ocr_par' dir='ltr' id='par_1_45' title="bbox 999 2827 1844 2969">
     <span class='ocr_line' id='line_1_127' title="bbox 1064 2827 1843 2857; baseline -0.003 -5"><span class='ocrx_word' id='word_1_892' title='bbox 1064 2829 1082 2842; x_wconf 81' lang='lat'>¹³</span> <span class='ocrx_word' id='word_1_893' title='bbox 1100 2830 1140 2852; x_wconf 88' lang='lat' dir='ltr'>Ed.</span> <span class='ocrx_word' id='word_1_894' title='bbox 1158 2836 1211 2852; x_wconf 81' lang='lat' dir='ltr'>cum</span> <span class='ocrx_word' id='word_1_895' title='bbox 1229 2829 1333 2851; x_wconf 82' lang='lat' dir='ltr'>Gorrano</span> <span class='ocrx_word' id='word_1_896' title='bbox 1350 2828 1387 2850; x_wconf 82' lang='lat' dir='ltr'>hic</span> <span class='ocrx_word' id='word_1_897' title='bbox 1404 2828 1472 2855; x_wconf 80' lang='lat' dir='ltr'>legit:</span> <span class='ocrx_word' id='word_1_898' title='bbox 1490 2827 1530 2851; x_wconf 78' lang='lat' dir='ltr'>sed</span> <span class='ocrx_word' id='word_1_899' title='bbox 1547 2827 1599 2857; x_wconf 80' lang='lat' dir='ltr'>ipsa</span> <span class='ocrx_word' id='word_1_900' title='bbox 1616 2827 1640 2850; x_wconf 85' lang='lat' dir='ltr'>in</span> <span class='ocrx_word' id='word_1_901' title='bbox 1657 2829 1741 2850; x_wconf 84' lang='lat' dir='ltr'>neutro</span> <span class='ocrx_word' id='word_1_902' title='bbox 1764 2833 1843 2850; x_wconf 84' lang='lat' dir='ltr'>conso-</span> 
     </span>
     <span class='ocr_line' id='line_1_128' title="bbox 1000 2866 1844 2897; baseline -0.005 -5"><span class='ocrx_word' id='word_1_903' title='bbox 1000 2870 1073 2897; x_wconf 82' lang='lat' dir='ltr'>latur,</span> <span class='ocrx_word' id='word_1_904' title='bbox 1090 2874 1133 2892; x_wconf 79' lang='lat' dir='ltr'>nec</span> <span class='ocrx_word' id='word_1_905' title='bbox 1150 2868 1174 2891; x_wconf 78' lang='lat' dir='ltr'>in</span> <span class='ocrx_word' id='word_1_906' title='bbox 1191 2868 1244 2891; x_wconf 56' lang='lat' dir='ltr'>&#39;cisa</span> <span class='ocrx_word' id='word_1_907' title='bbox 1261 2874 1303 2890; x_wconf 83' lang='lat' dir='ltr'>nec</span> <span class='ocrx_word' id='word_1_908' title='bbox 1324 2867 1349 2889; x_wconf 84' lang='lat' dir='ltr'>in</span> <span class='ocrx_word' id='word_1_909' title='bbox 1369 2867 1446 2897; x_wconf 78' lang='lat' dir='ltr'>affata</span> <span class='ocrx_word' id='word_1_910' title='bbox 1462 2866 1624 2896; x_wconf 79' lang='lat' dir='ltr'>Auqelorum,</span> <span class='ocrx_word' id='word_1_911' title='bbox 1642 2869 1664 2889; x_wconf 89' lang='lat' dir='ltr'>et</span> <span class='ocrx_word' id='word_1_912' title='bbox 1680 2866 1775 2889; x_wconf 83' lang='lat' dir='ltr'>interius</span> <span class='ocrx_word' id='word_1_913' title='bbox 1792 2870 1844 2894; x_wconf 88' lang='lat' dir='ltr'>post</span> 
     </span>
     <span class='ocr_line' id='line_1_129' title="bbox 999 2904 1843 2938; baseline -0.004 -7"><span class='ocrx_word' id='word_1_914' title='bbox 999 2908 1086 2938; x_wconf 78' lang='lat' dir='ltr'>recepit</span> <span class='ocrx_word' id='word_1_915' title='bbox 1103 2908 1149 2936; x_wconf 90' lang='lat' dir='ltr'>(ed.</span> <span class='ocrx_word' id='word_1_916' title='bbox 1161 2914 1214 2929; x_wconf 82' lang='lat' dir='ltr'>eum</span> <span class='ocrx_word' id='word_1_917' title='bbox 1232 2906 1338 2935; x_wconf 82' lang='lat' dir='ltr'>pluribus</span> <span class='ocrx_word' id='word_1_918' title='bbox 1356 2906 1425 2928; x_wconf 87' lang='lat' dir='ltr'>codd.</span> <span class='ocrx_word' id='word_1_919' title='bbox 1436 2905 1527 2935; x_wconf 79' lang='lat' dir='ltr'>recipit)</span> <span class='ocrx_word' id='word_1_920' title='bbox 1546 2905 1608 2928; x_wconf 81' lang='lat' dir='ltr'>addit</span> <span class='ocrx_word' id='word_1_921' title='bbox 1626 2904 1800 2928; x_wconf 78' lang='lat' dir='ltr'>desolationem.</span> <span class='ocrx_word' id='word_1_922' title='bbox 1813 2917 1843 2921; x_wconf 95' lang='lat'>—</span> 
     </span>
     <span class='ocr_line' id='line_1_130' title="bbox 999 2946 1216 2969; baseline -0.009 0"><span class='ocrx_word' id='word_1_923' title='bbox 999 2946 1045 2969; x_wconf 83' lang='lat' dir='ltr'>Ctr.</span> <span class='ocrx_word' id='word_1_924' title='bbox 1062 2947 1120 2968; x_wconf 81' lang='lat' dir='ltr'>infra</span> <span class='ocrx_word' id='word_1_925' title='bbox 1138 2953 1159 2968; x_wconf 91' lang='grc'>11,</span> <span class='ocrx_word' id='word_1_926' title='bbox 1179 2946 1216 2967; x_wconf 88' lang='grc'>30.</span> 
     </span>
    </p>
   </div>
  </div>
 </body>
</html>
