2296 3316
370 181 424 208 192
976 176 1146 205 COMMENT.
1170 176 1200 204 ΙΝ
1223 176 1415 204 SAPOEN'HAM
1437 176 1464 203 C.
1489 176 1516 203 11.

366 258 431 287 tiam
453 257 585 285 faciamus
606 263 655 293 per
677 255 842 284 violentiam.
867 255 950 290 Quod
963 254 1041 283 enim
1061 253 1216 292 infirmum

365 309 406 334 est
426 306 493 337 ete,
516 304 593 341 quasi
615 303 703 331 dicat:
725 311 780 331 non
805 302 997 339 opprimamus
1025 301 1216 331 tantummodo

366 358 504 388 pauperes
525 353 552 379 et
572 349 691 383 debiles,
713 352 745 378 ut
766 349 863 378 viduas
891 352 918 378 et
939 357 1034 382 senes,
1064 348 1110 377 sed
1132 356 1216 386 quos-

366 405 488 434 cumque
510 397 682 434 poterimus;
705 396 782 434 qzoocl
802 396 878 425 enim
900 395 1054 433 infirmum
1068 399 1122 430 est,
1144 396 1216 424 scili-

365 447 409 472 cet
430 444 457 472 in
479 451 520 477 se,
543 446 574 472 ut
595 442 693 477 vidua,
715 451 822 480 pauper
847 445 874 471 et
895 450 996 476 senex3
1020 442 1121 471 inatile
1139 442 1215 471 inoe-

364 490 459 524 nztar,
481 490 585 519 scilicet
604 490 679 523 aliis;
702 489 775 518 unde
796 489 830 518 de
853 489 953 517 talibus
974 497 1088 526 parum,
1110 489 1153 517 vel
1174 488 1215 517 ni-

366 538 405 567 hil
432 540 474 567 est
502 537 666 566 curandum.
689 537 747 565 Non
769 536 808 566 sic
829 536 963 565 Dominus
988 536 1138 570 sentiebat,
1167 536 1214 572 qui

371 597 384 610 «
400 585 511 613 infirma
532 584 627 613 mundi
649 584 744 621 elegit,
760 588 791 613 ut
806 584 955 613 contundat
976 584 1073 618 fortia,
1095 586 1122 612 et
1140 583 1215 619 igno-

365 631 431 660 bilia
452 630 547 660 mundi
576 634 603 659 et
635 630 871 668 contemptibilia¹
887 642 900 655 »
927 633 977 659 etc.
1001 631 1057 658 Non
1079 630 1118 658 sic
1148 630 1215 657 Pau-

366 678 426 712 lus,
448 678 495 715 qui
517 677 639 712 dicebat,
662 677 736 714 quod
762 689 775 702 «
791 677 881 706 virtus
902 677 929 705 in
951 677 1111 705 infirmitate
1133 676 1215 713 perti-

365 724 437 753 citur
450 736 480 757 ι»,
503 724 639 753 secundae
660 724 694 753 ad
714 724 871 753 Corinthios
885 723 1056 753 duodecimo.

444 771 604 809 Alleyoriee
618 772 770 809 exponitur
791 772 843 801 hoc
865 772 899 801 de
914 771 1076 805 haereticis,
1092 771 1139 808 qui
1161 779 1215 799 non

219 826 352 869 Exposui-oar
365 823 484 857 parcunt
495 820 626 857 pauperi
646 820 736 853 iusto,
758 820 785 848 id
806 822 847 848 est
862 819 964 856 populo
978 818 1144 852 christian03
1166 826 1216 846 nec

255 855 335 874 ⁰⁸⁰¹¹⁰³'
365 867 490 902 viduae,
513 867 539 895 id
560 870 602 896 est
625 867 774 902 Ecclesiae;
797 875 846 896 nec
867 866 1029 900 zeteranis,
1045 866 1070 894 id
1086 868 1127 894 est
1147 866 1215 902 Apo-

365 914 442 944 stolis
463 917 490 944 et
511 915 655 952 Prophetis
667 915 686 943 2.

430 1016 566 1048 Speoialitor
583 1016 721 1040 describitur
738 1015 864 1046 persecutio
882 1014 978 1044 Christi,
995 1013 1066 1044 primu
1081 1013 1153 1044 quoad

675 1062 767 1078 oausam
784 1054 906 1085 triplicem.

448 1149 720 1178 Cireamoeniamus
735 1157 803 1185 erqo
824 1148 935 1176 iustam
956 1150 1007 1176 etc.
1024 1147 1070 1176 llic
1092 1147 1217 1184 speciali-

270 1203 347 1222 nivisio-
367 1199 408 1225 ter
429 1195 560 1224 describit
583 1194 693 1223 Christi
709 1194 955 1231 persecutionem,
976 1197 1003 1223 et
1019 1193 1108 1231 primo
1130 1194 1217 1231 tangit

366 1252 508 1276 eausam5
537 1243 658 1272 secundo
689 1242 793 1279 finem,
822 1242 874 1270 ihi:
914 1242 1068 1282 Videamus
1089 1250 1167 1279 erqo,
1189 1241 1218 1270 si

365 1298 510 1319 sermones
531 1293 599 1324 etc.;
622 1289 705 1318 tertio
732 1290 869 1324 modum,
896 1289 951 1318 ibi:
983 1289 1164 1324 Contumelia
1192 1292 1216 1317 et

242 1345 303 1363 causa
317 1345 348 1363 m-
365 1341 503 1367 tormento
525 1340 575 1367 etc.
592 1353 629 1358 —
647 1337 793 1371 Caztsam,
816 1340 930 1374 propter
945 1344 1028 1373 quam
1048 1336 1138 1365 Iudaei
1154 1344 1216 1373 peru

267 1369 317 1392 pm,
364 1385 450 1414 secuti
473 1388 538 1413 sunt
566 1384 723 1419 Christum,
746 1384 832 1422 tangit
860 1384 1020 1421 tripliciter:
1050 1383 1156 1420 primo,
1179 1391 1216 1412 ex

364 1435 443 1470 parte
464 1441 579 1461 suarum
602 1432 822 1470 operationsz
843 1431 976 1465 secundo,
998 1439 1034 1460 ex
1057 1434 1134 1468 parte
1153 1439 1216 1459 sua-

365 1488 430 1509 rum
452 1479 674 1518 cogitationum,
696 1479 748 1508 ibi:
772 1479 881 1507 Faetus
896 1483 936 1507 est
949 1478 1046 1511 nobis;
1070 1478 1163 1512 tertio,
1179 1486 1215 1506 ex

365 1530 445 1565 parte
465 1535 581 1556 suarum
603 1526 794 1561 locationum,
816 1526 867 1555 ibi:
896 1527 1050 1564 Tanquam
1077 1534 1214 1563 nagyaees.

446 1576 474 1603 ln
496 1575 586 1612 prima
607 1577 685 1611 parte
706 1582 742 1602 ex
771 1576 849 1611 parte
870 1582 992 1610 operum
1020 1573 1106 1610 tangit
1126 1572 1216 1609 tripli-

243 1627 313 1650 Primo,
332 1630 426 1651 escen]
448 1630 576 1656 causam,
599 1629 719 1659 quarum
741 1621 830 1658 prima
850 1624 892 1650 est
913 1628 1029 1657 operum
1051 1620 1214 1649 ludaeorum

218 1653 356 1717 {3333ss
366 1669 513 1697 detestatio
520 1679 530 1702 ;
552 1668 686 1702 secunda,
708 1667 959 1705 transgressionum
981 1668 1092 1696 illarum
1107 1667 1216 1705 impro-

228 1704 257 1717 Μ’
363 1716 479 1753 pertitio
494 1718 521 1744 et
535 1715 697 1750 diffamatio,
712 1715 765 1743 ibi:
782 1716 817 1743 Et
831 1714 1014 1752 improperat
1027 1714 1109 1743 nobis
1121 1714 1131 1731 ³
1147 1717 1215 1748 etc.;

365 1763 456 1795 tertia,
479 1762 579 1790 Christi
601 1762 826 1795 commendatio,
849 1762 901 1790 ibi:
924 1762 1074 1790 Promittit
1094 1770 1124 1790 se
1145 1764 1196 1790 etc.

446 1809 536 1845 (Vers.
573 1810 637 1846 12).
662 1809 936 1837 Ctreamvem‘amus
967 1818 1035 1846 ergyo
1064 1812 1114 1838 etc.
1147 1808 1218 1845 Quia

220 1863 353 1905 Exp‘nesriatligiit·
365 1856 423 1885 dixi
435 1868 440 1884 :
464 1856 617 1884 Fortitudo
631 1860 733 1885 nostra
747 1857 785 1885 sit
799 1856 844 1885 lex
859 1856 1035 1890 iniastitiae,
1054 1859 1082 1885 et
1096 1856 1148 1885 hoc
1163 1864 1217 1884 non

245 1910 336 1929 Primum·
365 1911 530 1941 possumus,
552 1903 603 1932 nisi
625 1903 729 1932 iustum
759 1903 1029 1938 circumveniamus;
1059 1904 1218 1932 eir-eumve-

366 1952 487 1980 niamas
519 1960 587 1989 erqo
618 1951 731 1979 iustam
752 1953 820 1985 ete,
852 1954 883 1979 ut
915 1950 1219 1979 scilicet.sor.titudinis

367 2002 478 2027 nostrae
500 1998 586 2035 legem
609 1997 695 2026 llbcre
723 2005 856 2026 exercere
877 1997 1024 2033 possimus.
1053 1996 1218 2025 Circumve-

366 2045 501 2079 niamas,
524 2045 654 2082 inquam,
676 2052 726 2081 per
741 2044 972 2077 fraudulentiam,
995 2043 1120 2077 iustam,
1136 2043 1162 2072 id
1177 2046 1219 2072 est

368 2093 530 2127 Christum,
552 2092 599 2129 qui
622 2100 671 2129 per
692 2091 909 2120 antonomasiam
932 2091 1028 2119 iustas
1049 2090 1218 2128 appellatur;

369 2140 499 2169 Ieremiae
524 2139 656 2176 vigesimo
684 2139 803 2167 tertio4:
832 2138 913 2167 «Hoc
934 2141 976 2167 est
1001 2146 1116 2172 nomen,
1145 2137 1219 2175 quod

369 2187 508 2216 vocabunt
529 2194 606 2215 eum:
625 2186 759 2214 Dominus
773 2186 865 2214 iustus
885 2188 979 2215 noster
990 2196 1017 2219 »3
1045 2197 1058 2210 ε(
1073 2185 1139 2221 quia
1156 2192 1219 2221 pec-

369 2237 462 2263 catum
477 2246 490 2258 »
517 2233 624 2262 actuale
643 2244 656 2257 «
672 2241 726 2261 non
741 2233 804 2261 fecit
818 2244 850 2266 »,
871 2232 976 2269 primae
992 2232 1062 2260 Petri
1085 2231 1219 2265 secundo,

368 2289 419 2309 nec
434 2280 566 2317 originale
581 2280 721 2309 contraxit
742 2280 769 2308 in
785 2280 974 2316 conceptione;
996 2279 1069 2307 unde
1092 2278 1220 2307 Ieremiae

370 2327 502 2364 vigesimo
524 2327 620 2356 tertio:
647 2339 660 2351 «ι
673 2326 816 2355 Suscitabo
830 2326 916 2354 David
937 2334 1050 2363 germen
1072 2317 1176 2354 iustum
1193 2337 1220 2359 »,

370 2374 397 2403 id
419 2378 460 2403 est
482 2374 622 2405 Christum
644 2374 672 2402 in
700 2374 840 2411 germine,
862 2373 889 2402 id
914 2377 955 2402 est
977 2373 1004 2401 in
1026 2373 1220 2409 conceptione3

369 2422 453 2451 Isaiae
485 2421 696 2459 quadragesimo
727 2421 839 2458 quinto:
877 2433 889 2446 «
915 2421 1019 2450 lustitia
1050 2421 1157 2449 oriatur
1186 2420 1221 2448 si-

284 2475 351 2494 Αῐῐῑετς
369 2469 429 2498 mul
447 2481 460 2494 n
487 2471 538 2498 etc.
561 2469 625 2498 Vel:
650 2468 924 2497 circumveniamus
951 2471 1016 2501 ete,
1045 2470 1134 2504 potest
1162 2475 1221 2496 esse

1273 263 1328 283 vox
1350 254 1539 292 quorumlibet
1559 254 1697 283 malorum
1712 256 1808 283 contra
1829 254 1977 292 quemlibet
1996 254 2120 288 tastum,

1273 305 1370 331 contra
1390 302 1464 339 quod
1486 304 1580 331 monet
1601 301 1746 339 Apostolus
1767 302 1872 339 primae
1894 302 1927 331 ad
1948 302 2121 332 Thessaloni—

1273 357 1368 378 censes
1397 349 1535 386 quart05:
1566 361 1579 374 (ι
1594 349 1631 377 Ne
1655 349 1719 387 quis
1743 349 1943 378 circumveniat
1967 350 1994 378 in
2013 349 2122 387 negotio

1273 396 1386 424 fratrem
1409 404 1492 424 suum
1507 406 1537 429 »;
1560 396 1632 425 sicut
1646 404 1696 425 nec
1717 396 1775 433 ipse
1796 397 1913 431 secerat3
1929 396 2002 425 unde
2024 404 2121 425 secun-

1273 442 1323 470 dae
1337 442 1371 470 ad
1386 441 1543 470 Corinthios
1558 442 1687 478 septimo:
1703 443 1756 471 Nos
1775 443 1936 471 «neminem
1953 442 2083 471 laesimus
2094 454 2121 477 »,

1273 489 1376 517 scilicet
1394 489 1476 522 saet03
1498 500 1511 513 α
1523 489 1661 517 neminem
1678 490 1857 526 corrupimus
1868 501 1895 524 »,
1911 489 2014 518 scilicet
2028 497 2121 518 exem-

1272 536 1317 572 plo
1333 544 1431 572 pravo;
1452 547 1465 560 rr
1477 535 1615 564 neminem
1626 536 1898 570 circumvenimus»,
1914 535 2018 565 scilicet
2028 535 2121 564 verbo.

1274 582 1421 619 anniam
1442 582 1556 610 inutilis
1577 585 1617 610 est
1637 582 1734 616 nomm
1755 583 1885 612 Glossass:
1912 594 1925 608 «
1940 582 2009 611 Cum
2030 585 2121 611 tamen

1272 629 1419 658 utilitatem
1441 629 1501 658 eius
1522 629 1549 657 in
1571 629 1700 658 omnibus
1728 630 1894 664 viderent»,
1916 629 2069 659 secundum
2091 629 2123 658 il-

1274 676 1320 705 lud
1343 677 1460 705 actuum
1483 676 1605 705 decimo:
1633 689 1645 702 «
1660 677 1712 713 Qui
1741 677 1902 714 pertransiit
1930 676 2123 706 benefaciendo

1273 727 1300 753 et
1321 724 1442 753 sanando
1456 731 1552 752 omnes
1572 732 1719 761 oppressos
1733 733 1747 753 a
1762 724 1870 753 (liabolo
1882 736 1908 753 ».
1931 724 1982 753 Sed
1996 724 2121 753 inutilem

1273 771 1323 800 sibi
1347 771 1513 808 reputabant
1534 771 1561 799 in
1584 771 1798 808 tcmporalibus;
1822 772 1895 801 uncle
1917 772 2023 801 loannis
2037 771 2123 800 unde-

1273 819 1359 847 cimo:
1386 830 1402 859 a,
1415 819 1531 847 Venient
1549 819 1661 847 Romani
1683 822 1711 847 et
1732 819 1827 848 tollent
1843 820 1933 848 locum
1955 821 2082 847 nostrum
2097 821 2124 846 et

1273 868 1382 902 gentem
1399 878 1424 893 ».
1449 866 1484 893 Et
1504 866 1674 894 contrarius
1696 870 1737 894 est
1760 866 1896 903 operibns
1916 865 2043 900 nostris,
2072 864 2123 894 sci-

1273 912 1336 941 licet
1357 912 1429 941 sicut
1454 913 1556 941 bonum
1586 916 1627 941 est
1654 913 1824 941 contrarium
1855 913 1942 947 malo,
1971 912 2122 941 secundum

1273 959 1341 987 illud
1362 959 1542 988 Ecclesiastici
1564 959 1705 995 trigesimo
1726 960 1843 988 tertio⁷:
1870 971 1883 985 α
1898 960 1999 988 Contra
2019 959 2121 987 malum

1274 1008 1327 1035 stat
1348 1006 1468 1040 bonum,
1490 1010 1518 1035 et
1539 1008 1635 1034 contra
1656 1006 1748 1034 virum
1771 1006 1875 1035 iustum
1898 1009 2026 1043 peccator
2040 1017 2067 1034 ».
2092 1006 2125 1034 Et

1274 1053 1458 1091 improperat
1478 1053 1560 1082 nobis
1578 1057 1699 1090 peecata
1721 1053 1820 1090 Legis,
1843 1053 1869 1081 id
1891 1056 1947 1088 est,
1969 1053 2035 1091 quia
2062 1060 2124 1090 pec-

1274 1108 1386 1134 camus,
1409 1100 1636 1137 transgrediendo
1651 1101 1764 1137 Legem3
1787 1100 1860 1129 unde
1876 1100 1982 1129 loannis
1996 1099 2124 1136 septimo:

1280 1159 1293 1172 ι(
1308 1148 1403 1176 Nonne
1424 1148 1529 1184 Moyses
1553 1147 1628 1176 dedit
1650 1147 1727 1176 vobis
1749 1148 1863 1184 Legem,
1885 1150 1912 1176 et
1926 1155 2007 1176 nemo
2021 1155 2056 1176 ex
2078 1154 2125 1175 vo-

1274 1194 1316 1222 bis
1338 1194 1402 1223 facit
1424 1195 1520 1231 Legem
1537 1197 1573 1222 »Ἰ
1596 1195 1631 1223 Et
1651 1193 1789 1232 diffamat
1811 1193 1839 1222 in
1861 1203 1930 1228 neS,
1953 1194 1977 1223 id
2000 1196 2041 1223 est
2062 1201 2126 1222 con-

1274 1244 1318 1269 tra
1340 1249 1405 1276 nos,
1428 1242 1470 1270 vel
1493 1242 1519 1270 in
1549 1250 1598 1270 nos
1627 1241 1829 1278 retorquendo,
1848 1245 1969 1279 peecata
1997 1240 2125 1278 discipli-

1273 1297 1329 1317 nae
1350 1292 1486 1322 nostrae,
1507 1289 1533 1317 id
1556 1292 1597 1317 est
1618 1289 1749 1323 dicendo,
1771 1289 1845 1326 quod
1877 1296 2041 1326 peccamus,
2070 1291 2126 1316 tra-

1275 1335 1392 1364 ditiones
1423 1338 1532 1364 nostras
1562 1336 1705 1370 docendo,
1739 1336 1781 1364 vel
1812 1335 1945 1370 tenendo,
1975 1336 2018 1364 vel
2039 1334 2125 1364 teneri

1275 1382 1418 1416 faciendo;
1450 1382 1524 1411 unde
1557 1383 1684 1411 Matthaei
1716 1383 1823 1411 decimo
1854 1383 1970 1420 quinto:
2001 1394 2015 1408 «
2035 1382 2126 1419 Quare

1275 1429 1501 1467 transgredimini
1524 1430 1683 1458 mandatum
1706 1430 1753 1459 Dei
1777 1433 1891 1467 propter
1907 1430 2066 1459 traditiones
2080 1437 2126 1458 ve—

1274 1479 1346 1505 stras
1361 1489 1374 1502 »
1388 1479 1399 1504 ἲ

1355 1523 1444 1560 (Vers.
1470 1523 1534 1559 13.).
1565 1523 1731 1557 Promittit,
1756 1532 1785 1552 se
1813 1524 1966 1552 seientiam
1996 1523 2048 1552 Dei
2074 1522 2125 1551 lia-

1274 1570 1352 1604 bere·
1370 1570 1500 1599 Glossass:
1527 1570 1580 1599 «ld
1596 1573 1637 1599 est
1658 1570 1750 1599 omnia
1771 1571 1842 1600 scire
1864 1574 1994 1608 tanquam
2013 1571 2087 1599 Deus
2099 1580 2126 1604 n,

1273 1622 1300 1647 et
1321 1618 1373 1647 hoc
1394 1621 1530 1655 quantum
1554 1618 1587 1646 ad
1602 1617 1764 1646 essentiam.
1781 1618 1817 1647 Et
1830 1619 1941 1647 Filiam
1963 1618 2015 1646 Dei
2027 1626 2056 1646 se
2076 1626 2127 1645 no—

1274 1666 1383 1700 minat,
1414 1665 1467 1694 «id
1498 1668 1540 1694 est
1571 1665 1628 1694 Deo
1655 1656 1929 1695 consubstantialem
1948 1670 1976 1694 et
2005 1667 2127 1694 coaeter-

1275 1722 1343 1742 num
1359 1725 1385 1747 »,
1407 1712 1499 1750 quoad
1517 1720 1695 1749 personam,·
1716 1712 1823 1741 Ioannis
1852 1713 1964 1749 quinto:
1991 1723 2004 1737 ιε
2020 1711 2127 1740 Patrem

1275 1769 1358 1791 suum
1379 1760 1488 1789 dicebat
1508 1760 1609 1794 Deum,
1632 1760 1775 1797 aequalem
1795 1768 1824 1788 se
1845 1760 1948 1789 faciens
1968 1760 2025 1788 Deo
2035 1764 2067 1787 ».’
2084 1758 2128 1787 Sic

1275 1808 1392 1845 quilibet
1413 1808 1503 1836 iustus
1535 1807 1688 1840 seientiam
1715 1806 1766 1835 Dei
1796 1807 1879 1836 habet
1910 1806 1937 1835 in
1968 1806 2126 1840 intellectu,

1274 1856 1356 1893 silias
1378 1855 1431 1884 Dei
1451 1858 1493 1884 est
1513 1863 1563 1892 per
1584 1854 1700 1892 gratiam
1722 1854 1749 1882 in
1771 1854 1888 1889 assectu;
1911 1854 1985 1883 unde
2005 1853 2033 1882 in
2055 1853 2128 1882 Psal-

1275 1910 1334 1931 mo:
1362 1914 1375 1927 «
1391 1902 1445 1939 Ego
1466 1902 1541 1930 dixi:
1563 1901 1606 1929 Dii
1627 1901 1692 1930 estis
1711 1913 1738 1935 »,
1761 1901 1864 1930 scilicet
1885 1901 2002 1930 scientes
2022 1901 2126 1929 honum

1276 1952 1303 1977 et
1326 1949 1446 1982 malum,
1474 1952 1529 1977 «et
1549 1949 1597 1977 filii
1621 1948 1727 1977 Excelsi
1748 1956 1845 1977 omnes
1859 1960 1885 1976 ».

1355 1997 1466 2025 Faetus
1486 1999 1526 2024 est
1546 1996 1629 2025 nobis
1650 1996 1681 2024 in
1704 1995 1924 2024 traductionem.
1947 1995 1993 2024 Hic
2014 1994 2127 2032 ponitur

1277 2051 1360 2071 causa
1381 2051 1495 2071 movens
1516 2051 1552 2072 ex
1574 2045 1652 2080 parte
1673 2042 1895 2081 cogitationum,
1918 2044 1946 2070 et
1962 2042 2054 2079 primo
2068 2044 2127 2070 tan-

1276 2091 1351 2127 gitur
1373 2090 1569 2127 cogitationum
1596 2090 1761 2119 ludaeorum
1788 2098 1838 2127 per
1862 2089 2003 2118 Christum
2032 2088 2127 2128 mani-

1277 2136 1410 2174 festatio;
1432 2137 1566 2171 secundo,
1587 2136 1836 2174 manifestationis
1856 2135 1987 2174 effeetaS‚
2009 2144 2064 2165 non
2091 2144 2127 2165 ex

1276 2186 1356 2221 parte
1376 2184 1477 2219 Christi
1499 2187 1644 2219 causatus,
1664 2184 1711 2213 sed
1732 2192 1769 2213 ex
1784 2187 1862 2221 parte
1884 2184 2061 2218 Iudaeorum,
2077 2183 2129 2212 sci—

1278 2231 1341 2260 licet
1362 2231 1464 2260 invidia
1485 2239 1600 2271 eorum,
1622 2231 1675 2260 ibi:
1702 2232 1811 2260 Gravis
1832 2234 1871 2260 est
1892 2233 1943 2260 etc.

1357 2278 1446 2314 (Vers.
1482 2278 1547 2312 ili).
1580 2279 1690 2307 Faetus
1721 2281 1762 2307 est
1791 2278 1874 2307 nobis
1905 2278 1937 2306 in
1968 2277 2128 2306 traductio-

1277 2334 1359 2359 nem,
1382 2325 1407 2353 id
1429 2327 1471 2354 est
1491 2325 1519 2353 in
1541 2325 1774 2362 propalationem,
1790 2325 1996 2362 eoyitationam
2012 2327 2128 2353 nostra-

1278 2381 1366 2406 rnm,·
1386 2372 1519 2401 Glossa⁰z
1541 2384 1554 2397 «
1569 2372 1752 2410 Cogitationes
1772 2376 1881 2402 nostras
1903 2371 2023 2401 traducit
2043 2371 2071 2400 in
2089 2371 2129 2400 lu-

1279 2428 1339 2449 cem
1355 2431 1383 2453 »,
1404 2419 1431 2448 id
1459 2422 1516 2454 est,
1538 2422 1621 2448 extra
1646 2419 1724 2448 ducit
1743 2419 1771 2448 in
1800 2419 1940 2453 notitiam;
1969 2418 2043 2447 unde
2063 2419 2129 2447 Mat-

1280 2467 1352 2495 thaei
1384 2475 1472 2495 nono:
1497 2478 1511 2491 «
1530 2467 1563 2495 Ut
1594 2466 1661 2504 quid
1682 2466 1807 2504 cogitatis
1838 2467 1910 2495 mala
1940 2466 1968 2495 in
1999 2465 2129 2495 cordibus

434 2646 442 2659 ¹
461 2647 531 2675 Epist.
549 2648 564 2670 Ι.
580 2647 632 2670 Cor.
651 2648 671 2676 l,
690 2648 728 2670 27.
751 2650 772 2669 et
794 2648 832 2669 28.
850 2661 880 2663 —
898 2648 1006 2676 Sequitur
1029 2649 1053 2670 ΙΙ.
1070 2647 1122 2671 Cor.
1141 2648 1182 2674 i‘z,
1200 2648 1223 2669 9.

434 2685 443 2698 ²
461 2687 521 2709 Haec
538 2686 649 2714 expositio
662 2689 696 2709 est
712 2687 842 2709 secundum
860 2687 965 2709 Glossain
983 2686 1145 2714 ordinariam,
1163 2693 1223 2708 sum-

373 2729 418 2748 tam
437 2732 463 2749 ex
480 2726 584 2749 Rabano.

435 2763 444 2776 Β
462 2765 527 2794 Εᾱό,,
545 2765 754 2788 contradicentibus
776 2766 852 2794 codd.,
871 2767 915 2788 hoc
937 2766 1064 2788 secundum
1088 2765 1221 2787 membrum

371 2804 463 2827 omittit.

434 2842 444 2855 ⁴
462 2844 527 2866 Vers.
545 2844 567 2866 6.
583 2857 614 2860 -
632 2844 764 2873 Sequuntur
787 2844 801 2866 1.
818 2844 878 2867 Petr.
897 2845 924 2870 2,
942 2845 987 2871 22;
1007 2844 1049 2866 ler.
1072 2844 1114 2871 23,
1133 2843 1153 2865 5.
1173 2843 1224 2871 (hic.

373 2883 438 2906 locus
455 2889 508 2906 cum
526 2883 677 2910 explicatione
693 2883 806 2906 omittitur
823 2883 852 2905 ah
869 2883 933 2912 edd.)
951 2886 974 2905 et
990 2883 1040 2906 lsai.
1060 2883 1101 2911 45,
1119 2883 1140 2905 8.

435 2920 445 2934 ⁶
462 2922 529 2944 Vers.
546 2922 568 2944 6.
585 2934 616 2939 —
633 2923 685 2951 Seq.
704 2923 767 2946 locus
784 2925 818 2944 est
835 2924 859 2945 ll.
876 2922 929 2945 Cor.
948 2922 970 2950 7,
989 2924 1011 2944 2.

436 2959 445 2973 ‘³
463 2961 553 2983 Scilicet
581 2960 749 2984 interlinearis.
776 2974 806 2977 —
831 2962 965 2991 Sequuntur
991 2962 1039 2984 Act.
1066 2962 1107 2989 lo,
1133 2962 1171 2983 38.
1203 2963 1226 2983 et

372 3001 435 3024 ioan.
455 3000 491 3029 11,
510 3000 547 3023 48,

1342 2645 1350 2658 ⁷
1370 2647 1435 2668 Vers.
1454 2646 1498 2668 ⁴5:
1515 2645 1598 2668 Contra
1616 2646 1702 2667 malum
1721 2644 1809 2667 bonum
1833 2648 1878 2672 est,
1895 2647 1917 2667 et
1934 2647 2015 2667 contra
2030 2646 2128 2667 mortem

1280 2686 1340 2714 vita,
1358 2685 1391 2708 sic
1415 2688 1437 2707 ot
1463 2687 1540 2707 contra
1567 2684 1645 2707 virum
1662 2687 1705 2707 etc.
1722 2697 1753 2701 —-
1770 2684 1820 2706 Duo
1843 2690 1909 2712 seqq.
1925 2684 1967 2706 loci
1990 2685 2044 2706 sunt
2066 2683 2127 2706 Ioan.

1280 2725 1302 2752 7,
1321 2725 1358 2747 49.
1375 2728 1397 2747 et
1413 2725 1490 2747 Matth.
1508 2724 1550 2751 45,
1569 2725 1591 2747 3.

1344 2762 1353 2775 ⁸
1371 2765 1459 2791 Nempe
1475 2762 1650 2786 interlinearis:
1670 2771 1681 2782 α
1694 2762 1776 2785 Omnia
1793 2762 1877 2784 scillcet
1897 2768 1922 2784 so
1943 2761 2003 2784 scire
2020 2764 2129 2790 tanquam

1281 2804 1356 2826 Deum
1372 2812 1392 2825 π,
1417 2803 1501 2826 Eadem
1527 2803 1622 2825 Glossa:
1644 2801 1734 2825 Filiam
1758 2801 1813 2830 Dei,
1836 2801 2010 2824 substantialem
2036 2801 2083 2823 Deo
2108 2804 2130 2823 et

1282 2845 1438 2865 coaeternum.
1450 2855 1481 2858 ——
1493 2843 1626 2871 Sequuntur
1643 2842 1704 2864 loan.
1716 2842 1743 2869 5,
1756 2841 1794 2863 48,
1813 2843 1833 2863 et
1852 2841 1887 2863 l‘s.
1905 2841 1942 2869 Sl,
1958 2841 1979 2862 6.
1997 2841 2053 2863 Gen.
2065 2840 2092 2867 3,
2104 2840 2130 2862 5:

1282 2882 1308 2904 Et
1325 2881 1387 2903 eritis
1404 2881 1463 2903 sicut
1480 2881 1524 2907 dii,
1541 2880 1639 2903 scientes
1656 2879 1743 2902 bonum
1760 2881 1783 2902 et
1800 2880 1895 2902 malum.

1344 2918 1354 2931 ⁹
1372 2920 1461 2942 Scilicet
1478 2918 1646 2942 interlinearis.
1657 2931 1688 2935 —
1704 2918 1808 2941 Subinde
1826 2919 1953 2946 allegantur
1970 2918 2045 2940 Matth.
2063 2917 2090 2944 9,
2110 2916 2131 2939 4.

1283 2963 1305 2982 et
1323 2961 1343 2987 l,
1362 2960 1398 2982 49.

2268 0 2271 63 ἒ
2287 0 2290 62 l

2288 117 2290 131 l

2289 217 2291 256 l

2287 279 2291 341 l

2269 346 2291 694 l

2270 681 2292 851 ‘l

2288 1056 2293 1192 l

2287 1201 2293 1456 ε

2144 1528 2232 1547 Tertium.

2290 1857 2294 1977 ι

2144 1997 2235 2020 Secundo,
2245 2001 2263 2016 ex

2144 2023 2197 2045 pai-te
2204 2020 2263 2044 cogita-

2145 2045 2214 2064 tionum
2233 2043 2264 2063 duo
2276 2049 2278 2051 ¹

2144 2070 2247 2093 tanguntur.
