2296 3316
305 684 400 711 Eipositio

296 707 406 732 spiritualis.

296 917 411 937 Notandum.

290 1151 376 1174 Quinque
382 1156 424 1174 por-

301 1175 347 1201 ticus
361 1174 424 1198 poeni-

301 1200 377 1216 tentiae.

286 1619 416 1645 Consideratio

319 1648 386 1666 prima.

319 1806 412 1824 Secunda.

345 2181 415 2199 Tertia.

428 182 483 210 560

869 176 1093 205 COLLATIONES
1115 176 1146 204 IN
1167 175 1313 204 IOANNEM
1334 174 1402 202 CAP.
1425 173 1456 202 V.
1476 172 1568 201 COLL.
1592 172 1645 201 XX.
1668 172 1734 201 xxl.

960 324 1120 352 emarcum
1143 323 1173 350 V.
1197 323 1267 350 Post
1288 321 1357 350 haec
1378 324 1442 349 erat
1462 321 1523 349 dies
1544 319 1645 358 festus.

742 442 884 465 COLLATlO
903 442 954 464 XX.

507 537 596 573 (Vers.
612 538 660 572 2.).
678 537 726 563 Est
742 539 839 563 antem
862 534 1047 572 Ierosolymis
1060 532 1215 570 probatica
1230 532 1276 569 pi-

428 585 512 613 scina
534 587 584 612 etc.

511 633 532 659 l.
555 630 712 659 Moraliter:
733 629 850 667 piscina
878 631 920 657 est
945 628 1066 656 bumana
1091 626 1275 660 conscientia;

428 687 507 716 aqna
529 677 614 705 huius
632 676 765 713 piscinae,
782 676 967 712 lacrymarum
981 672 1165 707 abundantia3
1182 674 1276 710 [11196-

429 725 474 753 tas
488 731 601 753 movens
613 731 727 760 aquam,
743 721 887 759 inspiratio
898 720 1005 755 divina;
1018 719 1169 748 commotio
1181 728 1277 758 aquae

428 772 461 801 ad
483 771 652 801 sanationem
676 771 865 803 infirmorum,
886 768 1033 798 commotio
1055 767 1155 796 mentis
1176 767 1277 796 huma—

430 827 479 848 nae
500 818 534 847 ad
555 818 677 847 dolorem
700 817 743 846 vel
764 816 1004 853 compunctionem
1028 817 1221 851 peccatorum;
1242 814 1276 843 de

429 874 484 903 qua
506 864 688 894 commotione
704 864 827 892 Psalmus
840 864 865 891 ¹:
885 874 898 887 «
915 864 985 891 Sana
1006 861 1185 890 contritiones
1200 861 1275 895 eius,

429 913 494 949 quia
515 914 651 941 commota
672 913 713 939 est
729 922 754 938 n.
772 926 809 930 —
829 910 856 937 ln
879 909 930 938 hac
952 909 1056 946 piscina
1079 907 1194 936 lavanda
1211 910 1277 935 sunt

429 967 478 997 per
493 958 685 988 contritionem
700 956 783 985 corda
798 959 906 990 nostra,
921 959 953 984 ut
967 956 1094 992 placeant
1111 955 1167 983 Deo
1182 956 1277 982 nostra

429 1005 578 1038 sacrificia,
599 1004 665 1041 quia
690 1015 703 1028 «
725 1002 893 1032 sacrificium
915 1003 971 1031 Deo
997 1002 1112 1039 spiritus
1134 1000 1276 1030 contribu-

429 1053 501 1081 latus
516 1064 542 1079 n.

507 1099 533 1126 2.
561 1098 629 1126 Haec
654 1097 759 1134 piscina
784 1096 867 1124 habet
891 1095 1018 1133 quinque
1040 1094 1189 1131 porticus,
1211 1093 1278 1130 quia

429 1145 595 1183 poenitentia
611 1145 693 1173 habet
714 1144 837 1181 quinque
853 1142 991 1171 introitus.
1004 1158 1042 1162 —
1054 1142 1162 1170 Primus
1181 1140 1277 1169 introi-

430 1196 490 1226 tus,
513 1200 561 1228 per
583 1199 666 1228 quem
692 1190 832 1219 descendit
853 1192 981 1226 peccator
1008 1188 1042 1217 ad
1064 1187 1277 1225 poenitentiam,

429 1242 471 1268 est
488 1238 670 1267 consideratio
684 1237 814 1275 qratiae,
830 1244 913 1273 quam
929 1235 1044 1269 amisit,
1064 1235 1098 1263 ad
1113 1234 1276 1263 dolendam.

430 1302 466 1306 —
481 1284 623 1313 Secundus
645 1287 686 1313 est
707 1283 890 1313 consideratio
911 1282 1030 1320 calpae,
1052 1289 1137 1319 quam
1159 1281 1278 1310 commi-

429 1333 480 1367 sit,
502 1332 535 1361 ad
557 1331 792 1360 erubescendam.
816 1347 852 1352 -—
877 1330 1003 1364 Tertius,
1030 1329 1213 1358 consideratio
1234 1328 1279 1357 cti—

432 1380 515 1408 vinae
536 1379 680 1412 iustitiae,
710 1386 793 1415 quam
823 1377 953 1416 offendit,
982 1376 1015 1405 ad
1044 1376 1214 1405 timendam.
1241 1392 1277 1396 —

430 1427 568 1464 Quartus,
594 1426 776 1455 consideratio
799 1434 909 1462 poenae
933 1428 1085 1458 aeternae,
1110 1432 1195 1461 quam
1220 1432 1278 1451 nze-

432 1474 507 1507 rait,
529 1473 562 1501 ad
585 1472 773 1501 horrendum.
790 1489 827 1492 —
843 1472 978 1508 Quintus,
1001 1470 1183 1500 consideratio
1204 1470 1278 1498 (liui-

431 1529 485 1549 nae
502 1520 737 1553 misericordiae,
753 1527 824 1556 quae
840 1519 878 1548 illi
894 1519 1038 1552 occurrit,
1054 1517 1087 1546 ad
1103 1517 1276 1546 amancium.

511 1567 536 1596 3.
561 1567 668 1595 Primus
683 1567 767 1604 igitur
785 1569 826 1595 est
841 1566 1024 1595 consideratio
1037 1568 1133 1594 statas
1146 1564 1277 1602 gratiae,

431 1623 514 1652 quem
529 1614 620 1643 amisit
635 1616 770 1651 peccator.
791 1613 841 1642 Per
858 1613 932 1641 hunc
949 1612 1072 1641 introivit
1087 1612 1196 1645 Petrus,
1212 1611 1279 1639 Mat-

431 1662 504 1690 thaei
530 1660 661 1697 vigesimo
683 1663 763 1688 sexto
774 1660 794 1693 2,
820 1659 944 1696 quaudo,
974 1671 988 1684 «
1004 1658 1166 1688 recordatus
1186 1658 1277 1692 verbi,

431 1708 504 1745 quod
525 1708 635 1736 dixerat
650 1708 674 1736 ei
697 1707 786 1740 lesus,
801 1706 889 1735 exivit
910 1706 984 1735 foras
1003 1709 1030 1735 et
1048 1706 1124 1734 flevit
1138 1713 1231 1733 amare
1247 1716 1277 1739 »;

431 1755 605 1792 Apocalypsis
626 1754 763 1783 secundo:
791 1754 922 1782 «Memor
944 1757 1017 1787 esto,
1040 1753 1113 1781 unde
1127 1752 1278 1786 excideris,

431 1806 457 1831 et
480 1801 674 1838 poenitentiam
696 1808 745 1837 age
760 1812 773 1825 »
798 1803 849 1829 etc.
871 1817 910 1820 —
928 1800 1072 1828 Secundus
1093 1802 1134 1828 est
1155 1799 1279 1828 conside-

430 1849 501 1877 ratio
516 1848 619 1885 eatpae
633 1844 812 1875 commissae.
830 1847 880 1875 Per
902 1846 977 1875 hunc
995 1846 1141 1874 introitum
1165 1846 1279 1874 intravit

430 1894 516 1923 David
527 1894 554 1922 in
567 1893 712 1930 piscinam,
725 1893 837 1922 secundi
855 1893 958 1929 Regum
970 1892 1080 1926 ultimo,
1094 1892 1205 1929 quando
1216 1899 1280 1928 per-

431 1942 516 1971 cussit
535 1949 582 1969 cor
603 1949 687 1969 suum
708 1943 769 1977 post
794 1939 1029 1968 enumerationem
1056 1939 1149 1976 populi
1172 1939 1278 1967 dicens:

435 2000 448 2013 «
464 1988 573 2017 Peccavi
596 1987 674 2016 valde
702 1987 730 2015 in
751 1987 803 2015 hoc
832 1986 918 2020 facto;
941 1985 988 2014 sed
1010 1993 1124 2022 precor,
1147 1985 1278 2020 Domine,

430 2035 550 2064 transfer
572 2034 745 2071 iniquitatem
761 2033 833 2062 servi
849 2032 902 2066 tui,
919 2032 984 2069 quia
1002 2033 1086 2061 stulte
1100 2032 1142 2069 egi
1158 2032 1241 2061 nimis
1252 2043 1278 2066 »;

432 2081 560 2111 leremiae
582 2081 716 2110 secundo:
743 2092 756 2105 «
772 2080 838 2109 Vide
853 2080 911 2109 vias
925 2082 988 2108 tuas
1002 2080 1030 2107 in
1045 2079 1184 2113 convalle;
1201 2079 1278 2113 scito,

432 2128 498 2166 quid
520 2128 617 2157 feceris
632 2139 662 2162 »;
679 2128 817 2156 psalmus:
838 2139 850 2152 «
866 2126 986 2164 Cogitavi
1009 2129 1036 2156 et
1051 2126 1174 2155 converti
1197 2126 1280 2163 pedes

433 2183 508 2204 meos
521 2187 534 2200 »
558 2178 609 2203 etc.
623 2191 659 2195 —
672 2174 782 2203 Tertius
797 2177 838 2203 est
853 2173 1036 2202 consideratio
1057 2172 1181 2211 offensa-e
1195 2173 1281 2201 iusti-

432 2223 489 2251 tiae
510 2222 635 2250 divinae.
658 2222 709 2250 Per
731 2221 806 2249 hunc
828 2221 941 2249 intravit
963 2220 1128 2257 publicanus
1150 2220 1176 2248 in
1201 2220 1281 2257 pisci-

432 2278 509 2303 nam,
532 2270 620 2297 Lucae
634 2268 740 2297 decimo
754 2271 851 2296 octavo
866 2267 886 2301 ³,
902 2267 950 2304 qui
966 2275 1032 2304 prae
1048 2267 1146 2295 timore
1161 2267 1281 2296 iustitiae

437 2327 449 2340 α
465 2315 574 2344 nolebat
594 2315 690 2343 oculos
711 2315 803 2343 levare
824 2314 857 2342 ad
886 2314 1010 2348 caelum,
1032 2313 1080 2342 sed
1109 2313 1282 2350 percutiebat

432 2366 529 2399 pectus
549 2370 632 2391 suum
653 2362 759 2390 dicens:
783 2362 873 2395 Deus,
897 2361 1034 2398 propitius
1049 2364 1108 2390 esto
1128 2361 1196 2389 mihi
1219 2369 1281 2397 pec-

433 2409 517 2438 catori
533 2420 564 2442 »;
591 2408 657 2445 quia
678 2409 760 2437 timeo
782 2408 931 2441 iustitiam,
953 2408 1014 2436 ideo
1035 2408 1153 2444 imploro
1175 2407 1282 2436 miseri-

433 2456 570 2490 cordiam;
592 2455 626 2484 ad
648 2455 784 2484 Hebraeos
812 2455 918 2484 decimo
939 2455 978 2483 ait
1005 2455 1166 2491 Apostolus:
1194 2465 1206 2479 1<
1227 2454 1283 2482 Sci—

434 2511 509 2537 mus,
530 2503 577 2540 qui
599 2503 685 2531 dixit:
708 2503 770 2531 Mihi
795 2502 927 2536 vindicta,
950 2505 977 2531 et
997 2510 1048 2539 ego
1070 2502 1240 2536 retribuam3
1256 2504 1284 2530 et

434 2551 551 2580 iterum:
575 2551 707 2579 Dominus
728 2550 859 2578 iudicabit
888 2550 1022 2586 populum
1049 2557 1141 2578 suum.
1164 2549 1283 2577 Horren-

500 2695 507 2707 1
527 2696 607 2718 Dsalm.
626 2695 667 2723 59,
687 2695 708 2718 t.
725 2708 755 2712 —
773 2695 876 2718 Subinde
893 2696 1004 2723 allegatur
1022 2696 1057 2718 ΡΞ.
1076 2696 1116 2722 50,
1138 2696 1172 2717 19.

498 2733 507 2746 ²
526 2735 590 2756 Vers.
609 2734 646 2756 75.
664 2747 694 2751 —
712 2735 815 2763 Quatuor
840 2741 906 2763 seqq.
931 2735 973 2757 loci
999 2738 1053 2757 sunt
1077 2736 1149 2763 Apoc.
1167 2736 1194 2762 2,
1212 2735 1240 2763 5;
1259 2735 1283 2757 ll.

436 2773 675 2801 Reg.-24,10;1e1».
694 2775 719 2801 ⁴2,
738 2774 774 2796 23.
793 2777 814 2796 et
832 2774 865 2796 Ps.
889 2774 942 2801 118,
961 2774 999 2796 59.

499 2811 508 2823 ³
526 2812 591 2834 Vers.
613 2812 647 2834 13.
666 2825 696 2828 —
714 2812 817 2835 Subinde
834 2813 960 2841 allegantur
982 2812 1052 2835 Hebr.
1074 2813 1115 2841 10,
1133 2813 1170 2835 30.
1188 2819 1244 2842 seq;
1261 2816 1283 2835 et

437 2851 476 2874 lob
502 2851 544 2877 42,
562 2851 584 2873 5
601 2857 650 2880 seq.
668 2863 699 2867 —-
716 2851 771 2874 Cod.
790 2851 806 2874 C
824 2852 906 2874 omittit
931 2858 957 2874 ea
979 2858 1040 2881 quae
1063 2854 1115 2880 post
1140 2851 1232 2875 Tertius
1249 2853 1284 2875 est

437 2894 565 2919 sequuntur
583 2897 657 2919 usque
674 2891 703 2913 ad
722 2891 786 2919 Ecce,
804 2898 879 2914 sanus
896 2891 973 2920 factus
991 2898 1014 2914 es
1033 2891 1120 2919 (Collat.
1139 2892 1194 2920 21.).

499 2928 508 2940 ⁴
527 2929 591 2951 Vers.
610 2929 631 2951 6.
648 2941 679 2945 —
697 2929 830 2957 Sequuntur
848 2931 879 2952 lll.
897 2931 954 2958 Reg.
972 2931 1014 2957 21,
1033 2930 1073 2958 27;
1091 2931 1146 2952 Luc.
1162 2929 1189 2957 7,
1208 2929 1243 2952 47.
1262 2933 1284 2952 et

436 2968 478 2989 Ier.
497 2968 523 2995 3,
545 2968 562 2990 l.

1333 438 1399 466 dum
1421 440 1462 467 est
1483 437 1604 467 incidere
1626 437 1653 466 in
1676 445 1775 466 manus
1795 437 1844 466 Dei
1867 437 1984 466 viventis
1999 447 2030 472 »3
2053 437 2099 466 lob
2113 445 2182 474 qua-

1332 485 1489 522 dragesimo
1509 485 1645 514 secundo:
1672 496 1686 510 «
1701 484 1802 513 Auditu
1823 484 1900 513 auris
1920 484 2013 513 audivi
2036 486 2078 518 te;
2107 492 2182 512 nunc

1333 535 1426 561 autem
1447 532 1545 561 oculus
1560 539 1639 561 meus
1662 531 1734 560 videt
1755 534 1789 560 te.
1814 531 1917 560 Idcirco
1937 539 1982 560 me
2007 530 2182 568 reprehendo
2289 547 2294 569 Ι

1333 583 1360 609 et
1380 588 1432 616 ago
1453 579 1648 616 poenitentiam
1664 591 1677 604 n
1703 581 1754 607 etc.
1771 594 1807 599 —
1822 578 1945 615 Quartus
1966 581 2008 607 est
2025 577 2182 607 considera·
2199 583 2271 607 Quarta.
2290 572 2294 599 ²⁴

1333 627 1371 656 tio
1390 635 1500 664 poenae
1520 626 1649 655 meritae.
1673 626 1722 655 Per
1745 625 1821 654 hunc
1842 625 1967 654 introivit
1982 633 2035 654 rex
2056 624 2182 660 Ninivae,
2292 624 2293 662 J

1334 674 1413 703 lonae
1434 674 1516 703 tertio
1528 674 1548 708 ⁴,
1570 673 1617 710 qui
1640 673 1673 701 ad
1694 680 1789 702 vocem
1806 672 1885 701 Ionae
1907 672 2099 701 comminantis
2117 672 2183 701 sub-
2291 683 2296 714 g

1334 720 1488 749 versionem
1511 720 1629 749 civitatis
1654 731 1667 745 «
1683 719 1809 749 surrexit
1830 719 1864 748 de
1889 719 1958 748 solio
1979 726 2055 748 suo»
2075 721 2127 748 etc.
2143 718 2183 747 Si-
2292 715 2296 762 ξ

1334 768 1399 797 mile
1420 768 1454 797 de
1475 768 1582 802 Achab,
1605 767 1678 797 tertii
1701 768 1805 804 Regum
1826 766 1988 804 penultimo.
2004 782 2042 787 —
2063 766 2183 803 Quintus
2199 769 2273 794 Quinta·

1333 817 1375 844 est
1395 814 1578 843 consideratio
1599 814 1717 843 divinae
1738 813 1975 847 misericordiae,
1997 820 2069 850 quae
2094 813 2183 842 homi-

1334 869 1396 891 nem
1418 861 1569 898 praevenit.
1592 862 1642 890 Per
1674 861 1749 889 hunc
1780 860 1905 889 introivit
1933 860 2106 898 Magdalena,
2131 861 2184 889 Lu-

1334 916 1381 937 cae
1402 908 1535 944 septimo,
1557 907 1602 936 cui
1628 919 1641 932 «
1653 907 1766 936 dimissa
1787 910 1853 936 sunt
1873 910 1986 944 peccata
1999 907 2099 942 multa,
2114 915 2183 945 quo-

1334 955 1406 983 niam
1428 954 1525 982 dilexit
1547 954 1666 982 multum
1684 964 1714 987 n;
1738 953 1868 982 Ieremiae
1882 953 1980 982 tertio:
2007 965 2021 979 «
2036 953 2184 983 Revertere

1334 1001 1367 1029 ad
1389 1008 1446 1035 me,
1468 1003 1495 1029 et
1516 1008 1566 1037 ego
1588 1003 1614 1028 te
1636 1000 1783 1036 suscipiam
1807 1011 1834 1028 n.
1856 999 2042 1036 Gregorius⁵=
2069 1011 2083 1025 <t
2097 1000 2184 1029 Debe-

1334 1055 1397 1075 mus
1418 1046 1637 1075 misericordiam
1659 1046 1783 1074 vocantis
1797 1045 1980 1080 erubescere,
2002 1045 2083 1075 cuius
2104 1046 2183 1075 iusti-

1334 1094 1400 1122 tiam
1422 1093 1554 1122 nolumus
1574 1093 1724 1121 formidare
1739 1104 1753 1118 »
1778 1095 1830 1121 etc.

1413 1140 1440 1168 4.
1465 1140 1625 1169 Considera
1653 1140 1738 1177 igitur
1759 1140 1877 1177 gratiam
1898 1140 2027 1169 amissam
2055 1143 2083 1169 et
2103 1140 2183 1174 dole,-

1335 1187 1445 1224 culpam
1460 1187 1634 1215 commissam
1657 1190 1684 1215 et
1698 1186 1848 1220 erubesee;
1869 1186 1991 1215 divinam
2005 1186 2140 1216 iustitiam
2156 1191 2184 1217 et

1336 1235 1419 1268 time;
1440 1242 1556 1271 poenam
1577 1237 1719 1262 aeternam
1740 1236 1767 1262 et
1788 1232 1893 1267 horre;
1920 1233 2042 1262 divinam
2063 1234 2184 1264 clemen-

1335 1281 1400 1310 tiam
1423 1284 1450 1310 et
1471 1280 1566 1318 ditiqe.
1590 1280 1639 1309 Per
1662 1280 1730 1309 haec
1750 1280 1886 1309 descende
1906 1280 1933 1309 in
1963 1280 2096 1317 piscinam
2119 1290 2184 1319 poe-

1335 1328 1475 1357 nitentiae.

2294 845 2296 859 1

2201 1143 2288 1164 anian-iul

1669 1429 1797 1452 Ansorario
1819 1429 1853 1451 18.

1414 1516 1503 1552 (Vers.
1526 1516 1574 1551 3.).
1598 1517 1633 1544 ln
1654 1514 1700 1544 liis
1721 1515 1834 1544 iacebat
1857 1515 2014 1545 multitudo
2043 1516 2184 1554 lanquen-

1336 1564 1424 1598 tium,
1446 1572 1618 1598 eaeeorum,
1640 1563 1833 1597 claudorum,
1855 1563 2023 1592 aridorum.

1417 1612 1441 1639 1.
1451 1611 1531 1639 Nota:
1544 1613 1658 1648 peccant
1669 1610 1748 1639 caeci
1759 1618 1808 1647 per
1817 1610 1999 1647 ignorantiam
2010 1613 2107 1640 contra
2117 1610 2189 1640 Filii
2203 1611 2290 1656 effigia

1334 1658 1513 1695 sapientiam
1520 1668 1530 1691 ‚·
1551 1658 1679 1686 Matthaei
1701 1657 1808 1694 decimo
1829 1657 1963 1694 quintoss:
1991 1668 2005 1683 a
2019 1657 2097 1687 Caeci
2119 1660 2185 1687 sunt
2274 1649 2278 1655 ’

1336 1708 1363 1734 et
1387 1705 1472 1733 duces
1494 1712 1640 1733 caecorum
1656 1716 1681 1732 ».
1708 1721 1747 1725 —
1773 1704 1897 1738 Claudi,
1926 1711 1975 1741 per
1996 1704 2185 1741 impotentiam
2199 1705 2291 1731 Quidclai

1336 1755 1432 1781 contra
1454 1752 1557 1780 Patris
1576 1751 1752 1789 potentiam,-
1780 1751 1813 1779 ad
1842 1751 1980 1780 Hebraeos
2007 1750 2185 1780 duodecimo:

1342 1811 1355 1824 ιι
1370 1799 1487 1828 Gressus
1508 1801 1598 1827 rectos
1619 1798 1699 1827 facite
1720 1798 1837 1835 pedibus
1858 1797 1974 1832 vestris,
1995 1800 2027 1826 ut
2048 1806 2103 1826 non
2124 1797 2188 1835 quis

1336 1845 1493 1874 claudicans
1514 1847 1605 1879 erret,
1626 1844 1713 1881 magis
1734 1847 1827 1873 autem
1849 1846 1963 1873 sanetur
1978 1855 2004 1872 ».
2026 1860 2065 1864 ——
2084 1844 2187 1878 Aridi,
2203 1846 2252 1871 Quid
2265 1846 2290 1865 ἐπὶ

1336 1900 1386 1929 per
1408 1892 1539 1920 malitiam
1561 1894 1657 1920 contra
1673 1891 1803 1928 Spiritus
1824 1891 1922 1919 saneti
1943 1891 2117 1925 bonitatem,·
2139 1891 2188 1920 Ec-

1337 1938 1480 1968 clesiastici
1503 1938 1644 1975 trigesimo
1658 1938 1790 1974 septimo:
1811 1949 1824 1962 «
1839 1937 1862 1966 O
1883 1938 2054 1974 praesumtio
2075 1938 2187 1975 nequis-

1337 1986 1420 2014 sima!
1444 1984 1517 2014 unde
1538 1988 1631 2013 creata
1652 1992 1696 2018 es,
1718 1984 1862 2021 cooperire
1882 1984 1986 2013 aridam
2013 1984 2119 2013 malitia
2145 1985 2188 2014 vel

1336 2033 1480 2061 dolositate
1502 2032 1576 2060 illius
1590 2035 1622 2060 »ζ’

1418 2081 1444 2108 2.
1461 2079 1509 2108 Vel
1531 2079 1585 2108 sic:
1608 2078 1734 2107 caecitas
1755 2081 1796 2107 est
1817 2078 1990 2116 ignorantia
2011 2078 2189 2112 intelleetns‚·
2206 2081 2292 2123 ⁵¹⁵³i÷2f⁰

1338 2127 1505 2155 Psalmus7:
1532 2138 1545 2151 «
1561 2126 1714 2163 Dereliquit
1743 2133 1787 2154 me
1815 2125 1906 2154 virtus
1933 2133 2010 2160 mea;
2038 2129 2066 2155 et
2094 2126 2188 2155 lumen

1337 2174 1483 2202 oculorum
1511 2176 1704 2207 meorum„et
1725 2173 1816 2210 ipsum
1837 2181 1892 2201 non
1914 2175 1956 2202 est
1977 2180 2086 2202 mecum
2102 2184 2129 2202 ι).
2152 2189 2188 2194 -

1340 2221 1475 2249 Ariditas
1496 2224 1538 2249 est
1559 2220 1700 2249 indevotio
1715 2220 1747 2249 in
1768 2219 1894 2258 affecta;
1916 2220 2055 2250 Psalmus:
2083 2232 2096 2246 (ι
2110 2221 2189 2250 Aruit

1339 2271 1470 2305 tanquam
1493 2271 1563 2297 testa
1576 2280 1590 2293 »
1616 2270 1667 2296 etc.
1684 2283 1720 2288 —
1738 2264 1923 2296 Claudieatz'o
1944 2270 1987 2296 est
2007 2267 2189 2296 inordinatio

1339 2315 1369 2343 in
1384 2314 1501 2352 effecum
1524 2315 1662 2343 Psalmus:
1689 2326 1702 2339 «
1717 2314 1774 2342 Filii
1796 2314 1877 2343 alieni
1900 2314 2007 2343 mentiti
2023 2318 2089 2343 sunt
2103 2326 2117 2340 »
2137 2318 2188 2344 etc.

1656 2416 1799 2439 COLLATlO
1816 2416 1877 2439 XXl.

1421 2502 1510 2537 (Vers.
1526 2502 1592 2536 14).
1612 2503 1690 2535 Ecce,
1704 2510 1798 2530 sawnus
1812 2500 1911 2539 faetus
1922 2510 1968 2535 es;
1984 2502 2043 2530 iani
2059 2501 2191 2538 comptius

1340 2548 1402 2577 noli
1420 2557 1555 2586 peccare,
1576 2557 1612 2577 ne
1632 2549 1760 2577 deterius
1782 2548 1835 2577 tibi
1855 2548 1970 2587 aliquid
1991 2548 2149 2586 continqat.

1403 2693 1412 2706 ⁵
1430 2695 1532 2723 Regulae
1550 2695 1670 2723 pastoralis
1687 2702 1709 2723 p.
1728 2695 1760 2717 lll.
1778 2700 1797 2716 c.
1811 2695 1854 2717 28:
1871 2694 1988 2716 Debemus
2000 2693 2070 2722 igitur
2081 2693 2190 2721 pietatem

1339 2734 1444 2756 vocantis
1461 2733 1612 2761 erubescere,
1629 2734 1648 2756 si
1666 2734 1775 2756 iustitiam
1788 2734 1895 2756 nolumus
1912 2733 2048 2760 sormidare3
2061 2732 2115 2761 quia
2129 2734 2190 2755 tanto

1340 2773 1441 2800 graviori
1460 2768 1608 2801 improbitate
1625 2773 1791 2801 contemnitur,
1809 2775 1896 2801 quanto
1913 2775 1935 2794 et
1951 2774 2098 2800 contemptus
2114 2771 2191 2794 adhuc

1340 2817 1425 2834 vocare
1443 2818 1488 2834 non
1507 2812 1656 2840 dedignatur.

1403 2849 1412 2862 ⁵
1431 2851 1495 2873 Vers.
1526 2851 1560 2873 14.
1577 2863 1608 2868 -
1628 2851 1678 2873 Duo
1704 2857 1769 2879 seqq.
1795 2850 1837 2873 loci
1864 2852 1917 2872 sunt
1942 2849 2011 2872 Hebr.
2041 2850 2080 2876 12,
2107 2849 2143 2871 13.
2168 2851 2190 2871 et

1340 2890 1406 2913 Eccli.
1426 2891 1468 2917 37,
1487 2891 1509 2913 3.

1402 2927 1410 2940 '¹
1430 2930 1513 2952 Psalm.
1535 2929 1578 2957 37,
1608 2930 1642 2952 11.
1658 2942 1689 2946 -
1707 2930 1840 2958 Sequuntur
1865 2929 1901 2951 Ps.
1927 2929 1969 2956 21,
1999 2928 2032 2950 16.
2057 2930 2080 2950 et
2104 2926 2189 2950 deinde

1340 2969 1376 2991 Ps.
1398 2968 1436 2995 17,
1455 2968 1492 2991 46.
