2296 3316
0 1115 91 1182 tit·

13 1234 56 1254 tosp.
68 1229 87 1248 Ξ.

0 1383 1 1386 .
14 1374 57 1394 iesp.
69 1369 87 1389 3.

717 112 886 141 COMMENT.
908 112 941 141 IN
961 112 1109 141 IOANNEM
1129 112 1158 141 C.
1180 112 1233 141 XII.

103 200 217 231 parvam
238 192 295 221 vim
324 191 389 220 facit
415 191 444 220 in
474 191 577 220 divitiis
601 190 801 224 Ecclesiarum,
823 190 871 219 sed
891 198 949 218 ma-

102 247 184 277 gnam
205 239 233 267 in
255 239 386 267 thesauro
406 238 563 266 animarum
576 238 594 265 ¹.

182 285 208 314 3.
230 284 268 313 Ad
298 284 373 314 aliud
403 284 567 318 dicendum,
597 283 672 320 quod
702 291 757 311 non
785 283 948 320 corripuit,

80 332 167 370 .quia
188 331 302 365 sciebat,
324 330 399 368 quod
419 338 473 359 non
494 330 706 364 melioraretur,
727 329 775 358 sed
796 329 873 366 peior
889 329 950 358 effi-

102 381 230 413 ceretur3
252 385 303 407 nec
323 377 451 415 officium
472 376 609 410 abstulit,
631 383 666 405 ne
692 376 823 413 proderet
843 376 948 405 crimen

103 428 131 455 et
151 425 183 455 ad
206 425 297 454 maius
317 425 422 454 crimen
443 424 571 453 incitaret
581 423 601 452 ².

181 473 208 501 [ι.
230 472 268 502 Ad
287 471 363 500 aliud
383 471 546 505 dicendum,
567 470 657 507 quod,
678 469 751 499 sicut
770 469 836 498 dicit
856 470 949 498 Hiero-

102 527 203 557 nymus
219 519 240 554 ³,
268 519 402 548 Dominus
434 518 531 547 habuit
562 517 683 551 loculoS,
714 525 770 545 non
800 516 835 546 ad
865 524 948 546 usum

102 574 199 601 suum,
221 565 268 595 sed
290 565 377 603 magis
397 565 430 593 ad
452 572 536 593 usum
557 571 720 601 pauperum.
743 563 818 592 Unde
838 563 949 601 quando

102 613 183 645 solvit
203 613 378 647 didrachma,
400 611 474 641 misit
502 612 613 640 Petrum
642 610 677 639 ad
708 618 800 644 mare,
821 610 949 639 Matthaei

103 660 209 690 decimo
230 660 362 697 septimo,
385 658 432 687 ubi
454 658 559 687 invenit
589 657 710 694 pretium
732 657 760 686 in
780 665 829 686 ore
850 657 948 694 piscis;

103 707 169 745 quia
199 707 309 735 nolebat
339 714 371 735 ea
401 713 473 743 quae
504 705 568 734 data
597 708 677 734 erant
702 704 889 742 pauperibus,
921 704 948 733 in

103 762 187 783 usum
208 761 292 782 suum
313 756 484 782 convertere.
499 768 538 772 —-
559 752 616 780 Alia
636 752 722 786 ratio,
745 755 776 780 ut
797 752 949 781 innotesce-

103 804 146 830 ret
167 803 264 829 contra
285 799 438 829 haereticos
448 800 469 833 ⁴,
491 799 566 836 quod
594 799 689 828 liceret
721 799 855 828 Ecclesiae
882 807 949 828 suae

102 847 212 876 divitias
232 846 380 884 possidere.

184 894 227 923 13.
250 894 359 930 Quaest.
382 893 422 921 111.
445 893 511 922 Item
532 894 678 930 quaeritur
699 893 733 922 de
754 894 806 922 hoc
821 893 894 930 quod
909 893 950 922 di—

102 942 140 970 cit
160 941 188 970 in
210 941 315 970 littera:
338 940 428 969 Sinite
449 940 545 974 illam,
567 944 599 968 ut
620 940 650 969 in
678 940 755 969 diem
781 940 950 977 sepulturae

102 997 182 1017 meac
202 991 293 1017 servet
318 987 399 1016 illud.
422 987 448 1016 Si
470 987 542 1016 enim
564 987 721 1016 effuderat⁶
742 995 827 1024 super
850 990 949 1027 caput,

102 1035 241 1073 quomodo
262 1035 290 1063 in
311 1035 384 1063 diem
405 1035 566 1071 sepulturae
588 1037 696 1071 poterat
716 1037 903 1063 conservare?

181 1082 219 1111 Ad
241 1082 293 1111 hoc
320 1081 504 1118 respondetur
532 1080 694 1118 tripliciter:
716 1089 773 1110 uno
794 1080 876 1109 modo
907 1081 950 1109 lit-

103 1131 163 1158 tera
188 1128 340 1165 exponitur
362 1128 417 1164 sic,
447 1131 480 1156 ut
507 1132 600 1156 servet
619 1127 710 1162 illud,
732 1128 758 1156 id
780 1130 822 1156 est
842 1130 950 1164 partem

103 1183 141 1204 ex
161 1175 208 1203 illo
219 1175 239 1203 ⁵.
261 1175 314 1203 Sed
335 1174 402 1203 illud
424 1182 478 1202 non
500 1174 585 1208 valet;
608 1174 673 1211 quia
695 1182 748 1202 non
763 1174 847 1202 unxit
867 1174 951 1202 Maria

104 1230 206 1259 corpus
227 1221 335 1250 Domini
350 1221 377 1249 in
392 1221 436 1250 die
450 1221 619 1258 sepulturae.
636 1237 672 1242 —
688 1221 749 1250 Ideo
769 1221 884 1257 exponit
906 1220 950 1249 Vi-

104 1269 203 1298 ctor⁷:
224 1271 318 1297 servet
347 1268 438 1301 illud,
459 1267 486 1296 id
507 1271 549 1296 est
569 1267 742 1296 devotionem
774 1267 848 1296 circa
869 1267 950 1301 illud,

104 1315 208 1345 scilicet
228 1315 400 1345 devotionem
423 1314 559 1352 ungendi,
581 1315 647 1352 quia
666 1315 754 1344 voluit
775 1322 877 1351 corpus
897 1314 951 1342 Do-

104 1362 172 1392 mini
193 1370 313 1400 ungere,
342 1362 470 1399 quamvis
498 1370 552 1390 non
580 1362 703 1391 unxerit.
726 1378 762 1383 —-
784 1362 840 1390 Alio
868 1361 950 1390 modo

104 1409 155 1444 sic,
176 1413 208 1439 ut
229 1409 277 1438 fiat
297 1409 339 1438 vis
359 1408 387 1437 in
409 1409 495 1437 verbo
514 1409 654 1437 servandi
661 1420 671 1442 ;
691 1408 833 1437 ,ςενυιινεΒ
848 1408 950 1437 dicitur

104 1460 200 1486 contra
217 1456 354 1494 pcrdere;
375 1459 563 1493 unguentum,
584 1456 658 1492 quod
673 1456 700 1484 in
716 1459 819 1484 terram
834 1454 950 1484 effundi-

104 1506 168 1538 tur,
190 1503 334 1541 perditur,
356 1503 403 1532 sed
423 1511 479 1540 quo
493 1506 670 1532 mortuorum
685 1511 803 1540 corpora
817 1503 951 1532 condiun-

105 1554 168 1585 tur,
186 1551 274 1589 perdi
300 1559 355 1579 non
385 1550 501 1584 dicitur,
529 1550 577 1579 sed
607 1550 731 1579 servari.
764 1550 842 1579 Modo
863 1550 951 1579 voluit

104 1597 238 1627 Dominus
269 1600 365 1627 contra
389 1597 484 1626 Iudam
511 1597 619 1631 dicere,
640 1597 715 1634 quod
742 1605 797 1626 non
818 1600 860 1626 est
880 1596 951 1626 facta

105 1645 240 1682 unguenti
258 1644 399 1682 perditio,
421 1644 466 1673 sed
489 1645 669 1673 conservatio
690 1645 718 1673 in
732 1644 805 1673 diem
826 1644 951 1681 sepultu-

104 1700 152 1737 rae
167 1692 380 1729 praeveniendo;
395 1691 469 1721 unde
483 1691 585 1720 dicitur
600 1692 682 1720 Marci
697 1691 803 1720 decimo
818 1691 950 1728 quarto-‘⁹2

168 1849 175 1862 ¹
193 1850 366 1877 Theophylact„
383 1849 407 1872 in
425 1850 485 1872 ioan.
507 1850 545 1877 12,
563 1849 584 1872 4.
601 1856 679 1878 seqq.:
696 1850 800 1872 Nonnulli
812 1850 887 1877 aiunt,
899 1849 952 1872 ideo

105 1889 216 1912 creditam
233 1889 303 1912 ludae
319 1889 470 1917 pecuniarum
488 1889 683 1917 dispensationem
701 1895 744 1911 ceu
761 1889 875 1912 minorem
895 1889 951 1912 aliis.

105 1929 161 1951 Nam
179 1929 283 1957 pecuniis
294 1928 423 1950 ministrare
436 1928 513 1950 minus
531 1930 565 1950 est
581 1933 653 1956 quam
670 1928 800 1957 doctrinae;
817 1928 878 1951 sicut
894 1930 917 1950 et.
928 1928 951 1950 in

104 1967 167 1990 Actis
184 1966 220 1996 [6‚
239 1966 273 1996 2.]
290 1967 371 1989 dicunt
387 1966 503 1995 Apostoli:
515 1965 569 1989 Non
586 1965 640 1989 licet
649 1965 727 1994 nobis,
739 1966 821 1990 relicto
834 1972 951 1994 sermone,

104 2005 243 2029 ministrare
260 2005 355 2029 mensis.

167 2043 177 2056 ²
194 2045 298 2073 August„
315 2044 338 2066 in
356 2044 417 2067 loun.
434 2045 522 2072 Evang.
540 2046 567 2066 tr.
584 2044 622 2066 50.
640 2051 662 2066 n.
680 2044 721 2066 ll:
739 2044 815 2073 Quare
828 2045 902 2067 turem
914 2044 952 2066 ad-

105 2084 179 2112 misit,
196 2083 241 2106 nisi
257 2087 284 2106 ut
302 2084 352 2106 eius
374 2083 473 2106 Ecclesia
500 2084 561 2106 tures
585 2083 697 2111 patienter
722 2083 842 2106 tolerem...
868 2084 951 2106 Furem

103 2126 201 2146 noverat
223 2128 265 2145 nec
289 2122 415 2151 prodebat,
433 2122 473 2145 sed
490 2122 567 2150 potius
584 2122 696 2145 tolerabat
712 2125 734 2145 et
751 2122 781 2145 ad
801 2123 952 2151 perferendos

105 2163 180 2185 malos
198 2162 220 2184 in
236 2161 335 2184 Ecclesia
352 2160 421 2184 nobis
437 2161 569 2189 exemplum
580 2161 701 2189 patientiae
713 2161 894 2184 demonstrabat.
906 2161 952 2184 Cir.

106 2200 230 2229 Chrysam„
254 2201 277 2223 in
298 2201 359 2223 ioan.
384 2200 462 2223 homil.
485 2200 523 2222 65.
546 2200 610 2228 (alias
632 2200 678 2230 64.)
702 2207 724 2222 n.
751 2201 773 2223 2.
790 2213 821 2217 —
838 2201 879 2223 Ed.
897 2200 952 2224 inci-

105 2241 207 2263 teretur.

168 2277 178 2291 ⁸
195 2278 256 2301 Libr.
274 2279 307 2301 lll.
332 2278 460 2302 Comment.
487 2279 509 2300 in
532 2279 608 2301 Matth.
629 2278 666 2305 17,
684 2279 727 2306 26,
745 2278 783 2301 ubi
801 2278 824 2301 in
846 2279 892 2301 fine
909 2279 952 2306 ait,

106 2318 170 2347 quod
190 2326 201 2338 ιι
214 2320 288 2340 tantae
301 2317 413 2340 Dominus
431 2317 498 2339 suerit
515 2317 670 2345 paupertatis,
688 2320 712 2339 ut
729 2318 791 2340 unde
808 2317 893 2340 tributa
909 2324 952 2346 pro

105 2363 132 2380 se
148 2359 171 2380 et
187 2357 297 2385 Apostolo
321 2356 442 2385 redderet,
468 2362 514 2378 non
540 2356 655 2378 habuerit.
672 2356 759 2385 Quodsi
776 2357 829 2386 quis
851 2356 952 2380 obiicere

107 2396 217 2419 voluerit:
242 2399 265 2418 et
280 2396 399 2425 quomodo
416 2396 484 2418 ludas
499 2396 523 2418 in
541 2396 621 2418 loculis
637 2396 744 2424 portabat
761 2397 900 2424 pecuniam?
917 2403 953 2419 ref

107 2434 286 2464 spondebimus,
304 2441 353 2457 rem
379 2440 509 2463 pauperum
536 2434 559 2456 in
584 2440 640 2457 usus
656 2441 711 2457 suos
736 2439 872 2458 convertere
889 2437 953 2459 netas

107 2475 197 2504 putavit
213 2474 328 2503 nobisque
344 2474 406 2497 idem
425 2474 506 2497 tribuit
520 2475 662 2502 exemplum.
678 2474 724 2497 Csr.
742 2475 800 2497 intra
822 2475 861 2502 13,
873 2475 911 2498 29.
922 2487 953 2492 -

107 2513 203 2536 interius
220 2513 331 2541 allegatur
348 2513 424 2535 Mattn.
443 2512 480 2540 17,
498 2512 578 2535 23-26.

169 2551 179 2564 ‘¹
201 2552 255 2575 Aliis
280 2553 384 2579 omissis,
409 2552 556 2575 nominamus
580 2553 707 2575 Arnaldum
733 2553 886 2580 Brixiensem3
912 2554 951 2576 etr.

107 2593 162 2614 tom.
189 2591 216 2614 V.
243 2597 297 2619 pag.
322 2591 380 2618 354,
405 2593 458 2613 nota
481 2591 508 2619 9,
525 2590 566 2613 ubi
584 2594 674 2614 notatur
691 2592 820 2614 secundum
843 2592 953 2619 August„

106 2629 172 2658 quod
188 2629 289 2652 eundem
307 2635 410 2652 errorem
427 2630 553 2652 Manichaei
570 2630 706 2652 docuerunt.
723 2642 753 2646 »-
771 2630 813 2652 Pro
830 2629 936 2658 divitias,

107 2668 185 2696 plures
201 2668 270 2691 codd.
287 2667 397 2691 decimas.

169 2705 179 2719 ⁶
196 2708 226 2730 lm
244 2707 310 2730 multi
327 2707 396 2730 codd.
413 2710 436 2729 et
448 2708 579 2734 Gorranus,
591 2707 628 2729 alii
640 2707 708 2730 codd.
721 2710 743 2730 et
754 2708 792 2730 ed.
807 2707 955 2737 effundatur.

107 2746 212 2770 Subinde
228 2753 270 2775 pro
287 2752 429 2770 conservare
445 2747 481 2769 ed.
499 2746 646 2770 conservari.

170 2784 180 2797 ⁶
198 2786 292 2814 Rupert.
318 2785 391 2808 abbas
416 2786 534 2814 Tuitiens,
552 2786 575 2807 in
592 2787 653 2808 bunc
670 2786 760 2809 locum:
777 2786 845 2815 Sine,
867 2787 953 2815 inquit,

108 2826 136 2848 ut
151 2823 176 2847 in
192 2823 278 2847 diem...
294 2831 321 2847 ac
337 2825 355 2847 si
373 2825 445 2847 dicat:
463 2825 511 2847 Non
528 2826 603 2848 solum
629 2831 675 2847 non
700 2825 827 2853 vendatur,
844 2828 869 2848 ut
885 2825 953 2848 detur

107 2864 201 2892 egenis,
219 2869 302 2886 verum
319 2864 387 2886 etiam
404 2866 427 2886 et
443 2864 505 2892 quod
524 2870 585 2887 nune
601 2863 676 2893 babet,
694 2870 736 2886 nec
753 2864 814 2886 enim
840 2866 912 2887 totum
930 2864 953 2886 in

108 2908 147 2925 me
163 2902 209 2924 iam
221 2902 312 2931 effudit,
325 2903 396 2932 quod,
413 2902 517 2932 inquam,
530 2909 590 2926 nunc
602 2903 673 2926 habet
688 2905 831 2931 unguentum
844 2906 921 2926 servet
932 2906 954 2926 et

1793 111 1852 141 4¹3

1007 190 1164 219 Praevenit
1185 198 1293 227 corpus
1313 198 1410 219 meum
1431 197 1539 227 unqere
1559 189 1592 218 in
1611 189 1804 226 sepulturam.
1822 190 1852 218 Et

1006 236 1046 265 sio
1066 236 1274 274 intelligendum
1296 240 1346 266 est.

1088 283 1132 312 14.
1156 283 1293 321 Cognovit
1314 293 1382 322 erqo
1410 283 1499 313 turba
1529 284 1631 313 multa.
1654 284 1853 313 praedetermi-

1006 333 1071 358 nata
1091 332 1133 359 est
1153 330 1319 367 conspiratio
1340 334 1368 360 et
1388 330 1599 368 conspirationis
1612 330 1803 359 corroboratio
1815 330 1853 365 ¹⁰3

1007 376 1088 405 tertio
1109 376 1154 405 hic
1176 377 1297 414 tangitur
1319 376 1546 415 conspirationis
1560 376 1760 414 amplificatio.
1776 376 1855 405 Prius

1006 423 1080 452 enim
1110 424 1297 461 cogitaverant
1328 424 1453 453 occidere
1474 424 1580 459 Iesum,
1601 424 1647 453 hic
1677 432 1732 453 non
1764 424 1854 452 solum

1006 470 1112 504 Iesum,
1133 471 1181 499 sed
1201 471 1284 500 etiam
1305 472 1438 500 Lazarum
1461 472 1634 500 suscitatum.
1650 471 1682 500 Et
1697 471 1767 500 ratio
1782 474 1854 500 erat:

1006 517 1071 554 quia
1092 518 1172 546 multi
1194 522 1307 555 propter
1329 526 1393 547 eum
1415 518 1564 547 credebant
1584 518 1613 547 in
1634 518 1767 547 Iesumss.
1794 518 1855 546 Duo

1006 571 1072 601 ergo
1100 565 1145 593 hic
1175 568 1324 599 notantur,
1356 565 1461 595 scilicet
1487 565 1666 594 credentium
1695 565 1853 594 multitudo

1005 613 1033 639 et
1051 611 1254 648 perversitatis
1276 612 1455 640 ludaeorum
1476 611 1675 649 amplificatio.

1883 290 1954 312 Tertio,
1968 290 1994 309 de

1870 314 1995 338 conspiratio-

1871 337 1901 355 nis
1914 337 1993 361 amplifi-

1872 360 1945 379 catione
1955 360 2000 379 duo.

1085 658 1174 694 (Vers.
1198 659 1245 694 9.).
1269 658 1453 687 Credentium
1480 658 1635 687 multitudo
1656 659 1726 688 facta
1747 662 1789 688 est
1810 662 2002 688 oe-Exwffiofib

1005 705 1115 734 cesione
1135 705 1322 734 suscitationis
1343 705 1452 739 Lazari;
1475 709 1589 742 propter
1610 706 1684 743 quod
1699 706 1780 735 dicit:
1805 706 1856 735 Co-

1003 753 1105 790 gnovit
1134 761 1203 790 erqo
1231 752 1320 781 turba
1343 752 1438 781 multa
1465 761 1500 781 cx
1528 753 1663 788 Jutlaeis,
1692 754 1764 791 quia
1795 753 1855 782 illic

1006 800 1121 833 esset12,
1143 799 1246 828 scilicet
1267 799 1295 827 in
1316 799 1462 834 Bethania3
1484 803 1509 828 et
1528 804 1685 834 venerunt,
1706 809 1766 829 non
1783 808 1854 837 pro-

1003 850 1069 883 pter
1084 846 1181 874 Iesum
1196 849 1321 879 tantam,
1335 846 1386 874 sed
1400 849 1432 874 ut
1448 847 1603 875 Lazarum
1616 847 1756 881 viderent,
1771 855 1855 885 quem

1005 893 1161 921 suscitavit
1180 901 1201 921 a
1221 893 1354 922 mortuis.
1377 893 1472 922 Adhuc
1493 893 1596 922 infirmi
1618 897 1712 927 erant,
1728 894 1795 931 quia
1808 901 1854 922 eo-

1007 948 1070 968 rum
1091 940 1164 968 oculi
1186 948 1240 968 non
1262 943 1370 969 tantum
1390 941 1600 970 delectabantur
1621 941 1649 969 in
1670 943 1784 978 aspectu
1806 949 1855 969 au-

1007 987 1106 1021 ctoris,
1129 986 1176 1015 sed
1204 987 1287 1015 etiam
1314 995 1446 1024 operum;
1468 988 1543 1017 unde
1573 991 1653 1017 erant
1673 988 1707 1017 de
1728 988 1798 1023 illis,
1821 987 1855 1016 de

1007 1034 1110 1071 quibus
1129 1034 1232 1062 dicitnr
1246 1042 1332 1070 supra
1350 1035 1471 1063 secundo
1483 1035 1521 1063 ¹³:
1547 1047 1561 1060 α
1576 1036 1653 1064 Multi
1676 1035 1856 1064 crediderunt

1007 1081 1035 1109 in
1056 1088 1137 1114 eum,
1158 1080 1283 1109 videntes
1304 1081 1397 1118 signa,
1412 1089 1484 1118 quae
1498 1081 1614 1118 faciebat
1628 1093 1655 1116 »3
1677 1082 1751 1110 unde
1773 1082 1856 1110 mira—

1008 1127 1071 1155 cula
1091 1127 1186 1156 videre
1206 1127 1349 1161 volebant,
1372 1135 1458 1164 supra
1478 1131 1575 1157 sexto:
1600 1140 1613 1153 «ι
1629 1129 1804 1166 Sequebatur
1819 1129 1856 1158 Ie-

1008 1181 1070 1202 sum
1091 1174 1240 1202 multitudo
1260 1182 1374 1211 magna,
1396 1175 1462 1211 quia
1483 1175 1593 1204 videbat
1613 1175 1691 1212 signa
1705 1187 1732 1204 ».

1090 1221 1133 1248 15,
1157 1220 1247 1254 (VerS.
1279 1222 1344 1256 10.).
1369 1221 1575 1259 Coyitaverunt
1595 1226 1695 1250 autem
1706 1222 1856 1259 piincipes

1007 1268 1201 1296 sacerdotum.
1224 1268 1357 1305 Tangitur
1372 1268 1417 1296 liic
1438 1269 1608 1303 secundum,
1623 1269 1727 1297 scilicet
1742 1269 1855 1306 conspi-

1007 1314 1133 1342 rationis
1147 1317 1173 1342 ct
1183 1315 1385 1351 perversitatis
1406 1314 1597 1351 amplificatio
1619 1315 1647 1343 in
1668 1318 1812 1344 auctorem
1824 1316 1856 1349 14,

1007 1360 1073 1397 quia
1093 1368 1147 1389 non
1169 1360 1258 1389 solum
1273 1360 1300 1389 in
1322 1361 1471 1389 Dominum
1487 1360 1657 1395 saeviebant,
1679 1361 1727 1390 sed
1747 1362 1775 1390 in
1789 1361 1857 1390 alios

1008 1410 1122 1444 propter
1143 1415 1224 1442 eum;
1246 1408 1320 1437 unde
1340 1407 1422 1437 dicit:
1440 1408 1649 1445 Coyz‘tavcrunt
1662 1412 1759 1437 aulem
1773 1408 1856 1446 prin-

1007 1455 1083 1492 cipes
1103 1455 1305 1489 sacerdotum,
1322 1458 1355 1483 ut
1367 1458 1393 1483 et
1406 1456 1562 1484 Lazarum
1577 1455 1786 1493 interficerent,
1802 1463 1857 1485 non

1008 1505 1115 1531 tantum
1137 1503 1242 1537 Iesum;
1260 1502 1342 1531 isaiae
1356 1502 1447 1539 primo
1459 1502 1497 1530 ¹⁵:
1524 1513 1538 1527 «ι
1554 1503 1650 1531 Manus
1670 1505 1779 1531 vestrae
1794 1510 1856 1531 san-

1007 1550 1091 1587 guine
1112 1550 1209 1586 plenae
1230 1552 1295 1578 sunt
1309 1560 1336 1583 »ς
1359 1552 1387 1578 et
1408 1550 1478 1578 ratio
1499 1549 1644 1578 subditur:

1089 1597 1133 1625 16.
1156 1596 1244 1633 (Vers.
1270 1596 1335 1632 11.).
1362 1596 1439 1632 Quia
1459 1596 1546 1625 multi
1555 1600 1678 1634 propter
1692 1596 1775 1625 illum
1790 1596 1853 1625 abi-

1009 1643 1079 1672 bant
1105 1652 1139 1671 ca:
1167 1643 1287 1672 Iudaeis
1318 1646 1343 1671 ct
1367 1642 1522 1672 credebant
1551 1643 1584 1672 in
1604 1644 1718 1677 [esaim
1739 1646 1768 1672 et
1796 1643 1856 1673 ideo

1009 1690 1166 1719 interficere
1180 1691 1315 1719 volebant.
1332 1690 1502 1727 Augustinus
1514 1691 1550 1719 ¹⁶:
1576 1702 1590 1716 α
1604 1691 1694 1720 Stulta
1714 1691 1854 1728 cogitatio!

1008 1850 1085 1872 adhuc
1102 1849 1202 1877 amplius
1219 1851 1281 1871 emat
1298 1849 1328 1872 ad
1350 1848 1507 1871 condiendum
1525 1855 1610 1877 corpus
1627 1854 1718 1876 meum,
1735 1848 1799 1878 quod
1817 1850 1856 1871 tuo

1008 1889 1101 1916 scelere,
1119 1888 1180 1916 luda,
1197 1888 1266 1916 paulo
1284 1890 1336 1915 post
1352 1887 1455 1910 tradetur
1472 1888 1501 1911 ad
1514 1887 1705 1916 crucifigendum.
1718 1899 1749 1903 ——
1761 1887 1794 1910 De
1806 1893 1857 1916 seq.

1008 1927 1167 1956 propositione
1183 1928 1223 1949 cir.
1240 1927 1301 1949 Beda
1319 1927 1356 1956 (ex
1373 1933 1420 1956 quo
1443 1927 1522 1950 Glossa
1540 1926 1684 1956 ordinaria),
1701 1927 1724 1949 in
1746 1928 1809 1949 hunc
1824 1927 1857 1949 lo-

1008 1973 1075 1994 cum,
1087 1966 1127 1989 ubi
1139 1967 1182 1994 ait,
1194 1967 1257 1996 quod
1273 1975 1284 1987 α
1297 1967 1392 1994 Mariae,
1405 1966 1442 1989 cui
1459 1966 1488 1989 ad
1507 1966 1637 1989 unctionem
1655 1966 1740 1991 mortui
1752 1966 1857 1994 corporis

1892 686 1965 706 totalis.

1872 710 1965 729 Primum.

1873 1224 1988 1244 Secundum.

1008 2006 1082 2028 eius...
1098 2006 1221 2033 pervenire
1237 2012 1284 2028 non
1300 2006 1391 2033 liceret,
1402 2006 1514 2028 donatum
1532 2006 1561 2028 sit
1572 2005 1659 2028 viventi
1677 2005 1754 2028 adbuc
1771 2005 1858 2033 iinpen-
1876 2026 1879 2029 ,

1008 2045 1064 2067 dere
1080 2044 1232 2074 obsequium,
1249 2045 1313 2074 quod
1331 2047 1384 2073 post
1400 2047 1499 2067 mortem
1521 2045 1589 2067 celeri
1606 2045 1775 2067 resurrectione
1792 2050 1857 2073 prae-

1008 2086 1077 2106 venta
1094 2084 1206 2113 nequiret.
1223 2084 1289 2106 Unde
1311 2083 1371 2106 bene
1392 2084 1482 2106 Marcus
1506 2082 1562 2113 [¹4,
1580 2083 1613 2113 8.]
1632 2083 1756 2106 Dominum
1774 2083 1804 2106 de
1821 2082 1857 2106 illa

1009 2123 1094 2146 dixisse
1111 2125 1218 2146 testatur:
1245 2123 1314 2151 Quod
1339 2122 1422 2147 habuit
1446 2122 1514 2151 haec,
1531 2122 1601 2152 fecit;
1622 2121 1750 2152 praevenit
1765 2127 1858 2152 ungere

1009 2168 1096 2192 corpus
1113 2169 1214 2185 meam»
1234 2166 1277 2185 etc.

1060 2199 1080 2212 '⁷
1098 2201 1141 2224 Cir.
1159 2207 1230 2229 supra
1256 2208 1310 2230 pag.
1336 2202 1394 2229 275,
1419 2204 1473 2224 nota
1491 2202 1527 2223 11.
1544 2213 1575 2217 -
1592 2201 1671 2223 Glossa
1695 2200 1857 2224 interlinearis

1010 2240 1032 2262 in
1049 2240 1110 2262 loan.
1127 2240 1169 2267 42,
1186 2240 1213 2262 7:
1230 2241 1271 2267 Ut,
1288 2241 1307 2262 si
1332 2247 1377 2262 non
1395 2247 1430 2267 re,
1448 2240 1542 2268 impleat
1565 2242 1641 2262 tamen
1663 2239 1788 2262 devotione
1805 2243 1858 2268 post

1011 2284 1087 2300 meam
1104 2281 1212 2301 mortem.

1072 2315 1081 2329 ¹⁵
1098 2318 1159 2340 Multi
1176 2317 1245 2340 codd.
1262 2320 1284 2340 et
1300 2318 1417 2340 Gorranus
1434 2316 1534 2340 servari.

1073 2354 1082 2368 ¹³
1101 2357 1166 2379 Vers.
1183 2357 1208 2385 8,
1225 2356 1265 2378 ubi
1283 2357 1361 2379 Glossa
1379 2355 1505 2379 ordinaria
1522 2356 1558 2385 (ex
1576 2356 1663 2385 Beda):
1683 2356 1751 2385 Quod
1769 2356 1858 2384 putatis

1010 2395 1163 2424 perditionem
1181 2401 1232 2418 esse
1248 2396 1372 2423 unguenti,
1389 2395 1491 2418 officium
1508 2396 1641 2423 sepulturae
1657 2398 1692 2418 est
1708 2397 1752 2418 etc.

1073 2433 1094 2446 ¹⁰
1111 2435 1168 2457 Vide
1185 2441 1255 2462 supra
1273 2441 1292 2457 c.
1311 2436 1347 2457 11.
1365 2441 1390 2457 n.
1407 2434 1443 2457 (isi.
1463 2434 1603 2458 Divisionem
1621 2435 1642 2457 3.

1073 2473 1091 2486 ¹¹
1111 2475 1170 2496 lntia
1188 2480 1210 2496 v.
1229 2474 1265 2496 li.

1074 2512 1093 2525 ¹²
1112 2514 1209 2541 Vulgata
1226 2515 1267 2536 est.

1074 2551 1093 2564 ¹¹³
1111 2553 1176 2575 Vers.
1195 2554 1236 2580 235
1254 2552 1357 2581 sequitur
1375 2553 1401 2579 6,
1419 2553 1441 2575 2.
1460 2565 1489 2568 —
1506 2553 1618 2581 Superius
1630 2559 1673 2581 pro
1685 2552 1791 2576 auctoris
1803 2559 1858 2576 non-

1010 2590 1066 2613 nulli
1082 2591 1151 2613 codd.
1168 2590 1264 2617 actoris,
1283 2593 1305 2613 et
1322 2590 1454 2614 immediate
1471 2594 1524 2619 post
1546 2597 1589 2619 pro
1611 2591 1652 2615 sed
1668 2591 1740 2615 etutm
1757 2592 1794 2614 ed.
1817 2591 1858 2615 sed

1008 2628 1103 2658 potius,
1121 2630 1239 2652 Gorranus
1255 2629 1302 2653 secl.

1074 2667 1094 2680 ¹⁴
1117 2669 1146 2690 lta
1172 2668 1265 2696 plurimi
1283 2669 1366 2697 eodd.,
1384 2669 1457 2691 DLM
1479 2670 1596 2698 auctore,⁴
1612 2669 1650 2692 ed.
1677 2674 1731 2693 cum
1753 2670 1875 2692 Gorrano

1011 2706 1114 2735 actione,
1132 2713 1193 2736 quae
1210 2706 1310 2730 subinde
1326 2710 1379 2736 post
1394 2707 1436 2731 sed
1452 2708 1516 2731 addit
1531 2710 1563 2731 et.

1075 2745 1094 2759 ¹⁶
1111 2747 1177 2769 Vers.
1196 2747 1235 2770 45.

1075 2784 1095 2798 ¹⁵
1113 2787 1135 2808 ln
1153 2787 1215 2809 ioan.
1232 2787 1318 2814 Evang.
1332 2788 1360 2809 tr.
1371 2786 1409 2809 50.
1426 2793 1449 2809 n.
1462 2786 1512 2809 114⁶
1529 2787 1547 2809 O
1560 2787 1627 2809 stulta
1639 2786 1747 2815 cogitatio
1758 2788 1781 2808 et
1790 2791 1858 2809 caeca

1011 2823 1120 2847 saevitia!
1136 2825 1249 2847 Dominus
1260 2824 1376 2853 Christus,
1393 2825 1433 2854 qui
1450 2825 1562 2848 suscitare
1578 2826 1653 2853 potuit
1669 2828 1798 2852 mortuum,
1810 2830 1858 2847 non

1011 2866 1089 2892 posset
1106 2864 1216 2887 occisum.
1234 2863 1307 2894 [Haec
1320 2863 1392 2887 verba
1411 2867 1499 2887 tantum
1511 2865 1639 2893 alleguntur
1655 2869 1669 2887 a
1680 2864 1748 2887 codd.
1764 2867 1787 2887 et
1803 2864 1858 2886 Gor-

1011 2909 1079 2931 rano,
1097 2903 1247 2932 sequentibus
1263 2903 1367 2933 omissis]
1385 2906 1427 2927 etc.
