2296 3316
393 167 447 196 194

391 252 452 281 gam
473 246 500 272 et
521 242 644 272 circuibo
664 242 802 271 civitatem
817 254 843 275 u,
866 242 891 270 id
907 244 948 270 est
962 244 1156 270 creaturarum
1171 241 1233 269 uni-

391 290 556 319 versitatem.
570 289 726 318 Secundum
741 288 813 317 enim
830 288 973 317 Boethium
987 288 1021 317 de
1035 287 1233 321 Consolatione,

395 349 407 361 «
423 336 561 365 mentibus
583 336 724 364 hominum
747 335 827 363 insita
854 337 896 363 est
925 335 982 363 veri
1011 334 1131 371 bonique
1156 334 1233 370 cupi-

390 383 460 411 ditas
475 394 501 410 ».

468 429 519 458 Sed
547 428 701 457 obiicilur:
730 428 796 465 quia
818 429 905 456 Lucae
927 427 1092 456 undecimo¹
1115 428 1232 456 dicitur:

277 482 373 506 Quaestio·
394 488 407 501 a
423 476 534 509 Omnis,
556 475 603 513 qui
625 475 750 512 quaerit,
773 474 915 503 invenit»:
937 482 1003 511 ergo
1024 474 1067 503 isti
1090 474 1235 502 inveniunt

391 531 488 551 verum
510 522 607 551 Deum.

470 569 637 602 Dicendum,
657 569 730 606 quod
752 568 819 596 illud
842 567 1004 604 intelligitur
1025 567 1058 596 de
1076 566 1234 604 quaerenti-

318 623 374 646 Rosp-
392 617 445 644 bus
466 615 524 652 pie,
547 623 600 643 non
622 615 739 643 curiose.

470 662 559 691 ffers.
592 662 640 694 7.).
674 661 799 695 Etenim,
831 669 898 689 cum
929 661 960 688 in
988 660 1124 698 operibns
1155 660 1235 688 illius

392 712 614 741 conversentur,
637 708 740 736 scilicet
760 708 793 736 de
816 707 868 736 illis
893 707 1071 744 disputando
1099 710 1234 744 quantum

391 756 425 784 ad
447 755 628 788 intellectum,
650 754 801 783 secundum
823 754 890 783 illud
913 754 1089 782 Ecclesiastae
1115 753 1233 782 terti02:

397 815 410 827 «
425 802 555 831 Mundum
578 801 689 830 tradidit
709 801 886 837 disputationi
908 809 1005 829 eorum
1019 811 1044 834 »;
1066 803 1093 829 et
1113 800 1234 833 utendo,

393 849 495 878 scilicet
517 851 652 885 quantum
673 848 707 876 ad
727 848 856 876 affectum
877 850 904 876 et
925 847 1068 880 effectum,
1090 847 1156 883 quia
1170 847 1235 874 Mat-

394 895 465 924 thaei
487 895 599 931 quinto:
627 894 740 922 «Solem
762 902 844 922 suuni
866 893 930 922 facit
951 893 1019 922 oriri
1044 900 1128 929 super
1151 892 1236 921 bonos

393 946 419 971 et
441 943 526 970 malos
540 954 566 969 ».
590 939 889 979 inquii-unt,‘seilicet
910 940 1109 973 ratiocinando,
1128 943 1152 967 et
1170 948 1236 976 per-

392 998 515 1017 suasum
532 988 652 1021 liabent,
668 988 771 1016 scilicet
785 987 991 1020 sententiando3
1007 986 1144 1024 qnoniam
1162 985 1237 1014 bona

392 1040 461 1064 sunt
482 1044 556 1074 qna-e
586 1035 738 1067 viclentztt·;
762 1034 876 1073 ,Genesis
904 1034 1008 1070 primo:
1035 1045 1047 1058 ιε
1064 1033 1136 1061 Vidit
1163 1033 1237 1061 Deus

394 1085 505 1115 cuncta,
527 1090 598 1119 quae
618 1081 732 1114 fecerat,
754 1084 781 1109 et
801 1083 880 1109 erant
902 1080 979 1108 valde
1000 1080 1071 1108 bona
1087 1091 1112 1107 n.
1136 1079 1163 1107 ln
1185 1079 1237 1107 hoc

393 1132 458 1158 sunt
479 1129 522 1157 isti
545 1128 671 1157 meliores
692 1128 749 1156 sive
770 1127 863 1155 minus
884 1127 947 1155 mali
969 1126 1036 1163 ipsis
1058 1125 1237 1160 Manichaeis,

394 1176 440 1212 qui
462 1176 529 1204 haec
551 1175 668 1203 visibilia
688 1174 784 1202 dicunt
804 1181 864 1202 esse
887 1173 965 1201 mala.

472 1222 560 1257 (Vers.
577 1221 603 1249 8.
626 1221 673 1255 9.).
692 1221 799 1248 lterum
821 1224 919 1248 aulem
933 1228 983 1248 nec
999 1218 1044 1248 liis
1059 1219 1136 1248 debet
1156 1219 1238 1256 ‘tyno-

283 1275 376 1294 secundo·
393 1269 443 1297 sei.
468 1268 594 1305 Simplex
616 1267 688 1296 enim
710 1267 865 1304 ignorantia
886 1270 1010 1295 meretur
1030 1266 1149 1300 veniam;
1166 1265 1239 1294 unde

394 1316 499 1353 primae
520 1314 553 1343 ad
574 1314 749 1342 Timotheum
772 1313 898 1350 primo⁸z
919 1324 932 1337 «
948 1312 1159 1341 Misericordiam
1175 1320 1239 1340 con-

396 1365 508 1391 secutus
533 1369 611 1394 snm,
644 1360 709 1397 quia
735 1360 864 1396 ignorans
892 1359 943 1387 feei
959 1370 986 1393 »;
1012 1359 1059 1387 sed
1085 1359 1239 1396 ignorantia

395 1417 499 1437 crassa
520 1411 547 1436 et
568 1407 681 1444 supina,
704 1415 772 1439 non;
795 1406 868 1435 unde
890 1406 995 1442 primae
1023 1405 1056 1434 ad
1084 1405 1240 1434 Corinthios

395 1455 501 1484 decimo
522 1458 637 1491 quarto:
664 1454 717 1482 «Si
740 1453 803 1490 quis
823 1453 946 1490 ignorat,
968 1452 1141 1489 ignorabitur
1157 1464 1182 1479 ».
1202 1468 1239 1471 ——

397 1502 431 1530 Si
450 1501 526 1530 enim
547 1504 661 1529 tantum
679 1504 839 1537 potnerunt
858 1499 949 1533 scire,
969 1503 1001 1527 ut
1018 1502 1135 1536 possent
1155 1498 1239 1526 aesti-

397 1557 479 1576 mare
499 1547 663 1581 saeculum,
686 1547 712 1575 id
733 1550 775 1575 est
796 1549 910 1575 naturas
929 1554 1024 1575 rerum
1055 1545 1238 1574 saecularium

396 1603 576 1632 cognoscere;
598 1594 739 1632 quomodo
760 1592 849 1621 liuius
873 1593 1044 1626 Dominum,
1059 1592 1162 1621 scilicet
1182 1599 1240 1620 sae-

397 1642 467 1675 culi,
489 1640 610 1678 facilins
633 1649 688 1669 non
709 1639 902 1668 invenerunt?
924 1639 1002 1676 quasi
1028 1639 1112 1667 dicat:
1134 1638 1241 1666 facilius

397 1688 550 1725 potuissent
571 1688 658 1716 Deum
680 1694 853 1723 cognoscere.

475 1736 527 1763 Seu
548 1742 672 1763 CONTRA:
695 1734 784 1770 Supra
805 1734 914 1762 non04:
942 1745 955 1757 «
971 1732 1086 1761 Difficile
1115 1732 1242 1760 aestima-

282 1788 379 1812 Quaestio.
396 1789 459 1810 mus
480 1789 550 1817 quae
572 1781 599 1808 in
622 1783 696 1808 terra
717 1783 797 1813 sunt;
820 1787 891 1816 quae
912 1782 1005 1808 autem
1026 1779 1053 1807 in
1075 1778 1156 1807 caelis
1177 1780 1242 1806 sunt

398 1827 460 1865 quis
482 1827 656 1864 investigabit
671 1829 704 1854 1²?

475 1874 640 1907 Dicendum,
663 1873 736 1910 quod
758 1882 811 1901 non
834 1873 894 1901 vult
913 1872 1015 1906 dicere,
1038 1872 1112 1909 quod
1133 1871 1243 1900 facilius

322 1928 380 1951 nesi>-
397 1924 548 1958 potuerunt
570 1927 748 1957 cognoscere,
771 1920 859 1948 Deum
886 1927 945 1948 esse
973 1919 1075 1947 horum
1100 1921 1243 1946 auctorem

398 1967 570 2004 simpliciter;
593 1966 639 1995 sed
661 1966 751 2003 ipsum
781 1966 873 2003 potius
900 1973 959 1994 esse
982 1965 1081 1998 Deum,
1105 1972 1189 2001 quain
1211 1972 1243 1992 ea

398 2022 468 2051 quae
490 2014 622 2042 colebant.

598 2115 697 2144 Ipsorum
714 2120 775 2137 error
792 2113 903 2136 secundus
920 2112 982 2136 eirca
1000 2112 1049 2136 duo.

478 2200 608 2238 Infelices
629 2204 725 2228 antem
746 2203 797 2228 etc.
814 2199 860 2228 Hic
875 2199 987 2236 ponitur
1001 2206 1081 2227 error
1095 2197 1244 2226 colentium

400 2248 537 2285 facturas
556 2247 713 2284 proprias,
736 2246 841 2283 primo,
863 2246 984 2274 facturas
1005 2244 1132 2281 proprias
1145 2243 1172 2272 in
1187 2251 1244 2271 ma-

401 2295 470 2323 teria
490 2294 657 2327 metalli-nm
686 2293 819 2327 secundo,
848 2293 875 2321 in
904 2292 1019 2320 materia
1047 2291 1158 2328 liynea:
1185 2291 1245 2318 Aut

400 2342 427 2370 si
447 2342 521 2380 quis.

480 2388 567 2423 (Vers.
594 2389 657 2423 10.).
680 2387 751 2415 Dicit
772 2395 853 2423 ergo:
877 2385 1008 2423 Infelices
1034 2388 1132 2413 autem
1159 2388 1244 2418 sunt,

276 2441 303 2459 De
317 2440 383 2464 primo·
401 2435 504 2463 scilicet
526 2442 574 2471 per
596 2434 776 2471 privationem
798 2432 934 2462 felicitatis
955 2432 1027 2465 viae,
1042 2431 1076 2460 de
1090 2439 1146 2468 qua
1161 2438 1246 2467 supra

402 2481 517 2510 terti0⁵:
545 2481 734 2517 «Sapientiam
755 2483 783 2509 et
803 2479 975 2516 disciplinam
996 2478 1043 2515 qui
1065 2477 1158 2506 abiicit
1178 2476 1245 2505 infe-

975 164 1143 192 COMMENT.
1167 163 1198 192 IN
1219 163 1409 192 ΞΑΡΙΕΝΤΙᾹΜ
1431 163 1458 191 C.
1481 164 1544 192 Xlll.

1290 241 1329 269 lix
1350 243 1432 269 est».
1456 241 1490 268 Et
1510 240 1585 268 inter
1606 244 1751 274 mortuos,
1772 240 1876 269 scilicet
1896 242 2008 269 aeterna
2029 243 2131 274 morte,

1288 295 1353 323 spes
1373 287 1491 315 illorum
1506 290 1556 320 est,
1572 286 1599 315 id
1620 290 1662 315 est
1682 286 1867 323 exspectatim
1889 295 1953 323 spes
1973 290 2065 315 autem
2088 287 2132 315 liic

1290 333 1410 361 sumitur
1431 333 1597 369 improprie,
1619 333 1685 369 quia
1704 341 1768 370 spes
1790 333 1901 369 proprie
1922 333 1995 361 dicta
2015 341 2070 361 non
2091 336 2133 361 est

1290 379 1341 407 nisi
1362 379 1396 407 de
1418 379 1497 407 bono.
1520 380 1598 407 Inter
1617 382 1758 412 mortuae,
1780 379 1909 416 inquam,
1930 387 1994 416 spes
2014 379 2132 407 illorum

1290 429 1347 459 est,
1369 433 1417 462 per
1439 425 1620 462 privationem
1649 425 1784 454 felicitatis
1811 429 1952 459 aeternae,
1981 425 2134 454 secundum

1291 472 1358 501 illud
1380 472 1517 501 Psalmiss:
1544 472 1648 501 «Sicut
1669 472 1806 501 vulnerati
1837 472 2005 501 dormientes
2036 472 2063 500 in
2092 479 2134 500 se-

1291 519 1410 555 pulcris,
1433 526 1553 555 quorum
1576 527 1629 547 non
1652 527 1681 548 es
1702 527 1808 547 memor
1829 519 1960 555 amplius,
1981 522 2008 548 et
2029 518 2079 555 ipsi
2101 518 2135 547 de

1291 573 1374 592 manu
1396 568 1443 593 tua
1465 565 1568 601 repulsi
1600 568 1706 599 sunt»,
1727 565 1761 593 de
1792 572 1875 593 manu
1901 565 2004 594 scilicet
2028 564 2135 593 iniseri-

1291 611 1400 639 cordiae
1421 612 1566 645 salvantis,
1588 620 1640 640 non
1666 612 1700 640 de
1727 620 1811 640 manu
1839 611 1959 640 iustitiae
1987 611 2134 648 punientis.

1292 658 1339 686 Vel
1368 658 1489 693 primum
1518 658 1639 686 refertur
1664 658 1697 686 ad
1719 666 1834 694 poenam
1855 657 1946 686 damni
1975 657 2002 686 in
2024 658 2135 691 fatum,

1292 704 1444 733 secundum
1466 704 1501 733 ad
1522 712 1637 741 poenam
1660 712 1765 733 sensus.
1787 704 1925 738 Illorum,
1942 704 2071 741 inquam,
2085 703 2137 742 qni

1292 751 1514 788 appellaverunt
1533 751 1600 779 (teos
1620 755 1671 780 etc.
1695 752 1725 780 Et
1740 751 1809 780 bene
1823 751 1888 780 (licit
1902 751 2136 788 appellaverunt;

1292 801 1357 826 sunt
1372 798 1443 826 enim
1458 797 1495 826 dii
1510 798 1691 835 appellatione
1707 800 1829 832 tantum,
1845 806 1899 826 non
1914 801 2022 826 natura.
2041 797 2137 834 Opera

1292 852 1437 873 manuum
1460 842 1624 877 nominum,
1647 844 1800 872 secundum
1822 844 1890 873 illud
1912 844 2046 873 Psalmi⁷:
2069 855 2082 868 α
2097 843 2137 872 Si-

1293 890 1417 918 mulacra
1430 890 1553 926 gentium
1572 893 1718 927 argentum
1732 893 1759 919 et
1773 898 1874 918 aurum
1884 913 1891 924 ,
1906 898 1990 927 opera
2005 897 2137 918 manuum

1294 937 1438 965 hominum
1453 947 1479 971 »;
1496 937 1578 965 Isaiae
1593 937 1727 965 secundo:
1748 937 1849 974 «Opus
1871 945 2003 966 manuum
2023 944 2138 965 suarum

1293 983 1495 1017 adoraverunt,
1517 983 1590 1020 quod
1614 983 1739 1012 fecerunt
1759 983 1835 1020 digiti
1863 991 1960 1012 eorum
1977 994 2003 1017 »ς
2025 991 2138 1011 aarum

1293 1033 1317 1057 el
1338 1033 1506 1067 argentum,
1529 1030 1555 1058 id
1577 1033 1618 1058 est
1640 1030 1709 1058 facta
1730 1030 1764 1058 de
1785 1038 1854 1058 auro
1875 1033 1902 1058 et
1922 1032 2037 1066 argento
2051 1037 2138 1066 quan-

1295 1078 1353 1104 tum
1365 1076 1398 1104 ad
1412 1076 1570 1110 materiam,
1586 1076 1738 1105 secundum
1752 1076 1818 1104 illud
1830 1076 1899 1105 Osee
1914 1076 2049 1105 secundo:
2065 1087 2079 1100 «
2091 1076 2139 1104 Ar-

1294 1126 1407 1159 gentum
1419 1126 1446 1151 et
1457 1132 1558 1151 aurum
1571 1123 1749 1160 multiplicavi
1761 1123 1810 1157 eis,
1822 1131 1893 1160 quae
1903 1123 2030 1152 fecerunt
2041 1123 2103 1151 Baal
2111 1134 2138 1156 »‚

1295 1169 1448 1197 secundum
1470 1169 1537 1198 illud
1560 1169 1641 1198 Isaiae
1663 1169 1800 1198 secundo:
1827 1181 1840 1194 «
1859 1169 1969 1206 Repleta
1996 1172 2037 1198 est
2065 1172 2140 1198 terra

1295 1224 1365 1244 auro
1380 1219 1406 1244 et
1421 1219 1550 1253 argento,
1565 1219 1592 1244 et
1607 1224 1661 1244 non
1677 1218 1718 1245 est
1732 1216 1795 1245 finis
1810 1216 2006 1245 thesaurorum
2022 1216 2097 1250 eius,
2113 1219 2140 1244 et

1296 1262 1400 1299 repleta
1421 1265 1462 1291 est
1483 1265 1559 1291 terra
1579 1263 1639 1291 eius
1659 1263 1775 1291 idolis».
1792 1263 1875 1291 Artis
1896 1262 2097 1297 inventionem,
2113 1262 2140 1291 id

1296 1311 1337 1337 est
1359 1309 1476 1345 figuram
1498 1309 1618 1346 aliquam
1639 1312 1699 1338 arte
1720 1309 1875 1343 inventam,
1890 1312 1917 1338 et
1932 1309 1984 1338 hoc
2004 1312 2139 1346 quantum

1296 1355 1329 1383 ad
1350 1355 1477 1383 formam.
1502 1356 1536 1383 Et
1556 1355 1762 1384 similitudines
1793 1355 1985 1389 animalium,
2006 1363 2061 1384 non
2082 1355 2141 1393 ipsa

1295 1402 1435 1435 animalia,
1458 1402 1504 1431 sed
1527 1402 1650 1439 ipsorum
1673 1403 1820 1439 imaginem
1849 1403 1892 1431 vel
1914 1402 2139 1436 similitudinem;

1296 1451 1392 1476 contra
1413 1449 1485 1485 quod
1507 1449 1608 1477 dicitur
1623 1449 1828 1478 Deuteronomii
1843 1452 1943 1486 quarto
1955 1449 1981 1477 ⁸:
2003 1460 2016 1474 «
2031 1449 2088 1477 Non
2102 1448 2141 1477 fa-

1297 1495 1373 1523 cietis
1385 1495 1592 1523 similitudinem
1607 1496 1731 1523 oninium
1746 1495 1923 1529 animalium,
1938 1503 2010 1532 quae
2024 1495 2051 1523 in
2067 1499 2141 1524 terra

1297 1544 1361 1569 sunt
1380 1553 1406 1569 n.
1440 1542 1501 1569 Aut
1529 1541 1655 1578 lapidem
1686 1542 1833 1576 inutilem,
1866 1542 1969 1570 scilicet
2005 1541 2140 1576 utilitate,

1297 1596 1379 1625 quam
1402 1588 1561 1617 idololatrae
1583 1588 1606 1617 ei
1622 1589 1710 1617 inesse
1725 1589 1858 1622 credunt,
1873 1589 2000 1625 quamvis
2014 1588 2049 1617 sit
2067 1588 2142 1617 utilis

1297 1638 1432 1672 quantum
1453 1635 1486 1663 ad
1509 1643 1591 1663 usum
1614 1636 1780 1669 naturalem,
1797 1635 1862 1672 quia
1884 1635 1952 1663 nihil
1966 1635 2142 1672 superfluum

1298 1681 1324 1709 in
1347 1681 1478 1718 operibus
1499 1682 1563 1715 Dei,
1585 1681 1739 1710 cuiusmodi
1768 1684 1833 1709 sunt
1860 1683 2020 1715 creaturae,
2042 1681 2143 1709 Deute-

1299 1728 1414 1756 ronomii
1448 1729 1587 1765 trigesimo
1619 1728 1740 1757 secundo
1756 1728 1783 1756 ⁹:
1819 1740 1831 1753 «
1847 1728 1895 1757 Dei
1928 1728 2048 1764 perfecta
2078 1730 2143 1756 sunt

1298 1783 1382 1812 opera
1397 1787 1424 1809 »,
1447 1784 1502 1803 non·
1522 1775 1664 1812 superflua
1685 1782 1735 1804 nec
1760 1775 1903 1803 diminuta.
1928 1775 2008 1811 Opus
2035 1782 2143 1802 manus

1299 1822 1451 1860 antiquae,
1473 1822 1499 1850 id
1521 1825 1562 1851 est
1585 1830 1683 1850 manus
1710 1821 1815 1858 antiqui
1845 1821 1974 1855 artificis,
1996 1821 2062 1858 quia
2086 1820 2143 1849 «in

1298 1868 1420 1905 antiquis
1440 1872 1481 1897 est
1502 1868 1635 1906 sapientia
1649 1880 1677 1902 »,
1700 1868 1744 1896 lob
1765 1868 1935 1897 duodecimo.
1951 1867 2052 1896 Contra
2076 1867 2142 1895 haec

1298 1915 1391 1943 omnia
1404 1915 1506 1943 dicitur
1521 1916 1637 1943 Actuum
1649 1915 1755 1943 decimo
1767 1915 1883 1951 septimo
1895 1915 1933 1942 ¹⁰:
1949 1926 1962 1939 «
1974 1914 2066 1943 Genus
2078 1922 2144 1951 ergo

1299 1970 1363 1990 cum
1384 1961 1555 1995 siinusvbei,
1584 1969 1638 1989 non
1666 1961 1800 1990 debemus
1828 1961 1974 1989 aestimare
1994 1969 2080 1995 auro,
2101 1960 2143 1989 vel

1299 2011 1427 2045 argento,
1449 2011 1498 2037 aut
1519 2008 1599 2045 lapidi
1622 2008 1782 2045 sculpturae
1809 2008 1877 2036 artis
1905 2011 1953 2036 aut
1974 2007 2145 2045 cogitationis

1300 2055 1444 2084 hominum
1465 2055 1589 2083 divinum
1611 2063 1670 2083 esse
1691 2055 1781 2083 simile
1795 2066 1822 2082 ».

1379 2103 1439 2130 Aul
1459 2101 1580 2139 siquis.
1603 2101 1649 2129 Hic
1678 2101 1790 2138 ponitur
1819 2109 1899 2129 error
1928 2101 2077 2130 colentium
2108 2101 2145 2129 fa-

1300 2152 1394 2178 cturas
1415 2148 1542 2185 proprias
1563 2148 1590 2175 in
1611 2148 1726 2176 materia
1747 2147 1857 2185 liquem
1871 2150 1898 2176 et
1919 2147 2009 2184 primo
2023 2147 2145 2184 tangitur

1300 2203 1397 2224 eorum
1413 2203 1493 2223 error
1508 2195 1534 2222 in
1549 2193 1726 2230 fabricando
1741 2194 1784 2222 vel
1799 2193 1999 2230 carpentand0;
2015 2193 2145 2227 secundo,

1301 2243 1328 2271 in
1350 2242 1527 2270 venerando:
1552 2242 1584 2269 Et
1605 2241 1638 2269 cle
1658 2241 1832 2269 substantia.
1849 2257 1887 2261 -
1901 2241 1929 2269 ln
1951 2240 2041 2277 prima
2055 2240 2145 2277 primo

1301 2289 1388 2326 tangit
1407 2289 1578 2322 materiam;
1600 2288 1721 2317 secundo
1747 2287 1892 2325 formam:
1916 2288 1950 2316 Et
1978 2296 2030 2324 per
2054 2287 2145 2316 soien-

1302 2336 1392 2368 εἴα-ηπ
1413 2335 1494 2364 tertio
1514 2335 1617 2363 situm:
1643 2335 1677 2362 Et
1703 2333 1799 2371 faciat
1826 2334 1852 2362 ei
1876 2337 1943 2368 etc.;
1970 2336 2071 2370 quarto
2093 2333 2146 2361 im-

1299 2383 1475 2420 potentiam:
1500 2382 1600 2419 lmaqo
1622 2384 1672 2410 etc.

1382 2429 1470 2465 (Vers.
1496 2429 1561 2463 11.).
1585 2429 1646 2456 Aut
1664 2428 1692 2456 si
1719 2428 1784 2466 quis
1810 2426 1921 2465 artifex
1941 2426 2040 2464 fabem·
2061 2425 2146 2464 faber

1303 2475 1347 2504 hic
1369 2476 1444 2512 large
1464 2475 1586 2503 sumitur
1614 2483 1664 2511 pro
1685 2474 1791 2502 artifice
1812 2474 1838 2502 in
1861 2480 2037 2510 quacumque
2061 2475 2146 2501 mate-

467 2641 475 2654 ¹
495 2642 559 2664 Vers.
580 2642 613 2663 lO.

467 2679 476 2692 ²
495 2680 560 2702 Vers.
576 2680 609 2701 11.
622 2692 651 2696 -
664 2680 713 2702 Duo
725 2686 789 2708 seqq.
801 2680 844 2702 loci
853 2682 907 2702 sunt
916 2680 992 2701 Manu.
1001 2680 1027 2706 5,
1037 2679 1075 2701 45.
1083 2681 1106 2701 et
1114 2679 1170 2701 Gen.
1180 2678 1200 2706 1,
1210 2678 1247 2699 31.

467 2717 477 2730 ²³
495 2719 560 2741 Vere.
582 2719 615 2740 13.
631 2730 661 2735 —
679 2718 785 2746 Sequitur
802 2718 818 2740 Ι.
834 2717 887 2740 Cor.
905 2717 947 2744 14,
965 2718 1002 2739 38.

468 2756 477 2769 ⁴
495 2758 559 2779 Versu
578 2757 620 2783 16,
638 2756 676 2779 ubi
694 2759 746 2785 post
762 2756 786 2779 in
803 2758 868 2779 terra
884 2757 940 2779 sunl
957 2763 969 2778 a
988 2759 1048 2778 textu
1065 2755 1170 2783 originali
1183 2755 1248 2783 plura

406 2796 532 2819 adduntur.

469 2834 479 2847 ⁵
497 2835 562 2857 Vers.
582 2835 615 2856 11.

470 2872 479 2886 ⁶
497 2874 578 2896 Psalm.
597 2873 633 2900 37,
651 2874 671 2895 6.
691 2886 719 2888 —
738 2874 769 2895 De
785 2879 825 2902 spe
842 2873 896 2895 vide
913 2873 945 2895 ΙΙΙ.
961 2873 1021 2895 Sent.
1034 2873 1058 2895 d.
1070 2873 1106 2894 26.
1119 2878 1160 2900 per
1172 2874 1250 2899 totam,

408 2913 531 2942 praecipue
548 2920 569 2934 a.
587 2913 607 2934 9..
626 2919 649 2941 q.
668 2912 688 2934 4.
705 2914 728 2934 et
744 2911 800 2934 dub.
819 2911 839 2934 4.

469 2950 478 2963 ⁷
497 2952 580 2973 Psalm.
597 2952 655 2977 113,
673 2950 694 2973 4.
710 2963 741 2967 —
758 2951 890 2979 Sequuntur
906 2950 956 2973 lsai.
973 2952 1001 2977 2,
1018 2951 1044 2977 83
1062 2950 1120 2973 Osee
1137 2951 1163 2977 2,
1182 2950 1208 2971 8:
1226 2950 1251 2971 Et

1303 2640 1425 2665 argentum
1443 2636 1592 2664 multiplicavi
1610 2636 1630 2658 ei
1647 2638 1669 2657 et
1686 2641 1783 2661 aurum,
1800 2640 1860 2663 quae
1877 2636 1932 2660 etc.;
1950 2633 1999 2655 lsai.
2017 2634 2043 2661 2,
2054 2632 2077 2655 7.
2088 2635 2110 2655 et
2123 2633 2148 2659 8,

1304 2677 1344 2700 ubi
1362 2679 1413 2704 post
1430 2675 1598 2699 thesaurorum
1615 2674 1665 2697 eius
1681 2681 1701 2703 a,
1712 2675 1810 2701 Vulgata
1827 2674 1892 2701 plura
1909 2672 2033 2695 adduntur.

1367 2714 1376 2727 Β
1394 2716 1458 2738 Vers.
1477 2715 1512 2737 16.
1531 2721 1608 2743 seqq.:
1626 2715 1657 2736 Ne
1673 2715 1730 2736 sorte
1746 2712 1836 2740 decepti
1854 2712 1939 2734 faciatis
1955 2710 2023 2733 vobis
2034 2711 2148 2739 sculptam

1305 2755 1501 2778 similitudinem...
1518 2753 1691 2775 similitudinem
1709 2752 1812 2775 omnium
1830 2752 1998 2779 iumentorum,
2015 2755 2076 2778 quae
2097 2753 2148 2772 sunt

1306 2799 1375 2821 super
1392 2795 1476 2815 terram
1494 2795 1537 2814 etc..

1368 2830 1377 2843 ⁹
1396 2832 1461 2853 Vers.
1478 2831 1498 2853 4.
1515 2843 1547 2847 —
1564 2831 1671 2859 Sequitur
1688 2830 1727 2852 lob
1740 2830 1781 2858 12,
1799 2830 1836 2852 12.
1854 2841 1885 2846 ——
1905 2828 2015 2857 Superius
2031 2834 2074 2856 pro
2093 2826 2147 2857 quia

1306 2870 1366 2893 nihil
1378 2871 1446 2893 codd.
1466 2873 1488 2892 et
1504 2870 1557 2892 edd.
1575 2869 1694 2893 Michaeae
1710 2868 1819 2892 secundo.

1369 2908 1388 2921 ¹⁰
1406 2909 1471 2931 Vers.
1489 2909 1531 2930 29:
1548 2908 1648 2930 Genus...
1666 2914 1722 2930 auro
1739 2910 1778 2930 aut
1794 2909 1912 2934 argento...
1929 2906 1984 2928 artis
2000 2908 2022 2928 et
2034 2904 2150 2933 cogitatio-

1307 2948 1341 2971 nis
1358 2951 1401 2970 etc.

2170 2104 2197 2123 De
2207 2103 2266 2123 secund

2157 2128 2218 2151 agitur
2227 2127 2265 2152 dnpl

2158 2152 2211 2170 citer.

2162 2245 2189 2263 De
2198 2243 2266 2263 eri-orei

2169 2266 2267 2287 fabricando

2176 2291 2265 2314 tanguntur

2182 2316 2260 2338 quatuor.

2164 2431 2190 2450 De
2205 2429 2268 2450 mater-i:
