2296 3316
275 289 380 309 contrarie-

300 315 327 331 tas
340 313 358 330 Β.

277 428 382 448 Comi-arie-

301 454 328 470 tas
342 452 358 470 3.

255 523 312 546 Resp.
325 521 349 540 ad
364 520 380 538 3.

259 847 389 873 nespadffl.

395 157 451 186 416

475 236 500 262 Ξ).
524 233 604 265 ltem‚
627 230 726 260 ibidem
740 231 750 246 ²
770 228 888 260 dicitur,
904 225 978 263 quod
992 225 1065 254 sedit
1077 232 1166 261 snper
1181 223 1240 252 asi-

396 289 468 310 nam
498 283 523 308 et
546 278 678 316 pullum,
711 276 755 304 hic
786 277 879 303 autem
911 272 1028 306 dicitur,
1050 271 1125 309 quod
1156 277 1240 307 super

396 326 526 356 asellum.

477 372 502 401 3.
518 372 593 405 Item,
608 371 660 399 hoc
676 377 729 398 non
744 371 785 398 est
799 367 934 404 scriptum
950 366 976 394 in
993 365 1126 394 Zacharia
1136 365 1162 390 ²:
1176 363 1243 392 Noli

399 421 512 452 timere,
528 418 592 455 filia
608 418 695 450 Sion,·
716 416 782 445 sed:
806 414 930 443 Eoos-<ulla
944 416 969 442 et
983 412 1092 446 iubila,
1111 411 1175 448 lilia
1188 413 1240 439 etc.

477 465 653 494 Bissonum:
675 462 825 491 Dicendum
852 461 886 489 ad
914 461 966 488 hoc
996 459 1139 492 ultimum,
1168 456 1242 494 quod

400 513 465 550 quia
485 511 672 548 Evangelistae
693 517 743 546 per
757 508 891 546 Spiritum
905 510 1032 536 sanctum
1046 505 1242 543 loquebantur,

399 560 446 597 qui
469 562 552 588 totam
574 556 694 586 condidit
725 556 897 593 Scripturam
928 557 956 583 et
986 556 1029 582 est
1048 555 1161 585 auctor3
1183 551 1243 580 ideo

400 615 453 635 non
474 606 600 634 fecerunt
620 604 675 632 vim
697 603 726 632 in
746 602 900 632 verborum
922 600 1127 633 similitudine,
1149 598 1197 627 sed
1216 598 1243 626 in

401 652 592 682 intellectuum
612 650 795 683 sinceritate,·
816 652 843 678 et
857 649 928 677 idem
950 648 1056 684 ipsum,
1078 646 1153 683 quod
1173 645 1245 674 dixit

400 701 445 729 ille
466 707 515 736 per
537 698 654 727 verbum
675 696 856 730 exsultandi,
872 696 924 724 hoc
938 695 1029 732 ipsum
1043 693 1110 722 dicit
1125 693 1245 729 Evange-

401 748 462 776 lista
484 754 533 783 per
554 745 671 774 verbum
692 753 751 773 non
772 742 921 772 liniendi?

482 794 507 821 1.
529 794 555 820 2.
578 791 655 828 Quod
678 799 743 820 vero
774 790 903 819 obiicitur
934 788 968 817 de
992 787 1198 816 contrarietate
1219 789 1246 815 et

398 838 683 877 praeposteratione;
704 836 852 866 dicendum
866 839 923 869 est,
939 834 1012 871 quod
1028 834 1162 862 Dominus
1176 832 1246 862 sedit

403 894 487 924 super
507 885 613 914 asinam
633 887 660 913 et
680 885 762 913 etiam
784 891 869 920 super
891 882 999 919 pullum
1021 881 1089 910 eius.
1107 880 1137 909 Et
1151 880 1247 909 dicunt

402 933 529 970 quidam,
552 932 604 960 hoc
625 931 709 960 fuisse
730 931 781 959 hoc
802 929 899 958 modo:
932 928 1010 965 prius
1031 927 1131 956 insedit
1148 926 1246 964 pullo,

402 982 430 1008 et
449 979 515 1016 quia
536 977 743 1011 recalcitrabat,
765 979 827 1014 post
847 976 916 1005 sedit
937 983 1022 1012 super
1043 974 1162 1003 asinam
1173 975 1193 1001 4.
1209 989 1247 993 —

403 1026 455 1055 Sed
476 1026 528 1054 boc
548 1025 617 1053 nihil
638 1028 695 1057 est,
716 1024 782 1061 quia
802 1031 856 1052 non
878 1022 976 1056 credo,
999 1022 1072 1059 quod
1087 1021 1182 1058 pullus
1195 1028 1247 1048 un—

403 1080 499 1110 quam,
521 1072 638 1100 Domino
658 1070 808 1104 insidente,
837 1070 1041 1103 recalcitraret;
1063 1068 1148 1096 immo
1169 1067 1249 1095 intel-

404 1120 560 1157 ligendum,
582 1118 656 1156 quod
677 1118 811 1146 Dominus
825 1120 939 1154 propter
954 1116 1072 1153 figuram
1087 1115 1166 1152 prius
1180 1114 1250 1143 sedit

404 1174 489 1204 super
511 1166 646 1199 asinam,
668 1165 695 1193 id
716 1167 757 1193 est
778 1172 863 1201 super
884 1166 1004 1192 veterem
1027 1169 1207 1199 synagogam,
1223 1163 1250 1189 et

404 1217 465 1251 post
486 1221 571 1250 super
591 1212 714 1250 pullum,
737 1211 764 1240 id
785 1214 826 1240 est
846 1210 1025 1248 gentilitatem
1057 1209 1216 1237 indomitam
1229 1209 1248 1236 ⁵.

405 1278 443 1282 --
464 1261 495 1289 Et
517 1260 594 1297 prius
616 1259 685 1288 sedit
699 1266 784 1296 super
805 1258 925 1291 asinam,
940 1264 1024 1294 quam
1039 1256 1138 1285 turbae
1152 1263 1249 1284 occur—

405 1311 515 1342 rerent;
538 1307 598 1336 ideo
619 1307 772 1335 Matthaeus
795 1306 871 1343 prius
892 1308 1003 1337 narrat;
1025 1303 1073 1333 sed
1094 1306 1170 1340 post,
1186 1310 1248 1331 cum

406 1356 505 1385 turbae
536 1356 733 1388 occurrerunt,
763 1356 829 1382 tunc
860 1352 930 1381 sedit
959 1359 1043 1388 super
1070 1351 1195 1379 asellum.
1220 1350 1251 1378 Et

406 1403 467 1432 ideo
488 1401 623 1431 Ioannes6
644 1401 709 1429 dicit
731 1403 792 1437 post
812 1399 962 1428 adventum
983 1398 1147 1427 turbarum:
1170 1398 1250 1426 Inve-

407 1451 450 1479 nit
471 1450 552 1478 Iesus
573 1448 694 1477 asellam
721 1451 746 1476 et
766 1447 838 1476 sedit
858 1454 947 1483 snper
967 1454 1050 1478 emm
1072 1453 1125 1473 non
1148 1452 1250 1473 curans

409 1500 496 1526 totum
518 1496 626 1529 dicere,
647 1494 712 1532 quia
732 1494 803 1523 alius
823 1493 941 1522 dixerat.

460 1590 574 1620 Secundo,
591 1589 617 1613 de
633 1588 747 1620 passionis
762 1587 916 1620 praedictione
932 1587 1046 1618 ponuntur
1063 1586 1168 1618 quatuor.

487 1677 532 1705 28.
556 1677 651 1705 Erant
674 1679 771 1704 aulem
797 1675 914 1713 pentiles
941 1674 1071 1712 quidam.
1095 1673 1253 1702 Praedeter-

410 1724 543 1751 minatum
564 1725 606 1751 est
620 1730 707 1751 unum
723 1722 933 1758 praeambulum
948 1721 982 1749 ad
996 1721 1164 1757 passionem,
1179 1719 1253 1757 quod

408 1773 450 1799 est
470 1769 680 1798 Pharisaeorum
709 1768 890 1805 conspi1·atio;
913 1768 958 1797 hic
988 1768 1190 1797 determinatur
1212 1774 1254 1796 se-

409 1816 544 1850 cundum,
576 1815 680 1844 scilicet
698 1815 851 1853 gentilium
872 1814 1086 1848 illnnzinatiffl,
1115 1822 1186 1851 quae
1214 1816 1256 1843 est

408 1863 518 1892 fructus
538 1871 710 1900 consequens
730 1863 883 1899 passionem
903 1862 1004 1891 Christi
1026 1861 1104 1890 valde
1125 1862 1208 1890 utilis.
1225 1862 1256 1890 Et

409 1910 540 1948 quoniam
562 1910 589 1938 in
610 1909 712 1938 Christi
734 1910 859 1946 passione
880 1909 951 1938 facta
965 1912 1006 1938 est
1026 1909 1170 1946 gentilium
1193 1909 1255 1937 illu-

410 1956 523 1986 minatio
553 1960 581 1985 et
600 1956 764 1985 Iudaeorum
795 1956 968 1990 excaecati03
999 1955 1060 1984 ideo
1092 1955 1159 1984 haec
1191 1963 1256 1992 pars

410 2007 531 2040 quatuor
552 2003 636 2032 habet
649 2003 807 2040 particulas.
830 2003 858 2030 ln
880 2002 970 2039 prima
990 2002 1192 2031 determinatur
1214 2002 1256 2031 vel

410 2050 565 2079 ostenditur
579 2050 740 2079 vocationis
752 2051 882 2087 yenliwm
893 2049 1119 2087 praefiguratio.
1132 2049 1257 2078 Secundo

475 2236 483 2249 ²
502 2237 568 2259 Vers.
584 2237 613 2259 7:
630 2237 656 2259 Et
673 2236 819 2259 adduxerunt
835 2237 923 2258 asinam
941 2239 963 2258 et
980 2237 1093 2264 pullum...
1110 2239 1132 2259 et
1149 2242 1203 2259 eum
1221 2236 1258 2259 de-

413 2282 483 2304 super
499 2276 580 2298 sedere
597 2277 706 2298 recerunt.

476 2313 484 2326 ²
502 2314 557 2343 Cap.
575 2315 601 2343 9,
620 2315 640 2337 9.
652 2315 754 2337 -101111,
774 2316 815 2343 vlit,
833 2314 869 2337 tt.

476 2352 485 2366 ²
502 2354 546 2377 Csr.
563 2355 673 2382 August,
691 2355 712 2377 ll.
731 2355 760 2377 de
777 2354 895 2377 Consensu
916 2354 1053 2382 Evangelist.
1073 2359 1093 2376 c.
1111 2354 1147 2376 66.
1165 2360 1187 2375 11.
1206 2354 1258 2376 1128.

476 2391 486 2404 *¹
502 2393 561 2414 Petr.
585 2393 704 2415 Comestor
715 2411 720 2420 ,
745 2393 828 2415 Histor.
846 2393 994 2420 scholastica,
1012 2393 1033 2415 in
1052 2393 1140 2420 Evang.
1159 2398 1179 2414 c.
1197 2392 1257 2413 1117:

415 2431 481 2459 Quod
498 2432 551 2454 licet
566 2431 644 2454 brevis
661 2434 720 2453 esset
737 2432 785 2458 via,
804 2432 853 2454 sieri
870 2434 948 2454 tamen
965 2431 1054 2459 poluit,
1071 2434 1095 2453 ut
1107 2431 1183 2458 primo
1202 2431 1259 2453 inse·

415 2470 486 2493 disset
502 2471 576 2499 pullo,
594 2474 615 2493 et
633 2472 701 2498 sorte,
718 2471 772 2500 quia
792 2471 896 2493 nondum
914 2471 1016 2494 domitus
1030 2473 1052 2493 et
1073 2471 1173 2493 lascivus
1196 2476 1258 2497 erat,

415 2509 534 2532 descendit
550 2512 572 2531 et
588 2509 672 2531 insedit
688 2509 777 2538 asinae;
795 2509 878 2538 quodsi
896 2515 966 2537 super
983 2509 1072 2537 pullum
1088 2511 1190 2537 tantum,
1208 2509 1259 2531 Mat-

416 2549 496 2570 thaeus
513 2551 590 2570 tamen
607 2554 676 2576 super
695 2551 820 2577 utrumque
837 2549 926 2576 posuit,
944 2549 997 2577 quia
1016 2551 1057 2571 etc.

478 2585 488 2598 ⁵
504 2587 608 2614 Hieron,
626 2588 657 2609 111.
675 2586 805 2609 Comment.
817 2588 840 2609 in
857 2588 932 2609 Matth.
951 2588 993 2615 21,
1012 2587 1033 2610 4.
1049 2594 1111 2616 seq.:
1128 2588 1188 2615 Ergo
1205 2593 1259 2610 cum

417 2625 509 2647 historia
529 2626 602 2654 [quod
627 2626 690 2648 lesus
715 2626 736 2648 in
753 2626 846 2649 duobus
870 2626 978 2653 sedisset,
1003 2629 1098 2654 propter
1123 2626 1260 2649 brevitatem

416 2664 481 2694 viae]
496 2665 533 2687 vel
550 2664 759 2692 impossibilitatem
777 2665 872 2693 habeat,
891 2666 927 2688 vel
944 2666 1123 2693 turpitudinem,
1135 2666 1164 2688 ad
1181 2666 1260 2688 altiora

417 2703 598 2730 transmittimur,
616 2706 640 2725 ut
657 2703 720 2725 asina
737 2704 786 2732 ista,
804 2710 864 2732 quae
881 2704 1010 2732 subiugalis
1027 2704 1067 2726 suit
1084 2707 1106 2726 et
1122 2704 1223 2726 edomita
1239 2707 1262 2727 et

416 2742 499 2771 iugum
515 2742 583 2770 Legis
600 2745 708 2771 traxerat,
725 2749 846 2771 synagoga
864 2743 1013 2771 intelligatur;
1030 2744 1107 2771 pullus
1124 2744 1215 2770 asinae,
1232 2744 1261 2765 la-

417 2782 495 2804 scivus
512 2784 534 2803 et
549 2781 616 2808 liber,
634 2782 737 2809 gentium
754 2782 866 2810 populus,
884 2782 969 2811 quibus
981 2783 1067 2805 sederit
1084 2783 1145 2805 lesus
1161 2785 1204 2805 etc.
1216 2782 1262 2805 Cfr.

417 2821 547 2849 chrysost,
564 2821 587 2843 in
605 2821 664 2843 loan.
683 2822 761 2844 homil.
773 2822 809 2843 66.
828 2821 893 2849 (alias
910 2822 957 2851 65.)
976 2829 997 2844 11.
1017 2823 1042 2849 l,
1060 2822 1100 2844 ubi
1111 2828 1153 2850 per
1170 2822 1260 2844 asinum

417 2859 513 2886 intelligi
527 2859 577 2882 vult
593 2859 689 2887 gentiles
706 2862 728 2882 et
743 2859 878 2887 subiungit:
896 2861 1025 2889 Utrumque
1041 2861 1125 2883 tactum
1148 2866 1199 2883 esse
1216 2866 1262 2883 cre·
1288 2864 1290 2875 ¹

419 2898 488 2920 dibile
504 2901 550 2925 est,
567 2901 589 2920 et
606 2901 658 2926 post
674 2899 771 2921 solutam
790 2899 890 2927 asinam,
914 2899 1053 2922 ducentibus
1075 2900 1206 2927 discipulis,
1230 2900 1262 2921 in-

418 2941 487 2960 vento
505 2938 573 2960 asello
590 2937 706 2960 Christum
724 2938 842 2961 insedisse.

1012 145 1182 175 COMMENT.
1204 145 1237 173 IN
1257 143 1404 172 IOANNEM
1425 143 1453 171 C.
1475 141 1528 171 XII.

1296 229 1363 250 vero
1374 219 1524 258 passionis
1539 218 1708 256 praedicitur
1721 216 1928 255 fructificanti,
1947 215 1983 244 ibi
1996 216 2020 244 ⁸:
2037 217 2143 250 Amen,

1296 276 1383 297 amen
1402 267 1467 296 dico
1488 266 1568 295 vobis
1589 267 1639 294 etc.
1662 264 1755 293 Tertio
1769 271 1848 298 vero,
1867 262 2014 300 praedicti
2026 261 2145 300 fruews

1296 314 1450 352 expositio,
1472 313 1525 342 ibi:
1554 312 1654 341 Turba
1674 319 1756 348 erqo,
1778 318 1853 349 quae
1872 309 1971 338 stabat
1997 312 2022 338 et
2042 309 2144 338 audie—

1298 362 1347 390 bat
1371 368 1475 389 vocem.
1503 360 1608 396 Quarto
1635 358 1802 387 describitur
1829 356 1938 394 futura
1966 356 2145 385 Iudaeorum

1297 407 1478 441 excaecatio,
1501 406 1554 435 ibi.-
1576 406 1655 434 Haec
1676 405 1788 433 locutus
1809 407 1851 432 est
1872 404 1953 432 lesus
1974 406 2025 432 etc.

1377 454 1536 483 Insinuatur
1556 461 1623 490 ergo
1644 452 1734 489 primo
1754 450 1862 489 futura
1881 450 2012 488 yentium
2032 449 2145 479 vocatio

1298 550 1379 578 offert
1400 549 1581 581 benevolum;
1609 550 1637 576 et
1657 546 1824 576 describitur
1845 545 1898 574 hoc
1925 544 2034 574 ordine:
2056 544 2146 582 primo

1299 597 1413 634 ponitur
1432 596 1583 634 yentz'lium
1610 594 1774 623 sollicitudo
1782 604 1792 627 ,·
1820 592 1960 626 secundo,
1988 591 2147 629 discipulo—

1299 651 1369 672 rum
1389 642 1555 671 intercessio
1562 652 1572 675 ;
1594 641 1688 675 tertio,
1709 639 1846 677 Mctqtstrz'
1861 638 2068 667 condescensio.

1379 689 1424 717 99.
1448 689 1536 724 (Vers.
1566 687 1634 721 20).
1661 686 1787 715 lnnuitur
1813 693 1879 722 ergo
1899 684 2051 723 qentiliam
2070 684 2148 714 solli·
2161 687 2246 731 Effigiltii.

1301 736 1399 766 citatio
1418 736 1446 764 in
1468 736 1534 769 hoc,
1556 734 1630 772 quod
1652 733 1746 762 videre
1767 733 1856 762 lesum
1877 732 1994 769 cupiunt
2015 734 2042 761 et
2062 739 2148 769 quae-

1302 787 1383 818 runt;
1399 785 1513 820 propter
1535 781 1608 819 quod
1623 781 1704 809 dicit:
1721 781 1815 809 Erant
1839 782 1938 808 antem
1951 778 2069 816 yentiles
2083 778 2148 817 qui-

1302 832 1372 860 tlam
1393 839 1427 859 cx
1449 828 1494 858 lits
1507 825 1567 867 'qai
1584 828 1793 862 ascenderant,
1815 830 1848 855 ut
1868 826 2031 855 adorarent
2051 825 2083 855 in
2103 825 2149 855 die

1302 878 1382 916 festo.
1399 877 1451 914 Ipsi
1466 876 1618 905 adorabant
1631 875 1659 903 in
1675 875 1792 911 templo,
1807 873 1938 911 quoniam
1952 875 1979 902 et
1993 873 2044 910 ipsi
2063 880 2150 902 exau-

1302 925 1469 958 diebantur;
1491 923 1563 952 tertii
1580 923 1683 960 Regum
1705 921 1823 950 octavo⁹
1844 921 1871 950 in
1893 920 2017 950 oratione
2031 920 2151 949 Salomo-

1304 970 1362 999 nis:
1383 981 1396 995 «
1411 970 1578 1006 Alienigena,
1600 969 1647 1005 qui
1663 977 1717 997 non
1732 971 1774 997 est
1790 967 1824 996 de
1839 967 1941 1004 populo
1957 970 2017 1002 tuo,
2032 967 2053 996 si
2070 974 2151 996 vene—

1304 1017 1341 1045 rit
1362 1019 1389 1046 et
1409 1016 1530 1045 oraverit
1551 1016 1578 1044 in
1601 1016 1660 1044 loco
1681 1016 1750 1049 hoc,
1771 1014 1904 1043 exaudies
1924 1014 1951 1042 in
1974 1014 2048 1043 caelo
2064 1025 2076 1039 ι)
2099 1016 2150 1042 etc.

1384 1064 1429 1092 30.
1452 1064 1541 1100 (Vers.
1568 1063 1635 1099 91).
1659 1062 1699 1090 Hi
1718 1070 1787 1100 erqo
1815 1064 2000 1090 accesserunt
2020 1060 2060 1089 ad
2081 1059 2152 1089 Phi-

1306 1111 1433 1148 lippum,
1455 1111 1507 1149 qtti
1534 1113 1597 1139 erat
1628 1118 1647 1138 a
1681 1108 1840 1138 Bethsaida
1869 1108 2035 1141 Galilaeae,-
2066 1115 2152 1145 supra

1305 1159 1396 1196 primo
1408 1158 1445 1186 ¹⁰:
1467 1169 1480 1183 «
1497 1157 1559 1186 Erat
1573 1160 1666 1186 autem
1686 1156 1827 1193 Philippus
1840 1164 1856 1184 a
1872 1155 2028 1190 Bethsaida,
2043 1154 2153 1183 civitate

1306 1205 1428 1233 Andreae
1449 1207 1476 1233 et
1497 1204 1569 1233 Petri
1588 1215 1614 1232 ».
1637 1204 1779 1240 Tanquam
1808 1202 1842 1231 ad
1865 1202 1951 1239 magis
1972 1204 2069 1230 notum
2097 1201 2153 1230 ive-

1306 1255 1373 1281 runt
1393 1255 1421 1281 et
1441 1251 1609 1280 desiderium
1630 1253 1846 1287 expresserunt;
1869 1249 1942 1278 unde
1963 1253 1989 1278 et
2008 1248 2155 1286 roqabant

1306 1307 1388 1333 eum,
1417 1297 1561 1326 dicentes:
1591 1297 1731 1331 Domine,
1760 1297 1896 1325 volumas
1924 1296 2018 1324 Iesum
2046 1294 2151 1323 videre.

1306 1346 1360 1375 Nec
1380 1345 1497 1379 mirum,
1519 1344 1541 1373 si
1562 1344 1756 1373 desiderabant
1770 1343 1879 1378 videre,
1901 1343 1979 1380 quia,
2001 1341 2154 1371 secundum

1306 1392 1374 1421 illud
1388 1392 1483 1421 Psalmi
1497 1392 1528 1427 ¹¹,
1544 1402 1558 1417 «
1569 1391 1710 1428 speciosus
1721 1391 1809 1420 forma
1820 1398 1886 1428 prae
1897 1390 1961 1419 filiis
1972 1389 2115 1419 hominum
2127 1399 2154 1423 n,

1311 1452 1325 1465 «
1339 1443 1414 1468 totus
1434 1442 1495 1468 erat
1514 1438 1704 1467 desiderabilis
1717 1450 1744 1466 ».
1767 1437 1954 1475 Augustinus:
1977 1449 1991 1462 <r
2008 1438 2087 1472 Ecce,
2109 1445 2156 1466 vo—

1306 1487 1420 1516 luerunt
1441 1494 1504 1515 eum
1527 1485 1618 1514 Iudaei
1638 1485 1778 1520 occidere,
1801 1485 1916 1522 gentiles
1938 1484 2031 1514 videre
2045 1495 2072 1512 ».
2092 1484 2156 1513 Pro-

1307 1536 1368 1571 pter
1383 1533 1435 1562 hoc
1450 1532 1578 1561 Matthaei
1600 1532 1732 1569 vigesimo
1747 1532 1852 1569 primo:
1878 1531 2051 1560 «Auferetur
2072 1539 2088 1559 a
2108 1538 2156 1560 vo-

1307 1581 1349 1610 bis
1370 1588 1488 1617 regnum
1509 1583 1536 1609 et
1556 1579 1668 1608 dabitur
1689 1579 1762 1616 genti
1784 1578 1892 1608 facienti
1915 1578 2024 1608 fructus
2044 1578 2105 1607 eius
2118 1589 2145 1606 ι).

1387 1627 1433 1656 31.
1456 1627 1544 1664 (Vers.
1567 1626 1635 1662 022).
1664 1626 1744 1654 Venit
1766 1625 1929 1663 Philippus.
1956 1625 2090 1662 Tangitur
2111 1624 2157 1654 hic

1309 1674 1477 1708 secundum,
1495 1674 1599 1702 scilicet
1620 1673 1835 1710 discipulorum
1855 1672 2020 1702 intercessio
2040 1671 2075 1701 ad
2095 1679 2158 1709 gen-

1310 1722 1398 1750 tilium
1421 1721 1589 1758 petitionem.
1615 1721 1645 1749 Et
1665 1724 1697 1749 ut
1718 1720 1860 1757 Philippus
1881 1720 1988 1749 facilius
2012 1719 2157 1756 impetret,

1310 1769 1427 1798 assumit
1448 1768 1568 1802 socium;
1598 1771 1712 1804 propter
1733 1767 1808 1804 quod
1828 1767 1909 1796 dicit:
1939 1766 2017 1795 Venit
2044 1765 2158 1804 Pln'lz'p-

1307 1825 1366 1853 pus
1387 1819 1413 1844 et
1433 1815 1503 1844 dicit
1518 1815 1671 1849 Andreae,
1694 1817 1825 1852 tanquam
1841 1814 1955 1848 maiori;
1977 1816 2004 1843 et
2025 1816 2091 1842 tunc
2106 1813 2158 1842 An-

1311 1863 1392 1892 dreas
1414 1865 1545 1899 tanquam
1571 1862 1659 1891 maior
1672 1862 1694 1879 12
1716 1862 1805 1898 praeit
1826 1862 1854 1890 in
1876 1861 2062 1894 nuntiatione;
2083 1859 2157 1889 unde

1311 1910 1392 1939 dicit:
1415 1910 1552 1938 Andreas
1566 1917 1691 1938 rursum
1713 1912 1737 1937 el
1752 1907 1909 1946 Philippus
1929 1908 2068 1936 dixerant
2085 1907 2157 1936 Iesu.

1312 1957 1340 1985 111
1362 1964 1418 1994 quo
1439 1956 1575 1990 innuitur,
1593 1956 1666 1993 quod
1689 1955 1803 1992 praelati
1819 1958 1884 1984 sunt
1904 1954 1985 1983 medii
2007 1954 2080 1983 inter
2094 1953 2159 1983 sim-

1312 2003 1397 2040 plices
1418 2006 1445 2031 et
1459 2003 1621 2037 Dominum,
1643 2003 1691 2040 qui
1712 2002 1848 2031 desideria
1866 2009 2021 2039 pauperum
2042 2000 2160 2030 Domino

1313 2049 1448 2084 offerunt;
1470 2049 1675 2078 Deuteronomii
1698 2049 1795 2086 quinto
1808 2049 1830 2066 ¹³
1845 2048 1916 2077 dixit
1930 2048 2050 2086 Moyses:
2077 2059 2091 2073 «
2105 2048 2160 2085 Ego

1376 2235 1385 2248 ⁶
1402 2237 1450 2259 Hoc
1467 2242 1517 2264 cap.
1543 2242 1566 2258 v.
1584 2236 1620 2258 lli.
1643 2235 1688 2259 cfr.
1713 2236 1822 2264 August,
1840 2236 1862 2258 in
1887 2236 1948 2258 loan.
1965 2235 2052 2263 Evang.
2075 2236 2104 2257 tr.
2121 2234 2159 2257 sl.

1314 2282 1337 2297 11.
1354 2276 1374 2298 5.
1386 2278 1409 2298 et
1420 2276 1443 2298 ll.
1456 2275 1485 2297 de
1497 2275 1615 2298 Consensu
1627 2275 1765 2303 Evangelist.
1778 2281 1797 2297 c.
1810 2275 1847 2297 66.
1860 2282 1881 2297 11.
1895 2275 1939 2297 ’128
1948 2293 1953 2303 ‚
1965 2274 2006 2297 ubi
2018 2273 2085 2300 dicit,
2097 2273 2161 2302 quod

1314 2315 1409 2337 Ioannes
1426 2314 1541 2343 quaedam
1560 2317 1631 2342 tacet,
1648 2320 1708 2343 quae
1725 2314 1760 2336 alii
1779 2314 1939 2342 Evangelistae
1957 2314 2057 2336 narrant.

1378 2351 1387 2365 ⁷
1407 2354 1481 2381 Supra
1498 2360 1518 2376 c.
1537 2354 1573 2375 ll.
1592 2360 1614 2376 n.
1634 2353 1670 2376 64.
1689 2353 1772 2376 dicitur
1788 2352 1816 2376 de
1830 2351 1950 2382 passionis
1965 2351 2135 2381 praedictione.

1377 2390 1387 2403 ⁰
1404 2392 1470 2414 Vers.
1488 2391 1530 2418 24;
1548 2392 1613 2414 tertia
1630 2394 1652 2414 et
1669 2394 1751 2420 quarta
1768 2397 1822 2419 pars
1839 2394 1873 2414 est
1890 2398 1914 2413 v.
1931 2390 1974 2413 29:
1993 2389 2074 2413 Turba
2091 2395 2161 2419 erqo,

1315 2437 1376 2461 qnae
1391 2430 1470 2454 stabat
1485 2433 1507 2454 et
1522 2430 1644 2459 audierat,
1663 2430 1752 2454 dicebat
1775 2433 1817 2453 etc.
1836 2434 1858 2453 et
1875 2430 1912 2452 36.
1930 2442 1961 2446 —
1979 2429 2021 2452 Pro
2038 2428 2162 2457 Secundo,

1318 2470 1406 2498 Tertio,
1425 2470 1446 2492 et
1465 2470 1556 2498 Quarto
1574 2471 1612 2493 cd.
1629 2471 1656 2493 ln
1673 2469 1789 2498 secunda,
1805 2469 1831 2492 in
1848 2469 1917 2493 tertia
1934 2472 1956 2492 et
1972 2468 1996 2492 in
2015 2469 2111 2499 qztarla.
2141 2496 2143 2498 .

1378 2508 1388 2521 ⁹
1406 2510 1471 2532 Vers.
1489 2509 1527 2532 41.
1544 2516 1610 2538 seqq.

1379 2548 1398 2561 ¹⁰
1417 2550 1481 2571 Vers.
1499 2549 1536 2571 lili.
1559 2561 1589 2565 —
1612 2549 1690 2572 Glossa
1713 2548 1839 2572 ordinaria
1861 2549 1881 2571 in
1900 2549 1976 2571 Matth.
1995 2548 2036 2576 21,
2058 2548 2081 2570 l:
2099 2546 2164 2571 illisit

1316 2588 1375 2611 duos
1392 2587 1534 2617 discipulos.-
1553 2588 1652 2617 Quidam
1677 2587 1770 2617 [l-lilar.,
1791 2588 1813 2610 in
1837 2589 1898 2610 hunc
1920 2588 2010 2614 locum,
2032 2586 2163 2615 Chrysost.‚

1317 2628 1339 2649 in
1356 2628 1432 2650 Matth.
1450 2633 1490 2655 op.
1507 2627 1633 2655 imperfect.
1646 2627 1725 2650 homil.
1738 2627 1774 2650 37.
1787 2630 1809 2649 et
1821 2627 1896 2655 Beda,
1909 2627 1941 2649 lll.
1955 2627 1976 2648 in
1989 2627 2066 2648 Matth.
2078 2626 2117 2653 2¹¹,
2130 2624 2164 2654 l.]

1317 2666 1409 2695 dicunt,
1427 2667 1469 2688 hos
1486 2667 1546 2688 duos
1562 2667 1654 2689 Petrum
1672 2669 1695 2689 et
1716 2667 1862 2694 Philippum,
1880 2666 1919 2695 qui
1942 2666 2045 2694 primum
2069 2664 2165 2693 gentiles

1317 2706 1347 2728 ad
1368 2705 1484 2728 Christum
1506 2706 1664 2733 adduxerunt,
1682 2706 1800 2734 Philippus
1823 2706 1964 2733 Samariam,
1981 2710 2052 2734 quam
2070 2703 2164 2727 asinam

1288 2753 1289 2773 1
1316 2745 1502 2772 interpretantur,
1519 2745 1599 2767 Petrus
1616 2744 1745 2768 Cornelium
1763 2745 1830 2774 quasi
1847 2744 1965 2767 Samariae
1979 2742 2084 2773 pullam.

1381 2782 1398 2796 ¹¹
1418 2783 1498 2806 Psalm.
1517 2784 1558 2811 44,
1577 2784 1598 2806 3.
1615 2797 1646 2801 --
1664 2784 1767 2807 Subinde
1784 2784 1912 2812 allegantur
1934 2782 1999 2806 Cant.
2016 2783 2042 2811 5,
2062 2782 2102 2809 116;
2120 2781 2167 2803 Αυ-

1318 2825 1390 2851 gost„
1409 2823 1430 2845 in
1448 2823 1509 2845 loun.
1526 2824 1615 2851 Evang.
1632 2826 1659 2845 tr.
1677 2823 1714 2846 dl.
1732 2830 1754 2845 n.
1773 2824 1793 2845 Β.
1812 2825 1833 2845 et
1850 2823 1926 2845 Matth.
1944 2823 1985 2849 21,
2005 2821 2042 2844 43.

1382 2860 1400 2873 ¹²
1418 2861 1463 2885 Cir.
1480 2868 1549 2889 supra
1567 2868 1586 2884 c.
1605 2863 1627 2885 ¹l.
1644 2869 1666 2885 n.
1685 2863 1723 2885 78.
1742 2865 1764 2885 et
1781 2863 1820 2885 85.

1381 2899 1400 2912 ¹⁸
1418 2901 1484 2923 Vers.
1502 2901 1524 2923 5.
1541 2913 1572 2918 -—-
1590 2902 1698 2930 Sequitur
1714 2902 1784 2924 Hebr.
1802 2901 1829 2930 5,
1851 2902 1870 2924 l.

2150 478 2250 502 praefigat-a

1298 502 1326 531 in
1349 502 1413 536 hoc,
1444 501 1519 539 quod
1549 500 1698 529 Dominum
1730 501 1882 536 quaerunt,
1908 500 1935 527 et
1955 497 2089 526 Dominus
2116 501 2251 549 sessssnlfflffl

2181 438 2249 478 Primo,

2165 725 2252 754 Primum:
2264 743 2266 754 z
2286 738 2293 755 «t

2173 1615 2275 1657 Secundus}
2290 1631 2293 1635 <
