2296 3316
225 295 319 316 Secundo,
331 295 355 313 de

237 320 290 343 signo
303 320 355 342 pote*

237 343 291 361 statis
310 347 354 365 qua·

237 369 284 385 tuor.

224 715 320 742 Expositio
327 716 355 734 lit-

255 739 352 781 ‘satas

238 1325 350 1344 Secundum.

259 1888 349 1907 Tertium.

373 165 429 192 276

452 241 497 269 32.
524 241 739 278 Respomterwnt
769 240 872 268 ludaei
899 244 949 269 etc.
982 241 1162 269 Manifestavit
1190 249 1219 269 se

372 288 507 316 Dominus
537 288 615 324 signo
646 287 836 320 auctoritatis;
867 287 910 315 hic
938 295 967 316 se
998 287 1153 316 manifestat
1180 287 1218 315 si-

369 343 427 371 quo
455 334 621 371 potestatis,
650 342 703 362 nou
736 334 877 367 exhibito,
906 334 953 362 sed
986 334 1070 371 petito
1101 337 1128 363 et
1155 343 1218 371 pro-

372 381 462 410 misso.
486 381 516 409 Et
546 382 597 410 hoc
623 381 732 418 signum
761 381 813 409 suit
840 380 975 409 mirabilis
1000 381 1041 409 sui
1072 381 1218 409 resuscita-

371 428 421 462 tio,
443 432 470 457 ot
492 428 650 465 proceditur
678 428 728 456 hoc
749 427 854 456 ordine.
877 428 905 456 ln
928 428 978 456 hac
1000 428 1218 457 manifestatione

370 476 459 512 primo
481 475 593 512 ponitur
616 475 700 503 huius
721 475 790 511 signi
814 475 990 511 postulatc'o;
1012 475 1145 509 secundo,
1171 483 1218 512 po-

368 522 461 550 stulati
478 521 600 554 oblact'o;
616 521 710 554 tertio,
725 521 808 549 oblati
824 521 979 558 eaepositio,·
994 524 1108 558 quarto,
1123 529 1217 550 conse-

369 576 457 605 quens
472 567 533 596 fidei
557 567 719 596 ludaeorum
735 567 900 603 aedificatio
922 570 949 596 et
971 575 1020 604 per
1042 568 1094 596 hoc
1116 567 1216 596 Christi

369 614 559 643 manifestatio.

448 661 537 697 ffers.
555 662 618 695 18.).
632 661 722 689 Primo
736 669 802 698 ergo
816 661 984 689 describitur
998 661 1217 698 δι’φιὶροδιαία4

370 709 417 742 tio,
430 716 501 745 quae
516 708 586 737 tacta
597 711 637 737 est
648 716 664 736 a
676 708 781 737 ludaeis
796 708 960 742 videntibus,
973 708 1047 745 quod
1063 711 1153 737 tantae
1168 716 1217 737 au-

369 755 504 784 ctoritatis
519 763 547 783 se
562 755 727 784 ostenderet.
741 756 888 792 Propterea
902 755 982 783 dicit:
999 755 1217 792 Responderunt

368 811 436 840 erqo
452 802 569 836 scillaei,
586 802 700 830 Domino
722 802 825 831 scilicet
846 802 1020 838 corripienti,
1036 805 1059 830 et
1078 802 1218 830 dixerunt

368 850 410 878 ei:
428 850 511 885 Quod
531 850 648 886 siquam
671 849 796 877 ostendis
817 848 916 882 nobis,
938 849 1010 886 qaia
1031 847 1101 877 haee
1120 847 1216 885 facis?

368 897 512 933 Quaerunt
540 896 649 933 signum
683 895 840 932 potestatis;
864 895 968 931 primae
999 895 1032 923 ad
1060 895 1217 923 Corinthios

368 944 495 980 primo1:
522 956 534 967 «
552 943 641 971 ludaei
664 943 740 979 signa
762 945 902 979 quaerunt
921 954 946 970 ι),
970 942 1062 970 Simile
1082 942 1217 971 dixerunt

369 990 495 1018 Matthaei
519 989 649 1026 vigesimo
671 989 775 1025 primo:
796 1000 808 1013 «
825 989 873 1017 Dic
898 989 991 1017 nobis:
1015 988 1042 1017 ln
1063 997 1119 1025 qua
1141 991 1216 1025 pote-

369 1040 437 1065 state
459 1037 525 1065 haec
546 1036 659 1065 facim?
682 1036 713 1063 Et
734 1036 817 1064 stulte
833 1036 1019 1072 quaerebant,
1041 1036 1106 1072 quia
1124 1036 1215 1072 ipsum

368 1083 469 1111 sactum
491 1091 623 1120 magnum
651 1083 760 1119 signum
782 1086 857 1116 erat;
885 1082 1138 1118 Chrysostomus2:
1165 1094 1178 1107 «c
1193 1082 1216 1110 Ο

368 1130 488 1158 insania!
512 1130 628 1166 Signone
643 1138 713 1166 opus
735 1132 807 1163 erat,
823 1133 854 1157 ut
875 1137 906 1158 ea
921 1138 993 1166 quae
1015 1130 1084 1158 male
1100 1130 1214 1164 fiebant,

368 1184 476 1206 cessare
491 1177 611 1205 taceret?
630 1177 724 1205 Zelum
740 1184 806 1205 vero
828 1176 908 1205 talem
924 1177 1048 1213 accipere
1070 1185 1121 1213 pro
1135 1177 1216 1205 domo

369 1224 416 1253 Dei
439 1232 529 1252 nonne
550 1224 704 1252 maximum
727 1224 835 1260 signum
864 1224 974 1252 virtutis
995 1227 1055 1252 erat
1070 1236 1083 1249 »
1096 1227 1107 1252 ¹?

449 1270 494 1299 33.
517 1271 606 1305 (Vers.
637 1271 700 1301 19.).
731 1270 884 1307 Respondit
915 1271 994 1298 lesus
1016 1275 1041 1299 ec
1070 1271 1146 1299 (lixit
1166 1271 1214 1299 eis.

370 1318 502 1354 Tangitur
524 1317 569 1345 hic
590 1317 758 1351 secundum,
778 1317 881 1346 scilicet
902 1317 981 1354 stym'
994 1317 1075 1354 petiti
1096 1317 1215 1351 oblatio;

369 1367 395 1393 et
416 1364 497 1392 oss'ert
518 1364 599 1392 etiam
620 1364 659 1392 eis
681 1364 789 1400 signum
812 1364 949 1392 maximae
979 1364 1090 1392 virtutis
1110 1364 1144 1392 de
1172 1372 1215 1393 re-

369 1411 545 1440 suscitatione
560 1411 616 1444 sui;
639 1414 752 1447 propter
767 1410 840 1447 quod
861 1410 940 1439 dicit:
956 1411 1060 1439 Solvite
1079 1411 1216 1448 templum

369 1456 436 1491 hoe,
459 1457 561 1486 scilicet
582 1457 745 1487 occidendo:
765 1457 879 1490 solvite,
901 1456 928 1485 id
947 1460 1003 1491 est,
1027 1457 1137 1486 solvetis
1149 1458 1170 1491 ³,
1190 1461 1216 1486 ec

369 1505 400 1533 in
422 1504 516 1533 tribas
543 1504 642 1532 diebus
663 1504 792 1532 excitabo
821 1504 910 1538 illud,
936 1504 962 1532 id
990 1508 1047 1538 est,
1076 1504 1215 1533 suscitabo

369 1552 446 1589 quasi
462 1552 495 1580 de
516 1560 619 1580 somno.
636 1551 714 1579 Mors
735 1552 807 1580 enim
826 1551 852 1579 in
868 1551 1012 1588 Scriptura
1032 1551 1134 1580 dicitur
1151 1551 1215 1580 dor-

368 1599 458 1632 mitio,
481 1602 507 1627 et
523 1598 697 1626 resurreetio
718 1598 861 1632 excitatio;
878 1598 1001 1626 Psalmus
1012 1598 1036 1625 4:
1056 1609 1069 1622 «
1082 1598 1137 1635 Ego
1151 1598 1215 1626 dor-

368 1645 433 1673 mivi
455 1648 482 1673 et
503 1648 649 1681 soporatus
670 1653 731 1673 sum
748 1656 761 1669 »
786 1648 837 1673 etc.
862 1644 967 1672 Diebus
982 1644 1090 1678 tribus,
1112 1644 1215 1673 scilicet

368 1699 417 1728 per
439 1691 644 1728 synecdochem
667 1691 736 1720 Osee
760 1695 855 1720 sexto:
882 1703 895 1716 «
913 1691 1067 1720 Vivificabit
1088 1700 1138 1720 nos
1154 1695 1215 1728 post

367 1738 437 1767 duos
457 1738 527 1772 dies,
550 1742 576 1767 et
598 1738 625 1766 in
653 1738 696 1767 die
719 1739 800 1767 tertia
827 1738 970 1767 suscitabit
991 1746 1041 1767 nos
1056 1750 1083 1771 »‚
1112 1738 1215 1768 scilicet

367 1785 394 1813 in
416 1785 512 1821 capite.

447 1832 492 1861 34.
522 1832 611 1868 <Vers.
644 1832 711 1866 20.).
746 1832 890 1860 Dixeritne
920 1841 988 1869 ereo
1019 1832 1069 1861 ei5
1101 1832 1213 1861 Iudaei.

367 1879 500 1916 Tangitur
523 1879 567 1908 hic
588 1879 716 1913 tertium,
736 1879 839 1907 scilicet
858 1879 939 1916 signi
952 1879 1041 1908 oblati
1060 1880 1213 1916 expositio,

1003 163 1173 191 COMMENT.
1197 163 1228 191 ΙΝ
1250 163 1395 191 ΙΟΑΝΝΕΜ
1416 163 1444 191 C.
1468 163 1495 191 ΙΙ.

1277 241 1342 278 quia
1367 250 1419 269 non
1449 241 1482 269 de
1514 242 1617 277 templo
1638 241 1770 269 materiali
1800 242 1852 270 hoc
1879 241 2001 275 dicebat,
2023 242 2070 270 sed
2091 242 2124 271 de

1277 288 1379 324 templo
1401 288 1526 324 corporis
1547 288 1604 322 sui;
1621 291 1648 316 et
1670 288 1758 316 ludaei
1776 288 1964 325 intelligebant
1983 288 2017 316 de
2040 291 2124 317 mate-

1277 334 1346 362 riali.
1377 335 1492 371 Propter
1521 334 1594 371 quod
1624 334 1705 362 dicit:
1735 335 1880 363 Dia-erum
1904 343 1972 371 erqo
2001 335 2123 364 ludaei.-

1278 380 1488 418 Qnadrayz'nca
1502 384 1526 409 et
1540 389 1590 409 sese
1605 381 1693 409 amiis
1715 381 1902 417 aedificatam
1921 385 1961 409 est
1983 384 2035 410 tem
2042 381 2125 418 plum

1276 426 1344 460 ltoe,
1366 431 1391 455 et
1412 431 1443 455 tu
1465 428 1496 455 in
1517 427 1611 455 tribus
1633 427 1733 455 diebus
1755 428 1894 456 excitabis
1915 427 2013 456 illud?
2041 428 2123 464 Quasi

1275 473 1381 502 dicant:
1405 474 1456 502 hoc
1484 474 1596 502 omniuo
1618 478 1659 502 est
1687 474 1847 502 incredibile
1868 478 1894 503 et
1925 475 1971 503 tibi
1999 475 2124 512 impossi-

1276 520 1337 548 bile.
1361 521 1583 557 Intelligendum,
1606 521 1679 557 quod
1702 521 1836 557 templum
1862 521 1889 549 in
1917 521 2007 557 prima
2031 522 2124 550 aedifi—

1275 567 1381 595 catione
1403 567 1455 595 fuit
1476 570 1700 595 consummatum
1722 567 1748 595 in
1771 570 1876 604 septem
1897 568 2005 602 annis⁶‚
2028 568 2075 596 sed
2096 568 2124 597 in

1275 614 1396 642 secunda
1417 617 1530 651 propter
1556 622 1673 651 guerras
1694 616 1721 642 et
1750 614 1946 650 impedimenta
1967 614 2020 643 suh
2041 615 2124 643 Zoro-

1275 660 1355 689 babel
1377 668 1426 697 per
1455 668 1541 689 annos
1563 660 1746 697 quadraginta
1767 668 1826 689 sex.
1850 660 1888 689 De
1917 660 1969 689 hoc
1990 660 2124 689 Dominus

1275 715 1329 735 non
1352 708 1535 744 intelligebat;
1558 707 1618 735 ideo
1639 707 1720 735 dicit:

1354 754 1400 782 35.
1423 754 1512 790 (Veis.
1535 755 1603 787 at).
1634 754 1683 782 Ille
1704 757 1801 782 autem
1822 754 1934 783 dicebat
1961 754 1995 783 de
2023 754 2124 792 templo

1274 801 1408 838 eorporis
1428 801 1484 829 sai.
1518 801 1542 829 Si
1576 801 1648 829 enim
1682 809 1800 837 corpora
1832 804 1926 830 nostra
1952 813 1965 827 «
1989 802 2121 838 templum

1274 850 1340 876 sunt
1361 847 1480 884 Spiritus
1495 848 1580 876 sancti
1596 859 1623 881 »‚
1647 848 1752 884 primae
1774 848 1807 876 ad
1823 848 1979 877 Corinthios
2001 851 2081 877 sexto
2096 849 2123 882 7;

1273 896 1377 931 quanto
1400 894 1485 931 magis
1506 902 1608 931 corpus
1629 894 1744 928 Christi,
1765 895 1817 923 «in
1833 903 1889 931 quo
1911 895 2043 924 Divinitas
2064 903 2124 924 cor-

1275 940 1406 977 poraliter
1422 941 1557 969 inhabitat
1569 953 1596 975 »,
1612 941 1764 970 secundum
1780 942 1853 978 quod
1869 942 1970 970 dicitur
1985 942 2018 971 ad
2033 943 2124 972 Colos-

1274 996 1367 1016 senses
1395 988 1524 1016 secundo.
1559 988 1589 1016 Et
1616 989 1686 1017 hanc
1718 988 1924 1025 intelligentiam
1952 980 2123 1025 spiritualem

1273 1043 1327 1063 non
1351 1035 1488 1063 habebant
1512 1043 1562 1063 nec
1585 1035 1674 1064 ludaei
1701 1043 1751 1064 nec
1766 1036 1890 1064 carnales
1911 1036 2054 1073 discipuli,
2076 1036 2124 1065 sed

1273 1084 1336 1119 post
1356 1082 1598 1111 resurrectionem.
1622 1082 1683 1111 ldeo
1704 1082 1784 1111 dicit:

1353 1129 1398 1157 36.
1422 1129 1510 1165 (Vers.
1527 1130 1594 1163 22).
1613 1129 1685 1158 Cam
1701 1138 1769 1166 erqo
1784 1129 1995 1157 resurrexisset
2012 1137 2032 1157 a
2046 1137 2124 1157 mor-

1274 1176 1350 1210 tuis,
1371 1176 1520 1204 recordati
1536 1180 1605 1204 sunt
1626 1176 1765 1213 discipali
1782 1176 1859 1209 eius,
1881 1176 1954 1214 quia
1975 1175 2027 1204 hoc
2048 1176 2123 1205 diee-

1274 1223 1332 1257 bat,
1355 1223 1388 1252 de
1410 1231 1527 1260 corpore
1543 1232 1601 1252 suo.
1618 1224 1695 1252 Tunc
1717 1224 1788 1252 enim
1812 1224 1922 1260 aperuit
1936 1223 1990 1252 illis
2011 1231 2123 1252 sensum

1273 1270 1307 1299 ad
1327 1271 1550 1307 intelligendum;
1574 1271 1661 1299 Lucae
1683 1270 1813 1299 ultiinoss:
1834 1270 1972 1307 «Aperuit
1993 1270 2047 1299 illis
2061 1278 2123 1299 sen-

1273 1326 1351 1351 sum,
1374 1320 1405 1346 ut
1426 1318 1611 1354 intelligerent
1632 1317 1790 1354 Scripturas
1812 1329 1838 1345 ».
1865 1318 1896 1345 Et
1917 1325 1953 1346 ex
1976 1320 2042 1346 tunc
2063 1326 2124 1345 ere-

1272 1365 1411 1393 diderunt
1439 1364 1612 1401 Scriptarae
1631 1364 1652 1398 ⁹,
1675 1364 1702 1392 in
1724 1372 1780 1401 qua
1805 1364 1909 1393 scilicet
1937 1364 2125 1401 praefigurata

1272 1413 1314 1439 est
1334 1410 1434 1439 Christi
1452 1411 1633 1445 resurrectio,
1653 1414 1684 1439 ut
1699 1411 1774 1445 lona3
1790 1415 1814 1439 el
1829 1411 2017 1439 erediderunt
2037 1411 2124 1439 etiam

1271 1458 1416 1490 sermoni,
1448 1465 1531 1495 qttem
1563 1458 1680 1486 dixerat
1711 1458 1809 1490 lesus,
1837 1458 1903 1494 quia
1935 1458 1986 1486 hac
2018 1457 2124 1486 ratione

1272 1504 1463 1540 praedicebat;
1476 1504 1547 1532 infra
1558 1504 1664 1532 decimo
1678 1507 1779 1541 quarto
1791 1504 1826 1532 ¹⁰:
1845 1505 1947 1533 «Nunc
1958 1504 2016 1533 dixi
2032 1504 2122 1538 vobis,

1272 1550 1436 1587 priusquam
1458 1550 1518 1585 fiat,
1540 1554 1587 1585 ut,
1609 1556 1673 1579 cum
1696 1551 1797 1580 factum
1821 1551 1921 1585 suerit,
1943 1551 2100 1580 credatis».

1352 1597 1397 1626 37.
1421 1598 1509 1633 (Vers.
1533 1598 1600 1633 23.).
1626 1598 1699 1626 Cum
1720 1603 1816 1626 autem
1839 1598 2120 1636 essetlerosolymz's.

1272 1645 1405 1681 Tangitur
1428 1645 1472 1673 hic
1501 1648 1651 1682 quartum,
1673 1645 1777 1674 scilicet
1790 1644 1859 1681 fidei
1880 1645 2061 1673 ludaeorum
2075 1653 2122 1673 ae-

1272 1691 1401 1728 dificatio
1423 1692 1457 1720 ad
1471 1695 1614 1729 aspectum
1635 1692 1778 1729 signorum
1794 1692 1944 1729 potestatis.
1967 1691 2121 1729 Intelligen-

1272 1738 1339 1767 dum
1360 1739 1448 1773 enim,
1470 1739 1543 1776 quod
1573 1740 1660 1768 multa
1681 1740 1759 1774 fecit,
1783 1740 1845 1768 licet
1868 1739 2039 1776 Evangelista
2066 1747 2120 1767 non

1271 1785 1464 1823 descripserit,
1480 1787 1552 1815 sicut
1570 1787 1635 1815 dicit
1649 1786 1903 1823 Chrysostomus¹¹.
1921 1786 2067 1823 Propterea
2081 1786 2121 1814 di—

1272 1832 1323 1861 cit:
1348 1833 1422 1862 Cum
1443 1837 1540 1862 autem
1556 1837 1626 1862 esset
1649 1833 1832 1871 [erosolymis
1847 1833 1878 1861 in
1898 1832 2015 1862 Pascha
2030 1833 2060 1861 in
2076 1833 2121 1861 (lie

1267 1879 1356 1917 festo,
1379 1881 1413 1909 ad
1441 1889 1524 1918 quem
1547 1881 1650 1914 scilicet
1678 1881 1855 1914 ascenderat;
1885 1880 1970 1909 multi
1993 1881 2120 1909 eredide-

367 2094 523 2121 assurgimus‚
536 2096 560 2115 ut
576 2093 715 2121 incipiamus
731 2093 808 2121 aliquo
825 2093 895 2115 modo
913 2099 997 2121 capere
1014 2094 1087 2116 zelum
1105 2094 1155 2116 Dei.
1168 2094 1213 2117 Cfr.

367 2132 417 2155 Lib.
434 2136 512 2155 contra
530 2132 643 2154 Adimam.
662 2132 757 2154 manich.
774 2132 855 2160 discip.
873 2139 893 2154 c.
911 2133 947 2154 ti.
966 2135 987 2155 et
1004 2134 1020 2155 1.
1037 2136 1114 2155 contra
1127 2133 1215 2156 Adver-

368 2171 455 2192 sarium
473 2171 540 2199 Legis
557 2173 580 2192 et
590 2171 673 2198 Proph.
692 2176 710 2192 c.
724 2171 761 2192 20.
778 2177 800 2192 n.
814 2171 849 2192 40.
863 2171 922 2193 Vide
934 2171 1003 2193 etiam
1017 2172 1050 2194 111.
1062 2172 1122 2194 Sent.
1141 2172 1163 2194 d.
1181 2172 1213 2194 15.

369 2216 389 2232 a.
407 2211 428 2232 2.
446 2216 467 2238 q.
481 2210 502 2232 3.
516 2223 544 2225 —
558 2210 649 2232 Plurimi
661 2209 730 2232 codd.
747 2209 908 2239 Aaqustinus,
921 2210 957 2232 ed.
977 2210 1074 2238 (Nossa,
1093 2211 1112 2232 D
1129 2210 1216 2234 Glossa

369 2248 509 2278 Anqustmi,
526 2255 597 2278 quam
617 2249 736 2271 lectionem
754 2249 879 2277 elegimus,
896 2249 949 2278 quia
972 2250 1062 2271 veritati
1085 2250 1160 2278 magis
1181 2253 1216 2273 est

369 2294 484 2315 consona;
502 2294 554 2310 nam
573 2289 596 2310 in
614 2289 741 2316 Augustino
763 2294 807 2310 non
829 2289 885 2311 haec
906 2288 978 2311 verba
1001 2289 1156 2316 inveniuntur,
1173 2290 1216 2312 sed

369 2330 457 2349 tanturn
475 2328 599 2354 sententia;
617 2330 639 2350 et
655 2328 700 2350 iam
723 2334 735 2349 a
758 2327 869 2350 Strabone
886 2328 978 2355 Glossa,
995 2334 1056 2356 quae
1078 2327 1149 2350 verba
1173 2328 1215 2350 ista

369 2366 481 2395 continet,
499 2366 627 2394 Augustino
645 2365 759 2388 tribuitur.

432 2404 439 2417 ¹
458 2406 522 2428 Vers.
541 2407 578 2428 22.
589 2419 620 2422 -
633 2406 740 2435 Sequitur
752 2406 826 2428 Matth.
840 2406 877 2433 21,
890 2406 931 2428 23;
944 2406 1063 2429 Dicentes:
1076 2407 1099 2428 ln
1113 2412 1159 2435 qua
1171 2409 1215 2429 etc.

431 2443 440 2456 ²
458 2445 480 2467 ln
498 2446 560 2467 loan.
577 2445 656 2468 homil.
673 2446 710 2467 23.
728 2444 792 2473 (alias
810 2445 855 2474 22.)
874 2452 897 2467 n.
915 2447 934 2467 2.

431 2482 440 2496 ³
457 2484 502 2507 Csr.
520 2485 576 2507 intra
593 2492 614 2507 n.
633 2485 670 2507 40.

430 2522 440 2535 ⁴²
457 2524 539 2546 Psalm.
556 2524 583 2551 3,
602 2524 624 2546 6.
641 2537 670 2540 —
689 2525 741 2553 Seq.
759 2525 823 2547 locus
840 2527 874 2547 est
884 2524 943 2547 Osee
960 2525 985 2553 6,
1002 2525 1024 2547 3.
1042 2537 1071 2541 —
1089 2525 1121 2547 De
1138 2524 1214 2548 tribus

368 2560 448 2584 diebus
466 2563 506 2584 csr.
524 2563 556 2584 lll.
574 2563 636 2584 Sent.
653 2563 676 2585 d.
694 2564 732 2585 22.
749 2569 772 2591 q.
785 2564 805 2585 3.

431 2598 440 2612 ⁵
458 2601 555 2628 Vulgata
573 2604 594 2623 et
612 2602 628 2623 B
646 2602 753 2624 omittunt
770 2601 798 2624 ei.

431 2638 440 2651 ὅ
458 2639 507 2662 Lib.
524 2641 556 2662 lll.
568 2641 624 2668 Reg.
637 2641 663 2667 6,
682 2641 723 2663 38;
741 2641 923 2670 AedIficavitque
936 2641 1068 2671 [Salomon]
1086 2647 1136 2663 eam
1150 2641 1215 2663 annis

369 2682 466 2706 septem.
478 2691 508 2696 —
519 2680 552 2701 De
569 2680 727 2702 aedificatione
740 2680 817 2708 templi
833 2680 877 2703 sub
889 2680 1016 2703 Zorobabel
1034 2681 1073 2702 csr.
1085 2681 1100 2702 1.
1118 2680 1214 2707 Esdrae‚

369 2724 390 2740 c.
407 2719 454 2741 3-6.
466 2718 510 2741 Ctr.
529 2720 586 2741 Petr.
598 2719 725 2747 Comestm,
743 2720 826 2743 Histor.
838 2721 985 2747 scholastica,
1003 2720 1041 2742 lib.
1057 2720 1130 2743 ludith
1139 2738 1144 2748 ‚
1155 2726 1175 2742 c.
1188 2720 1214 2742 3:

370 2757 428 2780 Cum
440 2758 542 2781 audisset
554 2759 630 2787 itaque
642 2758 770 2781 Zorobabel
788 2761 849 2782 huuc
861 2759 977 2789 [Darium]
990 2766 1094 2788 regnare,
1106 2759 1216 2782 fiduciali-

370 2799 403 2819 ter
415 2803 541 2825 aggressus
549 2800 584 2820 est
592 2798 739 2820 reaedificare
752 2799 872 2826 templum,
881 2800 976 2827 Aggaeo
985 2802 1006 2821 et
1015 2799 1124 2821 Zacharia
1137 2800 1215 2821 exhor-

370 2835 471 2858 tantibus
483 2837 596 2864 populum
616 2837 643 2865 (l.
661 2837 745 2859 Esdree
757 2837 784 2864 5,
803 2838 824 2859 t.
841 2838 942 2866 seqq)...
958 2838 1028 2866 lgitur
1040 2844 1099 2860 anno
1111 2838 1214 2860 secundo

369 2875 442 2903 Darii,
461 2881 539 2898 mense
551 2879 645 2903 octavo,
658 2876 772 2898 instabant
785 2877 850 2904 operi
868 2880 889 2899 et
902 2878 1076 2904 compleverunt
1087 2877 1142 2899 illud
1154 2883 1214 2899 anno

368 2914 467 2942 septimo
484 2914 558 2942 Darii,
576 2915 615 2943 qui
632 2917 681 2937 erat
697 2915 891 2943 quadragesimus
908 2918 985 2938 sextus
996 2916 1061 2944 regni
1078 2916 1213 2944 Persarum,

368 2953 497 2976 secundum
515 2954 579 2982 quod
595 2954 684 2976 dictum
701 2957 735 2976 est
751 2954 775 2976 in
793 2955 916 2982 Evangelio
935 2955 1010 2983 (loan.
1028 2956 1052 2982 2,
1070 2955 1130 2984 20.);
1149 2954 1213 2983 Qua-

1271 2094 1385 2125 drayz'nta
1401 2096 1423 2118 et
1438 2102 1482 2118 seoe
1498 2095 1569 2118 annis
1586 2094 1737 2125 aedificatam
1754 2096 1789 2117 est
1805 2094 1919 2124 templum
1936 2094 1992 2122 Ιιοο,
2011 2094 2033 2117 id
2050 2097 2095 2123 est,
2108 2100 2120 2116 a

1272 2134 1346 2162 prima
1359 2134 1460 2161 licentia,
1473 2140 1542 2163 quam
1558 2134 1622 2156 dedit
1633 2133 1719 2162 Cyrus,
1731 2134 1843 2156 redeundi
1856 2136 1878 2156 et
1889 2133 2050 2156 reaedificandi
2065 2136 2121 2156 tem-

1273 2174 1336 2201 plum
1356 2173 1393 2203 [ll.
1415 2174 1487 2196 Paral.
1510 2174 1551 2200 36,
1573 2173 1623 2202 23.]
1646 2179 1720 2202 usque
1742 2173 1770 2195 ad
1794 2173 1920 2201 septimum
1941 2179 2029 2195 annum
2047 2173 2119 2201 Darii,

1272 2219 1319 2241 quo
1331 2215 1518 2235 consummatum
1535 2215 1580 2239 est,
1593 2215 1624 2235 tot
1638 2212 1690 2234 anni
1702 2212 1823 2235 finxerunt.
1837 2212 1895 2234 Vide
1908 2212 2006 2239 Bedam,
2023 2212 2047 2234 in
2059 2212 2120 2234 loau.

1272 2252 1359 2279 Evang.
1378 2253 1403 2278 2,
1420 2252 1457 2278 20,
1475 2254 1497 2273 et
1513 2252 1623 2279 August.y
1642 2251 1719 2274 XVlll.
1737 2251 1767 2273 de
1784 2251 1832 2274 Civ.
1851 2251 1903 2279 Dei,
1921 2257 1941 2273 c.
1959 2251 1997 2273 26.
2019 2250 2074 2279 Alii,
2096 2253 2120 2273 ut

1272 2291 1385 2313 Baronius
1403 2291 1430 2320 (l.
1448 2297 1484 2313 an.
1501 2290 1584 2313 Christi
1602 2291 1639 2313 31.
1657 2297 1679 2313 n.
1691 2291 1729 2313 38.
1748 2293 1770 2313 et
1790 2291 1837 2320 39.)
1856 2293 1962 2318 censent,
1982 2290 2019 2313 hic
2036 2290 2074 2319 agi
2090 2290 2120 2313 de

1272 2330 1358 2358 templo
1376 2329 1405 2352 ab
1422 2330 1513 2352 Herode
1529 2330 1640 2352 restituto.

1335 2367 1343 2380 ⁷
1362 2369 1427 2392 Vers.
1446 2369 1481 2391 19.
1499 2381 1530 2385 -
1547 2369 1655 2398 Sequitur
1672 2369 1720 2392 Col.
1737 2370 1763 2397 2,
1782 2369 1808 2392 9:
1826 2369 1883 2398 Quia
1901 2369 1923 2391 in
1940 2369 1991 2397 ipso
2008 2368 2121 2392 inhabitat

1272 2408 1348 2430 omnis
1364 2408 1484 2436 plenitudo
1501 2408 1630 2431 Divinitatis
1646 2408 1802 2436 corporaliter.

1334 2446 1344 2459 ¹³
1362 2448 1428 2470 Vers.
1446 2447 1484 2469 45.

1334 2486 1344 2499 ⁹
1354 2488 1420 2510 lonae
1432 2488 1454 2514 2,
1464 2487 1485 2514 1,
1494 2488 1535 2509 cfr.
1547 2493 1615 2515 supra
1628 2494 1651 2509 nv
1662 2487 1698 2509 33.
1709 2487 1781 2509 verba
1790 2487 1857 2510 Osee.
1865 2487 1921 2510 Cod.
1931 2488 1949 2510 N
1959 2487 2041 2515 allegat
2050 2487 2119 2510 etiam

1272 2527 1308 2548 Ps.
1328 2527 1366 2554 15,
1386 2526 1429 2548 lo:
1447 2526 1492 2548 Nec
1509 2525 1576 2548 dabis
1594 2527 1703 2548 Sanctum
1721 2529 1786 2549 tuum
1804 2526 1884 2549 videre
1902 2526 2082 2554 corruptionem.

1336 2564 1355 2576 ¹⁰
1372 2566 1438 2587 Vers.
1455 2566 1492 2587 29.

1335 2603 1353 2616 ¹¹
1365 2605 1387 2627 ln
1397 2605 1457 2627 loan.
1467 2604 1546 2626 homil.
1556 2604 1593 2627 1¹7.
1604 2605 1668 2634 (alias
1679 2605 1724 2632 ⁴6.)
1733 2611 1755 2627 n.
1765 2605 1786 2627 3.
1795 2605 1893 2633 explicat
1902 2605 1972 2627 verba
1983 2605 2043 2628 loan.
2054 2605 2119 2632 1,.31.

1271 2650 1337 2672 seqq.
1353 2646 1376 2666 et
1394 2644 1464 2666 dicit:
1481 2644 1547 2666 Unde
1572 2644 1731 2666 coniecturare
1757 2650 1894 2672 possumus,
1912 2647 1934 2666 et
1954 2645 2010 2666 haec
2032 2646 2054 2666 et
2076 2644 2118 2666 alia

1271 2683 1340 2711 longe
1357 2676 1423 2711 plura
1440 2682 1529 2705 silentio
1547 2683 1617 2705 missa
1635 2683 1716 2710 suisse;
1730 2683 1794 2712 quod
1811 2683 1848 2705 hic
1865 2683 1915 2711 ipse
1934 2683 2078 2711 Evangelista
2094 2683 2118 2705 in

1272 2723 1317 2745 fine
1339 2722 1391 2744 libri
1409 2721 1482 2751 [loan.
1500 2723 1537 2750 21,
1555 2722 1602 2752 25.]
1620 2722 1768 2750 significavit.
1786 2723 1886 2745 Tantum
1908 2722 1970 2745 enim
1992 2721 2076 2751 abfuit,
2094 2725 2119 2745 ut

1272 2768 1384 2790 magnum
1404 2761 1491 2790 aliquid
1508 2762 1537 2784 de
1555 2762 1592 2784 illo
1609 2762 1792 2790 confingerent...
1809 2762 1919 2784 miracula
1936 2767 1992 2783 vero
2009 2761 2051 2783 alia
2068 2761 2118 2784 aliis

1272 2800 1418 2822 narrantibus
1434 2800 1574 2827 omiserunt,
1591 2800 1633 2822 alia
1651 2801 1719 2823 simul
1736 2806 1818 2822 omnes
1834 2802 1961 2822 tacuerunt.
1978 2799 2024 2822 Csr.
2041 2799 2118 2828 Orige-

1271 2845 1325 2866 nes„
1337 2838 1466 2862 Comment.
1484 2839 1506 2861 in
1524 2840 1586 2862 loan.
1603 2842 1658 2861 tom.
1678 2840 1714 2861 10.
1731 2846 1754 2861 n.
1772 2840 1814 2862 30:
1827 2839 1886 2868 Quin
1903 2840 1947 2861 hoc
1964 2839 2033 2861 etiam
2050 2844 2118 2867 quae-

1271 2878 1369 2900 rendum
1388 2880 1433 2905 est,
1451 2881 1508 2906 quot
1524 2877 1594 2908 siqna
1611 2878 1686 2908 ipsius
1708 2878 1779 2901 multi
1804 2877 1904 2901 videntes
1926 2877 2077 2901 crediderunt
2094 2876 2118 2900 in

1271 2923 1335 2940 eum.
1350 2917 1399 2939 Non
1424 2918 1485 2939 enim
1509 2918 1620 2946 scriptum
1641 2920 1687 2946 est,
1704 2917 1770 2946 signa
1796 2918 1877 2940 secisse
1901 2917 2058 2945 lerosolymis,
2075 2916 2118 2939 nisi

1272 2957 1368 2979 sortasse
1386 2957 1443 2979 sacta
1460 2956 1526 2984 signa
1543 2957 1628 2985 scripta
1645 2952 1808 2979 non‘suerunt.

2139 1605 2234 1629 Quartam.
2272 1617 2273 1624 1
