2296 3316
375 169 429 197 174

373 246 440 279 tiae;
462 249 578 278 autem,
594 253 645 282 pro
660 245 723 277 sed;
745 253 760 274 e
775 244 914 273 contrario
934 242 1080 281 sapientia
1102 241 1153 270 lios
1167 242 1219 279 qui

371 301 416 326 se,
438 292 542 321 scilicet
562 292 741 328 sapientiam,
763 292 932 325 observant,
954 291 981 320 id
1002 292 1058 323 est,
1073 289 1218 326 diligenter

372 339 470 371 corde,
491 346 539 366 ore
560 342 587 366 et
608 346 693 374 opere
715 342 842 371 servant;
864 347 884 367 a
905 337 1053 367 doloribus
1075 335 1218 368 liberavit,

372 386 475 415 scilicet
495 392 649 421 poenarum
663 388 857 419 aeternarum,
872 385 906 414 de
921 385 1023 422 quibus
1037 383 1120 412 Isaiae
1139 381 1219 419 quin-

373 432 532 469 quagesimo
551 431 582 458 ¹:
616 442 629 456 «κ
649 431 677 459 10
705 431 850 460 doloribus
877 431 1067 463 dormietis»;
1099 430 1163 458 item
1192 428 1219 456 in

374 479 494 508 Psalmo:
521 490 534 503 «
550 478 801 507 Circumdederunt
822 486 866 507 me
887 479 997 507 dolores
1017 477 1114 506 mortis
1130 488 1155 504 υ.

452 525 530 552 Haec
551 527 647 552 autem
660 523 826 561 profuyunz
842 528 894 553 etc.
911 525 957 554 Hic
972 524 1058 561 tangit
1072 522 1221 559 multiplex

229 579 364 622 Triplexsens
373 571 536 600 beneficium
559 570 708 606 sapientiae
729 570 854 599 factum
848 580 875 600 m
892 579 1009 608 persona
1032 570 1133 603 Iacob,
1152 577 1221 606 qno-

241 606 302 622 ucium
310 602 363 621 Iacob

241 627 334 646 conatum.

237 861 320 879 Primum
330 860 361 879 be·

253 884 346 902 ueticium.

244 1469 359 1488 Notandum.

274 1843 323 1866 Quid
337 1843 361 1861 sit

292 1867 348 1885 scala.

248 2312 362 2331 Notandum.

373 626 437 646 rum
452 618 573 654 primuni
590 617 641 645 tuit
655 617 715 646 eius
727 618 874 654 promotio
896 619 927 646 in
949 618 1038 651 bono;
1053 616 1221 650 secundum,

374 664 554 693 conservatio
575 664 637 692 eius
659 672 678 691 a
698 663 795 692 malo:
819 665 853 692 In
871 663 982 701 fraude
997 663 1223 693 circumvenien-

374 712 446 740 tium
469 720 553 745 eum;
575 711 704 744 tertium,
726 711 912 740 adiutorium
936 712 967 740 in
989 710 1158 749 triumpho.-
1189 711 1223 739 Et

374 762 527 787 certamen.

453 806 541 842 (Vers.
569 805 631 835 10.).
654 804 749 838 Haec,
765 804 870 833 scilicet
889 805 1039 842 sapientia,
1058 803 1224 842 profiuyum

376 853 438 881 irae
458 851 584 889 fratris,
606 851 710 879 scilicet
727 850 879 887 fugientem
895 854 922 880 et
936 851 1120 880 declinantem
1134 851 1169 880 ab
1183 850 1225 879 ira

374 900 469 928 fratris
489 899 546 927 sive
567 907 583 926 a
603 898 688 926 fratre
711 905 762 926 suo
784 898 870 931 irato;
893 898 1007 927 Genesis
1028 898 1162 935 vigesimo
1183 906 1225 927 se-

373 946 460 982 ptimo
472 945 497 973 2:
525 956 537 969 a
551 945 633 977 Ecce,
650 944 719 972 Esau
734 943 820 972 frater
837 947 903 973 tuus
919 945 1058 978 minatur,
1073 948 1105 973 ut
1119 944 1225 973 occidat

374 996 408 1021 te.
431 993 508 1021 Nunc
528 999 610 1028 ergo,
640 991 676 1019 sili
700 990 754 1024 mi,
776 991 840 1019 audi
863 999 960 1020 vocem
982 999 1089 1025 meam,
1111 995 1139 1020 et
1160 999 1225 1020 con-

374 1047 491 1076 surgens
512 1039 575 1076 fuge
603 1038 636 1067 ad
666 1038 771 1071 Laban,
794 1038 909 1067 fratrem
932 1046 1027 1067 meum
1043 1050 1069 1066 n.
1093 1039 1225 1072 lustum,

374 1086 477 1115 scilicet.
493 1085 585 1119 Iacob,
597 1084 750 1114 secundum
766 1084 834 1113 illud
849 1084 962 1114 Genesis
978 1085 1135 1121 trigesimo:
1151 1096 1164 1110 (ι
1177 1086 1226 1114 Re-

375 1132 519 1170 spondebit
540 1132 607 1160 mihi
629 1140 690 1160 cras
711 1131 816 1160 iustitia
838 1139 899 1160 mea
914 1142 941 1165 »;
957 1132 1081 1160 ambazie
1092 1140 1147 1168 per
1160 1132 1226 1160 vias

376 1184 487 1212 rectas;
502 1180 596 1208 Glossa
607 1179 633 1207 ⁸:
651 1190 663 1204 «
676 1179 726 1207 Per
742 1178 966 1215 Mesopotamiam
979 1189 1006 1212 »;
1019 1178 1227 1207 Deuteronomii

375 1227 516 1263 trigesimo
538 1226 674 1255 secundo:
701 1237 714 1250 «
730 1225 864 1253 Dominus
885 1225 961 1254 solus
976 1225 1036 1254 dux
1058 1225 1118 1254 eius
1134 1225 1185 1254 fuit
1200 1238 1226 1253 ».

377 1274 495 1306 Rectus,
517 1272 598 1305 dicit,
621 1272 686 1309 quia
712 1283 724 1296 α
742 1275 817 1300 recta
838 1274 880 1299 est
895 1271 994 1300 semita
1008 1272 1073 1301 iusti
1090 1284 1117 1306 υ,
1133 1275 1164 1300 ut
1179 1272 1227 1300 ha-

376 1320 457 1349 betur
480 1320 562 1348 isaiae
583 1319 716 1356 vigesimo
737 1322 826 1347 sexto.
851 1319 885 1346 El
907 1319 1030 1347 ostendit
1051 1319 1107 1353 itti,
1124 1319 1228 1348 scilicet

377 1368 403 1396 in
426 1367 469 1395 via
490 1374 540 1403 per
561 1366 750 1403 imaginariam
773 1365 922 1399 visionem,
939 1374 1063 1402 regnum
1081 1366 1147 1399 Dei,
1162 1366 1229 1403 quia

382 1426 395 1439 α
409 1414 476 1442 vidit
497 1414 597 1442 scalam
620 1413 820 1450 pertingentem
844 1420 933 1449 usque
948 1412 982 1441 ad
997 1413 1104 1441 caelum
1121 1424 1134 1438 »
1149 1436 1155 1446 ‚
1177 1413 1228 1441 Ge-

377 1461 450 1490 nesis
470 1461 602 1498 vigesimo
623 1463 720 1489 octavo
731 1461 750 1487 4.
780 1460 913 1489 Diabolus
941 1468 1008 1488 vero
1036 1460 1156 1489 ostendit
1185 1468 1229 1489 re-

378 1516 463 1545 gnum
485 1507 596 1541 mundi,
625 1507 698 1535 unde
719 1507 848 1535 Matthaei
870 1509 986 1543 quarto:
1014 1518 1027 1531 «
1042 1506 1169 1535 Ostendit
1190 1507 1227 1535 illi

378 1554 471 1583 omnia
492 1561 576 1590 regna
598 1553 693 1582 mundi
709 1565 735 1581 ».
760 1554 794 1581 Et
815 1553 893 1581 (ledit
913 1552 958 1581 itti
975 1552 1130 1581 scientiam
1158 1562 1229 1582 san-

379 1605 509 1634 ctorum,
532 1600 558 1628 id
580 1603 621 1628 est
642 1599 850 1636 intelligentiam
874 1608 1019 1628 sacrarum
1034 1608 1148 1634 rerum,
1163 1600 1230 1637 quia

383 1647 590 1684 «intelligentia
611 1654 682 1683 opus
701 1649 743 1674 est
764 1647 791 1675 in
814 1646 958 1680 visione»,
981 1650 1012 1675 ut
1034 1647 1155 1675 liabetur
1176 1647 1229 1675 Da-

378 1695 457 1723 nielis
477 1694 621 1727 decimo⁵;
643 1701 755 1727 rerum,
778 1693 908 1730 inquam,
928 1701 1090 1727 sacrarum,
1105 1702 1176 1731 quas
1190 1694 1230 1723 vi-

377 1741 471 1774 derat,
493 1740 567 1769 dedit
588 1740 625 1768 illi
647 1740 871 1777 intelligentiam,
892 1741 918 1769 id
933 1744 988 1775 est,
1003 1744 1035 1769 ut
1050 1741 1229 1778 intelligeret,

378 1788 445 1825 quid
466 1788 633 1824 significaret
655 1787 741 1821 scala,
764 1795 848 1824 quam
864 1787 986 1821 viderat,
1008 1791 1035 1816 et
1056 1795 1189 1817 ascensus
1203 1791 1230 1817 et

378 1835 527 1863 descensus
548 1834 723 1871 Angelorum.
747 1833 835 1863 Scala
856 1842 977 1870 namque
992 1838 1034 1863 est
1055 1834 1227 1869 obedientia,

378 1889 428 1918 per
450 1889 533 1917 quam
554 1880 706 1909 ascendunt
735 1880 827 1917 angeli
856 1880 890 1908 ad
912 1880 969 1909 Deo
990 1880 1175 1909 assistendum
1204 1883 1231 1909 et

378 1926 548 1955 descendunt
569 1927 603 1955 ad
622 1926 700 1955 nobis
714 1926 947 1961 ministrandum
963 1927 1084 1955 Danielis
1098 1927 1229 1963 septimo:

383 1985 397 1998 <c
411 1974 493 2001 Millia
508 1974 624 2002 millium
641 1973 834 2002 ministrabant
848 1973 889 2007 ei,
905 1976 932 2002 et
947 1974 1038 2002 decies
1054 1974 1153 2002 millies
1167 1981 1230 2002 cen—

379 2025 442 2049 tena
456 2020 542 2049 millia
556 2020 721 2049 assistebant
732 2020 755 2049 ei
768 2032 795 2048 ».
809 2020 979 2048 Honestavit
991 2020 1088 2053 illum;
1099 2020 1194 2049 Glossa
1205 2021 1229 2049 ὃς

383 2079 396 2092 «
412 2067 439 2095 ld
460 2070 516 2101 est,
541 2067 681 2100 ditavit»,
709 2066 863 2095 secundum
886 2066 953 2095 illud
977 2067 1156 2096 Ecclesiastici
1179 2075 1231 2095 un-

379 2114 499 2143 decimo:
526 2126 539 2138 «
554 2114 641 2142 Facile
662 2117 704 2142 est
725 2113 752 2141 in
768 2108 862 2141 *oculis
893 2113 998 2142 Domini
1027 2114 1119 2142 subito
1145 2114 1231 2143 hone-

379 2164 453 2189 stare
482 2168 632 2199 pauperem
648 2171 674 2194 »;
703 2163 730 2188 et
752 2160 876 2196 loquitur
898 2160 1052 2189 secundum
1079 2161 1231 2189 humanam

380 2207 624 2241 consuetudinem,
646 2215 717 2244 quae
737 2207 836 2235 divites
857 2207 926 2235 solet
948 2211 1079 2244 reputare
1102 2208 1231 2237 honestas

380 2262 520 2291 personas.
542 2254 577 2282 ln
600 2253 767 2287 laboribus,
789 2254 815 2282 id
837 2257 878 2282 est
900 2257 1013 2290 propter
1029 2254 1138 2283 labores
1152 2263 1230 2289 suos,

380 2309 434 2329 non
456 2308 506 2337 per
527 2301 688 2329 iniustitiam
710 2304 737 2329 et
752 2301 893 2337 rapinam,
908 2300 981 2329 sicut
995 2301 1075 2329 multi
1091 2309 1119 2330 se
1133 2301 1229 2330 ditant.

381 2347 432 2376 Sed
458 2348 525 2376 tales
545 2347 656 2376 divitiae
677 2355 731 2375 non
754 2348 901 2376 honestant
922 2355 972 2376 nec
994 2348 1167 2382 beatificant,
1183 2348 1231 2377 sed

381 2395 486 2432 proprii
508 2394 616 2423 labores
644 2395 701 2423 sive
728 2395 839 2423 divitiae
860 2394 1012 2431 acquisitae
1033 2403 1069 2423 ex
1092 2395 1172 2424 iustis
1193 2395 1231 2423 la—

381 2442 512 2475 boribus,
545 2441 571 2469 in
599 2441 743 2470 Psalm0⁷:
777 2442 925 2471 «Labores
953 2450 1087 2471 manuum
1118 2445 1230 2471 tuarum

980 163 1151 192 COMMENT.
1174 164 1205 193 ΙΝ
1227 164 1418 193 ΞΑΡΙΕΝΊῚΑΜ
1439 163 1466 191 C.
1490 163 1520 190 X.
2273 158 2275 172 ¹

1275 242 1341 278 quia
1362 239 1556 274 manducabis,
1578 239 1676 268 heatus
1696 247 1726 268 es
1741 250 1754 264 ι)
1780 241 1830 268 etc.
1856 240 1889 267 Et
1910 238 2073 275 complevit,
2095 239 2121 267 id
2259 235 2296 278 ilfi„-

1276 291 1330 322 est,
1344 288 1378 316 ad
1392 290 1516 324 optatum
1538 286 1621 315 finem
1643 285 1791 322 perduxit,
1813 285 1916 314 scilicet
1933 285 2025 322 ipsum
2040 285 2123 314 redu-

1277 334 1363 363 cendo
1384 333 1417 362 ad
1439 336 1545 370 patrem
1567 340 1651 361 suum
1676 332 1704 361 in
1733 335 1809 361 terra
1836 332 1980 366 Chanaan;
2010 331 2122 360 labores

1278 381 1374 413 illium
1401 379 1532 408 Glossa⁸z
1560 379 1663 415 «Quos
1688 378 1715 407 in
1744 378 1887 415 pascendis
1914 378 2013 407 ovibus
2040 377 2122 406 susti·
2252 362 2277 412 i

1277 428 1338 456 nuit
1354 439 1380 461 ι»,
1401 427 1435 455 de
1455 426 1558 464 quibus
1578 425 1691 455 Genesis
1706 425 1846 462 trigesimo
1860 425 1965 462 primo:
1985 436 1999 450 «
2013 424 2061 453 Die
2076 433 2124 453 00-

1278 477 1380 511 ctuque
1401 477 1479 502 aestu
1501 473 1604 502 urebar
1625 475 1652 501 et
1672 472 1736 509 gelu
1750 484 1778 500 υ.
2262 472 2279 504 ὶ;

1358 521 1436 549 Haec
1457 519 1622 558 profugum
1649 522 1701 548 etc
1730 519 1768 548 Ab
1796 520 1848 548 boc
1870 519 1928 548 loco
1949 527 2039 557 usque
2066 519 2122 548 ibi.
2140 524 2252 567 Ξςκξοιιοιξ-
2274 528 2279 545 ι

1279 569 1314 597 ln
1328 567 1438 606 fraude
1452 566 1759 600 circumvenientium,
1779 565 1901 602 tangitur
1916 565 2063 603 multiplex
2078 566 2124 595 be·
2148 547 2252 592 ἓῖιῗιειῗῖιω

1279 615 1425 649 neticium,
1446 614 1520 651 quod
1541 613 1675 642 Dominus
1689 612 1754 642 facit
1768 612 1885 641 Sanctis
1902 612 1983 648 suis,
2004 621 2126 651 quorum
2263 610 2269 663 ξ

1279 663 1400 700 primum
1421 664 1463 690 est
1483 660 1654 697 iustificatio
1675 660 1703 688 in
1724 660 1860 697 principio
1882 668 1948 689 suae
1969 661 2126 690 conversio·
2140 665 2227 686 Primum
2264 665 2281 702 ξ

1280 709 1337 742 015;
1360 708 1394 737 ad
1417 709 1553 737 Romanos
1577 707 1714 735 octavo⁹:
1741 718 1754 732 «
1770 707 1845 744 Quos
1866 707 1989 742 vocavit,
2011 707 2072 737 illos
2099 711 2126 736 et
2265 702 2282 722 ⁸

1280 755 1479 789 iustificavit»;
1502 757 1529 783 et
1553 754 1606 782 hoc
1634 754 1773 791 tangitur,
1801 761 1864 783 cum
1893 754 1974 784 dicit:
2003 755 2125 784 Iustum.

1281 802 1437 832 Secundum
1459 804 1500 831 est
1525 801 1658 830 deductio
1684 801 1712 830 in
1740 801 1866 838 profectu
1893 802 2126 831 conversationis:
2144 807 2251 828 Secundum

1284 850 1408 879 Deduxit
1428 852 1496 883 etc.;
1518 848 1546 877 in
1567 849 1691 877 Psalmo:
1717 860 1731 874 «
1746 849 1865 885 Spiritus
1888 852 1953 878 tuus
1974 849 2064 878 bonus
2081 849 2128 878 de-

1282 897 1364 926 ducet
1385 904 1429 925 me
1449 896 1476 924 in
1505 898 1608 924 terram
1630 899 1776 925 rectam».
1799 896 1923 925 Tertium
1945 899 1986 925 est
2006 897 2128 925 ostensio
2145 901 2233 922 ternum

1282 944 1367 982 regini
1384 944 1411 972 in
1433 943 1522 980 gratia
1540 944 1583 972 vel
1597 943 1625 971 in
1640 946 1747 972 secreto
1761 943 2014 980 contemplationis:
2032 943 2128 973 Osten-

1282 992 1342 1025 dit,-
1364 990 1450 1020 Exodi
1476 990 1617 1028 trigesimo
1645 991 1741 1019 tertio:
1768 990 1944 1019 «Ostendam
1973 990 2021 1019 tibi
2049 998 2129 1020 omne

1283 1039 1387 1067 bonum
1399 1050 1424 1066 ».
1437 1038 1583 1074 Quartum,
1598 1037 1752 1066 instructio
1767 1037 1794 1066 in
1810 1037 1948 1074 agnitione
1960 1037 2069 1066 divinae
2082 1045 2130 1066 vo·
2146 1043 2240 1066 Quartum.

1284 1086 1413 1114 luntatis:
1437 1086 1471 1113 Et
1492 1084 1568 1113 dedit
1589 1084 1632 1113 itti
1644 1085 1798 1113 scientiam
1817 1087 2007 1116 sanctorum,-
2021 1083 2130 1112 Barucb

1284 1136 1385 1170 quarto
1398 1132 1437 1160 ¹⁰:
1458 1144 1471 1157 «
1487 1132 1559 1160 Beati
1581 1139 1694 1165 sumus,
1713 1132 1811 1165 lsrael;
1832 1131 1898 1168 quia
1918 1138 1989 1168 quae
2004 1131 2059 1159 Deo
2074 1131 2131 1168 pla-

1284 1182 1346 1208 cent
1374 1179 1453 1208 nobis
1481 1179 1624 1208 manifesta
1649 1181 1755 1207 sunt».
1777 1178 1911 1215 Quintum
1938 1180 1979 1207 est
2000 1176 2131 1206 honesta-
2147 1183 2241 1207 Quintum

1285 1226 1341 1260 tio,
1364 1226 1391 1254 id
1412 1229 1453 1255 est
1479 1226 1576 1255 ditatio
1601 1225 1628 1254 in
1650 1225 1819 1254 abundantia
1839 1225 1930 1254 meriti
1952 1227 1979 1253 et
2000 1224 2129 1253 virtutis:

1288 1273 1456 1302 Honestavit
1477 1276 1545 1306 etc.;
1575 1273 1620 1301 lob
1641 1272 1754 1309 quinto:
1780 1284 1793 1297 «
1809 1271 1973 1309 Ingredieris
1994 1271 2021 1300 in
2042 1271 2130 1300 abun-

1284 1320 1377 1348 dantia
1404 1320 1580 1356 sepulcrum,
1610 1320 1681 1348 sicut
1709 1319 1828 1348 infertur
1855 1326 1971 1347 acervus
1999 1317 2082 1346 tritici
2104 1317 2131 1345 in

1285 1369 1410 1403 tempore
1431 1374 1482 1395 500
1496 1378 1522 1394 ».
1552 1366 1685 1400 Sextum,
1713 1365 1862 1402 completio
1883 1365 1909 1393 in
1932 1364 2073 1401 praemio:
2097 1364 2130 1392 Et
2148 1370 2230 1389 Sextum.

1286 1413 1434 1450 compleuit
1462 1416 1529 1447 etc.;
1551 1421 1637 1449 supra
1657 1416 1758 1449 quarto
1772 1413 1809 1440 ¹¹:
1837 1424 1848 1437 «
1864 1412 2076 1441 Consummatus
2104 1411 2131 1439 in

1286 1459 1379 1493 brevi,
1411 1459 1533 1495 explevit
1562 1462 1686 1495 tempora
1715 1459 1820 1493 multa;
1849 1458 1948 1495 placita
1975 1457 2048 1486 enim
2073 1459 2133 1485 erat

1286 1506 1342 1534 Deo
1369 1505 1460 1534 anima
1488 1505 1603 1539 illius»;
1632 1505 1696 1534 item
1725 1513 1811 1542 supra
1838 1505 1935 1534 tertio:
1963 1504 2129 1532 «Bonorum

1286 1553 1412 1582 laborum
1434 1553 1572 1589 gloriosus
1592 1556 1634 1581 est
1655 1552 1764 1581 fructus
1779 1564 1805 1581 ».
2273 1570 2275 1611 ξ

1365 1599 1454 1636 (Vers.
1480 1600 1545 1634 lt).
1568 1599 1603 1627 la
1622 1598 1732 1636 fraude
1746 1598 2035 1627 circumvenientium
2049 1605 2131 1631 eum,

1287 1646 1313 1674 id
1328 1650 1369 1675 est
1383 1646 1585 1675 circumvenire
1604 1646 1695 1683 ipsum
1716 1646 1867 1674 volentium
1893 1656 1906 1670 «
1919 1645 2009 1674 Laban
2023 1647 2050 1673 et
2064 1644 2133 1673 filio-

1287 1700 1352 1721 rum
1373 1692 1433 1721 eius
1448 1704 1475 1726 »,
1490 1695 1522 1721 ut
1535 1692 1601 1721 dicit
1621 1692 1766 1727 Glossa¹²;
1789 1692 1832 1720 illi
1845 1691 1947 1729 affuit,
1967 1691 2071 1721 scilicet
2084 1699 2132 1720 cu-

1287 1738 1428 1767 stodiendo
1449 1746 1529 1772 eum,
1556 1747 1590 1767 ne
1616 1739 1792 1776 deciperetur
1820 1739 1863 1767 vel
1890 1738 2132 1771 damnificaretur;

1287 1786 1398 1815 Genesis
1420 1786 1560 1823 trigesimo
1582 1787 1689 1823 primo:
1716 1798 1729 1811 «
1745 1786 1823 1814 Pater
1845 1788 1936 1814 vester
1951 1785 2134 1814 circumvenit
2285 1793 2290 1836 ξ

1287 1842 1331 1862 me
1352 1837 1381 1863 et
1400 1833 1518 1862 mutavit
1538 1833 1692 1862 mercedem
1714 1841 1804 1862 meam
1818 1833 1912 1862 decem
1928 1832 2034 1861 vicibus
2050 1844 2075 1860 ».
2101 1833 2134 1860 Et
2286 1841 2291 2099 ξ

2269 1078 2296 1123 i

2270 1126 2272 1146 ι

2282 1252 2296 1494 Αᾈᾼ--τ
2234 980 2296 1235 4*-R”=·?a÷:'÷⁴
2279 867 2284 967 ’ῃ
2266 711 2284 844 -qi-

2155 1603 2254 1623 Secundum
2264 1612 2265 1617 ι
2274 1617 2275 1624 ,

2150 1627 2261 1646 beneficium.
2274 1627 2275 1630 ’

1288 1879 1437 1909 honestum
1457 1879 1525 1917 fecit
1546 1880 1629 1908 illum
1644 1880 1798 1915 Dominus,
1821 1879 1847 1908 id
1869 1882 1910 1908 est
1930 1879 2062 1914 divitem;
2083 1879 2133 1907 Ge-

1288 1927 1361 1956 nesis
1385 1926 1527 1964 trigesimo
1554 1927 1663 1963 primo:
1690 1927 1791 1955 «Tulit
1819 1926 1897 1955 Iacob
1925 1926 2031 1960 omnia,
2062 1934 2134 1963 quae

1287 1973 1402 2002 fuerunt
1422 1973 1509 2010 patris
1529 1973 1633 2007 nostri,
1655 1976 1682 2001 et
1702 1972 1735 2001 de
1761 1973 1835 2001 illius
1862 1972 2039 2001 facultatibus
2065 1972 2135 2001 dita-

1287 2023 1349 2054 tus,
1370 2020 1459 2049 factus
1479 2023 1520 2049 est
1541 2020 1660 2056 inclytus
1675 2031 1701 2047 ».

1367 2067 1455 2103 (Vers.
1480 2068 1545 2101 12).
1570 2066 1731 2095 Custodivit
1752 2066 1835 2095 illum
1856 2066 1893 2095 ab
1915 2066 2060 2100 inimicis,
2082 2066 2134 2095 sci-

1288 2114 1351 2142 licet
1371 2122 1387 2142 a
1410 2114 1499 2143 Laban
1521 2117 1548 2143 et
1569 2113 1629 2142 eius
1656 2113 1719 2142 filiis
1740 2114 1831 2151 ipsum
1853 2113 2087 2151 persequentibus
2107 2116 2135 2142 et
2278 2111 2281 2126 ⁸

1288 2161 1406 2197 spoliare
1421 2161 1511 2197 ipsum
1527 2160 1698 2195 volentibus,
1713 2160 1825 2190 Genesis
1840 2160 1981 2197 trigesimo
1992 2160 2082 2197 primo
2094 2160 2134 2188 ¹³:

1292 2219 1305 2232 «
1321 2207 1375 2236 Nisi
1397 2207 1471 2236 Deus
1492 2207 1578 2244 patris
1605 2207 1658 2235 mei
1686 2207 1808 2236 affuisset
1836 2207 1918 2241 mihi,
1946 2206 2061 2235 forsitan
2090 2214 2134 2235 me

1288 2262 1407 2284 vacuum
1428 2254 1628 2291 reliquisses».
1656 2255 1691 2282 Et
1711 2262 1730 2282 a
1750 2253 1951 2282 seductoribus
1972 2253 2080 2282 tutavit
2099 2253 2132 2282 it—

1288 2300 1366 2334 lum,
1387 2300 1491 2329 scilicet
1510 2301 1545 2329 ab
1567 2300 1636 2329 Esau
1658 2303 1685 2329 et
1705 2300 1779 2334 suis,
1801 2301 1847 2337 qui
1870 2300 1941 2329 forte
1955 2299 2133 2329 intendebant

1288 2394 1423 2423 Dominus
1444 2394 1601 2423 immutavit
1622 2402 1670 2423 cor
1691 2394 1761 2423 Esau
1783 2402 1832 2431 per
1852 2394 2018 2423 oblationem
2037 2401 2135 2422 mune—

1289 2450 1368 2476 rum,
1390 2450 1461 2478 quae
1482 2441 1624 2478 praemisit
1645 2441 1668 2470 ei
1691 2441 1784 2475 lacob,
1807 2444 1837 2469 ut
1858 2443 1932 2478 patet
1952 2440 2064 2469 Genesis
2086 2440 2134 2469 tri-

446 2617 453 2630 ¹
472 2619 537 2641 Vers.
560 2619 595 2641 ll.
611 2631 642 2635 --
660 2619 769 2648 Sequitur
786 2620 822 2642 Ps.
840 2619 897 2646 114,
915 2620 942 2646 33
959 2620 1000 2642 cfr.
1019 2620 1056 2647 17,
1074 2620 1095 2642 5.

446 2656 455 2669 ’·’
474 2658 539 2680 Vers.
557 2658 593 2680 42.
611 2661 633 2680 et
651 2658 692 2686 433
710 2658 767 2681 ibid.
787 2659 829 2686 30,
847 2659 883 2680 33.
902 2662 936 2681 est
953 2665 1001 2687 seq.
1019 2659 1090 2681 locus.

446 2695 455 2709 ³
472 2698 560 2725 Nempe
578 2697 739 2720 interlinearis
757 2697 793 2726 (ex
811 2697 930 2727 Rabano):
943 2698 969 2720 ln
987 2697 1191 2727 Mesopotamiam.
1202 2710 1233 2714 —

384 2737 517 2765 Sequuntur
534 2737 599 2759 Dent.
617 2737 660 2763 32,
682 2737 716 2759 12.
734 2740 756 2759 et
772 2737 823 2759 lsai.
840 2737 883 2764 26,
900 2737 922 2759 7.

445 2774 454 2787 ⁴
472 2775 537 2798 Vers.
557 2776 724 2805 12ςῖ’1011000
741 2776 764 2798 in
781 2776 869 2798 somnis
886 2777 971 2798 scalam
989 2779 1087 2799 stantem
1105 2782 1174 2804 super
1192 2779 1233 2798 ter-

383 2821 433 2836 ram
454 2818 476 2837 et
498 2821 611 2837 cacumen
637 2815 695 2837 illius
720 2818 818 2843 tangens
843 2815 947 2843 caelum;
965 2816 1065 2843 Angelos
1081 2822 1176 2844 quoque
1193 2815 1232 2837 Dei

383 2854 534 2876 ascendentes
552 2857 594 2876 etc.
611 2866 642 2870 —
660 2854 713 2882 Seq.
732 2855 796 2876 locus
815 2857 850 2876 est
867 2855 944 2876 ltlatth.
962 2854 988 2882 4,
1006 2855 1027 2876 8.
1043 2866 1075 2871 —-
1092 2855 1134 2877 Pro
1153 2854 1177 2877 in
1196 2854 1233 2877 uia

384 2893 438 2915 edd.
455 2892 544 2916 omnia.

446 2930 455 2943 ⁵
474 2932 540 2954 Vers.
562 2932 584 2960 l;
603 2931 658 2954 ibid.
676 2931 698 2958 7,
720 2932 754 2954 10.
772 2935 806 2954 est
823 2938 872 2960 seq.
889 2932 960 2954 locus.

445 2969 455 2982 ⁶
473 2971 563 2993 Scilicet
579 2970 748 2993 interlinearis.
765 2983 796 2987 —
814 2971 921 2999 Sequitur
938 2971 1004 2993 Eccli.
1026 2972 1060 2998 ll,
1079 2972 1117 2993 23.

1352 2618 1361 2631 ⁷
1379 2620 1461 2642 esaim.
1480 2620 1532 2646 l27,
1550 2620 1571 2641 2.

1352 2658 1362 2671 ⁸
1380 2659 1466 2687 Nempe
1483 2658 1650 2681 interlinearis.
1667 2670 1698 2675 —
1716 2658 1769 2686 Seq.
1786 2659 1850 2680 locus
1866 2661 1900 2680 est
1916 2658 1972 2680 Gen.
1989 2658 2027 2685 31,
2045 2657 2081 2680 40.

1352 2696 1362 2709 ¹³
1379 2697 1445 2719 Vers.
1462 2697 1500 2719 30.
1517 2709 1547 2713 -
1564 2697 1614 2719 Duo
1632 2703 1697 2725 seqq.
1716 2697 1758 2719 loci
1775 2699 1828 2719 sunt
1844 2697 1880 2718 Ps.
1897 2696 1954 2723 142,
1976 2696 2010 2719 10.
2027 2698 2049 2718 et
2065 2696 2137 2719 Exod.

1291 2736 1333 2763 33,
1353 2736 1389 2758 19.

1353 2774 1373 2787 ¹⁰
1391 2775 1456 2797 Vers.
1475 2774 1494 2797 4.
1512 2787 1543 2791 —
1561 2775 1669 2803 Sequitur
1685 2774 1725 2797 Iob
1742 2775 1769 2802 5,
1787 2775 1824 2797 26.

1353 2813 1371 2826 ¹¹
1390 2814 1456 2836 Vers.
1474 2814 1515 2841 43,
1533 2813 1589 2836 ibid.
1608 2814 1632 2840 3,
1652 2814 1688 2836 15.
1705 2816 1739 2836 est
1755 2819 1805 2842 seq.
1821 2814 1892 2836 locus.

1353 2851 1372 2865 ¹²
1390 2853 1479 2875 Scilicet
1496 2852 1663 2876 interlinearis.
1680 2865 1710 2868 —-
1728 2853 1860 2881 Sequuntur
1876 2853 1932 2875 Gen.
1945 2852 1982 2879 31,
1994 2852 2015 2875 7.
2033 2854 2056 2874 et
2072 2853 2136 2874 1.-

1290 2893 1306 2914 Ε
1323 2892 1392 2915 codd.
1409 2892 1585 2920 supplevimus:
1602 2892 1672 2915 Pater
1689 2893 1788 2915 vester...
1802 2891 1891 2921 primo.

1354 2930 1372 2943 ¹³
1390 2932 1456 2954 Vers.
1474 2931 1517 2953 42:
1535 2931 1581 2953 Nisi
1599 2931 1660 2953 Deus
1677 2931 1748 2959 patr1s
1765 2931 1810 2953 mei
1828 2929 1943 2952 Abraham
1956 2933 1978 2952 et
1988 2930 2056 2952 timor
2072 2930 2136 2952 lsaac
2282 2932 2296 2959 ξι

1290 2971 1392 2993 affuisset
1410 2970 1478 2998 mihi,
1496 2971 1589 2993 forsitan
1606 2970 1677 2993 modo
1694 2970 1783 2993 nudum
1801 2976 1838 2992 me
1855 2970 1989 2992 dimisisses.

1288 2355 1352 2376 eum
1375 2355 1489 2384 capere,
1510 2347 1621 2384 quando
1637 2347 1781 2376 veniebant
1794 2347 1821 2375 in
1836 2355 1985 2376 occursum
1999 2347 2067 2376 eius.
2083 2347 2133 2375 Sed
2287 2319 2294 2628 ξ

2292 2780 2295 2808 Ι
