2296 3316
14 949 78 972 {sertim
90 949 118 968 lu-

14 972 81 1000 ]ieornm
88 978 118 992 ex-

14 999 81 1016 ¹eratin.

758 120 928 151 COMMENT.
949 121 983 151 ΙΝ
1003 122 1150 153 ΙΟΑΝΝΕΜ
1171 123 1200 152 C.
1222 124 1263 152 lx.

138 198 330 227 miraculosam
355 198 558 235 operationem;
581 197 709 236 loquitar
728 200 834 232 tecum,
856 206 906 236 per
933 199 984 230 mi-

138 244 252 274 rabilem
266 244 492 279 instructionem;
515 252 601 282 supra
617 247 715 273 octavo
727 245 752 272 ¹:
779 255 792 269 «
808 244 861 281 Ego
881 245 984 282 princi-

138 291 230 328 pium,
252 290 300 327 qui
319 293 347 319 et
367 290 466 328 loquor
487 290 565 319 vobis
585 302 611 318 n.
634 290 720 318 Simili
743 290 824 319 modo
848 290 985 320 instruxit

137 336 270 366 Dominus
297 336 497 368 samaritanam
525 344 612 373 supra
638 339 758 373 quarto:
790 347 804 362 α
825 337 880 374 Ego
907 345 983 372 sum,

138 383 186 423 qui
206 383 306 420 loquor
336 385 470 411 tecum».
499 383 531 411 Et
561 383 628 420 quia
644 395 667 412 ,α
681 383 764 412 corde
794 383 919 413 creditur
950 383 984 413 ad

137 430 285 464 iustitiam,
305 437 354 458 ore
368 432 462 458 autem
482 430 616 461 confessio
636 430 668 459 fit
682 430 716 459 ad
737 431 855 460 salutem
869 441 901 465 »;
923 431 984 460 ideo

136 476 264 514 sequitur
284 484 351 505 vera
370 477 444 505 caeci
465 477 612 506 illuminati
627 477 775 512 consessi03
798 481 825 506 et
842 478 984 508 confessus

136 518 177 552 est
198 523 280 552 fidem
301 531 380 551 suam
402 523 501 557 verbo,
522 524 629 553 dicens:

213 571 260 599 49.
282 570 371 605 (Vers.
394 570 462 606 38.).
485 571 576 600 Credo
588 571 609 606 Β,
625 570 745 600 Domine
756 581 766 605 ‚·
780 574 807 600 et
825 571 983 601 devotionis

136 617 281 655 obsequio,
303 617 392 646 unde:
421 618 454 645 Et
471 617 627 655 procidens
653 617 792 646 adoravit
811 626 895 652 eum,
923 620 983 646 tan-

135 672 218 702 quam
239 664 344 698 Deum,
366 664 414 701 qui
436 664 511 693 solus
539 665 619 693 latria
639 667 681 693 est
707 664 883 699 adorandus;
908 665 983 694 unde

135 711 277 748 respondit
296 711 434 740 Dominus,
447 710 556 739 diabolo
577 711 703 740 Matthaei
719 714 835 749 quarto:
862 722 876 738 ot
891 711 982 741 Domi-

134 765 202 786 num
232 758 321 786 Deum
352 760 433 786 tuum
462 757 591 786 adorabis
621 761 648 786 et
679 758 718 786 illi
749 758 798 786 soli
830 758 982 792 servies»;

135 804 340 834 Deuteronomii
355 807 450 833 sexto:
470 816 483 829 «
496 804 644 833 Dominum
666 805 753 833 Deum
770 808 850 834 tuum
873 805 982 834 timebis

134 855 162 881 et
181 851 220 880 illi
240 852 289 880 soli
311 851 415 880 servies
429 863 456 879 ».

212 899 257 927 50.
280 898 369 933 (Vers.
399 898 467 934 39.).
498 899 533 927 Et
553 899 629 927 dixit
648 899 699 927 ei³
727 900 817 929 Iesus.
847 900 980 937 Tangitur

133 946 178 975 hic
199 946 324 980 tertium,
353 946 455 975 scilicet
483 946 663 975 Iudaeorum
690 947 853 975 excaecatio
882 947 979 981 iusta,

133 1001 216 1031 quam
247 993 382 1022 Dominus
411 993 567 1022 manifestat
592 1001 685 1028 caeco,
717 994 751 1022 ad
782 1002 867 1031 quam
897 994 979 1022 etiam

132 1040 359 1069 manifestandam
386 1040 477 1077 ipsum
505 1041 687 1077 corporaliter
711 1040 886 1069 illuminavit.
915 1041 980 1069 Pro-

133 1090 227 1125 pterea
247 1087 328 1116 dicit:
351 1088 386 1116 In
413 1087 559 1116 iudicium
580 1096 629 1124 690
654 1088 720 1115 veni
740 1088 772 1116 in
792 1086 870 1116 laune
894 1096 980 1116 mun-

134 1135 220 1169 dum,
242 1135 347 1173 utqui
376 1143 435 1163 non
454 1134 551 1162 vident
581 1135 715 1168 videant,
747 1138 772 1162 et
802 1135 854 1173 qm·
883 1135 980 1163 vident

133 1182 212 1211 caeci
236 1181 318 1218 siant.
349 1182 384 1210 1η
411 1182 572 1215 iudicium,
602 1182 705 1210 scilicet
731 1181 919 1216 discretionis,
947 1185 981 1210 ut

132 1229 184 1267 qui
202 1229 314 1263 vident,
336 1228 363 1257 id
384 1231 440 1263 est,
462 1236 491 1257 se
512 1229 605 1257 videre
620 1232 766 1265 reputant,
788 1228 860 1257 sicut
874 1229 978 1263 Iudaei,

132 1276 212 1304 caeci
230 1276 312 1313 liant.
334 1276 373 1304 De
398 1275 451 1304 hoc
472 1275 572 1304 iudicio
593 1275 694 1304 dicitur
715 1275 749 1304 ad
771 1276 906 1304 Romanos
925 1284 978 1304 uu-

131 1322 275 1351 decimo4:
302 1333 315 1347 α
330 1322 396 1350 Nolo
416 1329 466 1350 vos
486 1321 629 1359 ignorare,
651 1322 766 1356 fratres,
788 1325 820 1350 ut
844 1330 898 1350 non
920 1322 979 1351 sitis

131 1369 334 1405 vobismetipsis
354 1368 506 1405 sapientes,
527 1369 593 1405 quia
613 1369 729 1398 caecitas
750 1377 787 1397 ex
811 1372 890 1406 parte
914 1377 978 1398 con-

131 1415 192 1453 tigit
211 1416 240 1444 in
264 1415 362 1450 lsrael,
389 1415 476 1444 donec
503 1415 645 1452 plenitudo
672 1416 795 1453 gentium
818 1416 977 1450 intraret»;

131 1465 158 1492 et
178 1462 279 1492 iterum
300 1462 334 1491 ad
349 1463 483 1491 Romanos
504 1471 589 1491 nono:
615 1462 751 1497 «Gentes,
773 1466 845 1500 quae
866 1471 921 1491 non
936 1471 978 1492 se-

131 1509 277 1539 ctabantur
297 1509 444 1543 iustitiam,
465 1509 710 1546 apprehenderunt
724 1510 873 1544 iustitiam;
895 1510 978 1539 Israel

130 1565 210 1591 vero,
232 1556 360 1586 sectando
375 1557 462 1593 legem
477 1556 613 1589 iustitiae,
635 1556 662 1584 in
677 1557 765 1593 legem
786 1557 906 1585 iustitiae
923 1565 979 1585 non

131 1603 296 1641 pervenit».
318 1604 351 1632 Et
371 1603 446 1640 quod
466 1603 534 1632 illud
548 1603 680 1631 iudicium
702 1603 808 1631 iustum
828 1603 878 1637 sit,
904 1605 979 1640 patet

130 1642 166 1680 ex
187 1651 364 1688 inquisitione
385 1650 596 1679 Pharisaeorum
611 1653 638 1679 et
657 1650 834 1687 responsione
855 1650 977 1684 Domini,

130 1698 157 1726 in
189 1706 244 1735 qua
275 1697 401 1726 innuitur
432 1697 536 1725 malitia
556 1700 583 1726 et
614 1697 765 1734 pertinacia
797 1697 976 1731 ludaeorum;

130 1743 207 1780 quia,
229 1751 293 1772 cum
308 1742 449 1777 viderent,
464 1743 616 1772 noluerunt
635 1743 748 1772 credere
763 1745 791 1771 et
810 1742 977 1779 intelligere:

130 1792 157 1819 et
176 1790 237 1819 ideo
258 1789 359 1819 iudicio
380 1790 428 1819 Dei
449 1792 476 1819 et
497 1798 548 1818 suo
573 1792 684 1827 peccato
711 1792 776 1819 sunt
797 1790 936 1818 excaecati
949 1790 977 1824 ⁵;

130 1836 191 1866 ideo
210 1837 291 1866 dicit:

208 1885 254 1913 51.
276 1884 366 1921 (Vers.
388 1884 456 1919 40).
479 1884 668 1913 Audierunt⁵
684 1884 813 1922 ‘quidam
841 1892 876 1912 ex
897 1882 977 1912 Pha-

130 1931 252 1965 risaeis,
280 1931 333 1968 qui
361 1935 447 1959 erant
467 1939 534 1959 cum
565 1930 641 1968 ipso,
673 1930 699 1959 id
731 1932 787 1964 est,
818 1932 977 1967 praesentes

129 1978 259 2012 aderant;
278 1981 303 2006 et
316 1977 471 2007 dixerunt.-
494 1977 636 2015 quuid
649 1981 674 2005 et
688 1985 740 2006 nos
755 1977 835 2006 caeci
853 1977 976 2005 sumus?

130 2024 343 2062 Indignabantur
365 2024 450 2053 verbo
464 2024 585 2059 Domini,
607 2024 673 2061 quia
686 2024 847 2058 credebant,
863 2026 976 2060 propter

130 2079 159 2101 se
178 2071 263 2100 fuisse
291 2071 412 2106 dictum,
434 2071 500 2108 quia
526 2079 556 2100 se
576 2071 713 2108 sapientes
740 2070 921 2108 reputabant:
949 2073 976 2099 et

192 2279 200 2292 ¹
219 2280 283 2303 Vers.
301 2281 338 2303 25.
358 2293 385 2296 —
403 2280 454 2303 Duo
471 2286 535 2309 seqq.
553 2280 596 2303 loci
616 2282 669 2303 sunt
686 2281 748 2303 ioan.
766 2280 792 2308 4,
810 2281 848 2303 26.
865 2283 888 2303 et
908 2281 976 2303 Rom⁴

131 2319 171 2346 io,
190 2319 225 2341 ⁴0.

191 2356 201 2370 ²
220 2358 317 2386 Vulgata
331 2358 363 2381 At
378 2357 418 2381 ille
433 2357 484 2381 ait:
502 2357 584 2383 Credo.
602 2371 631 2374 —
649 2358 782 2387 Sequuntur
798 2358 875 2381 Matth.
894 2358 920 2385 4,
939 2359 975 2381 40.

129 2399 152 2419 et
168 2397 234 2420 Deut.
252 2397 277 2424 6,
296 2398 332 2419 43.
350 2410 380 2413 -
397 2398 429 2420 De
447 2396 520 2420 latria
537 2398 578 2419 cfr.
595 2398 627 2420 ΙΙΙ.
646 2397 706 2420 Sent.
724 2397 747 2420 d.
765 2398 786 2419 9.
804 2404 846 2426 per
863 2400 943 2420 totam.

192 2433 202 2447 ³
221 2436 318 2463 Vulgata
336 2436 419 2458 omittit
435 2435 462 2459 ei.

191 2472 202 2486 ⁴
219 2475 285 2496 Vers.
301 2474 340 2497 25.
356 2475 429 2497 Etiam
441 2475 489 2503 hic,
501 2474 560 2497 sicut
571 2481 640 2503 supra
659 2481 712 2503 pag.
725 2475 783 2503 290,
795 2477 849 2498 nota
866 2474 892 2502 5,
906 2474 974 2497 codd.

130 2513 201 2536 nostri
223 2513 322 2537 intravit
338 2520 380 2542 pro
397 2509 502 2543 conticit.
517 2526 549 2531 —
565 2514 674 2543 Sequitur
696 2515 762 2537 Rom.
781 2514 806 2543 9,
824 2514 862 2536 30.
879 2520 927 2543 seq.
945 2526 976 2531 —

129 2552 234 2581 August„
251 2553 275 2575 in
292 2553 353 2575 loan.
369 2553 456 2581 Evang.
473 2555 501 2575 tr.
522 2553 559 2576 44.
575 2559 599 2575 n.
617 2553 657 2575 47:
677 2552 739 2581 Quid
760 2554 808 2576 est:
825 2552 868 2582 qui
885 2551 975 2581 vident,

129 2591 194 2614 caeci
208 2591 286 2622 fiant?
304 2592 347 2621 Qui
364 2598 389 2614 se
406 2594 487 2620 putant
505 2592 587 2615 videre
608 2595 631 2615 et
652 2592 769 2615 medicum
794 2598 840 2615 non
862 2594 976 2621 quaerunt

130 2630 151 2653 in
173 2637 213 2653 sua
237 2631 345 2654 caecitate
367 2634 524 2660 permaneant.
543 2632 603 2660 Ergo
621 2632 686 2654 istam
704 2632 867 2654 discretionem
883 2631 977 2654 vocavit

129 2669 253 2699 iudicium,
270 2676 323 2693 cum
341 2670 384 2693 ait:
402 2671 429 2693 ln
451 2669 565 2693 iudicium
588 2670 640 2693 oeni
656 2670 681 2693 z'n
697 2670 761 2694 hunc
779 2670 910 2698 muudum,
928 2676 975 2699 quo

129 2709 238 2732 discernit
255 2715 349 2732 causam
367 2709 510 2732 credentium
527 2712 550 2732 et
566 2710 724 2732 confitentium
741 2716 754 2732 a
770 2709 878 2738 superbis
898 2716 923 2732 se
944 2710 976 2731 vi·

129 2748 184 2771 dere
201 2748 348 2777 putantibus,
365 2751 388 2771 et
404 2748 457 2771 ideo
474 2749 570 2777 gravius
587 2749 713 2771 excaecatis
730 2751 772 2772 ete.

191 2785 201 2799 ⁵
218 2787 263 2810 Cir.
286 2788 342 2810 infra
365 2794 387 2810 n.
409 2787 446 2810 54.
469 2790 491 2810 et
513 2788 551 2810 55.
568 2800 598 2804 —
615 2788 727 2816 Superius
751 2788 804 2810 voci
829 2787 915 2810 iudicio
938 2787 975 2810 ed.

130 2826 237 2854 praefigit
252 2826 322 2850 iusto.

191 2863 201 2877 Β
218 2865 316 2893 Vulgata
339 2866 369 2889 Et
389 2865 531 2894 audierunt,
549 2872 609 2895 quae
632 2866 700 2888 etiam
724 2865 817 2888 inferius
838 2868 891 2893 post
912 2864 976 2888 dixe-

127 2904 188 2926 runt
204 2904 267 2926 addit
283 2903 311 2927 ei.

1830 129 1884 158 381

1041 207 1078 229 ex
1109 201 1161 230 hoc
1189 201 1249 239 ipso
1275 203 1394 232 ostendit
1424 204 1557 235 Dominus
1584 205 1708 235 divinum
1738 206 1888 241 iudicium,

1041 246 1116 283 quod
1136 247 1210 277 iuste
1230 251 1296 277 sunt
1316 250 1472 285 excaecati;
1494 254 1608 289 propter
1629 253 1723 289 quod:

1120 294 1165 322 52.
1188 294 1276 330 (Vers.
1298 295 1367 331 41).
1390 296 1473 325 Dixit
1486 297 1527 326 eis
1548 298 1646 327 Iesus:
1669 299 1702 328 Si
1718 300 1798 328 caeci
1816 308 1888 328 esse—

1040 339 1094 372 tis,
1116 348 1174 368 non
1194 339 1336 371 haberetis
1352 345 1523 378 peccabam,-
1545 344 1611 380 quia
1631 348 1698 374 tunc
1726 354 1774 374 vos
1795 346 1887 375 Domi-

1039 394 1093 415 nus
1114 386 1297 422 illuminaret;
1319 388 1392 417 unde
1413 389 1519 426 primae
1540 390 1573 418 ad
1588 390 1744 420 Corinthios
1766 393 1886 421 tertio⁷:

1044 443 1058 458 «
1072 432 1098 461 Si
1120 432 1182 469 quis
1203 433 1407 464 videturinter
1429 443 1477 464 vos
1497 436 1606 473 sapiens
1627 444 1687 466 esse
1708 439 1736 466 in
1758 438 1809 467 hoc
1828 447 1887 468 sae—

1039 478 1114 513 culO,
1136 479 1239 508 stultus
1260 479 1323 514 fiat,
1344 483 1376 509 ut
1396 480 1432 509 sit
1452 481 1561 518 sapiens
1575 494 1602 511 ».
1625 482 1711 513 Nune
1725 481 1822 513 autem
1843 485 1887 513 di-

1038 524 1120 554 citis:
1144 525 1222 561 Quia
1235 526 1383 561 videmus,
1398 530 1426 556 et
1441 536 1489 557 vos
1509 529 1646 565 sapientes
1661 531 1808 567 reputatis;
1821 540 1886 568 pec-

1038 575 1138 601 catum
1157 576 1288 601 vestrum
1309 578 1424 608 manet,
1451 575 1555 604 scilicet
1577 576 1760 611 infidelitatis,
1788 585 1886 607 secuu-

1037 617 1104 647 dum
1126 618 1195 648 illud
1215 619 1249 648 ad
1270 620 1405 649 Romanos
1425 621 1552 658 prim035
1580 633 1594 647 «
1612 623 1754 658 Dicentes,
1776 632 1805 653 se
1826 633 1886 654 esse

1037 665 1189 701 sapientes,
1211 666 1287 695 stulti
1309 666 1372 695 facti
1394 670 1460 698 sunt
1473 680 1500 696 »,
1522 669 1598 698 Unde
1622 670 1774 707 alloquitur
1793 672 1886 700 Domi-

1037 719 1092 740 nus
1112 712 1242 741 Ieremiae
1263 713 1377 750 quinto:
1404 725 1418 739 «
1432 713 1513 748 Audi,
1535 716 1636 752 popule
1650 717 1747 752 stulte,
1768 726 1822 746 non
1838 718 1886 746 ha-

1037 758 1105 787 bens
1125 767 1186 794 cor,
1208 760 1256 797 qui
1272 760 1405 789 habentes
1425 761 1521 790 oculos
1536 770 1590 790 non
1613 762 1725 797 videtis,
1746 767 1885 799 etaures,

1036 808 1064 834 et
1084 813 1138 834 non
1152 806 1295 835 auditis».
1318 807 1350 836 Et
1364 807 1430 844 quia
1450 808 1502 845 ipsi
1517 808 1641 839 videntes
1661 810 1812 839 noluerunt
1826 819 1886 840 cre-

1036 852 1114 887 dere,
1136 853 1197 882 ideo
1218 856 1284 882 sunt
1308 854 1465 889 excaecati;
1494 855 1633 885 psalmus:
1661 868 1674 882 α
1692 856 1886 887 Obscurentur

1036 899 1109 928 oculi
1130 907 1242 935 eorum,
1264 909 1299 929 ne
1321 901 1459 931 videant»
1484 905 1536 931 etc.

1357 995 1559 1031 QUAESTmNi-:s

1115 1087 1160 1117 53.
1183 1088 1292 1124 Quaest.
1315 1088 1333 1117 Ι.
1356 1088 1407 1117 Sed
1428 1089 1573 1126 quaeritur
1595 1090 1639 1119 hic
1659 1091 1750 1128 primo
1777 1091 1811 1121 de
1833 1093 1885 1121 hoc

1035 1133 1110 1171 quod
1131 1134 1265 1163 Dominus
1279 1135 1404 1172 quaerit,
1424 1139 1521 1164 utrum
1535 1137 1630 1165 credat
1651 1138 1682 1166 in
1696 1138 1807 1167 Filium
1825 1139 1883 1168 Dei.

1117 1181 1141 1209 1.
1162 1180 1295 1209 Constans
1316 1184 1372 1215 est,
1401 1181 1475 1219 quod
1497 1185 1551 1211 stat
1578 1183 1613 1212 ibi
1639 1192 1690 1220 pro
1718 1184 1810 1214 divina
1837 1193 1885 1214 na-

1035 1230 1115 1261 tura;
1137 1227 1184 1256 sed
1206 1231 1267 1264 post
1288 1228 1394 1257 subdit:
1425 1229 1526 1257 Vidisti
1545 1238 1629 1263 emm
1648 1239 1714 1259 eum
1729 1235 1770 1260 est
1791 1232 1884 1261 relati—

1034 1282 1101 1302 vum
1113 1274 1133 1308 ⁹,
1155 1282 1221 1311 ergo
1242 1275 1328 1303 refert
1349 1275 1501 1304 secundum
1522 1275 1643 1305 divinam
1658 1280 1803 1306 naturam:
1819 1286 1885 1316 ergo

1034 1328 1133 1349 caecus
1155 1320 1222 1349 vidit
1242 1321 1364 1350 divinam
1386 1325 1523 1350 naturam.

1113 1368 1139 1396 2.
1163 1367 1244 1401 item,
1267 1367 1289 1396 si
1317 1368 1385 1397 fides
1410 1371 1452 1397 est
1482 1368 1516 1397 de
1538 1369 1580 1398 his
1608 1378 1679 1406 quae
1707 1378 1761 1399 non
1790 1371 1885 1400 viden-

1035 1417 1081 1443 tur
1094 1415 1125 1449 ¹⁰,
1148 1414 1286 1452 quomodo
1301 1415 1430 1444 hortatur
1444 1416 1592 1451 Dominus,
1615 1420 1646 1445 ut
1662 1418 1755 1447 credat
1776 1418 1804 1447 in
1819 1427 1884 1448 eum

1035 1469 1118 1498 quem
1141 1461 1236 1490 videt?

1112 1509 1289 1537 Responnizo:
1305 1508 1470 1543 Dicendum,
1486 1510 1560 1546 quod
1575 1510 1736 1540 idiomatum
1755 1515 1796 1541 est
1811 1520 1884 1541 com-

1033 1554 1183 1583 municatio
1204 1557 1318 1592 propter
1336 1556 1555 1585 convenientiam
1577 1557 1603 1585 in
1624 1566 1679 1586 una
1700 1558 1840 1595 hypostasi
1853 1560 1883 1587 ¹¹.

1033 1601 1109 1631 Unde
1130 1601 1203 1630 sicut
1228 1602 1331 1631 dicitur
1355 1602 1428 1632 idem
1456 1607 1585 1633 mortuus
1613 1608 1640 1633 et
1670 1608 1816 1640 aeternus,
1845 1606 1884 1635 sic

1033 1648 1121 1683 idem,
1154 1649 1182 1677 in
1213 1657 1296 1686 quem
1327 1649 1512 1685 credendum,
1544 1651 1610 1688 quia
1640 1652 1763 1689 aequalis
1795 1653 1882 1687 Patri;

1033 1695 1105 1724 idem
1127 1695 1175 1733 qui
1196 1696 1320 1733 loquitur
1341 1700 1368 1725 et
1389 1696 1514 1731 videtur,
1537 1697 1584 1726 sed
1605 1698 1633 1726 in
1655 1698 1743 1727 forma
1764 1699 1838 1728 servi
1850 1699 1881 1728 ¹².

1113 1742 1159 1770 5li.
1182 1742 1291 1778 Quaest.
1317 1742 1346 1770 ΙΙ.
1365 1742 1431 1771 Item
1453 1744 1599 1780 quaeritur
1624 1744 1658 1773 de
1679 1744 1731 1773 hoc
1745 1745 1820 1782 quod
1840 1745 1881 1774 di-

1034 1788 1085 1817 cit:
1107 1789 1143 1817 Ivi
1164 1789 1310 1817 iudicium
1331 1798 1381 1827 eqo
1396 1790 1461 1818 veni
1481 1790 1512 1818 in
1526 1791 1689 1825 mundium
1709 1792 1775 1829 quia
1796 1800 1882 1829 supra

1034 1836 1116 1865 tertio
1128 1836 1150 1853 ¹⁸
1172 1836 1289 1865 dicitur:
1311 1836 1376 1865 Non
1397 1837 1479 1865 misit
1494 1837 1570 1866 Deus
1592 1838 1702 1866 Filium
1723 1847 1828 1874 suum,
1850 1842 1882 1867 ut

1034 1883 1141 1912 iudicet
1162 1883 1316 1912 mundum.

1112 1929 1318 1966 Respondetur,
1340 1930 1414 1968 quod
1435 1931 1510 1960 venit
1530 1931 1558 1960 in
1579 1931 1712 1960 iudicium
1734 1931 1881 1961 discretio-

1033 1976 1098 2011 πίε,
1119 1977 1167 2006 sed
1187 1985 1242 2006 non
1264 1978 1513 2007 condemnationis
1526 1979 1557 2007 1⁴.

1112 2023 1194 2053 Aliter
1216 2027 1307 2053 tamen
1321 2027 1411 2061 potest
1425 2025 1493 2059 dici,
1509 2025 1583 2062 quod
1597 2025 1689 2054 differt
1709 2026 1801 2054 dicere
1815 2026 1882 2054 veni

1032 2070 1064 2100 in
1084 2070 1245 2105 iudicium,
1268 2073 1295 2099 et
1316 2071 1356 2099 ad
1377 2071 1535 2099 iudicium:
1557 2071 1653 2100 venire
1674 2072 1714 2100 acl
1734 2072 1880 2101 iudicium

1095 2278 1104 2292 ⁷
1123 2280 1188 2302 Vers.
1202 2280 1237 2302 48.
1247 2291 1278 2297 —
1287 2280 1382 2302 lnserius
1394 2285 1436 2308 pro
1448 2279 1519 2303 Nunc
1529 2281 1609 2303 autem
1621 2280 1720 2308 Vulgata
1734 2280 1804 2303 Nunc
1815 2285 1879 2303 vero.

1096 2317 1106 2331 ⁸
1123 2319 1189 2341 Vers.
1207 2319 1246 2341 22.
1261 2331 1293 2336 —
1309 2319 1359 2341 Duo
1376 2325 1442 2347 seqq.
1458 2318 1501 2341 loci
1518 2321 1572 2341 sunt
1587 2319 1628 2341 ler.
1646 2318 1673 2347 5,
1691 2319 1729 2341 21.
1745 2321 1768 2341 et
1784 2319 1820 2341 Ps.
1837 2319 1879 2347 68,

1034 2358 1071 2381 24.
1087 2370 1119 2375 —
1135 2358 1239 2381 Subinde
1256 2357 1328 2380 verbo
1345 2356 1478 2387 alloquitur
1495 2357 1533 2379 ed.
1550 2357 1657 2385 praefigit
1673 2356 1739 2380 tales.

1095 2396 1105 2409 ⁹
1122 2398 1182 2420 Petr.
1198 2397 1305 2425 Hispan„
1322 2397 1437 2419 Summul.
1454 2398 1481 2418 tr.
1499 2395 1526 2419 de
1547 2395 1714 2425 suppositione
1737 2398 1794 2419 etc.:
1811 2396 1879 2419 Aliud

1033 2438 1067 2459 est
1083 2435 1223 2464 relativum,
1241 2435 1305 2464 quod
1321 2438 1356 2457 est
1372 2437 1424 2457 ante
1440 2435 1500 2457 latae
1514 2434 1548 2457 rei
1564 2434 1752 2462 recordativum3
1769 2434 1838 2463 quia,
1854 2437 1879 2457 ut

1033 2476 1084 2498 vult
1100 2475 1228 2497 Priscianus
1244 2475 1267 2496 in
1284 2474 1372 2496 maiore
1389 2474 1508 2496 volumine
1520 2473 1577 2502 [Xll.
1588 2474 1715 2496 Grammat.
1727 2480 1747 2497 c.
1759 2472 1806 2503 4.],
1821 2482 1833 2493 α
1844 2479 1878 2496 re-

1032 2515 1085 2537 latio
1098 2517 1132 2537 est
1143 2517 1194 2537 ante
1206 2514 1263 2536 latae
1275 2513 1307 2536 rei
1319 2512 1448 2535 recordatio
1461 2521 1472 2532 ν
1492 2511 1553 2542 [sive
1567 2515 1590 2535 ut
1600 2512 1731 2535 Priscianus
1748 2512 1829 2535 hahet:
1845 2518 1878 2535 re-

1032 2553 1206 2583 praesentatio]
1221 2565 1253 2570 —
1269 2552 1382 2580 Superius
1398 2557 1440 2579 pro
1457 2553 1505 2575 stat
1520 2551 1553 2575 ibi
1563 2552 1600 2576 ed.
1612 2551 1688 2575 Filius
1700 2551 1744 2575 Dei
1753 2553 1807 2575 stat.
1822 2551 1877 2574 Sub-

1032 2593 1086 2616 inde
1103 2592 1238 2615 exhibemus
1255 2591 1377 2614 leetionem
1394 2590 1546 2619 plurimorum
1564 2591 1632 2613 codd.
1649 2596 1706 2620 erqo
1723 2591 1797 2620 refert
1812 2590 1877 2621 [sup-

1033 2632 1083 2660 ple:
1105 2632 1185 2654 Filium
1203 2630 1255 2660 Dei]
1272 2629 1403 2653 secundum
1420 2628 1525 2652 divinam
1542 2631 1670 2658 naturam,
1688 2636 1701 2652 a
1718 2636 1765 2659 qua
1782 2630 1877 2653 lectione

1033 2670 1154 2693 discedunt
1170 2670 1287 2692 Gorranus
1303 2672 1326 2691 et
1342 2668 1379 2691 ed.
1390 2671 1478 2691 tamum
1496 2668 1520 2691 in
1537 2674 1564 2690 eo
1574 2685 1580 2696 ,
1596 2669 1662 2698 quod>
1677 2669 1781 2692 omittant
1797 2675 1877 2693 secun-

1033 2709 1090 2733 dum
1099 2718 1109 2737 ,·
1126 2709 1142 2732 C
1153 2709 1169 2731 N
1187 2714 1244 2738 eryo
1259 2707 1334 2737 refert
1349 2706 1381 2731 ad
1396 2706 1509 2730 divinam.

1096 2746 1115 2762 ¹⁰
1133 2748 1192 2770 Vide
1209 2753 1280 2776 supra
1297 2753 1351 2775 pag.
1368 2746 1426 2773 329,
1444 2749 1522 2768 notam
1540 2747 1562 2769 3.

1095 2786 1113 2799 ¹¹
1131 2786 1175 2809 Csr.
1193 2789 1250 2808 tom.
1266 2786 1298 2808 ΙΙΙ.
1316 2791 1369 2814 pag.
1388 2785 1429 2812 ⁴4,
1446 2788 1500 2808 nota
1517 2786 1540 2809 3.
1559 2785 1630 2808 verba
1647 2786 1790 2809 Damasceni.

1097 2824 1116 2838 ²²
1134 2825 1263 2853 Respicitur
1280 2824 1333 2847 Phil.
1351 2825 1378 2851 2,
1395 2824 1416 2846 6.
1434 2830 1484 2853 seq.

1095 2862 1114 2876 ¹³
1132 2864 1197 2886 Vers.
1216 2863 1252 2886 ⁴7.

1095 2901 1114 2915 ¹⁴
1131 2902 1175 2926 Ctr.
1193 2908 1264 2931 supra
1280 2909 1305 2925 n.
1321 2902 1362 2929 505
1379 2908 1399 2924 c.
1417 2902 1439 2927 3,
1456 2908 1479 2924 n.
1496 2902 1576 2925 30-37.
1594 2905 1616 2925 et
1632 2909 1651 2925 c.
1669 2902 1691 2925 5.
1708 2909 1730 2927 n,
1748 2902 1785 2924 55.
1799 2908 1874 2930 seqq.

1901 1519 1961 1543 neap.

1898 1938 1956 1963 nesp.
1969 1939 1988 1958 1.

1898 2032 1955 2057 Resp.
1968 2033 1987 2051 2.
