2296 3316
22 642 25 651 ι

18 657 27 677 tt
31 660 71 676 rum
76 657 136 674 trans-

19 680 39 700 is
45 678 136 703 periculo-

16 703 39 726 ω,
52 702 96 726 quia
104 706 135 720 ve-

19 725 78 746 lciter
90 725 123 743 de-

16 745 26 773 Q
42 750 121 768 nentes.

27 780 122 824 {Deorsum

35 803 127 823 tabentes.
161 819 166 824 ,

12 1200 126 1224 „ulmei-gen-

15 1220 25 1237 ·⁴=
47 1225 82 1242 tes.

14 1340 121 1383 tiata?

14 1391 20 1407 il
25 1389 41 1406 at
48 1392 129 1406 amarae.

14 1527 124 1546 wrofundae.

37 1667 123 1686 Validae.

19 1971 29 1984 n
38 1965 68 1985 his
79 1965 129 1984 Deus

9 1989 89 2017 *infortat
97 1988 130 2007 tri-

19 2015 78 2032 [citer.

54 2042 124 2062 Primo.

6 2191 9 2196 ¹
32 2183 125 2203 Secundo.

56 2370 127 2390 Tertio.

662 181 887 211 COLLATIONES
909 182 940 211 IN
962 182 1108 212 IOANNEM
1129 183 1221 212 COLL.
1244 184 1374 213 LXXVIII.

152 270 165 284 «
179 259 271 295 Aquae
291 257 411 287 furtivae
424 257 563 288 dulciores
584 262 661 294 sunt,
677 263 704 288 et
718 260 796 296 panis
817 260 993 289 absconditus

147 305 258 334 suavior
278 316 305 332 ».
331 321 369 325 -
390 304 467 342 Aqua
497 305 693 340 divitiarum‚·
723 306 898 343 Apocalypsis
924 306 992 335 duo-

146 351 269 380 decimo:
296 362 309 376 «
323 351 395 380 Misit
416 359 531 388 serpens
551 360 587 381 ex
608 360 656 381 ore
678 360 729 381 suo
757 355 817 389 post
846 353 992 381 mulierem

146 405 246 435 aquam
261 405 388 434 magnam
405 401 537 435 tanquam
551 398 665 433 flumen,
681 401 713 426 ut
726 398 829 427 faceret
843 407 902 427 eam
919 399 990 427 trabi

145 453 161 473 a
181 444 297 474 flumine
311 456 337 473 n.
366 461 402 465 --
423 445 500 481 Aqua
520 443 681 478 Izonoram;
703 445 843 474 psalmus:
871 457 884 470 «
902 445 992 474 Eleva-

145 494 247 521 verunt
267 491 398 526 flumina,
420 491 550 526 Domine,
572 491 753 521 elevaverunt
773 491 876 520 fluctus
897 500 962 521 suos
976 500 992 520 a

144 538 259 568 vocibus
279 546 417 576 aquarum
437 538 598 567 multarum.
622 538 760 567 Mirabiles
778 539 909 567 elationes
935 547 991 567 ma-

145 586 184 614 ris
198 597 212 611 »
238 588 289 614 etc.

224 632 250 660 6.
273 632 390 661 Istarum
417 640 555 670 aquarum
577 633 711 661 transitus
735 632 920 669 periculosas
941 635 990 661 est.

146 679 216 708 Sunt
236 678 308 708 enim
330 687 418 716 aquae
447 679 514 708 istae
535 679 668 708 velociter
696 679 898 713 decurrentes,·
919 679 991 708 Psal-

144 733 207 755 mus
222 727 247 754 ¹:
274 737 288 751 (ε
302 725 339 754 Ad
354 726 471 755 nihilum
492 725 639 755 devenient
659 729 790 761 tanquam
806 733 878 762 aqua
891 725 991 753 decur-

145 780 210 802 rens
223 784 250 801 ι).
272 789 311 793 ν-
334 773 476 802 Deorsum
497 771 643 801 trahentes
650 782 660 805 ,·
686 772 861 808 Apocalypsis
888 771 990 800 duode-

144 827 230 848 cimo:
257 830 271 844 «
286 819 357 848 Misit
378 827 492 856 serpens
506 821 569 856 post
584 818 727 847 mulierem
744 826 843 855 aquam
864 826 989 855 magnam

145 868 275 902 tanquam
297 866 416 900 flumen,
438 869 470 894 ut
490 873 550 894 eam
578 865 681 894 faceret
702 865 773 893 trabi
795 873 812 893 a
833 865 948 893 flumine
962 877 989 893 ».

144 912 197 941 Hae
208 912 281 941 enim
295 920 384 949 aquae
397 913 491 941 omnia
504 919 599 941 secum
616 912 740 946 trabunt,
755 911 907 940 secundum
923 911 990 940 illud

143 958 231 988 Ovidii
245 969 251 987 :

267 1037 332 1060 Unda
349 1037 414 1059 veliit
431 1037 502 1065 tigres
518 1041 561 1059 nec
577 1036 639 1058 vires
657 1036 758 1058 fulminis
774 1042 844 1064 apro,

267 1076 338 1099 Crura
356 1082 399 1099 nec
416 1076 492 1098 ablato
509 1078 607 1104 prosunt
624 1075 711 1097 velocia
729 1081 806 1098 cervo.

222 1146 291 1175 Sunt
301 1146 383 1175 etiam
399 1145 628 1182 .3ubmer9entes;
641 1145 727 1173 Exodi
738 1144 844 1173 decimo
859 1145 989 1182 quinto2:

147 1204 161 1217 «
177 1192 317 1221 Submersi
341 1196 406 1221 sunt
427 1192 505 1229 quasi
527 1192 674 1229 plumbum
693 1192 720 1220 in
741 1191 822 1229 aquis
843 1192 990 1220 veliemen-

144 1239 219 1269 tibus
233 1251 260 1268 n,

221 1288 247 1316 7.
271 1287 402 1325 Sequitur
423 1286 457 1315 de
478 1286 558 1323 aquis
579 1286 782 1320 aduersitatis,
804 1294 924 1324 quarum
939 1287 989 1316 etsi

142 1334 273 1363 timeatur
295 1334 444 1368 transitus,
472 1341 527 1361 non
555 1336 647 1361 tamen
673 1335 715 1362 est
742 1333 780 1361 ita
808 1333 989 1370 periculosus.

142 1380 283 1410 Timemus
303 1380 376 1409 enim
399 1388 458 1414 eas,
481 1379 546 1416 qula
567 1388 693 1408 amarae
710 1383 788 1414 suut,
810 1383 837 1409 et
858 1380 920 1409 ideo
940 1379 991 1408 dif-

141 1427 227 1456 ficiles
248 1427 282 1456 ad
304 1426 471 1464 potandum
494 1426 580 1455 Exodi
608 1426 715 1455 decimo
735 1426 871 1464 quintoss:
898 1438 911 1451 «
933 1426 990 1455 Non

141 1477 270 1511 poterant
291 1474 387 1503 bibere
408 1481 495 1511 aquas
516 1474 638 1508 Marath,
660 1474 726 1511 quia
740 1481 851 1502 amarae
872 1476 989 1503 erant».

142 1538 181 1542 —
194 1521 281 1555 Item,
303 1521 369 1558 quia
387 1519 558 1558 profundae
578 1523 656 1555 sunt,
678 1524 705 1549 et
733 1521 793 1550 ideo
818 1521 991 1557 periculosae

141 1568 175 1597 ad
196 1568 361 1603 natandum3
384 1568 445 1597 ideo
466 1571 545 1605 rogat
565 1568 667 1596 David:
695 1580 708 1593 «
729 1569 786 1597 Non
809 1576 854 1597 rne
881 1568 989 1597 demer-

141 1618 188 1652 gat
208 1618 357 1652 tempestas
385 1622 489 1652 aquae,
511 1622 602 1651 neque
629 1614 776 1644 absorbeat
803 1622 847 1644 me
875 1614 991 1651 prosun-

141 1662 208 1691 dum
221 1673 247 1690 ».
264 1678 300 1683 -
317 1662 396 1696 Item,
418 1661 484 1698 quia
505 1661 621 1690 val-idae
642 1665 720 1697 sunt,
742 1665 769 1690 et
784 1662 844 1690 ideo
865 1661 990 1690 difficiles

140 1709 174 1738 ad
202 1709 411 1743 sustinendum;
440 1712 467 1737 et
488 1708 549 1737 ideo
570 1708 673 1737 David:
699 1721 712 1734 «
729 1709 840 1737 Salvum
861 1716 905 1737 me
933 1708 991 1746 sac,

140 1757 229 1791 Deus,
261 1757 392 1794 quoniam
423 1756 600 1784 intraverunt
627 1764 715 1793 aquae
747 1763 837 1793 usque
866 1756 899 1784 ad
931 1756 990 1784 ani-

141 1811 215 1832 mam
237 1811 327 1832 meam
343 1815 369 1831 υ.
386 1820 424 1823 —
439 1802 501 1831 Ideo
516 1802 645 1831 timemus
665 1810 753 1840 aquas
767 1803 849 1837 istas,
868 1810 902 1831 ne
916 1810 991 1831 ama-

141 1849 263 1879 ritudine
283 1849 475 1887 affliyamur,
500 1848 651 1878 valitudine
672 1849 897 1883 subvertamur,
926 1857 990 1885 pro-

140 1896 276 1926 funditate
295 1896 532 1934 submergamur.

221 1944 247 1972 8.
270 1943 322 1972 Sed
342 1943 371 1972 in
392 1943 436 1972 his
464 1943 593 1972 omnibus
614 1942 764 1980 confortat
790 1950 840 1971 nos
864 1943 989 1971 divinum

141 1990 294 2024 auxilium,
323 1990 398 2027 quod
425 1993 547 2027 praestat
574 1990 654 2019 nobis
681 1990 798 2019 istorum
827 1990 988 2019 remedium.

141 2037 275 2066 Dominus
296 2038 368 2066 enim
390 2037 625 2066 amaritudinem
645 2037 800 2070 dulcorat,·
829 2036 914 2065 Exodi
943 2036 990 2065 de-

142 2085 213 2114 cimo
233 2085 368 2122 quinto4:
396 2096 410 2109 «r
424 2084 550 2113 Ostendit
571 2084 654 2121 Moysi
677 2084 799 2121 liguum;
821 2084 895 2121 quod
926 2091 990 2112 cum

142 2132 261 2161 misisset
288 2132 316 2160 in
338 2139 438 2169 aquas,
466 2131 493 2160 in
525 2131 667 2160 dulcorem
697 2139 793 2160 versae
814 2134 879 2160 sunt
900 2142 926 2159 ».
952 2147 991 2151 —

144 2178 384 2217 Profunditatem
405 2178 533 2207 exsiccat
540 2189 551 2212 ‚·
571 2178 618 2207 lob
638 2178 816 2207 duodecimo:
843 2190 856 2203 «
878 2178 904 2206 Si
926 2185 990 2206 con-

143 2226 259 2255 tinuerit
289 2233 388 2263 aquas,
420 2225 512 2254 omnia
543 2225 723 2254 siccabuntur
737 2235 768 2259 »3
791 2225 874 2253 Isaiae
904 2224 991 2253 unde-

144 2273 230 2302 cimo:
255 2284 269 2297 «
288 2272 443 2301 percutiam
474 2272 592 2301 fluvium
614 2272 641 2300 in
663 2275 767 2308 septem
790 2271 872 2305 rivis,
894 2271 932 2299 ita
959 2275 991 2300 ut

144 2322 285 2348 transeant
313 2327 362 2356 per
384 2326 448 2347 eum
471 2318 582 2348 calceati
604 2329 636 2353 »;
658 2318 801 2347 Psalmus:
828 2329 841 2343 «
859 2318 992 2347 Abierunt

144 2367 173 2395 in
194 2367 267 2396 sicco
285 2366 403 2395 flumina
416 2378 444 2395 ».
466 2383 505 2387 -
526 2366 721 2395 Valiladinem
741 2365 893 2399 retardat;
915 2365 992 2394 Iosue

145 2413 264 2442 terti05:
291 2425 305 2438 α
326 2413 459 2450 Ingressis
479 2413 543 2442 filiis
572 2413 655 2442 Israel
677 2413 835 2447 Iordanem,
856 2415 993 2441 steterunt

146 2467 249 2497 aquae,
276 2459 473 2489 descendentes
493 2461 521 2488 in
549 2460 608 2488 loco
629 2468 686 2488 uuo
707 2471 721 2485 »
753 2462 824 2493 etc.;
853 2462 880 2488 et
908 2467 994 2496 supra

146 2506 251 2535 dictum
265 2506 357 2535 suerat
377 2507 467 2536 Iosue:
495 2506 646 2535 «Iordanis
666 2514 754 2543 aquae
777 2506 920 2535 inferiores
947 2506 994 2534 de-

212 2695 219 2707 ¹
237 2695 320 2718 psalm.
340 2695 383 2723 57,
400 2696 422 2717 8.
439 2708 467 2711 —
487 2696 620 2724 Sequuntur
637 2695 707 2724 Apoc.
727 2696 769 2724 42,
788 2696 824 2718 ⁴5.
842 2698 863 2717 et
882 2695 961 2723 Ovid.,
980 2696 994 2718 I.

148 2734 299 2762 llletamorpb.
317 2741 341 2757 v.
357 2734 410 2756 305.
427 2740 477 2763 seq.

212 2772 221 2785 ²
239 2773 305 2796 Vers.
323 2774 360 2796 lo.

211 2811 221 2825 ³
238 2813 304 2835 Vers.
322 2813 360 2835 23.
376 2824 408 2829 —
424 2812 475 2834 Duo
492 2817 557 2841 seqq.
574 2812 616 2834 loci
634 2815 687 2834 sunt
704 2812 738 2834 Ps.
756 2812 798 2841 68,
817 2813 852 2834 ⁴6.
871 2815 893 2834 et
911 2813 932 2834 2.

212 2850 222 2864 ⁴
238 2851 306 2874 Vers.
322 2852 360 2874 25.
377 2863 408 2868 —
426 2851 559 2880 Sequuntur
576 2849 616 2873 Iob
638 2851 680 2878 ⁴2,
699 2851 742 2879 t5;
766 2851 815 2873 lsai.
843 2851 866 2872 ll
879 2869 884 2879 ‚
910 2851 948 2873 45.
973 2853 995 2874 et

149 2891 185 2914 Ps.
204 2891 264 2918 ⁴04,
281 2891 319 2913 41.

212 2928 222 2942 ⁵
239 2930 305 2952 Vers.
325 2929 360 2952 ⁴5.
378 2935 439 2958 seq.;
456 2931 536 2957 postea
553 2929 664 2957 allegatur
675 2935 699 2951 v.
715 2929 747 2951 l3.
760 2931 782 2950 et
794 2929 897 2957 sequitur
909 2928 944 2951 Ps.
957 2928 994 2957 31,

151 2969 172 2991 6.
189 2981 220 2986 -
237 2969 370 2992 Secundum
388 2969 423 2991 Du
440 2968 530 2997 Gange,
547 2968 687 2990 Glossarium
705 2967 796 2990 mediae
812 2971 835 2990 et
851 2968 944 2990 intimae
955 2967 995 2989 La-

1836 186 1890 214 627

1050 264 1165 290 current
1185 264 1268 298 atque
1282 262 1425 296 deficient,
1440 270 1511 300 quae
1532 266 1623 291 autem
1645 262 1764 299 desuper
1779 263 1892 292 veniunt

1049 307 1077 335 in
1092 315 1147 336 una
1161 308 1232 336 mole
1246 309 1395 337 consistent
1409 320 1440 343 »;
1457 309 1593 344 Psalmus;
1621 321 1634 335 «
1647 310 1674 338 ln
1689 310 1793 339 diluvio
1808 318 1892 347 aqua-

1050 362 1114 382 rum
1135 354 1288 383 multarum
1309 355 1343 383 ad
1364 363 1428 384 eum
1451 364 1505 385 non
1526 357 1799 394 approximabunt».

1128 402 1154 429 9.
1176 401 1230 430 Hae
1251 409 1317 439 ergo
1339 406 1404 431 sunt
1421 411 1524 440 aquae,
1547 412 1616 441 quas
1637 404 1805 439 transimus;
1827 407 1892 433 sunt
1908 408 2036 450 {erneiaenffie

1048 448 1117 477 aliae
1147 456 1250 485 aquae,
1282 456 1351 486 quas
1385 450 1566 487 appetimus,
1601 458 1672 487 quae
1706 453 1771 479 sunt
1804 458 1892 488 aquae
1924 437 1948 455 Μ’
2032 445 2036 449 ”

1047 495 1164 532 yratiae
1185 499 1211 524 et
1239 503 1327 533 aquae
1353 496 1473 534 gloriae.
1496 497 1568 526 Inter
1595 505 1665 534 quas
1689 497 1778 534 primo
1799 497 1892 526 viden-

1048 540 1115 569 dum
1130 544 1171 570 est
1185 541 1219 570 de
1233 542 1312 578 aquis
1329 542 1459 579 qratiae,
1478 551 1550 580 quae
1565 543 1729 580 multiplices
1744 546 1821 577 sunt,
1841 543 1892 572 sci·
1906 536 1971 583 Aqffip
1978 535 2036 577 {isne

1049 587 1112 615 licet
1135 595 1223 624 aquae
1244 589 1425 617 remissionis
1446 589 1503 618 sive
1524 589 1740 624 iustificationis;
1766 590 1892 619 Ezechie-
1910 593 1979 612 Prima·

1048 633 1081 662 lis
1102 634 1312 671 quadragesimo
1343 635 1480 672 septimo⁶
1508 636 1609 664 dicitur
1636 636 1670 665 de
1697 637 1792 674 aquis,
1821 644 1892 674 quae

1052 690 1066 704 «
1080 679 1282 709 descendebant
1295 681 1322 709 iu
1338 681 1410 710 latus
1429 682 1521 718 templi
1542 682 1690 711 dexterum
1706 694 1732 710 ».
1749 699 1785 703 —
1800 684 1892 720 Aquae
1909 686 2001 705 Secunda·

1047 726 1267 761 instructionis;
1295 727 1475 756 Ecclesiastici
1503 728 1609 757 decimo
1640 729 1751 766 quinto:
1782 741 1795 754 ει
1817 731 1893 766 Aqua

1048 773 1196 810 sapientiae
1217 774 1346 803 salutaris
1367 775 1471 812 potavit
1490 775 1568 804 illum
1584 788 1610 804 ».
1626 793 1664 797 —
1681 777 1773 814 Aquae
1794 785 1893 805 conso·
1909 780 1979 798 Tertia-

1048 819 1165 848 tationis
1185 821 1369 857 spiritualis,
1397 830 1467 859 quas
1487 822 1648 859 deplorabat
1668 823 1753 852 David
1780 823 1892 852 dleens:

1052 878 1065 891 «
1080 867 1174 895 Anima
1195 875 1256 896 mea
1277 868 1348 897 sicut
1375 872 1451 897 terra
1479 869 1537 897 sine
1557 877 1629 906 aqua
1650 869 1697 898 tibi
1720 881 1753 904 »;
1781 870 1893 898 Prover-

1047 912 1156 942 biorum
1178 914 1309 951 vigesimo
1335 914 1447 951 quinto:
1474 926 1488 939 «
1507 916 1582 952 Aqua
1603 915 1701 953 frigida
1727 916 1833 945 animae
1858 916 1894 945 si-

1048 959 1125 988 tienti
1146 961 1261 989 nuntius
1282 960 1384 995 bonus,
1407 961 1519 990 veniens
1539 961 1572 990 de
1590 965 1665 991 terra
1686 963 1872 1000 longinqua».

1129 1008 1172 1035 10.
1196 1007 1263 1036 Istae
1284 1015 1373 1044 aquae
1394 1009 1577 1046 quaerendae
1598 1012 1678 1044 sunt,
1700 1010 1766 1047 quia
1793 1018 1893 1038 eman—
1916 1013 2039 1040 Quaerendae

1047 1052 1136 1086 dant;
1159 1053 1307 1082 Ezechielis
1323 1054 1463 1091 trigesimo
1484 1058 1564 1084 sexto
1576 1055 1602 1083 ⁷:
1623 1067 1636 1081 «
1652 1056 1795 1085 Effundam
1809 1064 1894 1093 super
1911 1039 2040 1078 ῗτῗιῗτιῶἓῖῗὼ

1048 1107 1096 1128 vos
1117 1108 1217 1137 aquam
1246 1100 1393 1135 mundam,
1421 1104 1448 1129 et
1473 1101 1673 1131 mundabimini
1702 1102 1737 1131 ab
1765 1103 1893 1132 omnibus

1048 1147 1263 1184 inquinamentis
1283 1148 1383 1177 vestris
1398 1160 1424 1176 ».
1441 1165 1477 1169 ——
1492 1149 1562 1185 Quia
1586 1149 1739 1185 reficiunt;
1760 1150 1894 1179 Numero·
1911 1153 2011 1172 llefiehffll·

1048 1202 1112 1223 rum
1134 1194 1281 1232 vigesimo:
1308 1206 1321 1220 «
1340 1195 1436 1232 Aperi,
1462 1195 1592 1230 Domine,
1614 1196 1777 1225 thesaurum
1800 1200 1893 1231 tuum,

1047 1240 1151 1270 fontem
1178 1249 1266 1278 aquae
1288 1242 1381 1276 vivae,
1410 1245 1441 1270 ut
1462 1242 1566 1276 satiati,
1595 1246 1682 1271 cesset
1708 1244 1894 1272 murmurati0

1048 1296 1145 1317 eorum
1162 1300 1188 1316 ».
1204 1305 1242 1310 —
1257 1289 1327 1325 Quia
1347 1289 1498 1318 enutriunt
1519 1293 1546 1318 et
1567 1289 1747 1327 fecandanst
1768 1290 1841 1319 unde
1867 1290 1894 1319 in
1911 1293 2040 1335 Esqffigggft

1048 1336 1155 1364 Psalmo
1166 1335 1193 1364 8:
1213 1347 1227 1361 (ι
1241 1336 1383 1373 Tanquam
1398 1336 1503 1373 lignum
1513 1359 1520 1370 ,
1535 1336 1609 1373 quod
1623 1336 1776 1373 plantatum
1791 1340 1832 1366 est
1853 1345 1895 1366 se·
2024 1330 2029 1334 ⁸

1049 1390 1098 1411 cus
1119 1382 1254 1411 decursus
1274 1390 1425 1420 aquarum,
1440 1383 1515 1420 quod
1529 1383 1651 1411 fructum
1674 1391 1756 1412 snum
1778 1383 1853 1412 dabit
1868 1384 1894 1412 in

1048 1432 1173 1466 tempore
1204 1437 1254 1458 suo
1269 1440 1300 1464 »3
1326 1429 1372 1458 Iob
1403 1429 1509 1458 decimo
1537 1433 1653 1467 quarto:
1679 1441 1693 1455 α
1715 1430 1753 1459 Ad
1783 1430 1895 1459 odorem

1048 1484 1137 1513 aquae
1157 1476 1363 1513 germinabit».

1130 1524 1174 1552 ll.
1197 1524 1287 1560 Aquas
1314 1524 1380 1552 istas
1408 1523 1536 1560 sequitur
1563 1532 1644 1562 aqua
1670 1523 1790 1561 ytoriae.
1820 1525 2041 1567 Aquadssss-ffifflssiiise

1048 1570 1101 1598 ista
1115 1569 1317 1598 desiderabilis
1331 1572 1388 1604 est,
1409 1570 1530 1599 maxime
1551 1574 1665 1607 propter
1688 1570 1748 1599 tria.
1771 1571 1841 1599 Haec
1855 1564 2041 1600 estq⁰i³d0¹²⁰t³22

1049 1616 1121 1645 enim
1142 1624 1215 1654 aqua
1235 1616 1394 1650 delectans,
1421 1616 1537 1645 satians
1565 1620 1592 1645 et
1619 1616 1781 1654 vivificam.
1812 1617 1897 1646 Habet

1049 1671 1115 1701 ergo
1142 1671 1215 1701 aqua
1243 1664 1294 1692 ista
1322 1663 1552 1697 delectatioueoM
1573 1663 1689 1692 delectat
1716 1664 1789 1692 enim
1814 1672 1897 1701 aspe-

1049 1714 1144 1744 ctum;
1175 1710 1349 1747 Apocalypsis
1383 1710 1514 1747 vigesimo
1545 1710 1703 1739 secundo⁹t
1740 1722 1753 1735 «
1772 1710 1897 1739 Ostendit

1047 1757 1115 1786 mihi
1154 1757 1271 1786 fluvium
1305 1765 1393 1794 aquae
1427 1758 1520 1791 vivae,
1556 1757 1729 1794 splendidum
1764 1761 1895 1795 tanquam

1048 1804 1209 1840 crystallum
1223 1815 1250 1831 ».
1271 1803 1394 1832 Delectat
1414 1805 1495 1833 etiam
1518 1808 1657 1841 9ustum;
1677 1808 1728 1833 etc.
1752 1804 1894 1833 Psalmus:

1053 1862 1066 1876 «
1080 1850 1119 1879 De
1140 1853 1264 1879 torrente
1284 1850 1434 1887 voluptatis
1454 1854 1518 1880 tuae
1535 1851 1641 1888 potabis
1655 1859 1702 1880 eos
1716 1864 1742 1880 ι).
1758 1868 1796 1873 —-
1811 1852 1893 1885 Item,

1047 1898 1131 1927 habet
1151 1898 1328 1931 satietatem;
1343 1898 1450 1927 loannis
1464 1901 1564 1935 quarto
1577 1898 1613 1927 ¹⁰:
1640 1910 1653 1924 «
1669 1899 1720 1935 Qui
1742 1898 1843 1928 biberit
1858 1906 1894 1927 ex

1047 1945 1099 1974 hac
1120 1953 1208 1982 aqua,
1229 1953 1313 1982 quam
1334 1953 1384 1982 ego
1411 1945 1482 1974 dabo
1506 1946 1547 1980 ei,
1569 1954 1622 1974 non
1651 1946 1724 1975 sitiet
1751 1946 1779 1974 in
1806 1949 1895 1975 aeter-

1047 2000 1113 2020 num
1130 2003 1156 2026 »3
1178 1995 1206 2020 et
1233 1992 1407 2029 Apocalypsis
1435 1992 1566 2029 septimo:
1592 2004 1606 2018 «
1620 1993 1678 2021 Non
1703 1993 1828 2022 esurient
1848 2000 1896 2022 ne-

1047 2046 1102 2075 que
1123 2038 1216 2067 sitient
1236 2038 1355 2075 amplius
1369 2050 1382 2064 n
1408 2041 1459 2067 etc.
1482 2055 1518 2059 —
1540 2039 1622 2073 Item,
1644 2039 1727 2068 habet
1754 2039 1895 2068 vivacita-

1048 2089 1116 2119 tem,
1138 2087 1170 2114 ut
1190 2093 1333 2122 nunquam
1362 2086 1447 2122 possit
1472 2085 1604 2121 deficere3
1626 2086 1800 2123 Apocalypsis
1821 2086 1895 2123 vige-

1047 2132 1116 2161 simo
1144 2133 1253 2170 primo:
1286 2144 1300 2157 a
1318 2132 1373 2170 Ego
1404 2133 1506 2162 sitienti
1536 2133 1607 2162 dabo
1637 2133 1671 2162 de
1702 2133 1775 2162 fonte
1807 2131 1895 2170 aquae

1047 2179 1119 2208 vitae
1144 2179 1229 2216 gratis
1244 2190 1271 2213 »ς
1293 2182 1320 2208 et
1348 2179 1465 2208 iterum:
1497 2180 1576 2216 «Qui
1605 2180 1717 2214 vicerit,
1745 2180 1896 2216 possidebit

1047 2226 1131 2261 haee,
1153 2229 1180 2255 et
1201 2234 1249 2255 ero
1270 2226 1308 2254 illi
1330 2226 1419 2261 Deus,
1441 2229 1468 2255 et
1489 2226 1547 2263 ipse
1567 2227 1621 2255 erit
1641 2226 1708 2255 mihi
1730 2226 1804 2255 fillus
1817 2239 1844 2255 ».

1911 1852 1976 1872 Satiat-

1913 2041 2005 2060 Vivificat.

1332 2327 1473 2351 COLLATIO
1491 2328 1609 2351 LXXVIII.

1129 2413 1205 2449 (CAP.
1222 2413 1255 2447 3,
1271 2413 1318 2450 5.).
1340 2413 1407 2442 Nisi
1426 2414 1492 2451 qais
1512 2417 1634 2442 renatus
1655 2413 1747 2451 fuerit
1760 2422 1795 2442 ex
1814 2422 1895 2452 aqua

1049 2463 1073 2488 et
1096 2460 1210 2497 Spiritu
1230 2464 1348 2494 saneto,
1373 2469 1432 2489 ηοη
1458 2461 1564 2498 poterit
1584 2461 1698 2489 intrare
1719 2460 1751 2489 in
1771 2469 1893 2498 reyuum

1050 2506 1216 2541 caelorum,
1239 2507 1345 2536 Ioannis
1366 2508 1455 2536 tertio.

1052 2696 1158 2724 unitatis,
1179 2696 1299 2725 Valitudo,
1319 2697 1431 2725 accipitur
1447 2698 1483 2720 vel
1501 2703 1544 2725 pro
1561 2698 1668 2720 violentia
1684 2697 1720 2720 vel
1738 2703 1780 2725 pro
1797 2697 1894 2725 robore,

1052 2738 1136 2760 virtute
1152 2739 1195 2759 etc.
1213 2735 1343 2759 Retardare
1359 2737 1458 2759 sumitur
1474 2743 1517 2765 pro
1533 2736 1647 2765 impedire
1664 2739 1707 2759 ete.

1114 2775 1124 2789 ⁵
1143 2777 1206 2799 Vers.
1225 2777 1246 2798 l.
1265 2788 1296 2793 —
1312 2776 1369 2798 Tres
1386 2782 1451 2805 seqq.
1468 2776 1511 2799 loci
1528 2778 1581 2799 sunt
1596 2776 1663 2799 Eccli.
1682 2776 1723 2803 ⁴5,
1741 2776 1767 2804 3;
1784 2775 1819 2798 Ps.
1839 2775 1894 2804 142,

1052 2816 1074 2838 6.
1091 2818 1114 2839 et
1130 2816 1196 2838 Prov.
1215 2815 1258 2843 25,
1275 2816 1312 2838 25.

1114 2854 1122 2867 ⁷
1142 2855 1207 2877 Vers.
1227 2855 1264 2878 25.
1283 2868 1312 2871 —
1329 2855 1438 2884 Sequitur
1455 2855 1522 2878 Num.
1539 2855 1581 2882 20,
1599 2855 1621 2877 6.

1115 2893 1124 2906 ⁸
1141 2895 1222 2917 Psalm.
1242 2895 1265 2922 I,
1284 2895 1311 2922 3,
1328 2898 1380 2922 post
1396 2901 1466 2924 quern
1483 2895 1595 2922 allegatur
1612 2893 1651 2916 lob
1671 2893 1712 2921 ⁴4,
1729 2893 1751 2914 9.

1114 2933 1124 2946 ⁹
1141 2934 1206 2956 Vers.
1225 2934 1244 2956 l.
1262 2946 1293 2950 —
1310 2934 1418 2962 Sequitur
1435 2934 1470 2956 Ps.
1488 2933 1529 2961 35,
1546 2933 1569 2954 9.

1115 2972 1135 2985 ¹⁰
1152 2973 1216 2996 Vers.
1231 2974 1266 2995 l3.
1279 2985 1309 2989 —
1322 2972 1424 2995 Subinde
1436 2973 1562 3000 allegantur
1574 2973 1646 3000 Apoc.
1658 2972 1685 3000 7,
1699 2971 1774 3000 l632l
1787 2989 1792 2999 ‚
1803 2971 1825 2993 6,
1838 2973 1860 2993 et
1871 2971 1893 2993 7.
