2296 3316
252 275 320 295 Primo,
338 278 365 292 re-

264 300 303 316 nuit
323 297 368 315 dare

263 320 372 339 sumntesu-

263 344 350 362 monium.

238 1253 330 1274 Secundo,
338 1252 369 1271 ad·

250 1277 302 1296 ducit
320 1277 331 1294 b
351 1281 370 1302 a·

250 1302 300 1319 liena
319 1301 370 1319 testi-

250 1324 319 1343 monia.

259 1720 286 1738 De
292 1743 295 1746 y
300 1719 359 1745 primo

254 1745 366 1762 testimomo.

387 143 443 172 314

1016 142 1185 171 COMMENT.
1209 143 1239 172 [N
1263 143 1407 172 lOANNEM
1429 144 1456 172 C.
1480 145 1509 172 V.

463 220 551 256 (Vers.
564 219 631 255 31.).
647 219 746 248 Renuit
760 227 826 256 ergo
841 219 1035 248 testimonium
1049 228 1148 254 suum,
1164 220 1230 257 quia
1269 203 1346 261 'teins
1367 221 1504 250 credendo
1524 221 1551 250 in
1573 229 1632 256 me,
1654 222 1734 258 quia,
1757 221 1828 250 sicut
1849 221 1951 250 dicitur
1979 222 2061 251 Marci
2088 222 2131 251 ul-

385 267 435 303 ipsi
457 275 510 295 non
532 266 676 295 crederent
702 268 835 303 tanquam
862 266 1015 300 incertum;
1044 266 1117 295 unde
1143 266 1227 295 dicit:

385 313 418 342 Si
437 322 486 350 eyo
514 312 707 341 testimonium
725 311 860 350 perhibeo
887 312 920 341 de
940 321 984 341 me
1005 312 1082 350 ipso,
1104 313 1228 342 testimo-

383 361 466 388 nium
486 368 582 388 meum
603 368 662 388 non
675 363 716 388 est
736 368 851 394 verum,
873 359 901 388 id
921 362 975 394 est,
990 368 1044 388 non
1066 362 1107 389 est
1128 360 1227 389 efficax

383 407 416 436 ad
448 406 631 440 credendum,
662 406 784 435 maxime
815 406 837 435 si
868 414 918 443 ego
949 406 1039 441 solus;
1062 407 1135 435 unde
1156 407 1228 435 infra

382 457 477 483 octavo
490 454 512 481 ¹:
533 465 545 478 a
556 452 696 481 Dixerunt
716 453 740 482 ei
756 453 907 482 Pharisaei:
922 454 963 482 Tu
985 453 1019 482 de
1034 456 1060 482 te
1078 453 1136 490 ipso
1152 453 1227 482 testi-

381 500 505 529 monium
527 499 671 536 perhibes;
704 499 891 528 testimonium
913 502 994 528 tuum
1024 508 1078 528 non
1109 502 1151 528 est
1181 508 1227 529 ve-

382 554 445 575 rum
457 558 482 574 n.
505 546 558 575 Nec
573 549 664 575 tamen
684 546 785 575 desunt
799 546 866 575 mihi
881 547 1037 576 testimonia
1057 555 1138 581 vera;
1154 547 1227 576 unde

382 593 474 623 subdit
487 605 492 621 :

461 640 505 668 60.
528 640 616 676 (Vers.
643 640 710 675 32).
743 640 829 668 Alius
860 643 916 674 est,
949 640 1002 678 qui
1031 640 1226 669 testimonium

380 685 507 725 perhibet
527 687 561 715 (le
581 695 641 721 me,
664 686 767 715 scilicet
782 686 873 720 Pater,
896 686 938 715 vel
953 686 1035 715 etiam
1056 687 1184 720 Ioannes,
1200 690 1227 715 et

382 733 415 762 de
437 736 556 771 utroque
578 737 652 763 recte
670 734 834 771 intelligitur
855 733 928 770 quod
950 734 1091 770 sequitur:
1110 734 1142 762 Et
1155 733 1225 767 seio,

381 780 453 819 quia
467 789 569 809 verum
590 784 631 809 est
645 780 857 814 testimonium,
879 779 956 817 quod
974 778 1150 816 perhibente
1166 788 1226 813 me,-

382 826 447 863 quia
469 829 599 864 tanquam
622 829 715 855 certus
737 826 907 854 testificatur.
930 826 1009 854 Pater
1033 826 1105 854 enim
1128 834 1225 854 verum

382 873 427 901 dat
449 873 651 907 testimonium,
680 873 761 910 quia,
783 872 855 901 sicut
875 872 976 901 dicitur
1004 872 1075 900 infra
1096 875 1192 901 octavo
1204 873 1225 906 ²,

387 931 400 944 «t
415 920 462 956 qui
482 920 555 948 misit
569 927 612 948 me
634 927 720 948 verax
735 922 777 948 est
792 930 818 946 ».
841 919 954 948 loannes
968 919 1094 948 similiter
1116 923 1224 954 ce1·tus;

382 965 454 994 unde
475 973 561 1002 supra
582 966 672 1002 primo
693 965 764 994 dixit
779 965 906 993 loannes:
932 977 945 990 «
958 965 1011 1002 Ego
1033 965 1087 993 vidi
1109 968 1135 994 et
1151 965 1225 994 testi-

381 1013 504 1041 monium
526 1012 667 1049 perhibui,
689 1012 754 1049 quia
769 1012 813 1040 hic
835 1015 876 1040 est
897 1012 980 1041 Filius
994 1012 1043 1041 Dei
1058 1023 1088 1047 »;
1111 1012 1225 1041 Prover-

381 1058 492 1087 biorum
512 1058 685 1087 duodecimo:
713 1070 726 1083 «
741 1058 792 1095 Qui
808 1058 882 1095 quod
903 1058 979 1086 novit
1001 1059 1124 1096 loquitur
1140 1058 1225 1087 iudex

381 1105 501 1133 iustitiae
522 1108 578 1138 est,
600 1105 646 1142 qui
676 1108 768 1133 autem
790 1105 923 1133 mentitur
945 1105 1021 1134 testis
1049 1108 1090 1134 est
1112 1105 1226 1134 fraudu-

382 1152 472 1181 lentus
487 1164 512 1180 ι).

460 1199 505 1227 61.
534 1199 586 1227 Vos
607 1198 728 1227 misistis
749 1201 800 1227 etc.
823 1199 922 1227 Renuit
943 1199 1077 1228 Dominus
1105 1200 1227 1228 testimo-

382 1246 459 1275 nium
480 1254 578 1279 suum,
600 1246 645 1274 hic
667 1246 787 1274 secundo
809 1246 920 1275 adducit
941 1246 1136 1275 testimonium
1159 1247 1226 1275 atie-

384 1302 462 1322 num.
485 1293 516 1321 Et
543 1293 608 1330 quia
630 1293 657 1321 in
678 1300 726 1321 ore
754 1293 879 1329 plurium
901 1293 1013 1322 testium
1042 1296 1083 1322 est
1105 1294 1227 1322 testimo*

383 1340 461 1369 nium
482 1339 633 1374 firmum⁸‚
649 1339 709 1368 ideo
730 1347 795 1376 pars
816 1339 867 1368 ista
888 1340 971 1368 habet
993 1343 1113 1377 quatuor
1135 1343 1227 1377 partes

383 1386 535 1416 secundum
551 1389 671 1423 quatuor
686 1386 855 1420 testimonia,
877 1394 947 1423 quae
962 1386 1081 1415 adducit.
1104 1387 1226 1415 Primum

384 1436 425 1462 est
447 1433 583 1466 Ioanm's;
614 1433 766 1462 secundum
796 1436 837 1461 est
864 1433 977 1470 operis,·
1006 1433 1132 1467 tertium,
1154 1433 1227 1461 ctz'm'-

383 1488 470 1513 mrim
490 1482 518 1508 et
538 1481 685 1516 quartum,
709 1479 943 1516 Seriptururum.
967 1479 998 1507 Et
1018 1479 1227 1516 distinguuntur

384 1526 451 1555 haec
467 1526 633 1554 testimonia:
655 1525 720 1562 quia
735 1526 856 1562 primum
877 1528 918 1554 est
928 1526 1170 1562 pronuntiatum,
1186 1533 1227 1554 se-

385 1572 507 1601 cundum
528 1571 702 1606 eaeltibitum,
724 1572 836 1600 tertium
853 1572 1033 1609 inspiratum
1048 1575 1075 1600 et
1096 1574 1228 1608 quartum

384 1620 535 1656 seriptum.

463 1665 550 1700 (Vers.
574 1665 641 1700 33.).
668 1665 759 1693 Primo
787 1665 871 1701 igitur
898 1665 1009 1694 adducit
1034 1665 1228 1693 testimonium

384 1712 517 1746 Ιοαηηὶε,
540 1712 613 1749 quod
633 1712 672 1740 eis
694 1712 783 1740 fuerat
815 1712 984 1748 perhibitum
1005 1712 1038 1740 ad
1060 1720 1137 1740 suam
1160 1712 1227 1748 peti-

383 1759 500 1792 tionem;
522 1758 583 1787 ideo
603 1758 683 1787 dicit:
712 1759 765 1786 Vos
786 1758 907 1786 misistis
934 1759 974 1786 ad
995 1759 1152 1791 Ioa'nnenw
1173 1767 1227 1787 non

382 1805 428 1834 ille
451 1813 480 1833 se
501 1805 627 1841 ingessit,
649 1805 697 1833 sed
711 1805 744 1833 ad
760 1808 879 1833 vestram
894 1805 1052 1841 petitionem
1074 1805 1227 1841 respondit,

383 1860 468 1889 supra
498 1851 627 1888 primo4:
655 1863 668 1876 α
685 1851 714 1880 Et
746 1851 797 1879 hoc
829 1854 870 1879 est
892 1851 1080 1880 testimonium
1105 1851 1226 1885 Ioannis,

383 1898 493 1936 quando
513 1898 649 1926 miserunt
670 1898 760 1926 Iudaei
782 1898 816 1926 ad
841 1906 905 1926 eum
921 1909 934 1923 »
957 1900 1007 1926 etc.
1033 1898 1065 1926 Et
1087 1898 1132 1926 ille
1153 1898 1227 1926 testi-

383 1945 513 1973 monium
531 1943 679 1981 perhibuit
707 1944 840 1978 veritati,
870 1947 1000 1981 tanquam
1022 1944 1098 1972 testis
1123 1944 1225 1978 fidelis;

383 1991 596 2020 Proverbiorum
623 1991 729 2019 decimo
757 1993 876 2028 quarto:
910 2003 923 2016 «
942 1991 1029 2020 Testis
1057 1991 1145 2020 fidelis
1172 2000 1227 2020 non

383 2038 531 2066 mentietur
546 2050 572 2065 ».
597 2038 626 2066 Et
647 2045 681 2066 ne
702 2037 844 2066 videretur
858 2037 991 2066 Dominus
1012 2037 1166 2066 humanum
1187 2040 1227 2066 te-

384 2084 542 2113 stimonium
564 2085 735 2118 mendicare,
757 2084 865 2113 subdit:

463 2132 507 2159 62.
531 2131 618 2167 (Vers.
635 2131 701 2166 34).
726 2132 784 2168 Egyo
799 2134 897 2159 autem
918 2131 954 2159 ab
970 2130 1083 2160 homine
1104 2132 1226 2160 testimo-

384 2178 468 2206 m'ztm
489 2186 547 2206 ηοη
567 2178 691 2215 accipio,
713 2178 826 2215 supple:
854 2182 968 2216 propter
989 2186 1078 2207 meam
1103 2178 1226 2215 indigen-

385 2224 466 2258 tiam;
488 2224 645 2253 Psalmus⁵:
666 2237 679 2250 «
694 2225 757 2253 Dixi
778 2225 908 2253 Domino:
933 2225 1007 2254 Deus
1030 2233 1108 2254 meus
1129 2233 1158 2254 es
1179 2228 1225 2260 tu,

386 2270 515 2307 quoniam
546 2270 682 2299 honorum
703 2279 829 2299 meorum
856 2280 910 2300 non
933 2279 995 2309 eges
1013 2283 1044 2306 »3
1067 2271 1113 2300 sed
1135 2272 1226 2300 recolo

386 2320 498 2353 propter
526 2317 642 2346 salutem
663 2321 790 2346 vestram.
818 2318 893 2347 Unde
919 2321 945 2347 et
966 2318 1045 2347 dicit:
1076 2318 1130 2347 Sed
1157 2317 1227 2347 liaeo

385 2363 465 2397 (lico,
486 2367 518 2391 ut
538 2372 588 2392 vos
618 2364 694 2392 salui
712 2365 794 2398 sitis,
826 2365 928 2393 scilicet
959 2373 1008 2402 per
1039 2365 1226 2394 testimonium

1286 267 1364 301 timo,
1392 268 1467 305 «qui
1499 268 1647 297 crediderit
1668 271 1695 296 et
1725 268 1880 304 baptizatus
1907 268 2006 302 fuerit,
2038 269 2131 297 salvus

1285 313 1378 342 erit».
1401 314 1433 343 Et
1460 322 1524 343 vere
1544 314 1578 343 ad
1606 314 1713 343 Ioannis
1735 314 1922 343 testimonium
1944 315 2057 344 credere
2083 314 2131 344 de-

1284 359 1424 395 huissent;
1446 360 1520 389 unde
1541 363 1568 389 et
1589 360 1694 389 subdit:

1363 406 1408 435 63.
1431 407 1520 443 (Vers.
1543 407 1610 443 3:⁸22).
1633 407 1682 435 Ille
1703 410 1766 435 erat
1794 406 1915 435 lucerna
1936 407 2058 441 ardens,
2079 415 2129 444 per

1283 452 1414 489 gratiam,
1436 457 1461 481 et
1482 453 1594 487 lucens,
1617 462 1666 490 per
1680 454 1846 488 doctrinam;
1862 454 1918 482 vel:
1934 454 2058 488 ardens,
2080 461 2130 490 per

1284 499 1421 528 internam
1435 500 1591 534 caritatem,
1613 500 1725 534 lucem,
1741 508 1790 537 per
1805 500 1973 529 exteriorem
1988 500 2060 529 vitae
2080 500 2130 529 ho-

1284 548 1425 574 nestatem.
1448 546 1644 575 Bernardusss:
1671 558 1684 572 <t
1700 547 1801 576 Ardere
1823 549 1929 575 tantum
1951 554 2051 583 parum
2072 549 2129 581 est,

1284 592 1377 621 lucere
1408 600 1526 626 vanum,
1548 593 1595 621 sed
1628 593 1720 622 lucere
1746 596 1773 622 et
1803 593 1902 622 ardere
1934 593 2086 630 perfectum
2101 605 2128 622 ν.

1284 639 1344 668 Ideo
1365 639 1467 675 optime
1495 639 1608 668 Ioannes
1629 640 1752 677 signatus
1779 643 1821 669 est
1842 648 1891 677 per
1917 640 2016 674 Eliam;
2040 640 2129 669 Eccle-

1283 685 1383 714 siastici
1404 685 1615 722 quadragesimo
1636 689 1747 715 octavo:
1774 698 1787 711 «
1802 686 1932 715 Surrexit
1955 686 2026 715 Elias
2050 686 2129 723 quasi

1282 731 1368 768 ignis,
1390 734 1418 760 et
1445 731 1563 760 verbum
1584 732 1644 760 eius
1666 733 1744 769 quasi
1772 733 1862 761 facula
1882 733 1996 762 ardebat
2017 744 2043 761 ι».
2072 732 2130 761 Tali

1283 778 1367 815 igitur
1388 778 1426 806 sic
1448 778 1568 814 perfecte
1583 779 1684 807 lucenti
1707 779 1775 808 fides
1789 779 1944 809 adhihenda
1964 782 2037 814 erat,
2055 779 2129 816 quod

1282 824 1372 853 Iudaei
1389 833 1442 853 non
1457 824 1597 859 secerunt;
1619 825 1692 854 unde
1706 826 1787 854 dicit:
1808 826 1862 854 Vos
1879 829 1976 855 autem
1997 825 2130 854 voluistis

1282 870 1429 900 exsultare
1450 871 1490 899 ad
1510 870 1617 900 lteram
1644 871 1674 900 in
1696 871 1758 900 tuce
1779 872 1858 906 eius,
1880 876 1912 901 ut
1940 873 2043 902 scilicet
2069 872 2129 902 eius

1282 916 1423 946 doctrinae
1437 920 1464 946 et
1480 918 1634 946 testimonio
1645 918 1795 947 crederetis
1806 921 1833 947 et
1845 919 1929 947 vitam
1942 919 2128 954 imitaremini,

1282 972 1365 1001 quam
1381 964 1414 993 ad
1431 964 1568 993 modicum
1580 965 1701 999 vidistis;
1716 965 1844 994 Matthaei
1857 965 2002 995 undecimo
2013 967 2040 994 ⁷:
2056 967 2128 996 «Ve-

1282 1011 1322 1039 nit
1337 1011 1449 1040 loannes
1471 1019 1524 1039 non
1546 1011 1715 1040 manducans
1730 1020 1820 1048 neque
1834 1012 1946 1047 bibens,
1963 1015 1994 1041 ‘et
2014 1012 2128 1042 dicunt:

1282 1057 1461 1086 Daemonium
1486 1058 1568 1086 habet
1583 1069 1613 1092 »ς
1629 1058 1756 1086 Matthaei
1778 1058 1910 1095 vigesimo
1924 1058 2029 1095 primo:
2049 1071 2063 1084 α
2077 1059 2128 1088 Ve-

1282 1104 1322 1132 nit
1354 1104 1387 1132 ad
1419 1112 1467 1132 vos
1495 1104 1607 1133 loannes
1635 1104 1661 1132 in
1694 1104 1738 1133 via
1766 1104 1904 1139 iustitiae,
1933 1108 1961 1134 et
1987 1113 2042 1134 non
2069 1113 2130 1135 cre-

1282 1151 1388 1180 didistis
1415 1151 1448 1179 ei.
1478 1151 1616 1179 Publicani
1649 1154 1740 1180 autem
1768 1154 1795 1180 et
1816 1152 1976 1181 meretrices
2007 1152 2129 1182 credide-

1283 1201 1350 1226 runt
1371 1198 1395 1226 ei
1412 1210 1437 1226 ».

1363 1245 1407 1273 64.
1431 1245 1519 1281 (Vers.
1542 1244 1609 1276 36).
1629 1246 1687 1282 Eglo
1705 1248 1803 1273 autem
1823 1244 1911 1274 tabeo
1926 1245 2128 1275 testimonium.

1283 1292 1416 1328 Tangitur
1438 1291 1481 1320 hio
1513 1292 1667 1320 secundum
1699 1292 1911 1326 testimonium,
1943 1292 2047 1322 scilicet
2066 1302 2129 1330 ope-

1284 1346 1366 1372 rum,
1388 1338 1462 1375 quod
1477 1338 1617 1375 praedicto
1638 1338 1727 1367 maius
1748 1342 1797 1367 est.
1814 1339 1961 1376 Propterea
1975 1339 2053 1368 dicit:
2069 1340 2129 1377 Eyo

1284 1388 1381 1413 autem
1402 1384 1490 1413 habeo
1511 1385 1706 1414 testimoniavit
1727 1386 1827 1414 matus
1848 1386 1970 1420 Ioanne,
1992 1386 2058 1423 quia
2071 1394 2130 1415 ma-

1284 1432 1325 1468 gis
1346 1435 1387 1460 est
1408 1432 1542 1460 motivum
1569 1432 1603 1460 ad
1624 1432 1792 1461 credendum
1820 1432 1847 1460 in
1876 1440 1927 1461 me.
1950 1433 2021 1470 Ipsa
2052 1433 2129 1461 enim

1284 1486 1374 1515 opera
1385 1478 1406 1511 ⁸,
1428 1487 1502 1516 quae
1516 1479 1593 1507 dedit
1613 1478 1687 1507 milti
1701 1479 1802 1513 Pater,
1824 1479 1890 1516 quia
1907 1479 1942 1508 ab
1956 1479 2015 1516 ipso
2037 1480 2129 1517 accepi

1283 1533 1342 1552 esse
1363 1527 1390 1553 et
1410 1525 1530 1561 operari
1537 1535 1546 1558 ‚·
1572 1528 1605 1552 itt
1628 1524 1783 1561 perficiam
1809 1533 1857 1559 ea,
1879 1525 1906 1553 id
1927 1528 1981 1560 est,
2009 1526 2130 1563 perfecte

1284 1572 1400 1605 faciam;
1422 1572 1488 1608 quia
1513 1583 1526 1597 «
1541 1572 1589 1600 Dei
1611 1572 1732 1608 perfecta
1759 1575 1824 1601 sunt
1845 1580 1930 1609 opera
1943 1584 1970 1607 »,
1996 1573 2130 1602 Deutero-

1284 1618 1366 1646 nomii
1390 1618 1530 1655 trigesimo
1551 1619 1679 1647 secundo.
1704 1619 1773 1656 Ipsa
1794 1628 1900 1656 opera,
1922 1628 1997 1657 quae
2011 1628 2060 1657 eye
2082 1619 2130 1657 fa-

1284 1666 1345 1699 cio,
1367 1674 1416 1703 per
1438 1665 1569 1694 virtutem
1589 1666 1745 1702 propriam,
1768 1667 1963 1695 testimonium
1980 1665 2132 1704 perhibent

1284 1712 1317 1741 de
1338 1721 1398 1746 me,
1430 1712 1502 1750 quia
1524 1713 1613 1741 Pater
1640 1713 1720 1741 misit
1740 1722 1801 1747 me,
1830 1713 1901 1742 sicut
1931 1713 2006 1742 Deus
2031 1713 2130 1742 Filium

1284 1767 1382 1792 suum,
1404 1759 1470 1796 quia
1491 1758 1515 1787 ei
1536 1762 1611 1787 tanta
1631 1767 1716 1796 opera
1737 1759 1964 1794 communicavit;
1992 1760 2064 1788 infra
2083 1760 2130 1789 de-

1284 1805 1355 1833 cimo
1370 1805 1468 1842 quinto
1479 1805 1503 1833 ⁹:
1530 1816 1543 1830 (τ
1558 1805 1583 1833 Si
1606 1814 1662 1834 non
1676 1806 1811 1835 venissem
1833 1809 1860 1835 et
1874 1814 1958 1843 opera
1979 1806 2007 1835 in
2021 1806 2061 1835 eis
2075 1814 2131 1835 non

1284 1851 1424 1885 fecissem,
1446 1859 1517 1888 quae
1540 1860 1621 1880 nemo
1642 1852 1713 1881 alius
1733 1852 1811 1887 secit;
1833 1856 1977 1890 peceatum
1998 1861 2053 1881 non
2081 1853 2130 1881 ha-

1284 1898 1381 1926 berent
1396 1910 1422 1926 ».
1446 1898 1505 1926 Istis
1526 1898 1657 1935 operibus
1679 1899 1864 1934 credendum,
1885 1899 1959 1937 quod
1980 1900 2060 1928 Pater
2078 1899 2129 1928 mi-

1284 1945 1319 1973 sit
1333 1952 1412 1979 eum:
1428 1944 1499 1973 infra
1519 1945 1625 1973 decimo
1640 1948 1755 1982 quarto:
1780 1957 1794 1970 «
1806 1946 1884 1975 Pater
1906 1946 1934 1974 in
1952 1954 1995 1975 me
2016 1954 2130 1976 manens

1284 1991 1341 2027 ipse
1362 1991 1426 2019 facit
1446 1999 1531 2027 opera
1545 2002 1576 2025 »;
1598 1994 1625 2020 et
1645 1991 1767 2020 iterum:
1793 2003 1806 2017 «
1822 1992 1848 2020 Si
1869 1992 1938 2021 mihi
1965 2001 2021 2021 non
2042 1993 2130 2022 credi-

1285 2038 1334 2072 tis,
1355 2038 1486 2074 operibus
1507 2038 1610 2067 credite
1624 2050 1650 2067 ».

1363 2085 1407 2112 65.
1430 2084 1518 2120 (Vers.
1549 2084 1616 2120 37.).
1647 2086 1682 2113 Et
1705 2085 1758 2123 qui
1783 2085 1864 2114 'misit
1887 2094 1932 2114 me
1959 2087 2050 2115 Pater
2077 2089 2128 2116 etc.

1283 2131 1417 2168 Tangitur
1438 2131 1483 2160 hic
1505 2131 1618 2160 tertium
1634 2132 1844 2167 testimonium,
1859 2133 1962 2162 scilicet
1982 2133 2129 2168 divinum,

1283 2178 1356 2215 quod
1378 2180 1405 2206 et
1423 2181 1581 2215 paternum
1603 2178 1683 2212 dicit;
1706 2182 1820 2215 propter
1848 2179 1922 2216 quod
1943 2179 1995 2208 ait:
2024 2180 2060 2208 Et
2079 2180 2131 2218 qui

1282 2224 1362 2252 misit
1390 2233 1433 2253 me
1464 2224 1564 2258 Pater,
1590 2232 1640 2261 per
1671 2224 1903 2260 incarnationem,
1935 2226 2130 2255 testimonium

1280 2270 1427 2308 perhibuit
1448 2271 1482 2299 cle
1498 2280 1555 2305 me,
1577 2279 1626 2308 per
1647 2271 1784 2300 internam
1806 2272 2014 2309 inspirationem
2022 2284 2029 2308 ;
2051 2273 2129 2310 quia,

1283 2318 1354 2346 sicut
1375 2318 1476 2346 dicitur
1498 2318 1568 2346 infra
1589 2321 1669 2347 sexto
1681 2317 1712 2353 ¹⁰,
1733 2327 1839 2347 «nemo
1856 2319 1931 2348 venit
1951 2319 1984 2348 ad
2005 2327 2062 2354 me,
2077 2320 2130 2349 nisi

1283 2365 1362 2393 Pater
1383 2365 1502 2394 traxerit
1523 2373 1587 2394 eum
1602 2377 1628 2393 ».
1651 2366 1726 2394 Unde
1748 2374 1814 2395 voce
1835 2366 1998 2404 intelligibili
2026 2367 2131 2396 revelat

450 2565 456 2578 ¹
476 2567 539 2589 Vers.
555 2567 588 2589 18.
598 2580 629 2584 -
641 2568 751 2596 Superius
763 2574 805 2596 pro
818 2568 934 2592 incertum
944 2570 1021 2597 plures
1030 2570 1098 2592 codd.
1111 2570 1135 2593 in
1146 2571 1227 2593 Deum.

448 2603 457 2616 ²
475 2605 538 2627 Vers.
557 2606 593 2628 26.
611 2619 640 2622 —
658 2607 707 2629 Duo
724 2613 790 2636 seqq.
809 2608 851 2629 loci
874 2610 927 2630 sunt
948 2609 1009 2631 ioan.
1027 2609 1048 2636 rl,
1066 2609 1103 2631 34.
1120 2612 1142 2631 et
1160 2610 1226 2631 Prov.

448 2643 484 2665 17.

449 2680 458 2694 ³
475 2682 519 2705 Csr.
537 2683 602 2706 Deut.
620 2685 656 2711 17,
674 2685 700 2712 6,
719 2685 759 2713 te,
780 2685 815 2708 15.
832 2688 853 2708 et
870 2687 945 2709 Matth.
966 2688 1006 2716 18,
1025 2688 1061 2710 16.

449 2720 459 2733 ⁴²
476 2722 541 2744 Vers.
559 2723 595 2744 19.
612 2735 642 2738 -
659 2724 766 2752 Sequitur
783 2726 848 2747 Prov.
866 2725 907 2753 14,
925 2726 946 2749 5.

449 2758 458 2771 ⁶
476 2760 558 2782 Psalm.
577 2761 616 2789 15,
634 2763 656 2783 2.
674 2775 702 2778 —
720 2764 772 2791 Seq.
790 2764 853 2786 locus
869 2767 903 2786 est
920 2765 987 2787 Marc.
1009 2765 1046 2792 16,
1065 2766 1103 2787 le.

449 2797 459 2810 ⁶
476 2799 498 2821 ln
517 2799 590 2821 Serm.
606 2800 629 2821 in
646 2801 714 2822 nativ.
734 2802 755 2823 S.
773 2803 832 2824 loan.
851 2803 914 2830 Bapt.
927 2810 948 2825 n.
962 2804 988 2826 3:
1006 2804 1043 2826 Est
1059 2804 1121 2826 enim
1138 2806 1227 2826 tantum

388 2838 463 2859 lucere
487 2843 586 2864 vanum,
609 2840 696 2860 tantum
721 2840 802 2862 ardere
828 2847 909 2868 parum
933 2841 1037 2871 [plurimi
1063 2843 1132 2865 codd.
1156 2843 1227 2865 nostri

387 2877 509 2904 sunctum,
527 2876 549 2898 in
566 2876 582 2899 C
605 2883 618 2898 a
640 2878 740 2900 secunda
763 2885 833 2901 manu
856 2883 1000 2903 correctum:
1015 2881 1128 2910 parum],
1146 2881 1228 2904 ardere

388 2917 411 2937 et
427 2915 502 2937 lucere
519 2916 654 2942 perfectum.
671 2928 701 2933 —
719 2916 821 2940 Subinde
838 2919 947 2947 allegatur
964 2920 1031 2942 Eccli.
1048 2920 1089 2947 48,
1108 2921 1128 2942 1.

388 2643 430 2670 12,

1347 2569 1356 2582 ⁷
1374 2571 1439 2593 Vers.
1458 2571 1499 2598 18,
1518 2570 1572 2593 ibid.
1590 2571 1627 2598 21,
1645 2571 1683 2593 32.
1700 2573 1733 2593 est
1750 2576 1798 2599 seq.
1815 2571 1887 2593 locus.
1901 2583 1932 2587 —
1949 2570 2060 2598 Superius
2077 2572 2129 2599 post

1285 2609 1415 2632 testimonio
1433 2610 1469 2632 ed.
1482 2609 1546 2632 addit
1563 2610 1656 2632 tautum
1668 2608 1699 2631 ad
1711 2608 1808 2637 horam,
1820 2612 1842 2632 et
1854 2608 1953 2632 subinde
1970 2608 2039 2631 habet
2053 2615 2130 2639 quem-

1284 2646 1414 2669 admodum
1436 2647 1486 2669 loeo
1508 2647 1610 2670 lectionis
1627 2648 1673 2669 sere
1690 2647 1793 2670 omnium
1811 2647 1879 2670 codd.
1897 2653 1969 2677 quam
1992 2647 2026 2677 [D
2043 2646 2095 2677 qui,
2113 2648 2129 2669 L

1284 2686 1362 2716 quem]
1381 2687 1413 2709 ud
1429 2686 1559 2714 modicum,
1579 2693 1638 2715 quos
1655 2687 1759 2715 sequitur
1776 2687 1843 2709 etiam
1861 2687 1985 2709 Gorranus.

1347 2723 1356 2737 ⁸
1375 2726 1472 2753 Vulgata
1492 2725 1570 2755 Opera
1587 2725 1656 2748 enim.
1673 2737 1705 2742 —
1722 2726 1830 2754 Sequitur
1847 2726 1913 2748 Deut.
1930 2726 1972 2753 32,
1991 2725 2011 2747 4.

1346 2762 1356 2775 ⁹
1374 2764 1438 2786 Vers.
1458 2765 1495 2786 22.
1513 2768 1535 2786 et
1552 2764 1592 2792 243
1610 2764 1657 2787 duo
1674 2764 1730 2791 loci,
1747 2764 1786 2793 qui
1809 2764 1903 2786 inferius
1928 2764 2056 2793 alligantur,
2073 2766 2129 2786 sunt

1284 2802 1340 2825 ibid.
1360 2802 1612 2829 lt,40.et=10,38.

1348 2840 1366 2854 ¹⁰
1385 2842 1451 2864 Vers.
1467 2841 1504 2864 44.
1521 2842 1566 2865 Csr.
1584 2842 1640 2865 infra
1658 2843 1720 2864 hunc
1736 2842 1778 2864 loc.
1795 2842 1833 2864 cit.
1844 2854 1875 2858 —
1887 2841 1990 2864 Subinde
2006 2847 2048 2870 pro
2065 2840 2129 2865 intel-

1285 2881 1369 2911 liqibz'tz'
1385 2882 1422 2904 ed.
1439 2880 1602 2905 intellectuali.

2280 976 2296 1222 l

2146 1252 2174 1272 De
2185 1253 2265 1272 secundo.

2146 2093 2175 2112 De
2188 2092 2247 2112 tertio.
2280 2109 2281 2113 ,
