<?xml version="1.0" encoding="UTF-8"?>
<!DOCTYPE html PUBLIC "-//W3C//DTD XHTML 1.0 Transitional//EN"
    "http://www.w3.org/TR/xhtml1/DTD/xhtml1-transitional.dtd">
<html xmlns="http://www.w3.org/1999/xhtml" xml:lang="en" lang="en">
 <head>
  <title>
</title>
<meta http-equiv="Content-Type" content="text/html;charset=utf-8" />
  <meta name='ocr-system' content='tesseract 3.04.00' />
  <meta name='ocr-capabilities' content='ocr_page ocr_carea ocr_par ocr_line ocrx_word'/>
</head>
<body>
  <div class='ocr_page' id='page_1' title='image "./doctorisseraphic06bona_0215.png"; bbox 0 0 2296 3316; ppageno 0'>
   <div class='ocr_carea' id='block_1_1' title="bbox 7 2747 9 3254">
    <p class='ocr_par' dir='ltr' id='par_1_1' title="bbox 7 2747 9 3254">
     <span class='ocr_line' id='line_1_1' title="bbox 7 2747 9 3254; baseline 0 0"><span class='ocrx_word' id='word_1_1' title='bbox 7 2747 9 3254; x_wconf 95' lang='lat' dir='ltr'> </span> 
     </span>
    </p>
   </div>
   <div class='ocr_carea' id='block_1_2' title="bbox 727 154 1873 188">
    <p class='ocr_par' dir='ltr' id='par_1_2' title="bbox 727 154 1873 188">
     <span class='ocr_line' id='line_1_2' title="bbox 727 154 1873 188; baseline 0.006 -7"><span class='ocrx_word' id='word_1_2' title='bbox 727 154 896 182; x_wconf 79' lang='lat' dir='ltr'>COMMENT.</span> <span class='ocrx_word' id='word_1_3' title='bbox 920 154 951 182; x_wconf 85' lang='grc' dir='ltr'>ΙΝ</span> <span class='ocrx_word' id='word_1_4' title='bbox 972 154 1164 183; x_wconf 77' lang='grc' dir='ltr'>8ΑΡΙΕΝΤΙΑΜ</span> <span class='ocrx_word' id='word_1_5' title='bbox 1185 155 1212 183; x_wconf 89' lang='lat' dir='ltr'>C.</span> <span class='ocrx_word' id='word_1_6' title='bbox 1235 156 1265 183; x_wconf 89' lang='lat' dir='ltr'>X.</span> <span class='ocrx_word' id='word_1_7' title='bbox 1819 159 1873 188; x_wconf 83' lang='lat'>173</span> 
     </span>
    </p>
   </div>
   <div class='ocr_carea' id='block_1_3' title="bbox 5 231 971 2379">
    <p class='ocr_par' dir='ltr' id='par_1_3' title="bbox 16 231 971 504">
     <span class='ocr_line' id='line_1_3' title="bbox 16 231 971 270; baseline -0.003 -8"><span class='ocrx_word' id='word_1_8' title='bbox 16 240 109 260; x_wconf 61' lang='lat' dir='ltr'>mundum·</span> <span class='ocrx_word' id='word_1_9' title='bbox 127 233 241 270; x_wconf 88' lang='lat' dir='ltr'>querela</span> <span class='ocrx_word' id='word_1_10' title='bbox 256 244 281 261; x_wconf 69' lang='lat' dir='ltr'>n.</span> <span class='ocrx_word' id='word_1_11' title='bbox 305 233 340 261; x_wconf 89' lang='lat' dir='ltr'>Et</span> <span class='ocrx_word' id='word_1_12' title='bbox 360 233 391 260; x_wconf 91' lang='lat' dir='ltr'>in</span> <span class='ocrx_word' id='word_1_13' title='bbox 418 232 505 269; x_wconf 46' lang='lat' dir='ltr'>silita,</span> <span class='ocrx_word' id='word_1_14' title='bbox 534 232 561 261; x_wconf 91' lang='lat' dir='ltr'>id</span> <span class='ocrx_word' id='word_1_15' title='bbox 588 235 629 261; x_wconf 89' lang='lat' dir='ltr'>est</span> <span class='ocrx_word' id='word_1_16' title='bbox 651 232 784 268; x_wconf 79' lang='lat' dir='ltr'>posteris,</span> <span class='ocrx_word' id='word_1_17' title='bbox 805 231 971 259; x_wconf 80' lang='lat' dir='ltr'>misericor-</span> 
     </span>
     <span class='ocr_line' id='line_1_4' title="bbox 126 276 970 316; baseline -0.002 -8"><span class='ocrx_word' id='word_1_18' title='bbox 126 280 206 309; x_wconf 76' lang='lat' dir='ltr'>cliam</span> <span class='ocrx_word' id='word_1_19' title='bbox 228 278 334 316; x_wconf 82' lang='lat' dir='ltr'>fortem</span> <span class='ocrx_word' id='word_1_20' title='bbox 354 279 547 313; x_wconf 79' lang='lat' dir='ltr'>custodivit¹,</span> <span class='ocrx_word' id='word_1_21' title='bbox 563 279 666 307; x_wconf 85' lang='lat' dir='ltr'>scilicet</span> <span class='ocrx_word' id='word_1_22' title='bbox 686 276 734 307; x_wconf 84' lang='lat' dir='ltr'>eo&#39;s</span> <span class='ocrx_word' id='word_1_23' title='bbox 754 286 790 307; x_wconf 87' lang='lat' dir='ltr'>ex</span> <span class='ocrx_word' id='word_1_24' title='bbox 814 278 970 307; x_wconf 89' lang='lat' dir='ltr'>misericor-</span> 
     </span>
     <span class='ocr_line' id='line_1_5' title="bbox 126 325 970 363; baseline -0.002 -8"><span class='ocrx_word' id='word_1_25' title='bbox 126 327 170 355; x_wconf 89' lang='lat' dir='ltr'>dia</span> <span class='ocrx_word' id='word_1_26' title='bbox 190 335 241 355; x_wconf 87' lang='lat' dir='ltr'>sua</span> <span class='ocrx_word' id='word_1_27' title='bbox 260 325 467 363; x_wconf 86' lang='lat' dir='ltr'>multiplicando</span> <span class='ocrx_word' id='word_1_28' title='bbox 481 328 508 354; x_wconf 92' lang='lat' dir='ltr'>et</span> <span class='ocrx_word' id='word_1_29' title='bbox 522 325 631 354; x_wconf 82' lang='lat' dir='ltr'>sortiter</span> <span class='ocrx_word' id='word_1_30' title='bbox 645 325 680 354; x_wconf 87' lang='lat' dir='ltr'>ab</span> <span class='ocrx_word' id='word_1_31' title='bbox 694 325 860 354; x_wconf 87' lang='lat' dir='ltr'>adversariis</span> <span class='ocrx_word' id='word_1_32' title='bbox 878 325 970 354; x_wconf 84' lang='lat' dir='ltr'>defen-</span> 
     </span>
     <span class='ocr_line' id='line_1_6' title="bbox 125 372 969 409; baseline -0.002 -6"><span class='ocrx_word' id='word_1_33' title='bbox 125 374 213 403; x_wconf 88' lang='lat' dir='ltr'>dendo</span> <span class='ocrx_word' id='word_1_34' title='bbox 234 376 261 402; x_wconf 92' lang='lat' dir='ltr'>et</span> <span class='ocrx_word' id='word_1_35' title='bbox 282 373 390 402; x_wconf 83' lang='lat' dir='ltr'>tandem</span> <span class='ocrx_word' id='word_1_36' title='bbox 411 373 450 402; x_wconf 88' lang='lat' dir='ltr'>eis</span> <span class='ocrx_word' id='word_1_37' title='bbox 469 375 572 401; x_wconf 87' lang='lat' dir='ltr'>terram</span> <span class='ocrx_word' id='word_1_38' title='bbox 586 372 776 409; x_wconf 85' lang='lat' dir='ltr'>promissionis</span> <span class='ocrx_word' id='word_1_39' title='bbox 790 372 969 407; x_wconf 81' lang='lat' dir='ltr'>conserendo,</span> 
     </span>
     <span class='ocr_line' id='line_1_7' title="bbox 126 418 970 457; baseline -0.004 -8"><span class='ocrx_word' id='word_1_40' title='bbox 126 420 196 449; x_wconf 86' lang='lat' dir='ltr'>sicut</span> <span class='ocrx_word' id='word_1_41' title='bbox 227 419 391 457; x_wconf 78' lang='lat' dir='ltr'>promiserat</span> <span class='ocrx_word' id='word_1_42' title='bbox 421 418 533 448; x_wconf 77' lang='lat' dir='ltr'>Genesis</span> <span class='ocrx_word' id='word_1_43' title='bbox 562 418 668 447; x_wconf 90' lang='lat' dir='ltr'>decimo</span> <span class='ocrx_word' id='word_1_44' title='bbox 699 418 780 447; x_wconf 90' lang='lat' dir='ltr'>tertio</span> <span class='ocrx_word' id='word_1_45' title='bbox 811 421 837 447; x_wconf 90' lang='lat' dir='ltr'>et</span> <span class='ocrx_word' id='word_1_46' title='bbox 865 418 970 447; x_wconf 85' lang='lat' dir='ltr'>decimo</span> 
     </span>
     <span class='ocr_line' id='line_1_8' title="bbox 125 466 542 504; baseline -0.005 -9"><span class='ocrx_word' id='word_1_47' title='bbox 125 467 222 504; x_wconf 89' lang='lat' dir='ltr'>quinto</span> <span class='ocrx_word' id='word_1_48' title='bbox 243 469 270 495; x_wconf 88' lang='lat' dir='ltr'>et</span> <span class='ocrx_word' id='word_1_49' title='bbox 290 466 397 495; x_wconf 89' lang='lat' dir='ltr'>decimo</span> <span class='ocrx_word' id='word_1_50' title='bbox 417 466 542 503; x_wconf 86' lang='lat' dir='ltr'>septimo.</span> 
     </span>
    </p>

    <p class='ocr_par' dir='ltr' id='par_1_4' title="bbox 5 512 971 642">
     <span class='ocr_line' id='line_1_9' title="bbox 203 512 971 549; baseline -0.003 -7"><span class='ocrx_word' id='word_1_51' title='bbox 203 513 282 542; x_wconf 79' lang='lat' dir='ltr'>Haeo</span> <span class='ocrx_word' id='word_1_52' title='bbox 310 513 421 541; x_wconf 78' lang='lat' dir='ltr'>iustum</span> <span class='ocrx_word' id='word_1_53' title='bbox 449 521 468 541; x_wconf 92' lang='lat' dir='ltr'>a</span> <span class='ocrx_word' id='word_1_54' title='bbox 492 512 683 549; x_wconf 76' lang='lat' dir='ltr'>pereuntibus</span> <span class='ocrx_word' id='word_1_55' title='bbox 707 515 758 540; x_wconf 86' lang='lat' dir='ltr'>etc.</span> <span class='ocrx_word' id='word_1_56' title='bbox 784 512 831 540; x_wconf 85' lang='lat' dir='ltr'>Hic</span> <span class='ocrx_word' id='word_1_57' title='bbox 852 512 971 541; x_wconf 83' lang='lat' dir='ltr'>ostendit</span> 
     </span>
     <span class='ocr_line' id='line_1_10' title="bbox 5 559 970 596; baseline -0.002 -7"><span class='ocrx_word' id='word_1_58' title='bbox 5 565 108 586; x_wconf 65' lang='lat' dir='ltr'>vbeueficio</span> <span class='ocrx_word' id='word_1_59' title='bbox 125 560 290 589; x_wconf 84' lang='lat' dir='ltr'>beneficium</span> <span class='ocrx_word' id='word_1_60' title='bbox 318 559 467 596; x_wconf 80' lang='lat' dir='ltr'>sapientiae</span> <span class='ocrx_word' id='word_1_61' title='bbox 494 559 623 587; x_wconf 89' lang='lat' dir='ltr'>collatum</span> <span class='ocrx_word' id='word_1_62' title='bbox 655 559 682 587; x_wconf 94' lang='lat' dir='ltr'>in</span> <span class='ocrx_word' id='word_1_63' title='bbox 714 566 832 595; x_wconf 88' lang='lat' dir='ltr'>persona</span> <span class='ocrx_word' id='word_1_64' title='bbox 858 559 910 587; x_wconf 92' lang='lat' dir='ltr'>Lot</span> <span class='ocrx_word' id='word_1_65' title='bbox 936 559 970 587; x_wconf 89' lang='lat' dir='ltr'>de</span> 
     </span>
     <span class='ocr_line' id='line_1_11' title="bbox 14 589 971 642; baseline -0.002 -7"><span class='ocrx_word' id='word_1_66' title='bbox 14 589 109 631; x_wconf 54' lang='lat'>?‡-⁰⁰¹¹³²⁰</span> <span class='ocrx_word' id='word_1_67' title='bbox 125 606 305 635; x_wconf 84' lang='lat' dir='ltr'>subversione</span> <span class='ocrx_word' id='word_1_68' title='bbox 333 606 464 634; x_wconf 83' lang='lat' dir='ltr'>Sodomae</span> <span class='ocrx_word' id='word_1_69' title='bbox 492 605 615 639; x_wconf 86' lang='lat' dir='ltr'>liberati,</span> <span class='ocrx_word' id='word_1_70' title='bbox 644 608 671 634; x_wconf 89' lang='lat' dir='ltr'>et</span> <span class='ocrx_word' id='word_1_71' title='bbox 698 605 788 642; x_wconf 91' lang='lat' dir='ltr'>primo</span> <span class='ocrx_word' id='word_1_72' title='bbox 809 604 895 642; x_wconf 87' lang='lat' dir='ltr'>tangit</span> <span class='ocrx_word' id='word_1_73' title='bbox 919 605 971 633; x_wconf 89' lang='lat' dir='ltr'>Lot</span> 
     </span>
    </p>

    <p class='ocr_par' dir='ltr' id='par_1_5' title="bbox 121 651 969 785">
     <span class='ocr_line' id='line_1_12' title="bbox 126 651 969 689; baseline -0.004 -7"><span class='ocrx_word' id='word_1_74' title='bbox 126 653 342 686; x_wconf 84' lang='lat' dir='ltr'>liberationem,-</span> <span class='ocrx_word' id='word_1_75' title='bbox 371 652 506 687; x_wconf 88' lang='lat' dir='ltr'>secundo,</span> <span class='ocrx_word' id='word_1_76' title='bbox 535 652 665 681; x_wconf 83' lang='lat' dir='ltr'>aliorum</span> <span class='ocrx_word' id='word_1_77' title='bbox 688 652 887 689; x_wconf 68' lang='lat' dir='ltr'>punitionem:</span> <span class='ocrx_word' id='word_1_78' title='bbox 918 651 969 679; x_wconf 89' lang='lat' dir='ltr'>De-</span> 
     </span>
     <span class='ocr_line' id='line_1_13' title="bbox 124 698 969 737; baseline -0.004 -8"><span class='ocrx_word' id='word_1_79' title='bbox 124 701 271 729; x_wconf 79' lang='lat' dir='ltr'>seenclente</span> <span class='ocrx_word' id='word_1_80' title='bbox 291 703 358 734; x_wconf 82' lang='lat' dir='ltr'>etc.;</span> <span class='ocrx_word' id='word_1_81' title='bbox 382 700 477 734; x_wconf 88' lang='lat' dir='ltr'>tertio,</span> <span class='ocrx_word' id='word_1_82' title='bbox 503 699 668 737; x_wconf 80' lang='lat' dir='ltr'>punitionis</span> <span class='ocrx_word' id='word_1_83' title='bbox 696 699 886 737; x_wconf 70' lang='lat' dir='ltr'>aequitatem:</span> <span class='ocrx_word' id='word_1_84' title='bbox 915 698 969 726; x_wconf 88' lang='lat' dir='ltr'>Sa-</span> 
     </span>
     <span class='ocr_line' id='line_1_14' title="bbox 121 747 368 785; baseline -0.008 -9"><span class='ocrx_word' id='word_1_85' title='bbox 121 747 263 785; x_wconf 77' lang='lat' dir='ltr'>pientiam</span> <span class='ocrx_word' id='word_1_86' title='bbox 284 747 368 775; x_wconf 84' lang='lat' dir='ltr'>enim.</span> 
     </span>
    </p>

    <p class='ocr_par' dir='ltr' id='par_1_6' title="bbox 203 792 968 830">
     <span class='ocr_line' id='line_1_15' title="bbox 203 792 968 830; baseline -0.003 -8"><span class='ocrx_word' id='word_1_87' title='bbox 203 794 292 830; x_wconf 89' lang='lat' dir='ltr'>(Vers.</span> <span class='ocrx_word' id='word_1_88' title='bbox 323 794 370 829; x_wconf 86' lang='grc'>6.).</span> <span class='ocrx_word' id='word_1_89' title='bbox 398 794 494 827; x_wconf 85' lang='lat' dir='ltr'>Haec,</span> <span class='ocrx_word' id='word_1_90' title='bbox 526 793 628 822; x_wconf 84' lang='lat' dir='ltr'>scilicet</span> <span class='ocrx_word' id='word_1_91' title='bbox 659 793 807 830; x_wconf 79' lang='lat' dir='ltr'>sapientia,</span> <span class='ocrx_word' id='word_1_92' title='bbox 839 792 968 826; x_wconf 74' lang='lat' dir='ltr'>iustum,</span> 
     </span>
    </p>

    <p class='ocr_par' dir='ltr' id='par_1_7' title="bbox 11 839 969 1488">
     <span class='ocr_line' id='line_1_16' title="bbox 14 839 968 875; baseline -0.003 -5"><span class='ocrx_word' id='word_1_93' title='bbox 14 846 106 866; x_wconf 59' lang='lat' dir='ltr'>*Primum-</span> <span class='ocrx_word' id='word_1_94' title='bbox 128 853 142 867; x_wconf 73' lang='grc' dir='ltr'>α</span> <span class='ocrx_word' id='word_1_95' title='bbox 156 841 259 871; x_wconf 86' lang='lat' dir='ltr'>scilicet</span> <span class='ocrx_word' id='word_1_96' title='bbox 280 842 369 875; x_wconf 82' lang='lat' dir='ltr'>Lot»,</span> <span class='ocrx_word' id='word_1_97' title='bbox 391 843 423 869; x_wconf 88' lang='lat' dir='ltr'>ut</span> <span class='ocrx_word' id='word_1_98' title='bbox 443 840 509 869; x_wconf 90' lang='lat' dir='ltr'>dicit</span> <span class='ocrx_word' id='word_1_99' title='bbox 529 840 661 874; x_wconf 79' lang='lat' dir='ltr'>Glossa²3</span> <span class='ocrx_word' id='word_1_100' title='bbox 684 840 748 868; x_wconf 87' lang='lat' dir='ltr'>item</span> <span class='ocrx_word' id='word_1_101' title='bbox 770 839 907 868; x_wconf 89' lang='lat' dir='ltr'>secundae</span> <span class='ocrx_word' id='word_1_102' title='bbox 922 839 968 867; x_wconf 88' lang='lat' dir='ltr'>Pe-</span> 
     </span>
     <span class='ocr_line' id='line_1_17' title="bbox 124 886 968 924; baseline -0.002 -8"><span class='ocrx_word' id='word_1_103' title='bbox 124 888 158 917; x_wconf 91' lang='lat' dir='ltr'>tri</span> <span class='ocrx_word' id='word_1_104' title='bbox 181 887 301 916; x_wconf 87' lang='lat' dir='ltr'>secundo</span> <span class='ocrx_word' id='word_1_105' title='bbox 322 888 423 916; x_wconf 88' lang='lat' dir='ltr'>dicitur</span> <span class='ocrx_word' id='word_1_106' title='bbox 444 888 477 916; x_wconf 92' lang='lat' dir='ltr'>de</span> <span class='ocrx_word' id='word_1_107' title='bbox 498 888 572 924; x_wconf 91' lang='lat' dir='ltr'>ipso:</span> <span class='ocrx_word' id='word_1_108' title='bbox 595 898 607 912; x_wconf 77' lang='grc' dir='ltr'>α</span> <span class='ocrx_word' id='word_1_109' title='bbox 622 888 739 923; x_wconf 79' lang='lat' dir='ltr'>Aspectu</span> <span class='ocrx_word' id='word_1_110' title='bbox 760 889 788 915; x_wconf 90' lang='lat' dir='ltr'>et</span> <span class='ocrx_word' id='word_1_111' title='bbox 807 886 904 915; x_wconf 88' lang='lat' dir='ltr'>auditu</span> <span class='ocrx_word' id='word_1_112' title='bbox 926 886 968 914; x_wconf 79' lang='lat' dir='ltr'>iu—</span> 
     </span>
     <span class='ocr_line' id='line_1_18' title="bbox 123 932 968 971; baseline -0.002 -8"><span class='ocrx_word' id='word_1_113' title='bbox 123 937 182 963; x_wconf 92' lang='lat' dir='ltr'>stus</span> <span class='ocrx_word' id='word_1_114' title='bbox 203 937 263 963; x_wconf 86' lang='lat' dir='ltr'>erat</span> <span class='ocrx_word' id='word_1_115' title='bbox 277 945 304 969; x_wconf 83' lang='grc'>»;</span> <span class='ocrx_word' id='word_1_116' title='bbox 333 943 352 963; x_wconf 89' lang='grc' dir='ltr'><em>α</em></span> <span class='ocrx_word' id='word_1_117' title='bbox 376 933 567 971; x_wconf 76' lang='lat' dir='ltr'>pereuntibus</span> <span class='ocrx_word' id='word_1_118' title='bbox 588 933 703 971; x_wconf 75' lang='lat' dir='ltr'>impiis,</span> <span class='ocrx_word' id='word_1_119' title='bbox 726 933 828 961; x_wconf 86' lang='lat' dir='ltr'>scilicet</span> <span class='ocrx_word' id='word_1_120' title='bbox 849 932 882 961; x_wconf 92' lang='lat' dir='ltr'>de</span> <span class='ocrx_word' id='word_1_121' title='bbox 904 940 968 961; x_wconf 89' lang='lat' dir='ltr'>con-</span> 
     </span>
     <span class='ocr_line' id='line_1_19' title="bbox 122 980 967 1018; baseline -0.004 -8"><span class='ocrx_word' id='word_1_122' title='bbox 122 981 207 1010; x_wconf 88' lang='lat' dir='ltr'>sortio</span> <span class='ocrx_word' id='word_1_123' title='bbox 234 981 381 1018; x_wconf 91' lang='lat' dir='ltr'>impiorum</span> <span class='ocrx_word' id='word_1_124' title='bbox 410 981 603 1018; x_wconf 85' lang='lat' dir='ltr'>pereuntium,</span> <span class='ocrx_word' id='word_1_125' title='bbox 632 980 659 1009; x_wconf 92' lang='lat' dir='ltr'>id</span> <span class='ocrx_word' id='word_1_126' title='bbox 687 983 728 1009; x_wconf 88' lang='lat' dir='ltr'>est</span> <span class='ocrx_word' id='word_1_127' title='bbox 749 980 967 1014; x_wconf 64' lang='lat' dir='ltr'>Sodomitarum</span> 
     </span>
     <span class='ocr_line' id='line_1_20' title="bbox 123 1026 967 1066; baseline -0.001 -10"><span class='ocrx_word' id='word_1_128' title='bbox 123 1028 255 1057; x_wconf 82' lang='lat' dir='ltr'>liberavit</span> <span class='ocrx_word' id='word_1_129' title='bbox 269 1027 437 1066; x_wconf 66' lang='lat' dir='ltr'>sapientem,</span> <span class='ocrx_word' id='word_1_130' title='bbox 453 1031 480 1057; x_wconf 91' lang='lat' dir='ltr'>et</span> <span class='ocrx_word' id='word_1_131' title='bbox 494 1036 509 1056; x_wconf 88' lang='lat' dir='ltr'>a</span> <span class='ocrx_word' id='word_1_132' title='bbox 525 1028 663 1057; x_wconf 91' lang='lat' dir='ltr'>consortio</span> <span class='ocrx_word' id='word_1_133' title='bbox 681 1027 799 1064; x_wconf 82' lang='lat' dir='ltr'>eulpae,</span> <span class='ocrx_word' id='word_1_134' title='bbox 815 1026 967 1055; x_wconf 83' lang='lat' dir='ltr'>secundum</span> 
     </span>
     <span class='ocr_line' id='line_1_21' title="bbox 122 1073 968 1111; baseline -0.004 -7"><span class='ocrx_word' id='word_1_135' title='bbox 122 1075 189 1104; x_wconf 88' lang='lat' dir='ltr'>illud</span> <span class='ocrx_word' id='word_1_136' title='bbox 204 1075 319 1104; x_wconf 88' lang='lat' dir='ltr'>ibidem:</span> <span class='ocrx_word' id='word_1_137' title='bbox 337 1087 350 1100; x_wconf 90' lang='lat'>«</span> <span class='ocrx_word' id='word_1_138' title='bbox 366 1075 470 1104; x_wconf 91' lang='lat' dir='ltr'>lustum</span> <span class='ocrx_word' id='word_1_139' title='bbox 492 1076 555 1109; x_wconf 91' lang='lat' dir='ltr'>Lot,</span> <span class='ocrx_word' id='word_1_140' title='bbox 578 1082 741 1111; x_wconf 89' lang='lat' dir='ltr'>oppressum</span> <span class='ocrx_word' id='word_1_141' title='bbox 756 1082 772 1102; x_wconf 87' lang='lat' dir='ltr'>a</span> <span class='ocrx_word' id='word_1_142' title='bbox 787 1073 968 1102; x_wconf 83' lang='lat' dir='ltr'>nefandorum</span> 
     </span>
     <span class='ocr_line' id='line_1_22' title="bbox 123 1121 969 1158; baseline -0.002 -8"><span class='ocrx_word' id='word_1_143' title='bbox 123 1122 223 1150; x_wconf 90' lang='lat' dir='ltr'>iniuria</span> <span class='ocrx_word' id='word_1_144' title='bbox 236 1130 267 1151; x_wconf 89' lang='lat' dir='ltr'>ac</span> <span class='ocrx_word' id='word_1_145' title='bbox 283 1122 429 1151; x_wconf 86' lang='lat' dir='ltr'>luxuriosa</span> <span class='ocrx_word' id='word_1_146' title='bbox 443 1122 665 1155; x_wconf 86' lang='lat' dir='ltr'>conversatione,</span> <span class='ocrx_word' id='word_1_147' title='bbox 681 1121 784 1158; x_wconf 90' lang='lat' dir='ltr'>eripuit</span> <span class='ocrx_word' id='word_1_148' title='bbox 795 1131 821 1154; x_wconf 85' lang='lat'>»;</span> <span class='ocrx_word' id='word_1_149' title='bbox 837 1123 864 1149; x_wconf 90' lang='lat' dir='ltr'>et</span> <span class='ocrx_word' id='word_1_150' title='bbox 878 1128 894 1148; x_wconf 87' lang='lat' dir='ltr'>a</span> <span class='ocrx_word' id='word_1_151' title='bbox 904 1128 969 1149; x_wconf 80' lang='lat' dir='ltr'>con-</span> 
     </span>
     <span class='ocr_line' id='line_1_23' title="bbox 11 1166 968 1206; baseline -0.003 -8"><span class='ocrx_word' id='word_1_152' title='bbox 11 1202 12 1206; x_wconf 20' lang='lat'>,</span> <span class='ocrx_word' id='word_1_153' title='bbox 122 1169 207 1198; x_wconf 87' lang='lat' dir='ltr'>sortio</span> <span class='ocrx_word' id='word_1_154' title='bbox 229 1177 359 1206; x_wconf 85' lang='lat' dir='ltr'>poe·nae;</span> <span class='ocrx_word' id='word_1_155' title='bbox 380 1169 413 1197; x_wconf 93' lang='lat' dir='ltr'>de</span> <span class='ocrx_word' id='word_1_156' title='bbox 434 1171 554 1205; x_wconf 85' lang='lat' dir='ltr'>utraque</span> <span class='ocrx_word' id='word_1_157' title='bbox 582 1168 743 1197; x_wconf 85' lang='lat' dir='ltr'>liberatione</span> <span class='ocrx_word' id='word_1_158' title='bbox 771 1167 890 1196; x_wconf 86' lang='lat' dir='ltr'>habetur</span> <span class='ocrx_word' id='word_1_159' title='bbox 918 1166 968 1195; x_wconf 90' lang='lat' dir='ltr'>Ge-</span> 
     </span>
     <span class='ocr_line' id='line_1_24' title="bbox 11 1214 968 1255; baseline -0.003 -10"><span class='ocrx_word' id='word_1_160' title='bbox 11 1220 104 1255; x_wconf 45' lang='lat' dir='ltr'>gaudum.</span> <span class='ocrx_word' id='word_1_161' title='bbox 122 1216 195 1245; x_wconf 89' lang='lat' dir='ltr'>nesis</span> <span class='ocrx_word' id='word_1_162' title='bbox 208 1216 314 1244; x_wconf 89' lang='lat' dir='ltr'>decimo</span> <span class='ocrx_word' id='word_1_163' title='bbox 329 1223 401 1244; x_wconf 92' lang='lat' dir='ltr'>nono</span> <span class='ocrx_word' id='word_1_164' title='bbox 412 1215 432 1243; x_wconf 73' lang='lat'>⁸.</span> <span class='ocrx_word' id='word_1_165' title='bbox 457 1215 642 1243; x_wconf 75' lang='lat' dir='ltr'>Deseendente</span> <span class='ocrx_word' id='word_1_166' title='bbox 663 1215 744 1252; x_wconf 73' lang='lat' dir='ltr'>iyne,</span> <span class='ocrx_word' id='word_1_167' title='bbox 759 1214 793 1243; x_wconf 89' lang='lat' dir='ltr'>de</span> <span class='ocrx_word' id='word_1_168' title='bbox 808 1215 898 1248; x_wconf 88' lang='lat' dir='ltr'>caelo,</span> <span class='ocrx_word' id='word_1_169' title='bbox 914 1222 968 1242; x_wconf 92' lang='lat' dir='ltr'>non</span> 
     </span>
     <span class='ocr_line' id='line_1_25' title="bbox 11 1260 968 1298; baseline -0.002 -6"><span class='ocrx_word' id='word_1_170' title='bbox 11 1260 12 1268; x_wconf 62' lang='lat'>¹</span> <span class='ocrx_word' id='word_1_171' title='bbox 122 1263 156 1292; x_wconf 92' lang='lat' dir='ltr'>de</span> <span class='ocrx_word' id='word_1_172' title='bbox 176 1265 266 1297; x_wconf 86' lang='lat' dir='ltr'>terra,</span> <span class='ocrx_word' id='word_1_173' title='bbox 295 1262 433 1296; x_wconf 89' lang='lat' dir='ltr'>immisso;</span> <span class='ocrx_word' id='word_1_174' title='bbox 459 1262 575 1290; x_wconf 86' lang='lat' dir='ltr'>ibidem:</span> <span class='ocrx_word' id='word_1_175' title='bbox 603 1262 701 1290; x_wconf 88' lang='lat' dir='ltr'>«Pluit</span> <span class='ocrx_word' id='word_1_176' title='bbox 723 1262 857 1290; x_wconf 87' lang='lat' dir='ltr'>Dominus</span> <span class='ocrx_word' id='word_1_177' title='bbox 884 1269 968 1298; x_wconf 88' lang='lat' dir='ltr'>super</span> 
     </span>
     <span class='ocr_line' id='line_1_26' title="bbox 123 1309 968 1345; baseline -0.004 -6"><span class='ocrx_word' id='word_1_178' title='bbox 123 1310 266 1339; x_wconf 85' lang='lat' dir='ltr'>Sodomam</span> <span class='ocrx_word' id='word_1_179' title='bbox 287 1312 314 1338; x_wconf 91' lang='lat' dir='ltr'>et</span> <span class='ocrx_word' id='word_1_180' title='bbox 338 1309 521 1337; x_wconf 88' lang='lat' dir='ltr'>Gomorrham</span> <span class='ocrx_word' id='word_1_181' title='bbox 550 1309 669 1345; x_wconf 92' lang='lat' dir='ltr'>sulphur</span> <span class='ocrx_word' id='word_1_182' title='bbox 697 1312 724 1337; x_wconf 92' lang='lat' dir='ltr'>et</span> <span class='ocrx_word' id='word_1_183' title='bbox 752 1309 842 1345; x_wconf 84' lang='lat' dir='ltr'>ignem</span> <span class='ocrx_word' id='word_1_184' title='bbox 858 1320 871 1334; x_wconf 88' lang='lat'>»</span> <span class='ocrx_word' id='word_1_185' title='bbox 896 1311 968 1342; x_wconf 88' lang='lat' dir='ltr'>etc.;</span> 
     </span>
     <span class='ocr_line' id='line_1_27' title="bbox 123 1355 969 1393; baseline -0.004 -7"><span class='ocrx_word' id='word_1_186' title='bbox 123 1357 154 1386; x_wconf 87' lang='lat' dir='ltr'>in</span> <span class='ocrx_word' id='word_1_187' title='bbox 175 1356 375 1393; x_wconf 86' lang='lat' dir='ltr'>Pentapolim;</span> <span class='ocrx_word' id='word_1_188' title='bbox 389 1355 498 1384; x_wconf 86' lang='lat' dir='ltr'>Glossa:</span> <span class='ocrx_word' id='word_1_189' title='bbox 518 1367 531 1380; x_wconf 92' lang='lat'>«</span> <span class='ocrx_word' id='word_1_190' title='bbox 547 1356 574 1384; x_wconf 92' lang='lat' dir='ltr'>Id</span> <span class='ocrx_word' id='word_1_191' title='bbox 595 1358 637 1384; x_wconf 86' lang='lat' dir='ltr'>est</span> <span class='ocrx_word' id='word_1_192' title='bbox 657 1356 684 1384; x_wconf 96' lang='lat' dir='ltr'>in</span> <span class='ocrx_word' id='word_1_193' title='bbox 704 1356 843 1392; x_wconf 83' lang='lat' dir='ltr'>regionem</span> <span class='ocrx_word' id='word_1_194' title='bbox 866 1355 969 1384; x_wconf 89' lang='lat' dir='ltr'>scilicet</span> 
     </span>
     <span class='ocr_line' id='line_1_28' title="bbox 122 1402 968 1441; baseline -0.002 -9"><span class='ocrx_word' id='word_1_195' title='bbox 122 1404 246 1441; x_wconf 87' lang='lat' dir='ltr'>quinque</span> <span class='ocrx_word' id='word_1_196' title='bbox 267 1403 409 1432; x_wconf 88' lang='lat' dir='ltr'>civitatum</span> <span class='ocrx_word' id='word_1_197' title='bbox 425 1414 451 1436; x_wconf 81' lang='lat'>»‚</span> <span class='ocrx_word' id='word_1_198' title='bbox 473 1402 576 1431; x_wconf 88' lang='lat' dir='ltr'>scilicet</span> <span class='ocrx_word' id='word_1_199' title='bbox 595 1402 754 1436; x_wconf 84' lang='lat' dir='ltr'>Sodomam,</span> <span class='ocrx_word' id='word_1_200' title='bbox 769 1402 968 1436; x_wconf 81' lang='lat' dir='ltr'>Gomorrham,</span> 
     </span>
     <span class='ocr_line' id='line_1_29' title="bbox 123 1449 558 1488; baseline -0.007 -8"><span class='ocrx_word' id='word_1_201' title='bbox 123 1452 222 1488; x_wconf 87' lang='lat' dir='ltr'>Segor,</span> <span class='ocrx_word' id='word_1_202' title='bbox 244 1449 352 1478; x_wconf 90' lang='lat' dir='ltr'>Seboim</span> <span class='ocrx_word' id='word_1_203' title='bbox 373 1452 401 1477; x_wconf 87' lang='lat' dir='ltr'>et</span> <span class='ocrx_word' id='word_1_204' title='bbox 421 1449 558 1478; x_wconf 79' lang='lat' dir='ltr'>Adamam.</span> 
     </span>
    </p>

    <p class='ocr_par' dir='ltr' id='par_1_8' title="bbox 121 1495 971 2379">
     <span class='ocr_line' id='line_1_30' title="bbox 201 1495 968 1534; baseline -0.001 -9"><span class='ocrx_word' id='word_1_205' title='bbox 201 1497 290 1534; x_wconf 60' lang='lat' dir='ltr'>(Vers.</span> <span class='ocrx_word' id='word_1_206' title='bbox 313 1497 362 1532; x_wconf 92' lang='lat'>7.).</span> <span class='ocrx_word' id='word_1_207' title='bbox 385 1495 514 1532; x_wconf 76' lang='lat' dir='ltr'>Quibus,</span> <span class='ocrx_word' id='word_1_208' title='bbox 536 1496 639 1525; x_wconf 90' lang='lat' dir='ltr'>scilicet</span> <span class='ocrx_word' id='word_1_209' title='bbox 660 1496 857 1533; x_wconf 88' lang='lat' dir='ltr'>pereuntibus,</span> <span class='ocrx_word' id='word_1_210' title='bbox 879 1496 911 1524; x_wconf 83' lang='lat' dir='ltr'>in</span> <span class='ocrx_word' id='word_1_211' title='bbox 932 1498 968 1524; x_wconf 88' lang='lat' dir='ltr'>te-</span> 
     </span>
     <span class='ocr_line' id='line_1_31' title="bbox 121 1543 968 1582; baseline -0.002 -9"><span class='ocrx_word' id='word_1_212' title='bbox 121 1544 292 1574; x_wconf 75' lang='lat' dir='ltr'>stimonium</span> <span class='ocrx_word' id='word_1_213' title='bbox 313 1543 474 1582; x_wconf 79' lang='lat' dir='ltr'>nequitiae,</span> <span class='ocrx_word' id='word_1_214' title='bbox 489 1543 612 1572; x_wconf 82' lang='lat' dir='ltr'>ardentis</span> <span class='ocrx_word' id='word_1_215' title='bbox 626 1543 730 1572; x_wconf 86' lang='lat' dir='ltr'>scilicet</span> <span class='ocrx_word' id='word_1_216' title='bbox 744 1547 771 1572; x_wconf 92' lang='lat' dir='ltr'>et</span> <span class='ocrx_word' id='word_1_217' title='bbox 785 1543 911 1572; x_wconf 82' lang='lat' dir='ltr'>foetentis</span> <span class='ocrx_word' id='word_1_218' title='bbox 926 1543 968 1571; x_wconf 88' lang='lat' dir='ltr'>lu-</span> 
     </span>
     <span class='ocr_line' id='line_1_32' title="bbox 124 1590 967 1628; baseline -0.002 -8"><span class='ocrx_word' id='word_1_219' title='bbox 124 1591 237 1626; x_wconf 85' lang='lat' dir='ltr'>xuriae,</span> <span class='ocrx_word' id='word_1_220' title='bbox 252 1590 490 1628; x_wconf 71' lang='lat' dir='ltr'>famigyabunda,</span> <span class='ocrx_word' id='word_1_221' title='bbox 506 1590 532 1619; x_wconf 92' lang='lat' dir='ltr'>id</span> <span class='ocrx_word' id='word_1_222' title='bbox 549 1593 590 1619; x_wconf 90' lang='lat' dir='ltr'>est</span> <span class='ocrx_word' id='word_1_223' title='bbox 604 1590 637 1619; x_wconf 89' lang='lat' dir='ltr'>de</span> <span class='ocrx_word' id='word_1_224' title='bbox 652 1598 681 1619; x_wconf 92' lang='lat' dir='ltr'>se</span> <span class='ocrx_word' id='word_1_225' title='bbox 695 1590 802 1618; x_wconf 88' lang='lat' dir='ltr'>fumum</span> <span class='ocrx_word' id='word_1_226' title='bbox 825 1590 967 1624; x_wconf 87' lang='lat' dir='ltr'>emittens;</span> 
     </span>
     <span class='ocr_line' id='line_1_33' title="bbox 123 1637 968 1670; baseline -0.002 -3"><span class='ocrx_word' id='word_1_227' title='bbox 123 1638 196 1667; x_wconf 84' lang='lat' dir='ltr'>unde</span> <span class='ocrx_word' id='word_1_228' title='bbox 217 1638 243 1667; x_wconf 93' lang='lat' dir='ltr'>in</span> <span class='ocrx_word' id='word_1_229' title='bbox 269 1638 413 1666; x_wconf 69' lang='lat' dir='ltr'>Psalm04:</span> <span class='ocrx_word' id='word_1_230' title='bbox 440 1637 593 1666; x_wconf 76' lang='lat' dir='ltr'>«Ascendit</span> <span class='ocrx_word' id='word_1_231' title='bbox 620 1637 714 1666; x_wconf 83' lang='lat' dir='ltr'>fumus</span> <span class='ocrx_word' id='word_1_232' title='bbox 741 1637 768 1665; x_wconf 94' lang='lat' dir='ltr'>in</span> <span class='ocrx_word' id='word_1_233' title='bbox 798 1637 839 1665; x_wconf 88' lang='lat' dir='ltr'>ira</span> <span class='ocrx_word' id='word_1_234' title='bbox 867 1637 927 1665; x_wconf 89' lang='lat' dir='ltr'>eius</span> <span class='ocrx_word' id='word_1_235' title='bbox 940 1647 968 1670; x_wconf 77' lang='lat'>»3</span> 
     </span>
     <span class='ocr_line' id='line_1_34' title="bbox 122 1683 968 1720; baseline -0.002 -7"><span class='ocrx_word' id='word_1_236' title='bbox 122 1688 234 1713; x_wconf 77' lang='lat' dir='ltr'>constat</span> <span class='ocrx_word' id='word_1_237' title='bbox 254 1685 366 1713; x_wconf 75' lang='lat' dir='ltr'>aeserta</span> <span class='ocrx_word' id='word_1_238' title='bbox 387 1687 482 1718; x_wconf 79' lang='lat' dir='ltr'>terra,</span> <span class='ocrx_word' id='word_1_239' title='bbox 505 1684 638 1712; x_wconf 86' lang='lat' dir='ltr'>sciliceta</span> <span class='ocrx_word' id='word_1_240' title='bbox 652 1684 753 1720; x_wconf 88' lang='lat' dir='ltr'>plantis</span> <span class='ocrx_word' id='word_1_241' title='bbox 767 1687 794 1712; x_wconf 89' lang='lat' dir='ltr'>et</span> <span class='ocrx_word' id='word_1_242' title='bbox 808 1683 968 1716; x_wconf 82' lang='lat' dir='ltr'>arboribus3</span> 
     </span>
     <span class='ocr_line' id='line_1_35' title="bbox 125 1730 969 1768; baseline -0.004 -7"><span class='ocrx_word' id='word_1_243' title='bbox 125 1732 170 1761; x_wconf 90' lang='lat' dir='ltr'>lob</span> <span class='ocrx_word' id='word_1_244' title='bbox 189 1731 321 1768; x_wconf 87' lang='lat' dir='ltr'>vigesimo</span> <span class='ocrx_word' id='word_1_245' title='bbox 341 1734 453 1760; x_wconf 83' lang='lat' dir='ltr'>octavo:</span> <span class='ocrx_word' id='word_1_246' title='bbox 480 1731 606 1764; x_wconf 77' lang='lat' dir='ltr'>«Terra,</span> <span class='ocrx_word' id='word_1_247' title='bbox 628 1730 662 1759; x_wconf 89' lang='lat' dir='ltr'>de</span> <span class='ocrx_word' id='word_1_248' title='bbox 683 1738 739 1767; x_wconf 85' lang='lat' dir='ltr'>qua</span> <span class='ocrx_word' id='word_1_249' title='bbox 758 1730 901 1759; x_wconf 82' lang='lat' dir='ltr'>oriebatur</span> <span class='ocrx_word' id='word_1_250' title='bbox 922 1737 969 1766; x_wconf 90' lang='lat' dir='ltr'>pa-</span> 
     </span>
     <span class='ocr_line' id='line_1_36' title="bbox 124 1776 967 1815; baseline -0.004 -8"><span class='ocrx_word' id='word_1_251' title='bbox 124 1779 166 1807; x_wconf 91' lang='lat' dir='ltr'>nis</span> <span class='ocrx_word' id='word_1_252' title='bbox 186 1779 213 1807; x_wconf 91' lang='lat' dir='ltr'>in</span> <span class='ocrx_word' id='word_1_253' title='bbox 229 1779 288 1807; x_wconf 86' lang='lat' dir='ltr'>loco</span> <span class='ocrx_word' id='word_1_254' title='bbox 309 1786 376 1811; x_wconf 91' lang='lat' dir='ltr'>suo,</span> <span class='ocrx_word' id='word_1_255' title='bbox 392 1778 445 1815; x_wconf 85' lang='lat' dir='ltr'>igni</span> <span class='ocrx_word' id='word_1_256' title='bbox 462 1777 606 1806; x_wconf 88' lang='lat' dir='ltr'>combusta</span> <span class='ocrx_word' id='word_1_257' title='bbox 626 1780 667 1806; x_wconf 89' lang='lat' dir='ltr'>est</span> <span class='ocrx_word' id='word_1_258' title='bbox 681 1788 708 1811; x_wconf 90' lang='lat'>»;</span> <span class='ocrx_word' id='word_1_259' title='bbox 725 1777 789 1805; x_wconf 89' lang='lat' dir='ltr'>item</span> <span class='ocrx_word' id='word_1_260' title='bbox 805 1777 831 1805; x_wconf 91' lang='lat' dir='ltr'>in</span> <span class='ocrx_word' id='word_1_261' title='bbox 847 1776 967 1805; x_wconf 84' lang='lat' dir='ltr'>Psalmo:</span> 
     </span>
     <span class='ocr_line' id='line_1_37' title="bbox 128 1824 969 1861; baseline -0.004 -7"><span class='ocrx_word' id='word_1_262' title='bbox 128 1838 143 1851; x_wconf 65' lang='grc' dir='ltr'>(ι</span> <span class='ocrx_word' id='word_1_263' title='bbox 157 1827 271 1855; x_wconf 83' lang='lat' dir='ltr'>Terram</span> <span class='ocrx_word' id='word_1_264' title='bbox 299 1825 471 1854; x_wconf 81' lang='lat' dir='ltr'>fructiferam</span> <span class='ocrx_word' id='word_1_265' title='bbox 494 1825 521 1853; x_wconf 89' lang='lat' dir='ltr'>in</span> <span class='ocrx_word' id='word_1_266' title='bbox 543 1824 708 1861; x_wconf 82' lang='lat' dir='ltr'>salsuginem</span> <span class='ocrx_word' id='word_1_267' title='bbox 730 1832 746 1852; x_wconf 90' lang='lat' dir='ltr'>a</span> <span class='ocrx_word' id='word_1_268' title='bbox 768 1824 871 1852; x_wconf 84' lang='lat' dir='ltr'>malitia</span> <span class='ocrx_word' id='word_1_269' title='bbox 891 1824 969 1852; x_wconf 91' lang='lat' dir='ltr'>inha-</span> 
     </span>
     <span class='ocr_line' id='line_1_38' title="bbox 124 1870 968 1905; baseline -0.005 -4"><span class='ocrx_word' id='word_1_270' title='bbox 124 1872 269 1901; x_wconf 88' lang='lat' dir='ltr'>bitantium</span> <span class='ocrx_word' id='word_1_271' title='bbox 291 1871 318 1900; x_wconf 93' lang='lat' dir='ltr'>in</span> <span class='ocrx_word' id='word_1_272' title='bbox 341 1880 409 1900; x_wconf 74' lang='lat' dir='ltr'>ea».</span> <span class='ocrx_word' id='word_1_273' title='bbox 427 1872 462 1899; x_wconf 88' lang='lat' dir='ltr'>Et</span> <span class='ocrx_word' id='word_1_274' title='bbox 482 1871 514 1899; x_wconf 88' lang='lat' dir='ltr'>in</span> <span class='ocrx_word' id='word_1_275' title='bbox 534 1875 626 1905; x_wconf 83' lang='lat' dir='ltr'>certo,</span> <span class='ocrx_word' id='word_1_276' title='bbox 648 1871 752 1899; x_wconf 87' lang='lat' dir='ltr'>scilicet</span> <span class='ocrx_word' id='word_1_277' title='bbox 771 1870 968 1903; x_wconf 74' lang='lat' dir='ltr'>determinem,</span> 
     </span>
     <span class='ocr_line' id='line_1_39' title="bbox 125 1916 969 1956; baseline -0.004 -8"><span class='ocrx_word' id='word_1_278' title='bbox 125 1923 248 1956; x_wconf 84' lang='lat' dir='ltr'>tempore</span> <span class='ocrx_word' id='word_1_279' title='bbox 272 1917 390 1955; x_wconf 61' lang='lat' dir='ltr'>fruetus</span> <span class='ocrx_word' id='word_1_280' title='bbox 412 1917 544 1947; x_wconf 75' lang='lat' dir='ltr'>habentes</span> <span class='ocrx_word' id='word_1_281' title='bbox 565 1917 703 1951; x_wconf 77' lang='lat' dir='ltr'>arbores,</span> <span class='ocrx_word' id='word_1_282' title='bbox 726 1917 852 1951; x_wconf 85' lang='lat' dir='ltr'>inutiles,</span> <span class='ocrx_word' id='word_1_283' title='bbox 874 1919 906 1945; x_wconf 88' lang='lat' dir='ltr'>ut</span> <span class='ocrx_word' id='word_1_284' title='bbox 929 1916 969 1945; x_wconf 85' lang='lat' dir='ltr'>di-</span> 
     </span>
     <span class='ocr_line' id='line_1_40' title="bbox 124 1964 969 2002; baseline -0.004 -8"><span class='ocrx_word' id='word_1_285' title='bbox 124 1966 213 2000; x_wconf 88' lang='lat' dir='ltr'>citur,</span> <span class='ocrx_word' id='word_1_286' title='bbox 234 1965 300 2002; x_wconf 89' lang='lat' dir='ltr'>quia</span> <span class='ocrx_word' id='word_1_287' title='bbox 321 1964 482 1993; x_wconf 87' lang='lat' dir='ltr'>referuntur</span> <span class='ocrx_word' id='word_1_288' title='bbox 503 1972 585 2001; x_wconf 88' lang='lat' dir='ltr'>poma</span> <span class='ocrx_word' id='word_1_289' title='bbox 605 1964 641 1993; x_wconf 90' lang='lat' dir='ltr'>ibi</span> <span class='ocrx_word' id='word_1_290' title='bbox 663 1964 736 1993; x_wconf 90' lang='lat' dir='ltr'>nasci</span> <span class='ocrx_word' id='word_1_291' title='bbox 759 1964 885 1992; x_wconf 90' lang='lat' dir='ltr'>exterius</span> <span class='ocrx_word' id='word_1_292' title='bbox 909 1971 969 1999; x_wconf 88' lang='lat' dir='ltr'>spe-</span> 
     </span>
     <span class='ocr_line' id='line_1_41' title="bbox 124 2010 970 2047; baseline -0.002 -6"><span class='ocrx_word' id='word_1_293' title='bbox 124 2013 212 2047; x_wconf 81' lang='lat' dir='ltr'>ciosa,</span> <span class='ocrx_word' id='word_1_294' title='bbox 235 2012 309 2041; x_wconf 87' lang='lat' dir='ltr'>intus</span> <span class='ocrx_word' id='word_1_295' title='bbox 330 2011 440 2040; x_wconf 79' lang='lat' dir='ltr'>cinerea</span> <span class='ocrx_word' id='word_1_296' title='bbox 467 2015 494 2040; x_wconf 93' lang='lat' dir='ltr'>et</span> <span class='ocrx_word' id='word_1_297' title='bbox 521 2012 660 2046; x_wconf 76' lang='lat' dir='ltr'>favillosa3</span> <span class='ocrx_word' id='word_1_298' title='bbox 686 2011 817 2040; x_wconf 80' lang='lat' dir='ltr'>Glossa5:</span> <span class='ocrx_word' id='word_1_299' title='bbox 845 2010 970 2039; x_wconf 85' lang='lat' dir='ltr'>«Osten-</span> 
     </span>
     <span class='ocr_line' id='line_1_42' title="bbox 123 2057 970 2097; baseline -0.005 -8"><span class='ocrx_word' id='word_1_300' title='bbox 123 2060 208 2094; x_wconf 91' lang='lat' dir='ltr'>dunt,</span> <span class='ocrx_word' id='word_1_301' title='bbox 229 2059 303 2097; x_wconf 91' lang='lat' dir='ltr'>quod</span> <span class='ocrx_word' id='word_1_302' title='bbox 324 2060 382 2088; x_wconf 89' lang='lat' dir='ltr'>sine</span> <span class='ocrx_word' id='word_1_303' title='bbox 400 2059 494 2091; x_wconf 85' lang='lat' dir='ltr'>fructu</span> <span class='ocrx_word' id='word_1_304' title='bbox 509 2058 692 2096; x_wconf 88' lang='lat' dir='ltr'>poenitentiae</span> <span class='ocrx_word' id='word_1_305' title='bbox 706 2058 850 2087; x_wconf 88' lang='lat' dir='ltr'>damnatae</span> <span class='ocrx_word' id='word_1_306' title='bbox 864 2057 970 2086; x_wconf 87' lang='lat' dir='ltr'>animae</span> 
     </span>
     <span class='ocr_line' id='line_1_43' title="bbox 124 2103 970 2142; baseline -0.004 -7"><span class='ocrx_word' id='word_1_307' title='bbox 124 2107 152 2135; x_wconf 93' lang='lat' dir='ltr'>in</span> <span class='ocrx_word' id='word_1_308' title='bbox 167 2107 274 2135; x_wconf 85' lang='lat' dir='ltr'>inferno</span> <span class='ocrx_word' id='word_1_309' title='bbox 288 2106 426 2135; x_wconf 87' lang='lat' dir='ltr'>ardebunt</span> <span class='ocrx_word' id='word_1_310' title='bbox 441 2106 467 2134; x_wconf 92' lang='lat' dir='ltr'>in</span> <span class='ocrx_word' id='word_1_311' title='bbox 483 2108 627 2135; x_wconf 88' lang='lat' dir='ltr'>aeternum</span> <span class='ocrx_word' id='word_1_312' title='bbox 643 2117 670 2133; x_wconf 90' lang='lat'>».</span> <span class='ocrx_word' id='word_1_313' title='bbox 689 2106 722 2133; x_wconf 83' lang='lat' dir='ltr'>Et</span> <span class='ocrx_word' id='word_1_314' title='bbox 735 2104 921 2142; x_wconf 60' lang='lat' dir='ltr'>figmentum,</span> <span class='ocrx_word' id='word_1_315' title='bbox 944 2103 970 2132; x_wconf 90' lang='lat' dir='ltr'>id</span> 
     </span>
     <span class='ocr_line' id='line_1_44' title="bbox 123 2151 971 2187; baseline -0.005 -4"><span class='ocrx_word' id='word_1_316' title='bbox 123 2157 165 2183; x_wconf 89' lang='lat' dir='ltr'>est</span> <span class='ocrx_word' id='word_1_317' title='bbox 186 2156 292 2187; x_wconf 79' lang='lat' dir='ltr'>statua,</span> <span class='ocrx_word' id='word_1_318' title='bbox 313 2153 401 2187; x_wconf 71' lang='lat' dir='ltr'>satis,</span> <span class='ocrx_word' id='word_1_319' title='bbox 421 2153 455 2182; x_wconf 89' lang='lat' dir='ltr'>ad</span> <span class='ocrx_word' id='word_1_320' title='bbox 469 2152 652 2182; x_wconf 89' lang='lat' dir='ltr'>condiendum</span> <span class='ocrx_word' id='word_1_321' title='bbox 674 2160 769 2180; x_wconf 90' lang='lat' dir='ltr'>omnes</span> <span class='ocrx_word' id='word_1_322' title='bbox 787 2151 930 2180; x_wconf 86' lang='lat' dir='ltr'>audientes</span> <span class='ocrx_word' id='word_1_323' title='bbox 944 2154 971 2179; x_wconf 87' lang='lat' dir='ltr'>et</span> 
     </span>
     <span class='ocr_line' id='line_1_45' title="bbox 124 2198 971 2237; baseline -0.002 -9"><span class='ocrx_word' id='word_1_324' title='bbox 124 2201 247 2230; x_wconf 88' lang='lat' dir='ltr'>videntes</span> <span class='ocrx_word' id='word_1_325' title='bbox 273 2201 329 2230; x_wconf 86' lang='lat' dir='ltr'>sale</span> <span class='ocrx_word' id='word_1_326' title='bbox 357 2200 505 2237; x_wconf 85' lang='lat' dir='ltr'>sapientiae</span> <span class='ocrx_word' id='word_1_327' title='bbox 532 2202 629 2229; x_wconf 88' lang='lat' dir='ltr'>contra</span> <span class='ocrx_word' id='word_1_328' title='bbox 653 2199 829 2236; x_wconf 85' lang='lat' dir='ltr'>putredinem</span> <span class='ocrx_word' id='word_1_329' title='bbox 853 2198 971 2227; x_wconf 88' lang='lat' dir='ltr'>carnalis</span> 
     </span>
     <span class='ocr_line' id='line_1_46' title="bbox 124 2245 970 2285; baseline -0.004 -9"><span class='ocrx_word' id='word_1_330' title='bbox 124 2248 362 2285; x_wconf 75' lang='lat' dir='ltr'>concupiscentiae</span> <span class='ocrx_word' id='word_1_331' title='bbox 389 2247 432 2276; x_wconf 88' lang='lat' dir='ltr'>vel</span> <span class='ocrx_word' id='word_1_332' title='bbox 461 2246 651 2283; x_wconf 88' lang='lat' dir='ltr'>insipientiae;</span> <span class='ocrx_word' id='word_1_333' title='bbox 679 2245 866 2283; x_wconf 71' lang='lat' dir='ltr'>sz&#39;ymentum,</span> <span class='ocrx_word' id='word_1_334' title='bbox 894 2245 970 2279; x_wconf 88' lang='lat' dir='ltr'>dico,</span> 
     </span>
     <span class='ocr_line' id='line_1_47' title="bbox 124 2292 971 2328; baseline -0.004 -5"><span class='ocrx_word' id='word_1_335' title='bbox 124 2297 207 2323; x_wconf 76' lang='lat' dir='ltr'>stans</span> <span class='ocrx_word' id='word_1_336' title='bbox 227 2295 386 2328; x_wconf 81' lang='lat' dir='ltr'>memoria,</span> <span class='ocrx_word' id='word_1_337' title='bbox 408 2294 434 2323; x_wconf 92' lang='lat' dir='ltr'>id</span> <span class='ocrx_word' id='word_1_338' title='bbox 456 2297 497 2323; x_wconf 90' lang='lat' dir='ltr'>est</span> <span class='ocrx_word' id='word_1_339' title='bbox 518 2293 686 2327; x_wconf 87' lang='lat' dir='ltr'>recordatio;</span> <span class='ocrx_word' id='word_1_340' title='bbox 706 2293 794 2321; x_wconf 85' lang='lat' dir='ltr'>Lucae</span> <span class='ocrx_word' id='word_1_341' title='bbox 808 2292 915 2321; x_wconf 83' lang='lat' dir='ltr'>decimo</span> <span class='ocrx_word' id='word_1_342' title='bbox 929 2300 971 2321; x_wconf 90' lang='lat' dir='ltr'>se-</span> 
     </span>
     <span class='ocr_line' id='line_1_48' title="bbox 125 2339 970 2379; baseline -0.004 -9"><span class='ocrx_word' id='word_1_343' title='bbox 125 2341 249 2379; x_wconf 68' lang='lat' dir='ltr'>ptimoss:</span> <span class='ocrx_word' id='word_1_344' title='bbox 262 2353 289 2375; x_wconf 75' lang='grc'>,«</span> <span class='ocrx_word' id='word_1_345' title='bbox 304 2342 437 2370; x_wconf 88' lang='lat' dir='ltr'>Memores</span> <span class='ocrx_word' id='word_1_346' title='bbox 465 2343 551 2370; x_wconf 83' lang='lat' dir='ltr'>estote</span> <span class='ocrx_word' id='word_1_347' title='bbox 579 2340 679 2369; x_wconf 83' lang='lat' dir='ltr'>uxoris</span> <span class='ocrx_word' id='word_1_348' title='bbox 700 2340 748 2368; x_wconf 89' lang='lat' dir='ltr'>Lot</span> <span class='ocrx_word' id='word_1_349' title='bbox 762 2350 789 2374; x_wconf 87' lang='lat'>»;</span> <span class='ocrx_word' id='word_1_350' title='bbox 810 2339 970 2373; x_wconf 84' lang='lat' dir='ltr'>memoria,</span> 
     </span>
    </p>
   </div>
   <div class='ocr_carea' id='block_1_4' title="bbox 11 290 17 338">
    <p class='ocr_par' dir='ltr' id='par_1_9' title="bbox 11 290 17 338">
     <span class='ocr_line' id='line_1_49' title="bbox 13 290 16 301; baseline 0 0"><span class='ocrx_word' id='word_1_351' title='bbox 13 290 16 301; x_wconf 86' lang='grc' dir='ltr'>Ι</span> 
     </span>
     <span class='ocr_line' id='line_1_50' title="bbox 11 304 17 338; baseline 0 0"><span class='ocrx_word' id='word_1_352' title='bbox 11 304 17 338; x_wconf 68' lang='lat' dir='ltr'>l</span> 
     </span>
    </p>
   </div>
   <div class='ocr_carea' id='block_1_5' title="bbox 997 239 1001 2372">
    <p class='ocr_par' dir='ltr' id='par_1_10' title="bbox 997 239 1001 2372">
     <span class='ocr_line' id='line_1_51' title="bbox 997 239 1001 2372; baseline 0 0"><span class='ocrx_word' id='word_1_353' title='bbox 997 239 1001 2372; x_wconf 95' lang='lat' dir='ltr'> </span> 
     </span>
    </p>
   </div>
   <div class='ocr_carea' id='block_1_6' title="bbox 1025 231 1880 2375">
    <p class='ocr_par' dir='ltr' id='par_1_11' title="bbox 1028 231 1874 362">
     <span class='ocr_line' id='line_1_52' title="bbox 1028 231 1873 269; baseline 0.007 -10"><span class='ocrx_word' id='word_1_354' title='bbox 1028 231 1158 268; x_wconf 87' lang='lat' dir='ltr'>inquam,</span> <span class='ocrx_word' id='word_1_355' title='bbox 1187 233 1365 262; x_wconf 76' lang='lat' dir='ltr'>incredibilis</span> <span class='ocrx_word' id='word_1_356' title='bbox 1392 235 1527 269; x_wconf 87' lang='lat' dir='ltr'>animae,</span> <span class='ocrx_word' id='word_1_357' title='bbox 1557 236 1582 264; x_wconf 93' lang='lat' dir='ltr'>id</span> <span class='ocrx_word' id='word_1_358' title='bbox 1611 239 1652 264; x_wconf 88' lang='lat' dir='ltr'>est</span> <span class='ocrx_word' id='word_1_359' title='bbox 1673 237 1873 265; x_wconf 87' lang='lat' dir='ltr'>incredulitatis</span> 
     </span>
     <span class='ocr_line' id='line_1_53' title="bbox 1028 279 1874 320; baseline 0.007 -14"><span class='ocrx_word' id='word_1_360' title='bbox 1028 279 1127 307; x_wconf 85' lang='lat' dir='ltr'>uxoris</span> <span class='ocrx_word' id='word_1_361' title='bbox 1148 280 1210 313; x_wconf 89' lang='lat' dir='ltr'>Lot,</span> <span class='ocrx_word' id='word_1_362' title='bbox 1232 288 1303 316; x_wconf 89' lang='lat' dir='ltr'>quae</span> <span class='ocrx_word' id='word_1_363' title='bbox 1325 282 1508 318; x_wconf 84' lang='lat' dir='ltr'>retrospexit,</span> <span class='ocrx_word' id='word_1_364' title='bbox 1530 283 1625 311; x_wconf 90' lang='lat' dir='ltr'>nolens</span> <span class='ocrx_word' id='word_1_365' title='bbox 1646 283 1759 312; x_wconf 88' lang='lat' dir='ltr'>credere</span> <span class='ocrx_word' id='word_1_366' title='bbox 1774 284 1874 320; x_wconf 76' lang='lat' dir='ltr'>Angelo</span> 
     </span>
     <span class='ocr_line' id='line_1_54' title="bbox 1028 325 1709 362; baseline 0.007 -10"><span class='ocrx_word' id='word_1_367' title='bbox 1028 325 1201 361; x_wconf 86' lang='lat' dir='ltr'>prohibenti,</span> <span class='ocrx_word' id='word_1_368' title='bbox 1223 329 1255 354; x_wconf 93' lang='lat' dir='ltr'>ut</span> <span class='ocrx_word' id='word_1_369' title='bbox 1275 329 1349 362; x_wconf 88' lang='lat' dir='ltr'>patet</span> <span class='ocrx_word' id='word_1_370' title='bbox 1369 327 1481 356; x_wconf 89' lang='lat' dir='ltr'>Genesis</span> <span class='ocrx_word' id='word_1_371' title='bbox 1501 328 1607 357; x_wconf 84' lang='lat' dir='ltr'>decimo</span> <span class='ocrx_word' id='word_1_372' title='bbox 1629 337 1709 357; x_wconf 91' lang='lat' dir='ltr'>nono.</span> 
     </span>
    </p>

    <p class='ocr_par' dir='ltr' id='par_1_12' title="bbox 1026 371 1873 641">
     <span class='ocr_line' id='line_1_55' title="bbox 1106 371 1873 410; baseline 0.007 -11"><span class='ocrx_word' id='word_1_373' title='bbox 1106 371 1259 400; x_wconf 82' lang='lat' dir='ltr'>Notandum</span> <span class='ocrx_word' id='word_1_374' title='bbox 1281 376 1391 407; x_wconf 89' lang='lat' dir='ltr'>autem,</span> <span class='ocrx_word' id='word_1_375' title='bbox 1412 374 1486 410; x_wconf 87' lang='lat' dir='ltr'>quod</span> <span class='ocrx_word' id='word_1_376' title='bbox 1508 378 1589 403; x_wconf 82' lang='lat' dir='ltr'>terra</span> <span class='ocrx_word' id='word_1_377' title='bbox 1610 375 1723 404; x_wconf 73' lang='lat' dir='ltr'>deserta</span> <span class='ocrx_word' id='word_1_378' title='bbox 1744 376 1873 404; x_wconf 78' lang='lat' dir='ltr'>testifica-</span> 
     </span>
     <span class='ocr_line' id='line_1_56' title="bbox 1028 419 1873 459; baseline 0.007 -14"><span class='ocrx_word' id='word_1_379' title='bbox 1028 419 1074 445; x_wconf 86' lang='lat' dir='ltr'>tur</span> <span class='ocrx_word' id='word_1_380' title='bbox 1095 425 1192 446; x_wconf 85' lang='lat' dir='ltr'>eorum</span> <span class='ocrx_word' id='word_1_381' title='bbox 1214 419 1247 447; x_wconf 89' lang='lat' dir='ltr'>ad</span> <span class='ocrx_word' id='word_1_382' title='bbox 1275 419 1346 448; x_wconf 88' lang='lat' dir='ltr'>bona</span> <span class='ocrx_word' id='word_1_383' title='bbox 1367 428 1451 456; x_wconf 87' lang='lat' dir='ltr'>opera</span> <span class='ocrx_word' id='word_1_384' title='bbox 1472 421 1663 456; x_wconf 80' lang='lat' dir='ltr'>inutilitate1n3</span> <span class='ocrx_word' id='word_1_385' title='bbox 1686 421 1806 459; x_wconf 77' lang='lat' dir='ltr'>fumus,</span> <span class='ocrx_word' id='word_1_386' title='bbox 1828 430 1873 451; x_wconf 92' lang='lat' dir='ltr'>eo-</span> 
     </span>
     <span class='ocr_line' id='line_1_57' title="bbox 1028 466 1873 506; baseline 0.007 -14"><span class='ocrx_word' id='word_1_387' title='bbox 1028 472 1090 492; x_wconf 91' lang='lat' dir='ltr'>rum</span> <span class='ocrx_word' id='word_1_388' title='bbox 1112 472 1128 492; x_wconf 91' lang='lat' dir='ltr'>a</span> <span class='ocrx_word' id='word_1_389' title='bbox 1148 466 1250 493; x_wconf 85' lang='lat' dir='ltr'>carnali</span> <span class='ocrx_word' id='word_1_390' title='bbox 1266 467 1488 503; x_wconf 84' lang='lat' dir='ltr'>concupiscentia</span> <span class='ocrx_word' id='word_1_391' title='bbox 1502 469 1738 503; x_wconf 73' lang='lat' dir='ltr'>excaecationem:</span> <span class='ocrx_word' id='word_1_392' title='bbox 1754 468 1873 506; x_wconf 76' lang='lat' dir='ltr'>fruetus</span> 
     </span>
     <span class='ocr_line' id='line_1_58' title="bbox 1027 510 1871 550; baseline 0.007 -12"><span class='ocrx_word' id='word_1_393' title='bbox 1027 510 1160 545; x_wconf 76' lang='lat' dir='ltr'>inutiles,</span> <span class='ocrx_word' id='word_1_394' title='bbox 1175 519 1273 540; x_wconf 91' lang='lat' dir='ltr'>eorum</span> <span class='ocrx_word' id='word_1_395' title='bbox 1288 513 1387 541; x_wconf 83' lang='lat' dir='ltr'>malam</span> <span class='ocrx_word' id='word_1_396' title='bbox 1402 515 1653 549; x_wconf 87' lang='lat' dir='ltr'>conversationem;</span> <span class='ocrx_word' id='word_1_397' title='bbox 1668 519 1769 543; x_wconf 78' lang='lat' dir='ltr'>statua</span> <span class='ocrx_word' id='word_1_398' title='bbox 1782 516 1871 550; x_wconf 77' lang='lat' dir='ltr'>salis,</span> 
     </span>
     <span class='ocr_line' id='line_1_59' title="bbox 1026 560 1872 597; baseline 0.007 -12"><span class='ocrx_word' id='word_1_399' title='bbox 1026 565 1123 585; x_wconf 86' lang='lat' dir='ltr'>eorum</span> <span class='ocrx_word' id='word_1_400' title='bbox 1153 566 1201 594; x_wconf 91' lang='lat' dir='ltr'>per</span> <span class='ocrx_word' id='word_1_401' title='bbox 1229 560 1366 588; x_wconf 88' lang='lat' dir='ltr'>carnalem</span> <span class='ocrx_word' id='word_1_402' title='bbox 1396 561 1645 597; x_wconf 85' lang='lat' dir='ltr'>concupiscentiam</span> <span class='ocrx_word' id='word_1_403' title='bbox 1671 561 1816 590; x_wconf 83' lang='lat' dir='ltr'>defluxum</span> <span class='ocrx_word' id='word_1_404' title='bbox 1845 566 1872 591; x_wconf 86' lang='lat' dir='ltr'>et</span> 
     </span>
     <span class='ocr_line' id='line_1_60' title="bbox 1027 604 1444 641; baseline 0.01 -10"><span class='ocrx_word' id='word_1_405' title='bbox 1027 604 1216 640; x_wconf 86' lang='lat' dir='ltr'>corruptivam</span> <span class='ocrx_word' id='word_1_406' title='bbox 1229 605 1239 621; x_wconf 98' lang='lat'>⁷</span> <span class='ocrx_word' id='word_1_407' title='bbox 1262 606 1444 641; x_wconf 90' lang='lat' dir='ltr'>putredinem.</span> 
     </span>
    </p>

    <p class='ocr_par' dir='ltr' id='par_1_13' title="bbox 1025 651 1873 1766">
     <span class='ocr_line' id='line_1_61' title="bbox 1106 651 1870 691; baseline 0.008 -13"><span class='ocrx_word' id='word_1_408' title='bbox 1106 651 1194 685; x_wconf 85' lang='lat' dir='ltr'>(Vers.</span> <span class='ocrx_word' id='word_1_409' title='bbox 1217 652 1264 687; x_wconf 86' lang='lat'>8.).</span> <span class='ocrx_word' id='word_1_410' title='bbox 1288 652 1470 689; x_wconf 73' lang='lat' dir='ltr'>Sapientiam</span> <span class='ocrx_word' id='word_1_411' title='bbox 1490 654 1566 682; x_wconf 84' lang='lat' dir='ltr'>enim</span> <span class='ocrx_word' id='word_1_412' title='bbox 1587 657 1655 688; x_wconf 69' lang='lat' dir='ltr'>etc,</span> <span class='ocrx_word' id='word_1_413' title='bbox 1681 655 1759 691; x_wconf 85' lang='lat' dir='ltr'>quasi</span> <span class='ocrx_word' id='word_1_414' title='bbox 1780 655 1870 684; x_wconf 89' lang='lat' dir='ltr'>dicat:</span> 
     </span>
     <span class='ocr_line' id='line_1_62' title="bbox 1026 698 1871 739; baseline 0.007 -14"><span class='ocrx_word' id='word_1_415' title='bbox 1026 700 1053 725; x_wconf 88' lang='lat' dir='ltr'>et</span> <span class='ocrx_word' id='word_1_416' title='bbox 1074 698 1174 726; x_wconf 92' lang='lat' dir='ltr'>merito</span> <span class='ocrx_word' id='word_1_417' title='bbox 1195 698 1233 727; x_wconf 85' lang='lat' dir='ltr'>sic</span> <span class='ocrx_word' id='word_1_418' title='bbox 1254 700 1343 735; x_wconf 93' lang='lat' dir='ltr'>puniti</span> <span class='ocrx_word' id='word_1_419' title='bbox 1366 704 1446 735; x_wconf 67' lang='lat' dir='ltr'>sunt,</span> <span class='ocrx_word' id='word_1_420' title='bbox 1461 701 1638 737; x_wconf 69' lang='lat' dir='ltr'>sapientiam</span> <span class='ocrx_word' id='word_1_421' title='bbox 1653 702 1729 730; x_wconf 85' lang='lat' dir='ltr'>enim</span> <span class='ocrx_word' id='word_1_422' title='bbox 1740 706 1871 739; x_wconf 77' lang='lat' dir='ltr'>praeter-</span> 
     </span>
     <span class='ocr_line' id='line_1_63' title="bbox 1025 744 1871 782; baseline 0.007 -11"><span class='ocrx_word' id='word_1_423' title='bbox 1025 747 1139 778; x_wconf 81' lang='lat' dir='ltr'>euntes,</span> <span class='ocrx_word' id='word_1_424' title='bbox 1161 744 1188 773; x_wconf 91' lang='lat' dir='ltr'>id</span> <span class='ocrx_word' id='word_1_425' title='bbox 1209 749 1250 774; x_wconf 90' lang='lat' dir='ltr'>est</span> <span class='ocrx_word' id='word_1_426' title='bbox 1271 746 1429 775; x_wconf 88' lang='lat' dir='ltr'>abiicientes</span> <span class='ocrx_word' id='word_1_427' title='bbox 1455 748 1623 782; x_wconf 81' lang='lat' dir='ltr'>Sodomitae,</span> <span class='ocrx_word' id='word_1_428' title='bbox 1645 752 1672 777; x_wconf 91' lang='lat' dir='ltr'>et</span> <span class='ocrx_word' id='word_1_429' title='bbox 1696 748 1757 777; x_wconf 87' lang='lat' dir='ltr'>ideo</span> <span class='ocrx_word' id='word_1_430' title='bbox 1784 749 1871 777; x_wconf 83' lang='lat' dir='ltr'>infeli-</span> 
     </span>
     <span class='ocr_line' id='line_1_64' title="bbox 1026 791 1871 832; baseline 0.006 -13"><span class='ocrx_word' id='word_1_431' title='bbox 1026 798 1086 825; x_wconf 85' lang='lat' dir='ltr'>ces;</span> <span class='ocrx_word' id='word_1_432' title='bbox 1102 791 1176 820; x_wconf 91' lang='lat' dir='ltr'>unde</span> <span class='ocrx_word' id='word_1_433' title='bbox 1191 800 1277 828; x_wconf 91' lang='lat' dir='ltr'>supra</span> <span class='ocrx_word' id='word_1_434' title='bbox 1298 793 1417 821; x_wconf 76' lang='lat' dir='ltr'>tertio⁸:</span> <span class='ocrx_word' id='word_1_435' title='bbox 1439 794 1631 830; x_wconf 83' lang='lat' dir='ltr'>«Sapientiam</span> <span class='ocrx_word' id='word_1_436' title='bbox 1653 797 1679 823; x_wconf 88' lang='lat' dir='ltr'>et</span> <span class='ocrx_word' id='word_1_437' title='bbox 1700 795 1871 832; x_wconf 88' lang='lat' dir='ltr'>disciplinam</span> 
     </span>
     <span class='ocr_line' id='line_1_65' title="bbox 1025 838 1870 877; baseline 0.005 -11"><span class='ocrx_word' id='word_1_438' title='bbox 1025 838 1072 874; x_wconf 90' lang='lat' dir='ltr'>qui</span> <span class='ocrx_word' id='word_1_439' title='bbox 1094 838 1187 867; x_wconf 86' lang='lat' dir='ltr'>abiicit</span> <span class='ocrx_word' id='word_1_440' title='bbox 1208 839 1303 867; x_wconf 82' lang='lat' dir='ltr'>infelix</span> <span class='ocrx_word' id='word_1_441' title='bbox 1325 842 1366 868; x_wconf 88' lang='lat' dir='ltr'>est</span> <span class='ocrx_word' id='word_1_442' title='bbox 1381 850 1407 874; x_wconf 89' lang='lat'>»;</span> <span class='ocrx_word' id='word_1_443' title='bbox 1423 840 1483 869; x_wconf 85' lang='lat' dir='ltr'>ideo</span> <span class='ocrx_word' id='word_1_444' title='bbox 1498 841 1579 869; x_wconf 86' lang='lat' dir='ltr'>etiam</span> <span class='ocrx_word' id='word_1_445' title='bbox 1595 841 1750 877; x_wconf 87' lang='lat' dir='ltr'>perierunt,</span> <span class='ocrx_word' id='word_1_446' title='bbox 1773 850 1870 870; x_wconf 89' lang='lat' dir='ltr'>secun-</span> 
     </span>
     <span class='ocr_line' id='line_1_66' title="bbox 1025 885 1871 923; baseline 0.005 -10"><span class='ocrx_word' id='word_1_447' title='bbox 1025 885 1091 913; x_wconf 87' lang='lat' dir='ltr'>dum</span> <span class='ocrx_word' id='word_1_448' title='bbox 1114 885 1180 914; x_wconf 88' lang='lat' dir='ltr'>illud</span> <span class='ocrx_word' id='word_1_449' title='bbox 1203 886 1311 914; x_wconf 85' lang='lat' dir='ltr'>Baruch</span> <span class='ocrx_word' id='word_1_450' title='bbox 1334 887 1429 915; x_wconf 88' lang='lat' dir='ltr'>tertio:</span> <span class='ocrx_word' id='word_1_451' title='bbox 1456 898 1469 911; x_wconf 88' lang='lat'>«</span> <span class='ocrx_word' id='word_1_452' title='bbox 1484 887 1553 923; x_wconf 82' lang='lat' dir='ltr'>Quia</span> <span class='ocrx_word' id='word_1_453' title='bbox 1574 896 1627 916; x_wconf 94' lang='lat' dir='ltr'>non</span> <span class='ocrx_word' id='word_1_454' title='bbox 1650 888 1809 917; x_wconf 86' lang='lat' dir='ltr'>habuerunt</span> <span class='ocrx_word' id='word_1_455' title='bbox 1830 897 1871 917; x_wconf 87' lang='lat' dir='ltr'>sa-</span> 
     </span>
     <span class='ocr_line' id='line_1_67' title="bbox 1026 931 1871 971; baseline 0.006 -12"><span class='ocrx_word' id='word_1_456' title='bbox 1026 931 1168 968; x_wconf 86' lang='lat' dir='ltr'>pientiam,</span> <span class='ocrx_word' id='word_1_457' title='bbox 1190 932 1334 969; x_wconf 88' lang='lat' dir='ltr'>perierunt</span> <span class='ocrx_word' id='word_1_458' title='bbox 1355 936 1468 970; x_wconf 91' lang='lat' dir='ltr'>propter</span> <span class='ocrx_word' id='word_1_459' title='bbox 1487 942 1565 962; x_wconf 87' lang='lat' dir='ltr'>suam</span> <span class='ocrx_word' id='word_1_460' title='bbox 1582 934 1763 971; x_wconf 85' lang='lat' dir='ltr'>insipientiam</span> <span class='ocrx_word' id='word_1_461' title='bbox 1780 946 1806 969; x_wconf 79' lang='lat'>»3</span> <span class='ocrx_word' id='word_1_462' title='bbox 1822 943 1871 964; x_wconf 81' lang='lat' dir='ltr'>nec</span> 
     </span>
     <span class='ocr_line' id='line_1_68' title="bbox 1025 979 1872 1018; baseline 0.006 -12"><span class='ocrx_word' id='word_1_463' title='bbox 1025 981 1133 1006; x_wconf 92' lang='lat' dir='ltr'>tantum</span> <span class='ocrx_word' id='word_1_464' title='bbox 1154 979 1313 1015; x_wconf 91' lang='lat' dir='ltr'>perierunt,</span> <span class='ocrx_word' id='word_1_465' title='bbox 1335 980 1400 1017; x_wconf 87' lang='lat' dir='ltr'>quia</span> <span class='ocrx_word' id='word_1_466' title='bbox 1414 981 1574 1017; x_wconf 82' lang='lat' dir='ltr'>sapientiam</span> <span class='ocrx_word' id='word_1_467' title='bbox 1590 982 1808 1018; x_wconf 86' lang='lat' dir='ltr'>praeterierunt,</span> <span class='ocrx_word' id='word_1_468' title='bbox 1823 983 1872 1011; x_wconf 69' lang='lat' dir='ltr'>sea</span> 
     </span>
     <span class='ocr_line' id='line_1_69' title="bbox 1025 1026 1871 1066; baseline 0.006 -13"><span class='ocrx_word' id='word_1_469' title='bbox 1025 1029 1051 1053; x_wconf 89' lang='lat' dir='ltr'>et</span> <span class='ocrx_word' id='word_1_470' title='bbox 1071 1034 1143 1053; x_wconf 74' lang='lat' dir='ltr'>suae</span> <span class='ocrx_word' id='word_1_471' title='bbox 1164 1026 1347 1062; x_wconf 76' lang='lat' dir='ltr'>insipientiae</span> <span class='ocrx_word' id='word_1_472' title='bbox 1367 1027 1541 1055; x_wconf 76' lang='lat' dir='ltr'>memoriam</span> <span class='ocrx_word' id='word_1_473' title='bbox 1562 1028 1749 1066; x_wconf 78' lang='lat' dir='ltr'>reliquerunt.</span> <span class='ocrx_word' id='word_1_474' title='bbox 1771 1029 1801 1057; x_wconf 89' lang='lat' dir='ltr'>Et</span> <span class='ocrx_word' id='word_1_475' title='bbox 1820 1030 1871 1058; x_wconf 89' lang='lat' dir='ltr'>hoc</span> 
     </span>
     <span class='ocr_line' id='line_1_70' title="bbox 1025 1072 1871 1112; baseline 0.004 -11"><span class='ocrx_word' id='word_1_476' title='bbox 1025 1075 1067 1101; x_wconf 88' lang='lat' dir='ltr'>est</span> <span class='ocrx_word' id='word_1_477' title='bbox 1088 1072 1162 1109; x_wconf 86' lang='lat' dir='ltr'>quod</span> <span class='ocrx_word' id='word_1_478' title='bbox 1184 1073 1292 1101; x_wconf 88' lang='lat' dir='ltr'>subdit:</span> <span class='ocrx_word' id='word_1_479' title='bbox 1314 1073 1379 1101; x_wconf 91' lang='lat' dir='ltr'>Non</span> <span class='ocrx_word' id='word_1_480' title='bbox 1400 1077 1514 1102; x_wconf 85' lang='lat' dir='ltr'>tantam</span> <span class='ocrx_word' id='word_1_481' title='bbox 1536 1077 1586 1103; x_wconf 92' lang='lat' dir='ltr'>etc.</span> <span class='ocrx_word' id='word_1_482' title='bbox 1610 1075 1808 1112; x_wconf 80' lang='lat' dir='ltr'>Sapientiam,</span> <span class='ocrx_word' id='word_1_483' title='bbox 1831 1076 1871 1104; x_wconf 95' lang='lat' dir='ltr'>in-</span> 
     </span>
     <span class='ocr_line' id='line_1_71' title="bbox 1026 1120 1870 1158; baseline 0.005 -11"><span class='ocrx_word' id='word_1_484' title='bbox 1026 1127 1125 1155; x_wconf 88' lang='lat' dir='ltr'>quam,</span> <span class='ocrx_word' id='word_1_485' title='bbox 1145 1123 1371 1156; x_wconf 71' lang='lat' dir='ltr'>praetereuntes,</span> <span class='ocrx_word' id='word_1_486' title='bbox 1386 1129 1444 1149; x_wconf 85' lang='lat' dir='ltr'>non</span> <span class='ocrx_word' id='word_1_487' title='bbox 1459 1124 1574 1149; x_wconf 81' lang='lat' dir='ltr'>tantum</span> <span class='ocrx_word' id='word_1_488' title='bbox 1589 1122 1619 1149; x_wconf 82' lang='lat' dir='ltr'>in</span> <span class='ocrx_word' id='word_1_489' title='bbox 1634 1120 1686 1150; x_wconf 78' lang='lat' dir='ltr'>hoe</span> <span class='ocrx_word' id='word_1_490' title='bbox 1701 1122 1779 1158; x_wconf 70' lang='lat' dir='ltr'>lapsi</span> <span class='ocrx_word' id='word_1_491' title='bbox 1792 1127 1870 1156; x_wconf 80' lang='lat' dir='ltr'>sunt,</span> 
     </span>
     <span class='ocr_line' id='line_1_72' title="bbox 1025 1166 1871 1206; baseline 0.005 -12"><span class='ocrx_word' id='word_1_492' title='bbox 1025 1169 1059 1194; x_wconf 91' lang='lat' dir='ltr'>ut</span> <span class='ocrx_word' id='word_1_493' title='bbox 1080 1166 1265 1203; x_wconf 73' lang='lat' dir='ltr'>iynorarent,</span> <span class='ocrx_word' id='word_1_494' title='bbox 1287 1167 1441 1203; x_wconf 86' lang='lat' dir='ltr'>ignorantia</span> <span class='ocrx_word' id='word_1_495' title='bbox 1463 1168 1635 1202; x_wconf 69' lang='lat' dir='ltr'>scilicet,&#39;de</span> <span class='ocrx_word' id='word_1_496' title='bbox 1650 1177 1706 1206; x_wconf 90' lang='lat' dir='ltr'>qua</span> <span class='ocrx_word' id='word_1_497' title='bbox 1720 1169 1824 1206; x_wconf 86' lang='lat' dir='ltr'>primae</span> <span class='ocrx_word' id='word_1_498' title='bbox 1838 1170 1871 1198; x_wconf 82' lang='lat' dir='ltr'>ad</span> 
     </span>
     <span class='ocr_line' id='line_1_73' title="bbox 1026 1213 1872 1253; baseline 0.004 -12"><span class='ocrx_word' id='word_1_499' title='bbox 1026 1213 1182 1242; x_wconf 84' lang='lat' dir='ltr'>Corinthios</span> <span class='ocrx_word' id='word_1_500' title='bbox 1203 1213 1309 1241; x_wconf 77' lang='lat' dir='ltr'>decimo</span> <span class='ocrx_word' id='word_1_501' title='bbox 1331 1214 1467 1250; x_wconf 77' lang='lat' dir='ltr'>quarto⁰t</span> <span class='ocrx_word' id='word_1_502' title='bbox 1494 1226 1507 1239; x_wconf 88' lang='lat'>«</span> <span class='ocrx_word' id='word_1_503' title='bbox 1523 1215 1548 1243; x_wconf 88' lang='lat' dir='ltr'>Si</span> <span class='ocrx_word' id='word_1_504' title='bbox 1571 1215 1633 1251; x_wconf 87' lang='lat' dir='ltr'>quis</span> <span class='ocrx_word' id='word_1_505' title='bbox 1654 1216 1774 1252; x_wconf 79' lang='lat' dir='ltr'>ignorat,</span> <span class='ocrx_word' id='word_1_506' title='bbox 1796 1216 1872 1253; x_wconf 84' lang='lat' dir='ltr'>igno-</span> 
     </span>
     <span class='ocr_line' id='line_1_74' title="bbox 1025 1259 1871 1297; baseline 0.004 -9"><span class='ocrx_word' id='word_1_507' title='bbox 1025 1260 1134 1288; x_wconf 84' lang='lat' dir='ltr'>rabitur</span> <span class='ocrx_word' id='word_1_508' title='bbox 1149 1271 1176 1293; x_wconf 81' lang='lat'>»;</span> <span class='ocrx_word' id='word_1_509' title='bbox 1198 1259 1289 1293; x_wconf 84' lang='lat' dir='ltr'>bona,</span> <span class='ocrx_word' id='word_1_510' title='bbox 1312 1260 1414 1289; x_wconf 86' lang='lat' dir='ltr'>scilicet</span> <span class='ocrx_word' id='word_1_511' title='bbox 1433 1261 1597 1297; x_wconf 79' lang='lat' dir='ltr'>pertinentia</span> <span class='ocrx_word' id='word_1_512' title='bbox 1612 1261 1645 1289; x_wconf 83' lang='lat' dir='ltr'>ad</span> <span class='ocrx_word' id='word_1_513' title='bbox 1660 1262 1742 1290; x_wconf 84' lang='lat' dir='ltr'>vitam</span> <span class='ocrx_word' id='word_1_514' title='bbox 1758 1265 1785 1291; x_wconf 91' lang='lat' dir='ltr'>et</span> <span class='ocrx_word' id='word_1_515' title='bbox 1799 1263 1871 1291; x_wconf 87' lang='lat' dir='ltr'>salu-</span> 
     </span>
     <span class='ocr_line' id='line_1_75' title="bbox 1026 1307 1872 1345; baseline 0.002 -10"><span class='ocrx_word' id='word_1_516' title='bbox 1026 1309 1080 1335; x_wconf 85' lang='lat' dir='ltr'>tem</span> <span class='ocrx_word' id='word_1_517' title='bbox 1103 1307 1253 1343; x_wconf 86' lang='lat' dir='ltr'>propriam.</span> <span class='ocrx_word' id='word_1_518' title='bbox 1277 1307 1332 1335; x_wconf 82' lang='lat' dir='ltr'>Sed</span> <span class='ocrx_word' id='word_1_519' title='bbox 1346 1311 1372 1335; x_wconf 86' lang='lat' dir='ltr'>et</span> <span class='ocrx_word' id='word_1_520' title='bbox 1385 1307 1568 1344; x_wconf 78' lang='lat' dir='ltr'>insipientiae</span> <span class='ocrx_word' id='word_1_521' title='bbox 1581 1316 1669 1342; x_wconf 75' lang='lat' dir='ltr'>suae,</span> <span class='ocrx_word' id='word_1_522' title='bbox 1685 1309 1750 1345; x_wconf 90' lang='lat' dir='ltr'>quia</span> <span class='ocrx_word' id='word_1_523' title='bbox 1770 1321 1782 1333; x_wconf 87' lang='lat'>«</span> <span class='ocrx_word' id='word_1_524' title='bbox 1798 1317 1872 1337; x_wconf 87' lang='lat' dir='ltr'>com-</span> 
     </span>
     <span class='ocr_line' id='line_1_76' title="bbox 1025 1354 1873 1391; baseline 0.002 -9"><span class='ocrx_word' id='word_1_525' title='bbox 1025 1354 1113 1391; x_wconf 89' lang='lat' dir='ltr'>parati</span> <span class='ocrx_word' id='word_1_526' title='bbox 1137 1357 1202 1382; x_wconf 89' lang='lat' dir='ltr'>sunt</span> <span class='ocrx_word' id='word_1_527' title='bbox 1217 1354 1349 1382; x_wconf 90' lang='lat' dir='ltr'>iumentis</span> <span class='ocrx_word' id='word_1_528' title='bbox 1363 1354 1556 1390; x_wconf 83' lang='lat' dir='ltr'>insipientibus</span> <span class='ocrx_word' id='word_1_529' title='bbox 1571 1358 1597 1383; x_wconf 91' lang='lat' dir='ltr'>et</span> <span class='ocrx_word' id='word_1_530' title='bbox 1612 1355 1715 1384; x_wconf 88' lang='lat' dir='ltr'>similes</span> <span class='ocrx_word' id='word_1_531' title='bbox 1730 1355 1792 1384; x_wconf 82' lang='lat' dir='ltr'>facti</span> <span class='ocrx_word' id='word_1_532' title='bbox 1808 1360 1873 1384; x_wconf 87' lang='lat' dir='ltr'>sunt</span> 
     </span>
     <span class='ocr_line' id='line_1_77' title="bbox 1025 1400 1873 1439; baseline 0.001 -9"><span class='ocrx_word' id='word_1_533' title='bbox 1025 1401 1078 1430; x_wconf 90' lang='lat' dir='ltr'>illis</span> <span class='ocrx_word' id='word_1_534' title='bbox 1099 1412 1130 1434; x_wconf 77' lang='lat'>»3</span> <span class='ocrx_word' id='word_1_535' title='bbox 1162 1400 1343 1439; x_wconf 79' lang='lat' dir='ltr'>reliquerunt</span> <span class='ocrx_word' id='word_1_536' title='bbox 1369 1400 1534 1429; x_wconf 74' lang='lat' dir='ltr'>hominibus</span> <span class='ocrx_word' id='word_1_537' title='bbox 1561 1403 1750 1436; x_wconf 85' lang='lat' dir='ltr'>memoriam,</span> <span class='ocrx_word' id='word_1_538' title='bbox 1782 1403 1873 1439; x_wconf 85' lang='lat' dir='ltr'>quoad</span> 
     </span>
     <span class='ocr_line' id='line_1_78' title="bbox 1025 1447 1872 1487; baseline 0.002 -12"><span class='ocrx_word' id='word_1_539' title='bbox 1025 1448 1125 1476; x_wconf 85' lang='lat' dir='ltr'>malam</span> <span class='ocrx_word' id='word_1_540' title='bbox 1147 1447 1263 1481; x_wconf 81' lang='lat' dir='ltr'>samam,</span> <span class='ocrx_word' id='word_1_541' title='bbox 1286 1447 1323 1475; x_wconf 91' lang='lat' dir='ltr'>ita</span> <span class='ocrx_word' id='word_1_542' title='bbox 1344 1447 1484 1482; x_wconf 86' lang='lat' dir='ltr'>videlicet,</span> <span class='ocrx_word' id='word_1_543' title='bbox 1508 1452 1539 1476; x_wconf 77' lang='lat' dir='ltr'>at</span> <span class='ocrx_word' id='word_1_544' title='bbox 1560 1448 1591 1476; x_wconf 73' lang='lat' dir='ltr'>tn</span> <span class='ocrx_word' id='word_1_545' title='bbox 1613 1447 1657 1477; x_wconf 72' lang='lat' dir='ltr'>liis</span> <span class='ocrx_word' id='word_1_546' title='bbox 1679 1458 1753 1487; x_wconf 83' lang='lat' dir='ltr'>quae</span> <span class='ocrx_word' id='word_1_547' title='bbox 1771 1457 1872 1486; x_wconf 79' lang='lat' dir='ltr'>pecea-</span> 
     </span>
     <span class='ocr_line' id='line_1_79' title="bbox 1025 1494 1871 1532; baseline 0.002 -10"><span class='ocrx_word' id='word_1_548' title='bbox 1025 1497 1145 1528; x_wconf 82' lang='lat' dir='ltr'>verunt,</span> <span class='ocrx_word' id='word_1_549' title='bbox 1169 1494 1194 1522; x_wconf 90' lang='lat' dir='ltr'>id</span> <span class='ocrx_word' id='word_1_550' title='bbox 1216 1498 1272 1528; x_wconf 87' lang='lat' dir='ltr'>est,</span> <span class='ocrx_word' id='word_1_551' title='bbox 1302 1497 1333 1522; x_wconf 90' lang='lat' dir='ltr'>ut</span> <span class='ocrx_word' id='word_1_552' title='bbox 1360 1494 1386 1522; x_wconf 93' lang='lat' dir='ltr'>in</span> <span class='ocrx_word' id='word_1_553' title='bbox 1410 1494 1442 1523; x_wconf 83' lang='lat' dir='ltr'>iis</span> <span class='ocrx_word' id='word_1_554' title='bbox 1470 1495 1603 1531; x_wconf 81' lang='lat' dir='ltr'>peccatis,</span> <span class='ocrx_word' id='word_1_555' title='bbox 1633 1503 1704 1532; x_wconf 84' lang='lat' dir='ltr'>quae</span> <span class='ocrx_word' id='word_1_556' title='bbox 1731 1495 1871 1530; x_wconf 82' lang='lat' dir='ltr'>fecerunt,</span> 
     </span>
     <span class='ocr_line' id='line_1_80' title="bbox 1025 1541 1872 1579; baseline 0.002 -10"><span class='ocrx_word' id='word_1_557' title='bbox 1025 1549 1077 1569; x_wconf 84' lang='lat' dir='ltr'>nee</span> <span class='ocrx_word' id='word_1_558' title='bbox 1098 1541 1187 1569; x_wconf 87' lang='lat' dir='ltr'>latere</span> <span class='ocrx_word' id='word_1_559' title='bbox 1204 1541 1382 1578; x_wconf 66' lang='lat' dir='ltr'>potuissent,</span> <span class='ocrx_word' id='word_1_560' title='bbox 1398 1541 1464 1578; x_wconf 89' lang='lat' dir='ltr'>quia</span> <span class='ocrx_word' id='word_1_561' title='bbox 1478 1542 1629 1570; x_wconf 87' lang='lat' dir='ltr'>noluerunt</span> <span class='ocrx_word' id='word_1_562' title='bbox 1644 1542 1744 1576; x_wconf 81' lang='lat' dir='ltr'>latere,</span> <span class='ocrx_word' id='word_1_563' title='bbox 1760 1543 1807 1571; x_wconf 91' lang='lat' dir='ltr'>sed</span> <span class='ocrx_word' id='word_1_564' title='bbox 1822 1551 1872 1579; x_wconf 93' lang='lat' dir='ltr'>pu-</span> 
     </span>
     <span class='ocr_line' id='line_1_81' title="bbox 1025 1587 1872 1624; baseline 0.002 -8"><span class='ocrx_word' id='word_1_565' title='bbox 1025 1587 1096 1616; x_wconf 87' lang='lat' dir='ltr'>blice</span> <span class='ocrx_word' id='word_1_566' title='bbox 1122 1590 1321 1624; x_wconf 77' lang='lat' dir='ltr'>peccaverunt3</span> <span class='ocrx_word' id='word_1_567' title='bbox 1344 1588 1427 1616; x_wconf 84' lang='lat' dir='ltr'>Isaiae</span> <span class='ocrx_word' id='word_1_568' title='bbox 1449 1588 1530 1617; x_wconf 87' lang='lat' dir='ltr'>tertio</span> <span class='ocrx_word' id='word_1_569' title='bbox 1543 1589 1580 1616; x_wconf 90' lang='lat'>¹⁰:</span> <span class='ocrx_word' id='word_1_570' title='bbox 1602 1601 1615 1613; x_wconf 86' lang='lat'>«</span> <span class='ocrx_word' id='word_1_571' title='bbox 1630 1589 1773 1618; x_wconf 81' lang='lat' dir='ltr'>Peccatum</span> <span class='ocrx_word' id='word_1_572' title='bbox 1790 1597 1872 1618; x_wconf 90' lang='lat' dir='ltr'>suum</span> 
     </span>
     <span class='ocr_line' id='line_1_82' title="bbox 1026 1634 1872 1672; baseline 0.002 -10"><span class='ocrx_word' id='word_1_573' title='bbox 1026 1635 1104 1672; x_wconf 84' lang='lat' dir='ltr'>quasi</span> <span class='ocrx_word' id='word_1_574' title='bbox 1127 1634 1241 1663; x_wconf 86' lang='lat' dir='ltr'>Sodoma</span> <span class='ocrx_word' id='word_1_575' title='bbox 1263 1635 1493 1671; x_wconf 84' lang='lat' dir='ltr'>praedicaverunt</span> <span class='ocrx_word' id='word_1_576' title='bbox 1514 1643 1565 1664; x_wconf 87' lang='lat' dir='ltr'>nec</span> <span class='ocrx_word' id='word_1_577' title='bbox 1579 1636 1824 1664; x_wconf 77' lang='lat' dir='ltr'>absconderunt».</span> <span class='ocrx_word' id='word_1_578' title='bbox 1841 1637 1872 1665; x_wconf 89' lang='lat' dir='ltr'>Et</span> 
     </span>
     <span class='ocr_line' id='line_1_83' title="bbox 1025 1682 1872 1720; baseline 0.001 -10"><span class='ocrx_word' id='word_1_579' title='bbox 1025 1682 1086 1710; x_wconf 91' lang='lat' dir='ltr'>ideo</span> <span class='ocrx_word' id='word_1_580' title='bbox 1107 1682 1241 1710; x_wconf 88' lang='lat' dir='ltr'>Dominus</span> <span class='ocrx_word' id='word_1_581' title='bbox 1262 1684 1373 1718; x_wconf 88' lang='lat' dir='ltr'>peccata</span> <span class='ocrx_word' id='word_1_582' title='bbox 1394 1689 1491 1710; x_wconf 89' lang='lat' dir='ltr'>eorum</span> <span class='ocrx_word' id='word_1_583' title='bbox 1515 1682 1562 1710; x_wconf 86' lang='lat' dir='ltr'>toti</span> <span class='ocrx_word' id='word_1_584' title='bbox 1589 1682 1692 1711; x_wconf 87' lang='lat' dir='ltr'>mundo</span> <span class='ocrx_word' id='word_1_585' title='bbox 1713 1683 1800 1711; x_wconf 89' lang='lat' dir='ltr'>voluit</span> <span class='ocrx_word' id='word_1_586' title='bbox 1820 1691 1872 1720; x_wconf 90' lang='lat' dir='ltr'>pu-</span> 
     </span>
     <span class='ocr_line' id='line_1_84' title="bbox 1026 1729 1554 1766; baseline 0 -9"><span class='ocrx_word' id='word_1_587' title='bbox 1026 1729 1121 1758; x_wconf 89' lang='lat' dir='ltr'>blicari</span> <span class='ocrx_word' id='word_1_588' title='bbox 1143 1737 1193 1766; x_wconf 92' lang='lat' dir='ltr'>per</span> <span class='ocrx_word' id='word_1_589' title='bbox 1214 1729 1357 1766; x_wconf 86' lang='lat' dir='ltr'>publicum</span> <span class='ocrx_word' id='word_1_590' title='bbox 1379 1729 1554 1765; x_wconf 85' lang='lat' dir='ltr'>supplicium.</span> 
     </span>
    </p>

    <p class='ocr_par' dir='ltr' id='par_1_14' title="bbox 1026 1776 1880 2281">
     <span class='ocr_line' id='line_1_85' title="bbox 1105 1776 1871 1813; baseline 0.001 -9"><span class='ocrx_word' id='word_1_591' title='bbox 1105 1777 1180 1804; x_wconf 90' lang='lat' dir='ltr'>Latet</span> <span class='ocrx_word' id='word_1_592' title='bbox 1211 1779 1354 1812; x_wconf 86' lang='lat' dir='ltr'>peccatum</span> <span class='ocrx_word' id='word_1_593' title='bbox 1385 1776 1526 1813; x_wconf 79' lang='lat' dir='ltr'>peccandi</span> <span class='ocrx_word' id='word_1_594' title='bbox 1555 1777 1731 1810; x_wconf 78' lang='lat' dir='ltr'>calliditate,-</span> <span class='ocrx_word' id='word_1_595' title='bbox 1759 1777 1871 1806; x_wconf 86' lang='lat' dir='ltr'>secundi</span> 
     </span>
     <span class='ocr_line' id='line_1_86' title="bbox 1026 1822 1873 1860; baseline 0 -8"><span class='ocrx_word' id='word_1_596' title='bbox 1026 1824 1130 1860; x_wconf 83' lang='lat' dir='ltr'>Regum</span> <span class='ocrx_word' id='word_1_597' title='bbox 1145 1822 1308 1851; x_wconf 85' lang='lat' dir='ltr'>duodecimo</span> <span class='ocrx_word' id='word_1_598' title='bbox 1320 1824 1358 1850; x_wconf 92' lang='lat'>¹¹:</span> <span class='ocrx_word' id='word_1_599' title='bbox 1376 1834 1389 1847; x_wconf 87' lang='lat'>«</span> <span class='ocrx_word' id='word_1_600' title='bbox 1400 1823 1441 1851; x_wconf 94' lang='lat' dir='ltr'>Tu</span> <span class='ocrx_word' id='word_1_601' title='bbox 1456 1823 1542 1851; x_wconf 87' lang='lat' dir='ltr'>fecisti</span> <span class='ocrx_word' id='word_1_602' title='bbox 1557 1823 1723 1857; x_wconf 86' lang='lat' dir='ltr'>abscondite,</span> <span class='ocrx_word' id='word_1_603' title='bbox 1739 1831 1788 1860; x_wconf 84' lang='lat' dir='ltr'>ego</span> <span class='ocrx_word' id='word_1_604' title='bbox 1807 1831 1873 1852; x_wconf 92' lang='lat' dir='ltr'>vero</span> 
     </span>
     <span class='ocr_line' id='line_1_87' title="bbox 1027 1869 1871 1906; baseline 0 -8"><span class='ocrx_word' id='word_1_605' title='bbox 1027 1870 1122 1898; x_wconf 79' lang='lat' dir='ltr'>faciam</span> <span class='ocrx_word' id='word_1_606' title='bbox 1151 1869 1269 1898; x_wconf 89' lang='lat' dir='ltr'>verbum</span> <span class='ocrx_word' id='word_1_607' title='bbox 1298 1870 1370 1898; x_wconf 89' lang='lat' dir='ltr'>istud</span> <span class='ocrx_word' id='word_1_608' title='bbox 1399 1870 1426 1898; x_wconf 90' lang='lat' dir='ltr'>in</span> <span class='ocrx_word' id='word_1_609' title='bbox 1455 1873 1604 1906; x_wconf 90' lang='lat' dir='ltr'>conspectu</span> <span class='ocrx_word' id='word_1_610' title='bbox 1631 1870 1720 1898; x_wconf 89' lang='lat' dir='ltr'>omnis</span> <span class='ocrx_word' id='word_1_611' title='bbox 1748 1870 1871 1898; x_wconf 86' lang='lat' dir='ltr'>lsrael».</span> 
     </span>
     <span class='ocr_line' id='line_1_88' title="bbox 1028 1914 1872 1953; baseline -0.001 -8"><span class='ocrx_word' id='word_1_612' title='bbox 1028 1916 1200 1945; x_wconf 74' lang='lat' dir='ltr'>Sanctitatis</span> <span class='ocrx_word' id='word_1_613' title='bbox 1225 1914 1429 1949; x_wconf 79' lang='lat' dir='ltr'>simulatione,·</span> <span class='ocrx_word' id='word_1_614' title='bbox 1458 1916 1585 1944; x_wconf 84' lang='lat' dir='ltr'>Matthaei</span> <span class='ocrx_word' id='word_1_615' title='bbox 1615 1916 1745 1953; x_wconf 83' lang='lat' dir='ltr'>vigesimo</span> <span class='ocrx_word' id='word_1_616' title='bbox 1772 1916 1872 1944; x_wconf 88' lang='lat' dir='ltr'>tertio:</span> 
     </span>
     <span class='ocr_line' id='line_1_89' title="bbox 1032 1963 1873 2000; baseline 0 -9"><span class='ocrx_word' id='word_1_617' title='bbox 1032 1975 1045 1988; x_wconf 86' lang='lat'>«</span> <span class='ocrx_word' id='word_1_618' title='bbox 1061 1963 1168 1992; x_wconf 88' lang='lat' dir='ltr'>Similes</span> <span class='ocrx_word' id='word_1_619' title='bbox 1189 1963 1255 1992; x_wconf 90' lang='lat' dir='ltr'>estis</span> <span class='ocrx_word' id='word_1_620' title='bbox 1283 1964 1417 2000; x_wconf 85' lang='lat' dir='ltr'>sepulcris</span> <span class='ocrx_word' id='word_1_621' title='bbox 1445 1963 1604 1992; x_wconf 86' lang='lat' dir='ltr'>dealbatis»</span> <span class='ocrx_word' id='word_1_622' title='bbox 1635 1966 1685 1991; x_wconf 87' lang='lat' dir='ltr'>etc.</span> <span class='ocrx_word' id='word_1_623' title='bbox 1715 1963 1873 2000; x_wconf 66' lang='lat' dir='ltr'>Dignitatis</span> 
     </span>
     <span class='ocr_line' id='line_1_90' title="bbox 1027 2009 1880 2047; baseline -0.001 -8"><span class='ocrx_word' id='word_1_624' title='bbox 1027 2010 1069 2039; x_wconf 85' lang='lat' dir='ltr'>vel</span> <span class='ocrx_word' id='word_1_625' title='bbox 1091 2010 1267 2047; x_wconf 88' lang='lat' dir='ltr'>praelationis</span> <span class='ocrx_word' id='word_1_626' title='bbox 1295 2010 1487 2044; x_wconf 77' lang='lat' dir='ltr'>auctoritate,</span> <span class='ocrx_word' id='word_1_627' title='bbox 1509 2009 1660 2038; x_wconf 88' lang='lat' dir='ltr'>secundum</span> <span class='ocrx_word' id='word_1_628' title='bbox 1682 2009 1751 2038; x_wconf 88' lang='lat' dir='ltr'>illud</span> <span class='ocrx_word' id='word_1_629' title='bbox 1771 2009 1880 2046; x_wconf 70' lang='lat' dir='ltr'>Grego-</span> 
     </span>
     <span class='ocr_line' id='line_1_91' title="bbox 1027 2057 1872 2093; baseline 0 -8"><span class='ocrx_word' id='word_1_630' title='bbox 1027 2057 1060 2086; x_wconf 91' lang='lat' dir='ltr'>rii</span> <span class='ocrx_word' id='word_1_631' title='bbox 1073 2058 1111 2085; x_wconf 81' lang='lat'>¹2:</span> <span class='ocrx_word' id='word_1_632' title='bbox 1138 2068 1152 2082; x_wconf 85' lang='lat'>«</span> <span class='ocrx_word' id='word_1_633' title='bbox 1167 2057 1264 2086; x_wconf 90' lang='lat' dir='ltr'>Nullus</span> <span class='ocrx_word' id='word_1_634' title='bbox 1278 2057 1305 2085; x_wconf 92' lang='lat' dir='ltr'>in</span> <span class='ocrx_word' id='word_1_635' title='bbox 1324 2057 1443 2086; x_wconf 87' lang='lat' dir='ltr'>Ecclesia</span> <span class='ocrx_word' id='word_1_636' title='bbox 1464 2057 1581 2093; x_wconf 89' lang='lat' dir='ltr'>amplius</span> <span class='ocrx_word' id='word_1_637' title='bbox 1603 2059 1696 2090; x_wconf 85' lang='lat' dir='ltr'>nocet,</span> <span class='ocrx_word' id='word_1_638' title='bbox 1719 2064 1801 2093; x_wconf 87' lang='lat' dir='ltr'>quam</span> <span class='ocrx_word' id='word_1_639' title='bbox 1824 2057 1872 2093; x_wconf 85' lang='lat' dir='ltr'>qui</span> 
     </span>
     <span class='ocr_line' id='line_1_92' title="bbox 1027 2097 1871 2141; baseline -0.001 -9"><span class='ocrx_word' id='word_1_640' title='bbox 1027 2097 1167 2141; x_wconf 85' lang='lat' dir='ltr'>perverse</span> <span class='ocrx_word' id='word_1_641' title='bbox 1179 2111 1278 2140; x_wconf 85' lang='lat' dir='ltr'>agens,</span> <span class='ocrx_word' id='word_1_642' title='bbox 1300 2111 1399 2132; x_wconf 86' lang='lat' dir='ltr'>nomen</span> <span class='ocrx_word' id='word_1_643' title='bbox 1415 2103 1457 2132; x_wconf 93' lang='lat' dir='ltr'>vel</span> <span class='ocrx_word' id='word_1_644' title='bbox 1472 2103 1595 2131; x_wconf 86' lang='lat' dir='ltr'>ordinem</span> <span class='ocrx_word' id='word_1_645' title='bbox 1612 2103 1762 2131; x_wconf 87' lang='lat' dir='ltr'>sanctitatis</span> <span class='ocrx_word' id='word_1_646' title='bbox 1776 2103 1871 2136; x_wconf 71' lang='lat' dir='ltr'>habet,</span> 
     </span>
     <span class='ocr_line' id='line_1_93' title="bbox 1028 2150 1872 2188; baseline -0.002 -8"><span class='ocrx_word' id='word_1_647' title='bbox 1028 2152 1103 2180; x_wconf 84' lang='lat' dir='ltr'>hunc</span> <span class='ocrx_word' id='word_1_648' title='bbox 1118 2151 1221 2188; x_wconf 88' lang='lat' dir='ltr'>quippe</span> <span class='ocrx_word' id='word_1_649' title='bbox 1236 2150 1404 2187; x_wconf 86' lang='lat' dir='ltr'>redarguere</span> <span class='ocrx_word' id='word_1_650' title='bbox 1415 2158 1496 2179; x_wconf 91' lang='lat' dir='ltr'>nemo</span> <span class='ocrx_word' id='word_1_651' title='bbox 1512 2150 1678 2187; x_wconf 88' lang='lat' dir='ltr'>praesumit,</span> <span class='ocrx_word' id='word_1_652' title='bbox 1693 2153 1720 2178; x_wconf 91' lang='lat' dir='ltr'>et</span> <span class='ocrx_word' id='word_1_653' title='bbox 1733 2150 1761 2178; x_wconf 93' lang='lat' dir='ltr'>in</span> <span class='ocrx_word' id='word_1_654' title='bbox 1777 2157 1872 2178; x_wconf 88' lang='lat' dir='ltr'>exem-</span> 
     </span>
     <span class='ocr_line' id='line_1_94' title="bbox 1027 2197 1872 2236; baseline -0.002 -9"><span class='ocrx_word' id='word_1_655' title='bbox 1027 2199 1104 2236; x_wconf 91' lang='lat' dir='ltr'>plum</span> <span class='ocrx_word' id='word_1_656' title='bbox 1126 2198 1207 2235; x_wconf 89' lang='lat' dir='ltr'>culpa</span> <span class='ocrx_word' id='word_1_657' title='bbox 1228 2198 1407 2226; x_wconf 88' lang='lat' dir='ltr'>vehementer</span> <span class='ocrx_word' id='word_1_658' title='bbox 1428 2197 1604 2231; x_wconf 83' lang='lat' dir='ltr'>extenditur,</span> <span class='ocrx_word' id='word_1_659' title='bbox 1626 2197 1736 2234; x_wconf 89' lang='lat' dir='ltr'>quando</span> <span class='ocrx_word' id='word_1_660' title='bbox 1757 2205 1808 2233; x_wconf 93' lang='lat' dir='ltr'>pro</span> <span class='ocrx_word' id='word_1_661' title='bbox 1829 2205 1872 2225; x_wconf 88' lang='lat' dir='ltr'>re-</span> 
     </span>
     <span class='ocr_line' id='line_1_95' title="bbox 1027 2245 1641 2281; baseline -0.003 -7"><span class='ocrx_word' id='word_1_662' title='bbox 1027 2246 1151 2275; x_wconf 89' lang='lat' dir='ltr'>verentia</span> <span class='ocrx_word' id='word_1_663' title='bbox 1172 2245 1276 2274; x_wconf 90' lang='lat' dir='ltr'>ordinis</span> <span class='ocrx_word' id='word_1_664' title='bbox 1297 2248 1424 2281; x_wconf 85' lang='lat' dir='ltr'>peccator</span> <span class='ocrx_word' id='word_1_665' title='bbox 1446 2245 1601 2273; x_wconf 87' lang='lat' dir='ltr'>honoratur</span> <span class='ocrx_word' id='word_1_666' title='bbox 1616 2256 1641 2272; x_wconf 82' lang='lat'>».</span> 
     </span>
    </p>

    <p class='ocr_par' dir='ltr' id='par_1_15' title="bbox 1028 2290 1872 2375">
     <span class='ocr_line' id='line_1_96' title="bbox 1107 2290 1872 2328; baseline -0.001 -8"><span class='ocrx_word' id='word_1_667' title='bbox 1107 2292 1195 2328; x_wconf 87' lang='lat' dir='ltr'>(Vers.</span> <span class='ocrx_word' id='word_1_668' title='bbox 1219 2292 1266 2327; x_wconf 89' lang='lat'>9.).</span> <span class='ocrx_word' id='word_1_669' title='bbox 1288 2291 1441 2328; x_wconf 86' lang='lat' dir='ltr'>Sapientia</span> <span class='ocrx_word' id='word_1_670' title='bbox 1462 2295 1575 2325; x_wconf 83' lang='lat' dir='ltr'>autem,</span> <span class='ocrx_word' id='word_1_671' title='bbox 1598 2291 1676 2328; x_wconf 87' lang='lat' dir='ltr'>quasi</span> <span class='ocrx_word' id='word_1_672' title='bbox 1697 2291 1785 2319; x_wconf 84' lang='lat' dir='ltr'>dicat:</span> <span class='ocrx_word' id='word_1_673' title='bbox 1801 2290 1872 2319; x_wconf 87' lang='lat' dir='ltr'>sicut</span> 
     </span>
     <span class='ocr_line' id='line_1_97' title="bbox 1028 2337 1872 2375; baseline -0.002 -8"><span class='ocrx_word' id='word_1_674' title='bbox 1028 2339 1065 2367; x_wconf 85' lang='lat' dir='ltr'>illi</span> <span class='ocrx_word' id='word_1_675' title='bbox 1088 2339 1181 2367; x_wconf 88' lang='lat' dir='ltr'>iniusti</span> <span class='ocrx_word' id='word_1_676' title='bbox 1203 2338 1291 2375; x_wconf 89' lang='lat' dir='ltr'>puniti</span> <span class='ocrx_word' id='word_1_677' title='bbox 1314 2341 1379 2367; x_wconf 90' lang='lat' dir='ltr'>sunt</span> <span class='ocrx_word' id='word_1_678' title='bbox 1407 2341 1520 2375; x_wconf 90' lang='lat' dir='ltr'>propter</span> <span class='ocrx_word' id='word_1_679' title='bbox 1548 2341 1737 2374; x_wconf 88' lang='lat' dir='ltr'>contemptum</span> <span class='ocrx_word' id='word_1_680' title='bbox 1766 2337 1872 2374; x_wconf 87' lang='lat' dir='ltr'>sapien—</span> 
     </span>
    </p>
   </div>
   <div class='ocr_carea' id='block_1_7' title="bbox 740 2449 1257 2454">
    <p class='ocr_par' dir='ltr' id='par_1_16' title="bbox 740 2449 1257 2454">
     <span class='ocr_line' id='line_1_98' title="bbox 740 2449 1257 2454; baseline 0 0"><span class='ocrx_word' id='word_1_681' title='bbox 740 2449 1257 2454; x_wconf 95' lang='lat' dir='ltr'> </span> 
     </span>
    </p>
   </div>
   <div class='ocr_carea' id='block_1_8' title="bbox 125 2529 971 2981">
    <p class='ocr_par' dir='ltr' id='par_1_17' title="bbox 129 2529 970 2598">
     <span class='ocr_line' id='line_1_99' title="bbox 188 2529 970 2558; baseline -0.001 -6"><span class='ocrx_word' id='word_1_682' title='bbox 188 2529 196 2543; x_wconf 82' lang='lat'>¹</span> <span class='ocrx_word' id='word_1_683' title='bbox 213 2530 259 2553; x_wconf 81' lang='lat' dir='ltr'>Csr.</span> <span class='ocrx_word' id='word_1_684' title='bbox 276 2536 345 2558; x_wconf 84' lang='lat' dir='ltr'>supra</span> <span class='ocrx_word' id='word_1_685' title='bbox 363 2537 418 2558; x_wconf 80' lang='lat' dir='ltr'>pag.</span> <span class='ocrx_word' id='word_1_686' title='bbox 435 2530 491 2558; x_wconf 70' lang='lat'>472,</span> <span class='ocrx_word' id='word_1_687' title='bbox 509 2533 562 2552; x_wconf 86' lang='lat' dir='ltr'>nota</span> <span class='ocrx_word' id='word_1_688' title='bbox 575 2530 604 2552; x_wconf 62' lang='lat'>1¹0</span> <span class='ocrx_word' id='word_1_689' title='bbox 624 2542 654 2546; x_wconf 97' lang='lat'><strong>—</strong></span> <span class='ocrx_word' id='word_1_690' title='bbox 668 2530 763 2552; x_wconf 80' lang='lat' dir='ltr'>inferius</span> <span class='ocrx_word' id='word_1_691' title='bbox 774 2530 902 2557; x_wconf 81' lang='lat' dir='ltr'>allegantur</span> <span class='ocrx_word' id='word_1_692' title='bbox 914 2529 970 2551; x_wconf 89' lang='lat' dir='ltr'>Gen.</span> 
     </span>
     <span class='ocr_line' id='line_1_100' title="bbox 129 2568 569 2598; baseline 0 -7"><span class='ocrx_word' id='word_1_693' title='bbox 129 2568 222 2598; x_wconf 71' lang='lat'>13,114.</span> <span class='ocrx_word' id='word_1_694' title='bbox 240 2575 318 2598; x_wconf 83' lang='lat' dir='ltr'>seqq.;</span> <span class='ocrx_word' id='word_1_695' title='bbox 339 2569 378 2597; x_wconf 84' lang='grc'>15,</span> <span class='ocrx_word' id='word_1_696' title='bbox 397 2569 433 2591; x_wconf 76' lang='grc'>48.</span> <span class='ocrx_word' id='word_1_697' title='bbox 451 2571 473 2591; x_wconf 87' lang='lat' dir='ltr'>et</span> <span class='ocrx_word' id='word_1_698' title='bbox 490 2569 531 2596; x_wconf 70' lang='lat'>47,</span> <span class='ocrx_word' id='word_1_699' title='bbox 548 2569 569 2591; x_wconf 84' lang='lat'>8.</span> 
     </span>
    </p>

    <p class='ocr_par' dir='ltr' id='par_1_18' title="bbox 126 2607 971 2675">
     <span class='ocr_line' id='line_1_101' title="bbox 188 2607 971 2637; baseline -0.001 -6"><span class='ocrx_word' id='word_1_700' title='bbox 188 2607 197 2620; x_wconf 58' lang='grc' dir='ltr'>Β</span> <span class='ocrx_word' id='word_1_701' title='bbox 214 2609 301 2636; x_wconf 87' lang='lat' dir='ltr'>Nempe</span> <span class='ocrx_word' id='word_1_702' title='bbox 318 2607 483 2631; x_wconf 66' lang='lat' dir='ltr'>interlinearis.</span> <span class='ocrx_word' id='word_1_703' title='bbox 499 2608 543 2631; x_wconf 84' lang='lat' dir='ltr'>Csr.</span> <span class='ocrx_word' id='word_1_704' title='bbox 556 2608 671 2630; x_wconf 83' lang='lat' dir='ltr'>Rabanus.</span> <span class='ocrx_word' id='word_1_705' title='bbox 683 2620 714 2625; x_wconf 90' lang='lat'>—-</span> <span class='ocrx_word' id='word_1_706' title='bbox 725 2608 775 2630; x_wconf 92' lang='lat' dir='ltr'>Duo</span> <span class='ocrx_word' id='word_1_707' title='bbox 787 2615 852 2637; x_wconf 83' lang='lat' dir='ltr'>seqq.</span> <span class='ocrx_word' id='word_1_708' title='bbox 864 2608 906 2630; x_wconf 90' lang='lat' dir='ltr'>loci</span> <span class='ocrx_word' id='word_1_709' title='bbox 918 2610 971 2630; x_wconf 86' lang='lat' dir='ltr'>sunt</span> 
     </span>
     <span class='ocr_line' id='line_1_102' title="bbox 126 2647 387 2675; baseline 0 -6"><span class='ocrx_word' id='word_1_710' title='bbox 126 2648 149 2670; x_wconf 91' lang='lat' dir='ltr'>ll.</span> <span class='ocrx_word' id='word_1_711' title='bbox 167 2648 226 2669; x_wconf 82' lang='lat' dir='ltr'>Petr.</span> <span class='ocrx_word' id='word_1_712' title='bbox 243 2648 269 2675; x_wconf 84' lang='lat'>2,</span> <span class='ocrx_word' id='word_1_713' title='bbox 288 2648 310 2670; x_wconf 81' lang='lat'>8.</span> <span class='ocrx_word' id='word_1_714' title='bbox 327 2650 349 2669; x_wconf 79' lang='lat' dir='ltr'>et</span> <span class='ocrx_word' id='word_1_715' title='bbox 364 2647 387 2670; x_wconf 87' lang='lat'>7.</span> 
     </span>
    </p>

    <p class='ocr_par' dir='ltr' id='par_1_19' title="bbox 125 2685 970 2752">
     <span class='ocr_line' id='line_1_103' title="bbox 188 2685 970 2715; baseline -0.003 -6"><span class='ocrx_word' id='word_1_716' title='bbox 188 2685 197 2698; x_wconf 78' lang='lat'>³</span> <span class='ocrx_word' id='word_1_717' title='bbox 215 2686 420 2715; x_wconf 41' lang='lat' dir='ltr'>Vers.f14.seqq.;</span> <span class='ocrx_word' id='word_1_718' title='bbox 439 2686 494 2709; x_wconf 82' lang='lat' dir='ltr'>ibid.</span> <span class='ocrx_word' id='word_1_719' title='bbox 512 2693 533 2709; x_wconf 72' lang='lat' dir='ltr'>v.</span> <span class='ocrx_word' id='word_1_720' title='bbox 552 2686 588 2708; x_wconf 73' lang='lat'>24.</span> <span class='ocrx_word' id='word_1_721' title='bbox 607 2685 704 2709; x_wconf 85' lang='lat' dir='ltr'>habetur</span> <span class='ocrx_word' id='word_1_722' title='bbox 721 2692 770 2715; x_wconf 86' lang='lat' dir='ltr'>seq.</span> <span class='ocrx_word' id='word_1_723' title='bbox 787 2686 901 2708; x_wconf 86' lang='lat' dir='ltr'>locus.—</span> <span class='ocrx_word' id='word_1_724' title='bbox 914 2685 970 2708; x_wconf 87' lang='lat' dir='ltr'>Sub-</span> 
     </span>
     <span class='ocr_line' id='line_1_104' title="bbox 125 2724 587 2752; baseline -0.002 -5"><span class='ocrx_word' id='word_1_725' title='bbox 125 2725 179 2747; x_wconf 90' lang='lat' dir='ltr'>inde</span> <span class='ocrx_word' id='word_1_726' title='bbox 196 2725 307 2752; x_wconf 81' lang='lat' dir='ltr'>allegatur</span> <span class='ocrx_word' id='word_1_727' title='bbox 324 2725 403 2747; x_wconf 86' lang='lat' dir='ltr'>Glossa</span> <span class='ocrx_word' id='word_1_728' title='bbox 421 2724 587 2748; x_wconf 76' lang='lat' dir='ltr'>interlinearis.</span> 
     </span>
    </p>

    <p class='ocr_par' dir='ltr' id='par_1_20' title="bbox 125 2762 971 2831">
     <span class='ocr_line' id='line_1_105' title="bbox 188 2762 971 2793; baseline 0 -7"><span class='ocrx_word' id='word_1_729' title='bbox 188 2762 198 2776; x_wconf 77' lang='lat'>‘²</span> <span class='ocrx_word' id='word_1_730' title='bbox 216 2764 298 2786; x_wconf 83' lang='lat' dir='ltr'>Psalm.</span> <span class='ocrx_word' id='word_1_731' title='bbox 316 2764 355 2792; x_wconf 73' lang='lat'>47,</span> <span class='ocrx_word' id='word_1_732' title='bbox 373 2765 395 2786; x_wconf 83' lang='lat'>9.</span> <span class='ocrx_word' id='word_1_733' title='bbox 412 2776 443 2780; x_wconf 95' lang='lat'>——-</span> <span class='ocrx_word' id='word_1_734' title='bbox 460 2764 591 2793; x_wconf 86' lang='lat' dir='ltr'>Sequuntur</span> <span class='ocrx_word' id='word_1_735' title='bbox 608 2763 648 2786; x_wconf 92' lang='lat' dir='ltr'>lob</span> <span class='ocrx_word' id='word_1_736' title='bbox 665 2764 707 2791; x_wconf 81' lang='lat'>28,</span> <span class='ocrx_word' id='word_1_737' title='bbox 726 2764 752 2791; x_wconf 83' lang='lat'>5,</span> <span class='ocrx_word' id='word_1_738' title='bbox 770 2763 809 2785; x_wconf 90' lang='lat' dir='ltr'>ubi</span> <span class='ocrx_word' id='word_1_739' title='bbox 822 2769 864 2791; x_wconf 88' lang='lat' dir='ltr'>pro</span> <span class='ocrx_word' id='word_1_740' title='bbox 876 2762 971 2786; x_wconf 79' lang='lat' dir='ltr'>combu-</span> 
     </span>
     <span class='ocr_line' id='line_1_106' title="bbox 125 2802 607 2831; baseline -0.002 -5"><span class='ocrx_word' id='word_1_741' title='bbox 125 2804 163 2826; x_wconf 72' lang='lat' dir='ltr'>sta</span> <span class='ocrx_word' id='word_1_742' title='bbox 180 2803 277 2830; x_wconf 84' lang='lat' dir='ltr'>Vulgata</span> <span class='ocrx_word' id='word_1_743' title='bbox 295 2802 423 2831; x_wconf 78' lang='lat' dir='ltr'>subversa,·</span> <span class='ocrx_word' id='word_1_744' title='bbox 441 2803 476 2825; x_wconf 84' lang='lat' dir='ltr'>Ps.</span> <span class='ocrx_word' id='word_1_745' title='bbox 494 2803 551 2830; x_wconf 74' lang='lat'>⁴06,</span> <span class='ocrx_word' id='word_1_746' title='bbox 569 2802 607 2825; x_wconf 73' lang='lat'>34.</span> 
     </span>
    </p>

    <p class='ocr_par' dir='ltr' id='par_1_21' title="bbox 127 2840 971 2981">
     <span class='ocr_line' id='line_1_107' title="bbox 189 2840 970 2869; baseline -0.001 -5"><span class='ocrx_word' id='word_1_747' title='bbox 189 2840 198 2853; x_wconf 83' lang='lat'>&#39;⁵</span> <span class='ocrx_word' id='word_1_748' title='bbox 216 2842 304 2869; x_wconf 86' lang='lat' dir='ltr'>Nempe</span> <span class='ocrx_word' id='word_1_749' title='bbox 319 2841 479 2865; x_wconf 73' lang='lat' dir='ltr'>interlinearis</span> <span class='ocrx_word' id='word_1_750' title='bbox 497 2848 524 2864; x_wconf 88' lang='lat' dir='ltr'>ex</span> <span class='ocrx_word' id='word_1_751' title='bbox 535 2841 639 2864; x_wconf 84' lang='lat' dir='ltr'>Rabano.</span> <span class='ocrx_word' id='word_1_752' title='bbox 650 2853 681 2858; x_wconf 90' lang='lat'>—</span> <span class='ocrx_word' id='word_1_753' title='bbox 692 2841 804 2869; x_wconf 79' lang='lat' dir='ltr'>Superius</span> <span class='ocrx_word' id='word_1_754' title='bbox 816 2847 858 2869; x_wconf 90' lang='lat' dir='ltr'>pro</span> <span class='ocrx_word' id='word_1_755' title='bbox 871 2840 893 2863; x_wconf 89' lang='lat' dir='ltr'>in</span> <span class='ocrx_word' id='word_1_756' title='bbox 908 2842 970 2864; x_wconf 83' lang='lat' dir='ltr'>certo</span> 
     </span>
     <span class='ocr_line' id='line_1_108' title="bbox 128 2880 971 2909; baseline -0.001 -7"><span class='ocrx_word' id='word_1_757' title='bbox 128 2881 225 2908; x_wconf 78' lang='lat' dir='ltr'>Vulgata</span> <span class='ocrx_word' id='word_1_758' title='bbox 244 2881 348 2909; x_wconf 83' lang='lat' dir='ltr'>aliaeque</span> <span class='ocrx_word' id='word_1_759' title='bbox 365 2881 418 2903; x_wconf 85' lang='lat' dir='ltr'>edd.</span> <span class='ocrx_word' id='word_1_760' title='bbox 439 2880 534 2904; x_wconf 78' lang='lat' dir='ltr'>incerto.</span> <span class='ocrx_word' id='word_1_761' title='bbox 553 2881 598 2903; x_wconf 86' lang='lat' dir='ltr'>Sed</span> <span class='ocrx_word' id='word_1_762' title='bbox 616 2884 710 2909; x_wconf 86' lang='lat' dir='ltr'>propter</span> <span class='ocrx_word' id='word_1_763' title='bbox 727 2881 858 2903; x_wconf 86' lang='lat' dir='ltr'>adiunctam</span> <span class='ocrx_word' id='word_1_764' title='bbox 876 2880 971 2908; x_wconf 85' lang='lat' dir='ltr'>explica-</span> 
     </span>
     <span class='ocr_line' id='line_1_109' title="bbox 127 2919 970 2946; baseline 0 -5"><span class='ocrx_word' id='word_1_765' title='bbox 127 2919 211 2942; x_wconf 83' lang='lat' dir='ltr'>tionem</span> <span class='ocrx_word' id='word_1_766' title='bbox 229 2920 261 2942; x_wconf 85' lang='lat' dir='ltr'>sic</span> <span class='ocrx_word' id='word_1_767' title='bbox 278 2919 345 2942; x_wconf 88' lang='lat' dir='ltr'>nobis</span> <span class='ocrx_word' id='word_1_768' title='bbox 361 2919 510 2942; x_wconf 85' lang='lat' dir='ltr'>scribendum</span> <span class='ocrx_word' id='word_1_769' title='bbox 528 2922 588 2946; x_wconf 82' lang='lat' dir='ltr'>erat,</span> <span class='ocrx_word' id='word_1_770' title='bbox 605 2920 641 2942; x_wconf 82' lang='lat' dir='ltr'>vel</span> <span class='ocrx_word' id='word_1_771' title='bbox 662 2920 798 2942; x_wconf 84' lang='lat' dir='ltr'>mutandum</span> <span class='ocrx_word' id='word_1_772' title='bbox 816 2919 970 2942; x_wconf 82' lang='lat' dir='ltr'>determinato</span> 
     </span>
     <span class='ocr_line' id='line_1_110' title="bbox 127 2957 357 2981; baseline 0.009 -2"><span class='ocrx_word' id='word_1_773' title='bbox 127 2957 150 2980; x_wconf 89' lang='lat' dir='ltr'>in</span> <span class='ocrx_word' id='word_1_774' title='bbox 167 2957 357 2981; x_wconf 83' lang='lat' dir='ltr'>indeterminato.</span> 
     </span>
    </p>
   </div>
   <div class='ocr_carea' id='block_1_9' title="bbox 1027 2525 1871 2947">
    <p class='ocr_par' dir='ltr' id='par_1_22' title="bbox 1027 2525 1871 2595">
     <span class='ocr_line' id='line_1_111' title="bbox 1089 2525 1871 2554; baseline -0.005 -4"><span class='ocrx_word' id='word_1_775' title='bbox 1089 2527 1099 2540; x_wconf 76' lang='lat'><strong>⁶</strong></span> <span class='ocrx_word' id='word_1_776' title='bbox 1117 2528 1183 2550; x_wconf 84' lang='lat' dir='ltr'>Vers.</span> <span class='ocrx_word' id='word_1_777' title='bbox 1200 2528 1237 2550; x_wconf 87' lang='lat'>32.</span> <span class='ocrx_word' id='word_1_778' title='bbox 1254 2539 1285 2544; x_wconf 91' lang='lat'>-—</span> <span class='ocrx_word' id='word_1_779' title='bbox 1302 2526 1405 2549; x_wconf 88' lang='lat' dir='ltr'>Subinde</span> <span class='ocrx_word' id='word_1_780' title='bbox 1426 2527 1537 2554; x_wconf 79' lang='lat' dir='ltr'>allegatur</span> <span class='ocrx_word' id='word_1_781' title='bbox 1557 2526 1614 2548; x_wconf 84' lang='lat' dir='ltr'>Gen.</span> <span class='ocrx_word' id='word_1_782' title='bbox 1632 2526 1667 2553; x_wconf 81' lang='grc'>19,</span> <span class='ocrx_word' id='word_1_783' title='bbox 1687 2525 1723 2547; x_wconf 79' lang='grc'>17.</span> <span class='ocrx_word' id='word_1_784' title='bbox 1743 2528 1765 2547; x_wconf 90' lang='lat' dir='ltr'>et</span> <span class='ocrx_word' id='word_1_785' title='bbox 1787 2526 1824 2547; x_wconf 79' lang='lat'>26.</span> <span class='ocrx_word' id='word_1_786' title='bbox 1841 2537 1871 2541; x_wconf 93' lang='lat'><em>-</em></span> 
     </span>
     <span class='ocr_line' id='line_1_112' title="bbox 1027 2565 1638 2595; baseline -0.005 -5"><span class='ocrx_word' id='word_1_787' title='bbox 1027 2568 1057 2590; x_wconf 87' lang='lat' dir='ltr'>Ex</span> <span class='ocrx_word' id='word_1_788' title='bbox 1074 2568 1092 2590; x_wconf 90' lang='lat' dir='ltr'><strong>A</strong></span> <span class='ocrx_word' id='word_1_789' title='bbox 1110 2567 1284 2595; x_wconf 86' lang='lat' dir='ltr'>supplevimus:</span> <span class='ocrx_word' id='word_1_790' title='bbox 1301 2565 1429 2593; x_wconf 73' lang='lat' dir='ltr'>memoria,</span> <span class='ocrx_word' id='word_1_791' title='bbox 1448 2565 1569 2594; x_wconf 76' lang='lat' dir='ltr'>inquam...</span> <span class='ocrx_word' id='word_1_792' title='bbox 1589 2565 1638 2587; x_wconf 87' lang='lat' dir='ltr'>Lot.</span> 
     </span>
    </p>

    <p class='ocr_par' dir='ltr' id='par_1_23' title="bbox 1089 2604 1491 2634">
     <span class='ocr_line' id='line_1_113' title="bbox 1089 2604 1491 2634; baseline -0.002 -6"><span class='ocrx_word' id='word_1_793' title='bbox 1089 2605 1097 2618; x_wconf 86' lang='lat'>⁷</span> <span class='ocrx_word' id='word_1_794' title='bbox 1116 2608 1146 2629; x_wconf 82' lang='lat' dir='ltr'>lla</span> <span class='ocrx_word' id='word_1_795' title='bbox 1164 2608 1194 2634; x_wconf 77' lang='grc' dir='ltr'>Α,</span> <span class='ocrx_word' id='word_1_796' title='bbox 1212 2605 1266 2628; x_wconf 86' lang='lat' dir='ltr'>edd.</span> <span class='ocrx_word' id='word_1_797' title='bbox 1282 2604 1491 2634; x_wconf 62' lang='lat' dir='ltr'>concupiscentem.</span> 
     </span>
    </p>

    <p class='ocr_par' dir='ltr' id='par_1_24' title="bbox 1089 2644 1615 2675">
     <span class='ocr_line' id='line_1_114' title="bbox 1089 2644 1615 2675; baseline -0.006 -7"><span class='ocrx_word' id='word_1_798' title='bbox 1089 2644 1099 2657; x_wconf 61' lang='grc' dir='ltr'><strong>Β</strong></span> <span class='ocrx_word' id='word_1_799' title='bbox 1117 2646 1183 2668; x_wconf 85' lang='lat' dir='ltr'>Vers.</span> <span class='ocrx_word' id='word_1_800' title='bbox 1201 2645 1237 2667; x_wconf 77' lang='lat' dir='ltr'>tl.</span> <span class='ocrx_word' id='word_1_801' title='bbox 1253 2657 1291 2675; x_wconf 46' lang='lat'>—&#39;</span> <span class='ocrx_word' id='word_1_802' title='bbox 1302 2644 1410 2673; x_wconf 85' lang='lat' dir='ltr'>Sequitur</span> <span class='ocrx_word' id='word_1_803' title='bbox 1427 2644 1516 2665; x_wconf 87' lang='lat' dir='ltr'>Baruch</span> <span class='ocrx_word' id='word_1_804' title='bbox 1534 2644 1560 2671; x_wconf 87' lang='grc'>3,</span> <span class='ocrx_word' id='word_1_805' title='bbox 1578 2644 1615 2665; x_wconf 79' lang='lat'>28.</span> 
     </span>
    </p>

    <p class='ocr_par' dir='ltr' id='par_1_25' title="bbox 1027 2682 1871 2752">
     <span class='ocr_line' id='line_1_115' title="bbox 1089 2682 1871 2712; baseline -0.005 -5"><span class='ocrx_word' id='word_1_806' title='bbox 1089 2683 1099 2696; x_wconf 79' lang='lat'>⁹</span> <span class='ocrx_word' id='word_1_807' title='bbox 1116 2685 1182 2707; x_wconf 83' lang='lat' dir='ltr'>Vers.</span> <span class='ocrx_word' id='word_1_808' title='bbox 1202 2685 1238 2707; x_wconf 87' lang='grc'>38.</span> <span class='ocrx_word' id='word_1_809' title='bbox 1255 2696 1286 2700; x_wconf 94' lang='grc'><strong>-</strong></span> <span class='ocrx_word' id='word_1_810' title='bbox 1304 2684 1357 2712; x_wconf 79' lang='lat' dir='ltr'>Seq.</span> <span class='ocrx_word' id='word_1_811' title='bbox 1373 2684 1437 2705; x_wconf 81' lang='lat' dir='ltr'>locus</span> <span class='ocrx_word' id='word_1_812' title='bbox 1454 2686 1488 2705; x_wconf 90' lang='lat' dir='ltr'>est</span> <span class='ocrx_word' id='word_1_813' title='bbox 1507 2683 1542 2705; x_wconf 88' lang='lat' dir='ltr'>Ps.</span> <span class='ocrx_word' id='word_1_814' title='bbox 1561 2682 1601 2711; x_wconf 74' lang='lat' dir='ltr'>ts,</span> <span class='ocrx_word' id='word_1_815' title='bbox 1620 2683 1657 2704; x_wconf 73' lang='grc'>13.</span> <span class='ocrx_word' id='word_1_816' title='bbox 1674 2685 1696 2704; x_wconf 87' lang='lat' dir='ltr'>et</span> <span class='ocrx_word' id='word_1_817' title='bbox 1714 2682 1756 2704; x_wconf 75' lang='lat'>24:</span> <span class='ocrx_word' id='word_1_818' title='bbox 1773 2682 1871 2703; x_wconf 87' lang='lat' dir='ltr'>Homo...</span> 
     </span>
     <span class='ocr_line' id='line_1_116' title="bbox 1027 2720 1871 2752; baseline -0.006 -5"><span class='ocrx_word' id='word_1_819' title='bbox 1027 2727 1175 2752; x_wconf 79' lang='lat' dir='ltr'>comparatus</span> <span class='ocrx_word' id='word_1_820' title='bbox 1191 2726 1225 2746; x_wconf 89' lang='lat' dir='ltr'>est</span> <span class='ocrx_word' id='word_1_821' title='bbox 1242 2723 1349 2745; x_wconf 85' lang='lat' dir='ltr'>iumentis</span> <span class='ocrx_word' id='word_1_822' title='bbox 1369 2722 1529 2750; x_wconf 83' lang='lat' dir='ltr'>insipientibus</span> <span class='ocrx_word' id='word_1_823' title='bbox 1546 2724 1568 2744; x_wconf 84' lang='lat' dir='ltr'>et</span> <span class='ocrx_word' id='word_1_824' title='bbox 1584 2721 1664 2744; x_wconf 84' lang='lat' dir='ltr'>similis</span> <span class='ocrx_word' id='word_1_825' title='bbox 1683 2722 1755 2744; x_wconf 79' lang='lat' dir='ltr'>sactus</span> <span class='ocrx_word' id='word_1_826' title='bbox 1772 2723 1805 2742; x_wconf 87' lang='lat' dir='ltr'>est</span> <span class='ocrx_word' id='word_1_827' title='bbox 1822 2720 1871 2742; x_wconf 87' lang='lat' dir='ltr'>illis.</span> 
     </span>
    </p>

    <p class='ocr_par' dir='ltr' id='par_1_26' title="bbox 1090 2761 1232 2785">
     <span class='ocr_line' id='line_1_117' title="bbox 1090 2761 1232 2785; baseline -0.021 1"><span class='ocrx_word' id='word_1_828' title='bbox 1090 2761 1110 2775; x_wconf 77' lang='lat'>¹⁰</span> <span class='ocrx_word' id='word_1_829' title='bbox 1128 2763 1192 2785; x_wconf 85' lang='lat' dir='ltr'>Vers.</span> <span class='ocrx_word' id='word_1_830' title='bbox 1211 2763 1232 2784; x_wconf 85' lang='lat'>9.</span> 
     </span>
    </p>

    <p class='ocr_par' dir='ltr' id='par_1_27' title="bbox 1091 2799 1631 2829">
     <span class='ocr_line' id='line_1_118' title="bbox 1091 2799 1631 2829; baseline -0.006 -5"><span class='ocrx_word' id='word_1_831' title='bbox 1091 2801 1109 2814; x_wconf 88' lang='lat'>¹¹</span> <span class='ocrx_word' id='word_1_832' title='bbox 1129 2802 1194 2824; x_wconf 85' lang='lat' dir='ltr'>Vers.</span> <span class='ocrx_word' id='word_1_833' title='bbox 1213 2802 1250 2823; x_wconf 68' lang='lat'>42.</span> <span class='ocrx_word' id='word_1_834' title='bbox 1266 2813 1297 2817; x_wconf 97' lang='lat'><strong>—</strong></span> <span class='ocrx_word' id='word_1_835' title='bbox 1315 2801 1423 2829; x_wconf 85' lang='lat' dir='ltr'>Sequitur</span> <span class='ocrx_word' id='word_1_836' title='bbox 1440 2801 1516 2822; x_wconf 82' lang='lat' dir='ltr'>Matth.</span> <span class='ocrx_word' id='word_1_837' title='bbox 1534 2800 1576 2826; x_wconf 88' lang='lat'>23,</span> <span class='ocrx_word' id='word_1_838' title='bbox 1594 2799 1631 2822; x_wconf 89' lang='lat'>27.</span> 
     </span>
    </p>

    <p class='ocr_par' dir='ltr' id='par_1_28' title="bbox 1027 2836 1870 2947">
     <span class='ocr_line' id='line_1_119' title="bbox 1091 2836 1870 2868; baseline -0.005 -5"><span class='ocrx_word' id='word_1_839' title='bbox 1091 2839 1109 2853; x_wconf 74' lang='lat'>¹²</span> <span class='ocrx_word' id='word_1_840' title='bbox 1127 2839 1189 2863; x_wconf 82' lang='lat' dir='ltr'>Libr.</span> <span class='ocrx_word' id='word_1_841' title='bbox 1203 2840 1304 2868; x_wconf 66' lang='lat' dir='ltr'>§tegulae</span> <span class='ocrx_word' id='word_1_842' title='bbox 1321 2839 1454 2867; x_wconf 87' lang='lat' dir='ltr'>pastoralis,</span> <span class='ocrx_word' id='word_1_843' title='bbox 1465 2845 1488 2867; x_wconf 87' lang='lat' dir='ltr'>p.</span> <span class='ocrx_word' id='word_1_844' title='bbox 1503 2840 1517 2861; x_wconf 88' lang='lat' dir='ltr'>l.</span> <span class='ocrx_word' id='word_1_845' title='bbox 1530 2845 1549 2860; x_wconf 86' lang='lat' dir='ltr'>e.</span> <span class='ocrx_word' id='word_1_846' title='bbox 1562 2839 1588 2865; x_wconf 88' lang='lat'>2,</span> <span class='ocrx_word' id='word_1_847' title='bbox 1601 2838 1639 2860; x_wconf 88' lang='lat' dir='ltr'>ubi</span> <span class='ocrx_word' id='word_1_848' title='bbox 1652 2844 1695 2866; x_wconf 91' lang='lat' dir='ltr'>pro</span> <span class='ocrx_word' id='word_1_849' title='bbox 1706 2837 1769 2860; x_wconf 83' lang='lat' dir='ltr'>hunc</span> <span class='ocrx_word' id='word_1_850' title='bbox 1787 2836 1870 2866; x_wconf 77' lang='lat' dir='ltr'>quippe</span> 
     </span>
     <span class='ocr_line' id='line_1_120' title="bbox 1027 2875 1870 2909; baseline -0.006 -6"><span class='ocrx_word' id='word_1_851' title='bbox 1027 2880 1174 2909; x_wconf 63' lang='lat' dir='ltr'>redut-quere</span> <span class='ocrx_word' id='word_1_852' title='bbox 1190 2885 1258 2902; x_wconf 85' lang='lat' dir='ltr'>nemo</span> <span class='ocrx_word' id='word_1_853' title='bbox 1275 2881 1349 2901; x_wconf 75' lang='lat' dir='ltr'>textus</span> <span class='ocrx_word' id='word_1_854' title='bbox 1365 2878 1482 2906; x_wconf 87' lang='lat' dir='ltr'>originalis</span> <span class='ocrx_word' id='word_1_855' title='bbox 1498 2877 1669 2907; x_wconf 84' lang='lat' dir='ltr'>delinquentem</span> <span class='ocrx_word' id='word_1_856' title='bbox 1688 2882 1792 2905; x_wconf 71' lang='lat' dir='ltr'>namque</span> <span class='ocrx_word' id='word_1_857' title='bbox 1807 2875 1870 2898; x_wconf 81' lang='lat' dir='ltr'>hunc</span> 
     </span>
     <span class='ocr_line' id='line_1_121' title="bbox 1028 2912 1868 2947; baseline -0.007 -6"><span class='ocrx_word' id='word_1_858' title='bbox 1028 2918 1173 2947; x_wconf 74' lang='lat' dir='ltr'>redaryuere</span> <span class='ocrx_word' id='word_1_859' title='bbox 1189 2917 1280 2940; x_wconf 78' lang='lat' dir='ltr'>nullus.</span> <span class='ocrx_word' id='word_1_860' title='bbox 1291 2917 1338 2940; x_wconf 80' lang='lat' dir='ltr'>Clr.</span> <span class='ocrx_word' id='word_1_861' title='bbox 1350 2917 1456 2944; x_wconf 65' lang='lat' dir='ltr'>Gratiam,</span> <span class='ocrx_word' id='word_1_862' title='bbox 1474 2916 1527 2939; x_wconf 86' lang='lat' dir='ltr'>dist.</span> <span class='ocrx_word' id='word_1_863' title='bbox 1539 2916 1575 2938; x_wconf 78' lang='lat'>83.</span> <span class='ocrx_word' id='word_1_864' title='bbox 1593 2922 1613 2938; x_wconf 88' lang='lat' dir='ltr'>c.</span> <span class='ocrx_word' id='word_1_865' title='bbox 1631 2916 1704 2939; x_wconf 84' lang='lat' dir='ltr'>Nemo</span> <span class='ocrx_word' id='word_1_866' title='bbox 1721 2913 1806 2944; x_wconf 76' lang='lat' dir='ltr'>quippe</span> <span class='ocrx_word' id='word_1_867' title='bbox 1819 2912 1868 2941; x_wconf 60' lang='lat'>(2).</span> 
     </span>
    </p>
   </div>
   <div class='ocr_carea' id='block_1_10' title="bbox 1892 382 1995 403">
    <p class='ocr_par' dir='ltr' id='par_1_29' title="bbox 1892 382 1995 403">
     <span class='ocr_line' id='line_1_122' title="bbox 1892 382 1995 403; baseline 0.01 -3"><span class='ocrx_word' id='word_1_868' title='bbox 1892 382 1995 403; x_wconf 66' lang='lat' dir='ltr'>Notandum</span> 
     </span>
    </p>
   </div>
   <div class='ocr_carea' id='block_1_11' title="bbox 1889 662 1970 680">
    <p class='ocr_par' dir='ltr' id='par_1_30' title="bbox 1889 662 1970 680">
     <span class='ocr_line' id='line_1_123' title="bbox 1889 662 1970 680; baseline 0 0"><span class='ocrx_word' id='word_1_869' title='bbox 1889 662 1970 680; x_wconf 80' lang='lat' dir='ltr'>Tertium</span> 
     </span>
    </p>
   </div>
   <div class='ocr_carea' id='block_1_12' title="bbox 1890 1781 2007 1846">
    <p class='ocr_par' dir='ltr' id='par_1_31' title="bbox 1890 1781 2007 1846">
     <span class='ocr_line' id='line_1_124' title="bbox 1890 1781 2007 1805; baseline -0.017 -6"><span class='ocrx_word' id='word_1_870' title='bbox 1890 1781 1943 1799; x_wconf 83' lang='lat' dir='ltr'>Latet</span> <span class='ocrx_word' id='word_1_871' title='bbox 1952 1786 2007 1805; x_wconf 59' lang='lat' dir='ltr'>pecca</span> 
     </span>
     <span class='ocr_line' id='line_1_125' title="bbox 1902 1805 1999 1831; baseline -0.01 -9"><span class='ocrx_word' id='word_1_872' title='bbox 1902 1807 1940 1831; x_wconf 78' lang='lat'>¹¹¹.¹¹¹¹</span> <span class='ocrx_word' id='word_1_873' title='bbox 1951 1805 1999 1828; x_wconf 73' lang='lat' dir='ltr'>tripli</span> 
     </span>
     <span class='ocr_line' id='line_1_126' title="bbox 1901 1830 1955 1846; baseline 0 0"><span class='ocrx_word' id='word_1_874' title='bbox 1901 1830 1955 1846; x_wconf 81' lang='lat' dir='ltr'>citer.</span> 
     </span>
    </p>
   </div>
  </div>
 </body>
</html>
