2296 3316
6 579 7 586 l

6 601 7 615 l

0 630 7 637 n

0 673 1 687 l

0 686 7 703 tt

3 714 8 746 ⁴!
23 721 73 748 Ordo
81 720 138 739 trium

6 750 7 766 ῑ
25 746 134 764 vanitatum.

5 1142 7 1167 ἶ
27 1142 80 1167 Ipsae
93 1144 136 1161 sunt

6 1193 7 1196 Ἴ
24 1166 44 1185 in
56 1166 138 1185 homine.

16 1705 75 1730 Quare
81 1706 145 1729 loqua-

15 1729 52 1748 itur
58 1729 145 1748 Salomon

16 1752 45 1772 ide
58 1758 77 1771 se
90 1755 111 1771 nt
120 1753 145 1771 de

15 1776 64 1795 talto.

53 1846 108 1865 Ratio
121 1847 130 1864 1
135 1859 140 1865 .

56 2128 110 2147 Ratio
122 2129 140 2147 2.

56 2315 111 2335 Ratio
124 2316 141 2335 3.

739 161 909 190 COMMENT.
932 160 965 189 IN
987 159 1223 188 ECCLESlASTEN
1243 158 1271 187 C.
1294 158 1312 187 l.

153 244 262 274 cimo¹:
291 244 373 272 Vana
392 246 463 272 sunt
489 250 580 279 opera
601 249 703 270 eorum
718 244 742 269 et
763 239 830 268 risu·
844 239 955 276 dignm
970 238 1002 266 in

153 293 199 321 die
217 291 393 320 visitationis·
417 298 490 319 suae
509 288 655 326 peribant.
679 304 715 309 —-
737 288 878 324 Quantum
899 286 934 314 ad
956 293 1003 314 va—

153 339 268 368 nitatem
287 337 495 366 mutabilitatis
515 336 597 365 dicit:
619 338 644 363 et
665 335 765 363 omnia
786 334 921 367 vanitas,
937 333 1003 370 quia

153 386 246 415 omnia
259 385 384 414 subiecta
395 387 460 413 sunt
471 382 646 412 mutabilitati
657 393 663 417 ;
675 382 707 410 ad
721 382 856 410 Romanos
867 383 964 409 octavo
975 380 986 396 ²
997 391 1002 408 :

159 432 290 461 Vanitati
309 431 439 460 subiecta
460 434 501 459 est
521 433 663 459 ereatura
683 437 742 456 non
763 428 876 461 votens;
891 430 917 456 et
932 427 1004 455 infra

154 479 250 509 tertio:
282 479 393 507 Caneta
414 477 565 506 subiacent
585 476 729 509 vanitati,
758 478 783 503 et
811 475 911 503 omnia
938 483 1003 511 per-

152 530 226 566 yunt
246 526 287 555 ad
308 525 402 554 locum
423 533 526 553 annm.
548 524 606 552 Non
629 523 713 560 igitur
734 526 775 551 est
797 522 949 551 verborum
963 522 1004 550 in-

153 573 287 607 culcatio,
313 580 376 601 cum
403 574 444 600 ter
472 571 538 600 dicit
563 570 700 604 vanitaS,
723 569 768 599 sed
792 567 1005 606 intelligibilium

153 621 225 650 mira
245 619 393 649 distinctio.

233 667 265 696 Et
285 666 453 700 notandum,
475 665 550 703 quod
572 665 624 693 ista
646 664 748 700 triplex
764 663 870 692 vanitas
884 666 926 691 est
940 670 1005 691 con-

154 716 303 752 sequenter
324 722 353 743 se
374 713 493 747 hahens,
514 716 541 741 et
562 720 618 740 una
639 720 675 740 ex
696 711 784 739 altera
807 710 913 739 oritur:
940 710 1006 746 quia

154 761 261 790 vanitas
285 760 452 799 iniquitati-5·
479 767 516 788 ex
544 759 664 787 vanitate
691 756 914 790 mutabilitatis,
942 756 1006 785 licet

154 808 201 837 illa
221 816 276 836 non
297 808 333 836 sit
353 810 410 836 tota
430 814 526 840 causa;
548 805 654 834 vanitas
676 813 742 834 vero
760 803 948 841 poenalitatis
969 811 1005 831 ex

154 855 275 884 vanitate
295 853 469 892 iniquitatis.
493 853 544 881 llas
566 852 652 889 igitur
668 852 801 880 vanitates
816 850 912 879 ordine
927 857 1006 887 prae-

154 904 265 939 postero
286 900 452 930 resolutorio
471 900 595 933 ordinat,
618 902 645 928 et
666 907 680 927 e
702 898 841 927 contrario
863 898 890 926 in
912 905 1006 926 conse-

155 948 306 987 quentibus
326 947 514 985 prosequitur.
542 947 573 975 Et
601 947 667 983 quia
695 945 740 974 illa
767 945 872 982 duplex
901 944 1007 972 vanitas

155 998 249 1025 ortum
261 995 345 1024 habet
355 1003 392 1024 ex
403 994 456 1023 alia
470 994 606 1027 vanitate,
622 993 668 1022 sed
685 992 766 1021 tertia
780 1000 833 1020 non
845 1002 851 1026 3
866 991 927 1020 ideo
942 991 984 1020 bis
995 991 1006 1007 ³

155 1043 221 1072 dicit
241 1042 360 1071 vanitas
380 1041 566 1075 vanitatum,
588 1044 615 1069 et
636 1043 697 1077 post
720 1042 826 1068 tantum
848 1038 975 1067 vanitas.

234 1089 389 1119 Notandum
411 1091 452 1118 est
474 1089 573 1122 etiam,
597 1087 672 1125 quod
692 1087 760 1115 haec
782 1086 886 1123 triplex
901 1085 1007 1114 vanitas

156 1138 184 1166 in
207 1136 322 1166 bomine
348 1136 506 1173 reperitur,
535 1135 601 1172 quia
623 1135 680 1171 ipse
701 1137 758 1168 est,
781 1134 808 1162 in
829 1141 913 1170 quem
935 1132 1007 1161 cadit

156 1192 244 1221 poena
264 1187 292 1212 et
312 1183 408 1220 culpa:
431 1186 458 1211 et
479 1185 593 1219 propter
615 1182 667 1210 hoc
688 1181 790 1210 dicitur
811 1180 838 1208 in
862 1179 1006 1208 Psalmo4:

162 1231 304 1260 Universa
324 1230 444 1259 vanitas
465 1229 560 1258 omnis
582 1228 665 1257 bomo
686 1229 793 1256 tn'vens.
818 1228 863 1256 Est
884 1227 956 1255 enim
979 1226 1006 1254 in

157 1287 190 1308 eo
211 1279 317 1307 vanitas
336 1281 481 1311 naturae,
504 1277 611 1305 vanitas
631 1276 734 1312 calpae
755 1278 781 1304 et
809 1274 916 1303 vanitas
940 1282 1007 1311 poe-

157 1334 221 1355 nae.
236 1326 275 1354 De
290 1325 410 1354 vanitate
430 1328 572 1357 naturae,
595 1324 620 1351 in
638 1323 758 1352 Psalmo:
774 1322 866 1350 Homo
881 1321 1009 1350 vanitati

157 1371 264 1401 similis
284 1370 384 1409 faetus
404 1374 461 1405 est,
483 1371 544 1399 dies
566 1370 629 1398 etus
650 1370 727 1398 sieut
746 1368 855 1397 umbra
874 1372 1008 1405 praeter-

158 1423 233 1447 eunt.
260 1419 299 1447 De
328 1419 447 1447 vanitate
469 1417 588 1454 cnlpae,
610 1417 637 1445 in
660 1417 765 1445 Psalmo
787 1412 929 1445 similiter:
953 1415 1007 1443 Do-

157 1466 257 1495 minus
277 1466 331 1494 seit
351 1465 538 1503 coyitationes
560 1463 728 1497 hominum,
750 1463 892 1501 quoniam
915 1471 1008 1490 vanae

157 1516 235 1542 sun-t.
256 1513 295 1542 De
317 1512 437 1541 vanitate
454 1520 580 1549 poenae,
603 1511 648 1539 lob
662 1511 768 1539 decimo
783 1514 899 1547 quarto:
916 1510 1007 1537 Homo

158 1563 248 1588 natus
268 1559 301 1588 de
321 1559 459 1593 muliere,
482 1558 562 1587 brevi
582 1559 680 1587 vivens
709 1561 851 1594 tempore,
880 1556 1008 1593 repletur

157 1606 259 1635 mattis
278 1606 414 1635 miseriis.

235 1653 390 1682 Notandum
411 1653 509 1687 etiam,
525 1652 599 1690 quod
614 1653 672 1689 ipse
687 1652 814 1680 Salomon
836 1651 960 1687 loquitur
974 1650 1008 1679 de

158 1709 187 1730 se
208 1700 287 1738 quasi
302 1701 335 1729 de
349 1701 418 1734 alio,
433 1700 505 1729 sicut
521 1700 646 1732 loannes,
662 1699 793 1735 vigesimo
808 1698 898 1734 primo
909 1698 936 1725 ⁵:
955 1697 1008 1725 Hie

157 1752 199 1777 est
219 1747 383 1784 disciputus
404 1747 465 1781 itte,
481 1747 533 1785 qui
546 1746 742 1774 testimonimn
753 1744 882 1782 perhibet
897 1745 930 1773 de
945 1743 1008 1777 ἠὼ,-

157 1797 185 1824 et
205 1794 332 1823 similiter
353 1795 466 1831 Moyses.
496 1793 582 1822 Huius
609 1796 702 1821 autem
732 1795 821 1829 potest
843 1792 913 1820 ratio
940 1791 1008 1819 assi-

157 1841 236 1878 gnari
257 1841 377 1877 triplex:
406 1849 462 1869 una
488 1843 529 1869 est
557 1847 593 1868 ex
622 1843 700 1876 parte
729 1838 875 1876 efficientis
896 1837 1007 1874 primi,

158 1889 225 1926 quia
244 1888 364 1925 Spiritus
385 1890 497 1917 sanctus
518 1887 575 1924 ipse
590 1890 631 1915 est
645 1890 743 1914 auctor
762 1886 937 1922 scripturae,
954 1893 1007 1913 non

158 1936 284 1965 Salomon
306 1935 350 1964 vel
370 1935 456 1969 alius;
478 1934 554 1967 ideo,
576 1933 687 1970 quando
706 1932 893 1960 introducitur
908 1932 966 1969 ipse
981 1932 1008 1960 in

158 1991 237 2012 sacra
257 1982 413 2019 Scriptura,
434 1981 516 2011 dehet
537 1981 681 2017 Scriptura
701 1980 735 2008 de
757 1980 815 2016 ipso
840 1979 929 2008 facere
950 1987 1008 2007 ser-

157 2037 268 2058 monem
288 2029 367 2066 quasi
388 2029 421 2058 de
442 2029 511 2062 alio,
540 2028 611 2057 sicut
637 2027 710 2055 dixit
738 2027 845 2055 Balaam
875 2026 1008 2054 Numero-

159 2084 222 2105 rum
254 2076 385 2113 vigesimo
416 2075 559 2113 quartoss:
590 2074 671 2102 Dioeit
692 2073 812 2102 auditor
839 2081 1009 2101 sermonum

159 2123 212 2152 Dei
232 2127 283 2152 eto.
305 2140 344 2144 —-
365 2123 421 2151 Alia.
442 2122 512 2151 ratio
540 2122 662 2151 sumitur
690 2129 726 2149 ex
755 2123 832 2157 parte
860 2119 1008 2158 efficientis

158 2170 336 2198 immediati:
358 2170 424 2207 quia
445 2169 589 2206 Scriptura
606 2176 716 2197 omnem
732 2168 833 2204 refugit
848 2166 1006 2204 superbiam

159 2220 187 2246 et
207 2217 362 2254 praetendit
388 2216 589 2250 liumilitateni;
615 2219 642 2244 et
663 2215 723 2244 ideo
745 2215 839 2243 nullus
860 2214 887 2242 in
909 2222 941 2242 ea
961 2214 1009 2242 do-

159 2267 219 2293 ctor
239 2263 321 2292 debet
341 2263 375 2292 de
396 2271 424 2292 se
445 2266 477 2291 ut
497 2263 531 2292 de
549 2271 579 2292 se
600 2263 691 2300 loqui,
713 2263 760 2291 sod
782 2266 896 2299 propter
917 2261 1008 2290 bumi-

158 2310 263 2339 litatem
284 2310 363 2347 quasi
384 2310 418 2339 de
439 2310 492 2339 alio
503 2310 522 2338 ⁷.
540 2326 576 2331 —
591 2310 683 2338 Tertia
704 2310 789 2338 ratio:
811 2310 922 2347 quando
937 2309 1009 2338 Scri-

159 2361 243 2395 ptura
260 2365 359 2394 magna
372 2357 463 2385 innuit
476 2360 503 2386 et
517 2357 669 2391 mirabilia,
683 2357 765 2386 debet
778 2357 857 2394 quasi
872 2365 889 2385 a
903 2357 1009 2394 longin-

159 2413 215 2442 quo
235 2404 395 2438 ostendere:
418 2404 492 2433 unde
512 2404 589 2441 Hugo
600 2404 626 2432 ⁸:
648 2415 661 2429 «
676 2404 730 2432 Hoc
744 2412 832 2441 genus
847 2404 1007 2438 locutionis,

158 2451 266 2488 quoties
286 2451 314 2479 in
336 2451 479 2488 Scriptura
499 2450 668 2485 assumitur,
691 2450 734 2479 vel
749 2450 912 2479 humilitatis
926 2458 1009 2479 causa

159 2498 206 2532 fit,
229 2498 272 2527 vel
292 2497 489 2526 admirationis.
506 2497 571 2526 Nam
593 2500 620 2526 et
640 2505 739 2534 magna
761 2500 875 2534 propter
897 2497 1008 2526 bumili-

1865 160 1897 188 11

1060 240 1144 266 tatem
1166 245 1182 265 a
1202 237 1282 265 nobis
1303 245 1446 266 removere
1467 237 1615 271 debemus,
1637 241 1664 266 et
1684 238 1820 266 mirabilia
1843 246 1907 275 pro-

1060 287 1121 321 pter
1142 284 1352 313 admirationem
1371 284 1449 321 quasi
1465 284 1498 313 de
1513 285 1592 321 longe
1606 284 1750 313 ostendere
1764 297 1791 313 ».
1808 285 1907 313 Exem-

1061 331 1137 368 plum
1160 330 1186 359 in
1210 330 1292 359 Paulo
1313 334 1340 359 et
1361 331 1468 359 Ioanne.

1272 417 1375 446 DlVlSlO
1396 425 1490 446 TOTIUS
1513 425 1698 446 PROBATIONlS.

1142 495 1220 531 Quid
1240 494 1324 524 lzabet
1337 495 1466 533 amptius
1481 494 1563 523 bomo
1582 498 1633 523 etr.
1656 496 1745 532 Supra
1766 496 1909 532 proposuit

1035 553 1037 555 ·
1061 541 1135 579 quod
1156 541 1275 578 probare
1296 541 1427 575 intendit,
1450 542 1494 570 hic
1514 541 1631 578 probare
1646 542 1755 578 incipit;
1771 545 1798 570 et
1812 549 1910 571 secun-

1061 589 1128 617 dum
1149 588 1224 625 quod
1246 588 1347 625 triplex
1370 589 1476 617 vanitas
1498 589 1637 625 proposita
1658 589 1710 617 suit
1731 597 1790 617 esse
1818 589 1845 616 in
1867 596 1910 617 re-

1062 636 1130 670 bus,
1153 635 1191 664 sic
1212 638 1239 664 et
1261 635 1364 672 triplex
1385 643 1444 664 esse
1466 635 1609 672 probatur.
1639 635 1714 664 Unde
1740 636 1822 664 babet
1843 636 1911 664 haec

1062 690 1127 720 pars
1149 685 1205 711 tres
1227 685 1328 719 partes.
1357 674 1447 710 Primo
1468 682 1541 710 enim
1564 682 1591 710 in
1614 682 1698 711 rebus
1719 682 1838 711 ostendit
1851 690 1911 711 esse

1062 729 1211 758 vanitatem
1226 728 1450 760 mutabilitatis.-
1465 729 1586 757 secundo
1601 736 1680 762 vero,
1692 729 1840 757 vanitatem
1856 729 1912 757 ini-

1063 776 1201 815 quitatis,
1224 776 1260 805 ibi
1274 776 1300 804 ⁹:
1330 776 1395 805 Vidi
1414 775 1468 804 sub
1489 776 1546 804 sote
1567 776 1599 804 in
1620 776 1679 804 loeo
1694 775 1798 805 iudicii
1812 776 1911 813 impie—

1064 826 1167 856 tatem‚·
1189 822 1287 857 tertio,
1303 823 1452 851 vanitatem
1470 822 1672 861 poenatttotts,
1695 823 1765 851 infra
1780 823 1910 859 septimo:

1065 870 1177 898 Cuncta
1205 870 1313 898 tentavi
1339 870 1371 898 in
1395 870 1549 907 sapientia.
1577 882 1590 894 c<
1606 870 1695 898 Prima
1716 873 1757 898 est
1778 869 1913 898 naturalis

1063 920 1091 948 et
1110 920 1188 954 apta,
1211 920 1243 945 ut
1262 917 1328 946 dicit
1351 917 1441 954 Hugo;
1457 917 1578 945 secunda
1592 917 1751 954 culpabilis,
1771 917 1836 954 quia
1850 925 1913 954 per-

1063 972 1159 998 versa:
1182 964 1262 993 tertia
1284 971 1350 992 vero
1371 963 1494 1000 poenalis
1515 966 1542 992 et
1562 963 1704 993 misera».

1132 1051 1210 1085 PAns
1237 1052 1258 1084 l.
1286 1050 1438 1084 Probatur
1463 1050 1582 1083 vanitas
1607 1048 1841 1084 mutabilitatis

1388 1105 1491 1151 quoad
1517 1105 1588 1139 duo.

1144 1200 1325 1229 Mutabititas
1352 1203 1445 1229 autem
1468 1200 1493 1228 in
1517 1200 1601 1228 rebus
1621 1200 1768 1236 dupliciter
1791 1200 1913 1229 ronside-

1065 1251 1159 1276 ratur:
1175 1255 1231 1276 uno
1245 1247 1326 1275 modo
1348 1246 1454 1275 ratione
1476 1246 1750 1280 transmutationis,
1766 1246 1818 1274 alio
1833 1246 1913 1275 modo

1065 1294 1091 1323 in
1113 1294 1318 1331 comparatione
1339 1293 1373 1322 ad
1395 1301 1554 1322 mensuram
1577 1293 1644 1321 certi
1661 1293 1805 1329 temporis.
1823 1293 1914 1320 Primo

1064 1349 1131 1378 ergo
1151 1341 1244 1378 agitur
1264 1340 1298 1369 de
1318 1339 1437 1369 vanitate
1466 1342 1581 1368 naturae
1610 1339 1750 1368 mutabilis
1777 1342 1912 1375 quantuni

1065 1388 1099 1417 ad
1120 1387 1415 1420 transmutationem,-
1437 1387 1570 1421 secumIo,
1587 1390 1722 1423 quantum
1737 1386 1770 1414 ad
1786 1389 1913 1423 tempu-5,

1064 1435 1136 1464 infra
1157 1435 1239 1463 tertio
1251 1435 1289 1462 ¹⁰:
1314 1434 1421 1462 Omnia
1443 1438 1554 1471 tempus
1576 1432 1687 1461 liabent.

1090 1529 1194 1558 Partis
1212 1529 1331 1566 primae
1351 1527 1514 1557 membrum
1538 1528 1558 1556 l.
1584 1527 1752 1556 Ostenditnr
1770 1527 1890 1555 vanitas

1126 1580 1256 1605 naturae
1276 1575 1428 1604 mutabitis
1449 1575 1546 1614 quoad
1568 1574 1850 1603 transmutationem.

1144 1670 1236 1699 Prima
1262 1670 1344 1699 habet
1364 1670 1448 1703 duas,
1470 1670 1535 1707 quia
1558 1670 1646 1707 primo
1669 1668 1799 1702 ostendit,
1822 1669 1847 1696 in
1871 1676 1914 1697 re-

1066 1719 1118 1747 bus
1130 1726 1189 1747 esse
1203 1717 1426 1751 mutabilitatem,
1441 1720 1469 1746 et
1483 1725 1534 1754 per
1547 1717 1599 1745 boc
1614 1717 1777 1746 vanitatem:
1794 1715 1914 1744 secundo

1065 1773 1132 1806 vero
1152 1772 1187 1793 ex
1211 1764 1365 1801 cognitione
1386 1764 1446 1793 eius
1467 1772 1546 1792 suam
1568 1763 1746 1800 reprehendit
1771 1763 1914 1791 curiosita-

1066 1815 1137 1844 tem,
1160 1811 1195 1839 ibi
1209 1812 1250 1838 ¹¹:
1274 1811 1333 1848 Epo
1358 1810 1539 1839 Ecetestastex
1559 1809 1608 1846 fui
1628 1819 1680 1838 rea.-
1701 1813 1751 1838 etc.

1131 1898 1193 1925 An‘r.
1219 1898 1242 1925 1.
1267 1897 1418 1926 Probatur
1438 1896 1620 1925 nuttabilitas
1641 1897 1672 1924 in
1693 1895 1842 1924 eoeistenlia

1219 1947 1431 1972 ereaturarum
1452 1943 1550 1981 quoad
1570 1943 1677 1979 duplex
1698 1950 1766 1971 esse.

1144 2029 1306 2058 Ostenditur
1334 2029 1418 2066 igitur
1441 2029 1530 2065 primo
1553 2029 1722 2057 mutabilitas
1744 2029 1770 2057 in
1792 2023 1913 2057 existen-

1065 2076 1107 2105 tia
1128 2079 1346 2104 ereaturarum.
1377 2076 1408 2104 Et
1435 2076 1501 2113 quia.
1521 2079 1665 2104 creaturae
1688 2075 1789 2112 triplex
1813 2075 1913 2103 liabent.

1064 2132 1140 2158 esse,
1168 2123 1272 2152 scilicet
1299 2123 1326 2151 in
1360 2123 1464 2157 Verbo,
1493 2123 1599 2151 ratione
1627 2122 1864 2159 exemplaritatis3
1880 2122 1912 2150 -in

1066 2171 1220 2203 universo,
1244 2178 1293 2207 per
1314 2170 1426 2199 modum
1454 2170 1668 2203 inaterialitatis;
1692 2170 1717 2198 in
1740 2170 1840 2198 animo
1861 2169 1914 2198 tzu-

1065 2226 1170 2251 manO,
1187 2225 1236 2254 per
1251 2217 1363 2245 modum
1385 2217 1578 2245 abstractionis
1593 2217 1629 2250 ¹²;
1653 2217 1774 2253 primum
1795 2225 1854 2244 esse
1874 2220 1913 2245 est

1067 2264 1225 2293 indeficiens
1251 2266 1278 2292 et
1304 2263 1492 2297 immutabile,
1514 2263 1587 2292 unde
1609 2264 1713 2291 nullam
1736 2263 1818 2291 babet
1839 2263 1914 2291 vani-

1066 2314 1167 2344 tamnu
1189 2310 1236 2339 sed
1258 2311 1285 2339 in
1306 2310 1367 2339 aliis
1387 2314 1428 2339 est
1450 2310 1570 2344 vanitas;
1589 2313 1616 2339 et
1631 2310 1691 2338 ideo
1707 2310 1773 2338 baec
1789 2317 1852 2346 pars
1867 2309 1915 2337 ba-

1066 2358 1112 2386 bet
1133 2357 1217 2386 duas:
1239 2357 1305 2394 quia
1325 2357 1416 2394 primo
1435 2360 1547 2385 notatur
1563 2357 1668 2385 vanitas
1683 2356 1873 2385 mutabilitatis
1888 2356 1915 2384 in

1067 2404 1152 2433 rebus
1172 2404 1325 2432 secundum
1347 2411 1421 2438 esse,
1443 2403 1517 2440 quod
1540 2404 1642 2432 liabent
1664 2404 1690 2431 in
1712 2403 1857 2436 universo;
1873 2410 1914 2431 se-

1066 2451 1171 2485 cundo,
1192 2453 1328 2488 quantum
1350 2450 1383 2479 ad
1404 2459 1478 2484 esse,
1501 2450 1575 2487 quod
1597 2450 1699 2479 habent
1714 2450 1740 2478 in
1755 2450 1847 2478 animo
1862 2449 1914 2477 hu-

1066 2506 1162 2533 mano,
1184 2498 1220 2526 ibi
1234 2498 1272 2525 ¹³:
1297 2497 1424 2526 Cunctae
1445 2506 1490 2525 res
1509 2496 1639 2535 difficile-9
1659 2500 1710 2525 etr.

224 2648 233 2662 ¹
251 2650 317 2673 Vers.
335 2650 371 2672 ⁴5.
389 2651 417 2673 lta
436 2651 517 2678 codd.;
531 2651 642 2679 Vulgata:
659 2652 716 2674 sant
728 2652 820 2680 etopus
832 2650 885 2673 risu
896 2651 1008 2680 diqnum,

160 2688 186 2711 in
203 2689 307 2718 tempore
322 2688 463 2713 visimtionis
480 2696 538 2713 suae
552 2689 672 2719 peribant.

223 2725 232 2739 ²
251 2728 317 2750 Vers.
333 2728 376 2755 20;
393 2729 498 2757 sequitur
515 2730 587 2752 Eccle.
605 2730 631 2757 3,
649 2729 686 2751 ⁴9.
704 2732 726 2751 et
743 2730 781 2751 20.

224 2764 233 2778 ³
250 2766 320 2788 Maior
336 2772 391 2794 pars
407 2767 476 2789 codd.
493 2767 559 2795 bene,
579 2769 673 2791 tortasse
691 2768 815 2796 legendum
833 2767 889 2791 bene
904 2768 946 2791 biv.

224 2804 233 2817 ¹¹
251 2806 334 2828 Psalm.
352 2806 394 2833 38,
412 2807 434 2828 6.
451 2819 482 2822 -
495 2807 552 2830 Tres
563 2808 606 2830 loci
619 2814 684 2836 seqq.
696 2811 749 2830 sunt
761 2808 795 2830 Ps.
809 2807 865 2835 443,
879 2807 903 2835 Ιις
917 2808 958 2836 93,
972 2808 1009 2830 tt.

162 2847 184 2867 et
200 2844 240 2867 lob
258 2844 300 2872 ⁴4,
318 2846 340 2867 i.
358 2858 387 2861 —
403 2845 450 2869 Ctr.
467 2846 527 2874 nug.
544 2853 557 2869 a
575 2848 598 2870 S.
616 2847 688 2874 Vict.‚
706 2847 727 2869 in
745 2848 818 2870 Eccle.
834 2847 915 2870 homil.
931 2848 953 2870 t.

224 2882 234 2895 ⁶
251 2884 316 2906 Vers.
334 2883 372 2906 24.
388 2894 419 2904 -ψ-
436 2885 502 2907 Num.
521 2885 563 2914 1¹2,
581 2886 607 2908 3:
625 2886 676 2908 Erat
693 2886 753 2908 enim
778 2887 866 2914 Moyses
887 2886 923 2908 vir
940 2886 1009 2908 mitis-

162 2922 235 2945 simus
251 2925 294 2945 etc.
852 2941 858 2948 .
875 2923 885 2936 ⁶
903 2926 968 2947 Vers.
987 2925 1007 2947 4,

225 2959 233 2973 ⁷
252 2961 304 2984 vat.
321 2961 357 2984 hic
374 2962 457 2990 allegat
474 2963 497 2985 ll.
514 2962 566 2985 Cor.
584 2964 627 2991 12,
645 2965 671 2986 2:
695 2964 747 2986 Scio
770 2958 911 2986 nominem...
934 2969 1009 2992 usque

1067 2652 1097 2674 ad
1115 2652 1205 2674 tertium
1224 2651 1322 2673 caelum.
1340 2664 1369 2666 —
1386 2651 1497 2679 Superius
1514 2656 1556 2678 pro
1575 2649 1706 2672 immediate
1723 2656 1749 2672 ex
1768 2650 1782 2671 Ε
1801 2649 1915 2672 substitui-

1067 2696 1119 2712 inus
1136 2689 1276 2717 immediati,
1295 2689 1364 2711 ceteri
1381 2689 1449 2711 codd.
1467 2692 1575 2716 corrupte
1592 2690 1614 2711 et
1629 2688 1714 2714 meriti.

1129 2727 1138 2740 ⁸
1156 2730 1177 2751 ln
1196 2729 1269 2751 Eccle.
1291 2729 1369 2751 homil.
1387 2729 1413 2755 t,
1431 2728 1547 2751 nonnullis
1564 2728 1663 2750 omissis.

1128 2766 1138 2779 ⁹
1154 2768 1211 2796 Cap.
1228 2768 1255 2796 3,
1273 2768 1315 2796 ·16;
1333 2774 1382 2797 seq.
1399 2768 1462 2790 locus
1479 2767 1535 2789 ibid.
1554 2774 1576 2789 v.
1594 2766 1630 2789 24.
1645 2779 1673 2782 μ
1687 2767 1719 2788 De
1731 2766 1840 2788 sententia
1854 2765 1913 2792 nug.

1065 2809 1107 2830 rsr.
1124 2814 1194 2835 supra
1212 2814 1266 2835 pag.
1284 2807 1311 2834 5,
1329 2810 1381 2829 nota
1399 2807 1421 2829 7.
1772 2804 1791 2817 ¹⁰
1809 2806 1874 2827 Vers.
1892 2806 1913 2826 t.

1129 2845 1147 2858 ¹¹
1165 2846 1221 2874 Cap.
1240 2847 1260 2874 t,
1279 2847 1316 2869 te.

1129 2883 1148 2896 ¹²
1165 2884 1210 2907 Csr.
1227 2885 1337 2912 August,
1355 2885 1378 2906 ll.
1393 2885 1423 2907 do
1440 2885 1496 2906 Gen.
1513 2884 1542 2906 ad
1561 2884 1591 2906 lit.
1608 2890 1627 2906 c.
1646 2884 1667 2905 8.
1686 2889 1707 2905 n.
1729 2883 1762 2905 16.
1780 2889 1857 2910 seqq.5
1870 2876 1912 2904 Ἰν.

1065 2930 1086 2946 c.
1103 2924 1140 2946 23.
1158 2930 1182 2946 n.
1200 2923 1236 2946 40.
1254 2930 1303 2952 seq.
1320 2927 1342 2946 et
1359 2930 1378 2945 c.
1396 2924 1433 2946 29.
1451 2929 1474 2945 n.
1492 2923 1529 2945 46.

1129 2961 1148 2974 ¹¹³
1165 2962 1220 2990 Cap.
1240 2963 1260 2989 i,
1278 2963 1299 2985 8.
1316 2962 1367 2985 Duo
1384 2968 1450 2991 seqq.
1467 2962 1510 2984 loci
1527 2965 1579 2984 sunt
1596 2961 1652 2983 ibid.
1670 2967 1692 2984 v.
1711 2961 1732 2983 5.
1749 2964 1771 2982 et
1788 2961 1810 2982 6.

1929 690 1990 709 Habet
2002 692 2041 710 tres

1951 716 2021 738 partes.

1931 2081 2005 2105 Triplex
2018 2085 2059 2099 esse

1954 2109 2023 2123 rerum.
