2296 3316
0 1550 5 1567 i

60 1548 116 1573 nesp.
129 1548 147 1568 2.

63 796 121 820 neap.
134 795 152 815 1.

757 146 927 175 COMMENT.
950 147 982 175 IN
1005 146 1243 176 ECCLESIASTEN
1263 147 1291 177 C.
1313 147 1344 176 V.

252 226 380 255 CONTRA:
406 227 429 254 l.
453 225 524 254 infra
544 225 688 254 decimo¹:
716 225 773 253 Vae
795 224 847 253 ctbt
867 229 958 258 terra,
974 233 1024 253 cu-

173 273 222 302 ius
242 282 295 302 rea·
313 282 390 310 puer
410 276 464 307 est,
486 275 512 300 et
537 272 624 301 cuius
648 272 799 310 principe-s·
826 279 912 300 mane
933 280 1024 302 eome-

172 320 262 349 dunt:
285 319 447 349 contradicit
468 327 534 357 ergo
555 319 606 348 sibi
628 319 688 356 ipsi.

252 368 280 396 ll.
303 367 447 396 Praeterea
467 366 548 396 dicit:
568 367 603 395 Et
624 366 753 395 laetetur.

250 414 379 443 Comata:
404 415 428 442 1.
452 413 523 442 Infra
551 413 708 450 septimo2:
734 412 837 441 Melius
858 417 900 441 est
919 413 963 441 irc
983 413 1024 441 ad

170 462 291 490 domam
320 461 416 490 tuctus
436 469 526 499 quam
548 460 589 489 ad
608 461 729 489 domum
750 460 893 493 convivii;
914 463 941 489 et
974 460 1023 489 ite-

171 516 252 537 rum:
277 508 333 537 Cor
352 508 547 545 sapientium,
570 507 622 536 ubi
641 507 771 536 tristitia.

250 557 276 584 2.
292 555 374 589 ltem,
388 555 448 592 ipsa
463 555 570 584 Veritas
584 555 650 584 dicit
664 555 754 583 Lucae
768 555 881 583 sexto³:
904 555 962 582 Vae
974 563 1022 583 vo-

172 602 232 637 bis,
253 602 306 641 qui
324 611 404 631 nune
430 602 548 636 ridetis,
578 602 650 640 quia
676 600 797 638 flebitis:
820 609 889 643 *ergo
918 601 1022 629 malum

171 652 213 678 est
234 649 345 683 laetari,
367 651 395 678 et
426 651 482 677 tota
513 648 658 685 Scriptura
685 648 865 685 reprehendit
891 647 1022 676 laetitiam

172 696 277 730 carnis;
299 695 367 733 quid
387 698 428 724 est
449 703 531 733 ergo,
553 694 628 732 quod
650 694 695 723 liic
716 694 892 723 commendat
913 697 991 723 eam?

248 742 286 772 Ad
307 743 360 772 hoc
381 742 565 779 respondetur
593 750 644 779 per
672 741 784 770 modum
807 741 972 778 procedendi
993 741 1019 769 in

169 790 240 820 libro
261 790 313 819 isto
334 790 503 827 singularem
524 789 596 818 inter
617 796 714 818 omnes
729 788 814 817 libros
833 796 928 817 sacrae
948 789 1020 817 Scri-

169 839 276 875 pturae.
299 837 358 874 Ipse
379 836 453 865 enim
474 836 600 873 loquitur
614 838 646 864 ut
659 836 836 865 concionator
857 835 1021 872 disputatio<

168 892 232 913 nem
254 892 332 913 suam
354 887 521 917 contexens,
541 883 569 912 in
590 891 647 920 qua
666 883 793 912 diversae
807 883 959 912 sententiae
973 883 1020 911 ad-

168 931 311 960 ducuntur
343 930 497 971 secu-ndum
527 930 651 959 diversas
682 938 834 967 personas,
866 930 1019 959 secundum

168 986 238 1016 quas
259 978 398 1015 loquitur;
420 978 494 1006 unde
515 977 595 1006 aliter
624 977 651 1005 in
681 985 798 1014 persona
829 977 963 1011 carnalis,
988 980 1021 1006 ut

167 1026 228 1061 hic,
249 1025 329 1054 aliter
350 1025 378 1053 in
399 1033 518 1062 persona
539 1025 685 1062 sapientis,
706 1027 739 1053 ut
759 1024 847 1053 infra:
863 1024 965 1053 Metius
979 1029 1020 1053 est

167 1073 211 1102 ire
237 1076 289 1102 etc.
316 1072 368 1101 Sed
396 1072 572 1109 postmodum
594 1072 718 1109 loquitur
746 1072 774 1100 in
806 1080 925 1109 persona
955 1080 1019 1109 pro-

167 1121 243 1159 pria,
264 1120 313 1149 ubi
333 1120 399 1149 dicit
410 1120 434 1147 ⁴²:
457 1119 559 1148 Finem
575 1119 710 1157 loquendi
719 1119 837 1156 pariter
851 1127 948 1147 omnes
964 1128 1018 1148 au-

168 1168 303 1202 diamus,
325 1167 374 1196 ubi
404 1166 483 1204 quasi
506 1166 559 1195 fert
580 1166 744 1196 sententiam
769 1174 867 1195 eorum
896 1174 1017 1203 quorum

167 1214 247 1252 prius
258 1214 439 1243 ventilaverat
454 1221 578 1242 causam:
595 1213 686 1241 Deum
698 1213 782 1247 time,
797 1216 825 1242 et
846 1213 921 1250 quod
944 1213 1018 1242 Deus

166 1262 259 1291 omnia
279 1260 419 1290 iudicabit.
435 1260 510 1289 Unde
524 1260 661 1298 quidquid
675 1260 703 1289 in
718 1260 789 1289 libro
812 1260 927 1298 legitur,
943 1261 1018 1298 quod

167 1308 206 1337 illi
220 1308 371 1338 sententiae
392 1308 573 1341 adversatur,
589 1307 717 1336 irritatur
739 1315 788 1344 per
811 1307 886 1336 illam
908 1310 1018 1337 senten—

166 1356 248 1390 tiam;
270 1358 297 1384 et
318 1355 383 1384 talia
404 1358 469 1384 sunt
490 1355 598 1389 omnia,
619 1363 691 1392 quae
716 1354 850 1384 dicuntur
882 1355 909 1383 in
942 1363 1018 1384 com-

166 1403 368 1433 mendationem
390 1402 541 1439 voluptatis
561 1402 729 1439 praesentis;
752 1405 779 1431 et
801 1402 840 1431 sic
862 1410 918 1431 una
943 1403 1017 1431 solu-

166 1451 239 1479 tione
261 1449 445 1487 respondetur
465 1449 500 1477 ad
521 1449 622 1478 omnia.

244 1497 327 1526 Aliter
349 1499 439 1534 potest
459 1495 528 1530 dici,
550 1495 625 1533 quod
646 1495 704 1532 ipse
719 1495 910 1529 Ecclesiastes,
932 1503 1017 1533 quae-

164 1552 285 1582 cumque
305 1544 383 1578 dicit,
398 1543 426 1572 in
440 1551 560 1580 persona
574 1543 688 1580 propria
701 1542 779 1577 dicit;
801 1543 848 1572 sed
870 1546 960 1572 tamen
982 1543 1017 1572 ad

165 1591 341 1629 intelligenda
354 1599 387 1620 ea
400 1599 472 1628 quae
483 1590 561 1624 dicit,
573 1590 629 1619 duo
644 1592 710 1619 sunt
723 1590 901 1625 attendenda,
914 1590 1017 1619 scilicet

0 1654 1 1657 =
45 1643 115 1666 Primo
131 1639 242 1671 1ἰὶἒναιὶο
263 1638 370 1667 dicendi
395 1641 422 1667 et
446 1637 560 1666 mortue
583 1637 686 1666 Modus
704 1637 822 1666 dicendi
841 1637 947 1674 duplex
969 1646 1016 1666 va-

13 1666 76 1686 modo
81 1667 156 1686 dicendi

2 1689 120 1733 αῠῗεξῖιίξιίτὶῐο1
129 1714 148 1733 1.

13 1923 15 1943 l
25 1924 121 1944 Distinclio
128 1925 147 1945 2.

165 1687 270 1716 riatur:
290 1685 425 1723 quaedam
448 1685 521 1714 enim
542 1684 608 1713 dicit
628 1693 710 1719 uere,
733 1684 868 1722 quaedam
891 1685 1014 1713 ironice:

164 1742 246 1768 vere,
268 1735 300 1762 ut
321 1731 401 1761 illud:
425 1732 502 1760 Mitte
519 1739 628 1768 panem
650 1734 734 1759 tuum
755 1739 845 1768 super
860 1735 1016 1760 transeun-

165 1783 205 1809 tes
219 1787 325 1818 aquas,
341 1778 413 1807 infra
430 1778 615 1812 undecimo&
637 1778 763 1812 ironice,
786 1781 818 1806 ut
840 1778 923 1807 illud:
946 1779 1016 1807 Lae-

165 1831 229 1856 tare
242 1835 320 1864 eryo,
337 1826 460 1860 iuvenis,
483 1825 515 1853 in
536 1824 729 1854 (idoleseentia
750 1828 811 1853 tica.
829 1825 860 1853 Et
875 1825 926 1853 boc
941 1828 1016 1862 patet

164 1882 214 1911 per
234 1873 390 1910 sequentia:
417 1873 450 1901 Et
469 1872 557 1905 seito,
579 1871 657 1910 qaod
673 1880 731 1909 pro
752 1870 798 1900 liis
812 1871 947 1900 omnibus
962 1872 1016 1900 ad-

164 1921 247 1950 ducet
269 1923 293 1949 te
316 1920 392 1948 Deus
406 1920 438 1948 in
453 1919 611 1953 iudicium,
633 1919 705 1947 infra
726 1918 883 1947 undecimo.
900 1935 938 1946 -,
959 1918 1015 1947 Alia

164 1967 280 1996 variatio
291 1966 444 1996 attenditur
457 1967 483 1995 in
496 1965 586 2000 modo,
600 1966 667 2003 quia
677 1965 812 2003 quaedam
827 1965 893 1994 dicit
907 1974 1015 2003 appro-

164 2014 259 2043 bando
270 2014 280 2031 ⁵
291 2024 298 2042 :
311 2013 354 2042 Ne
364 2017 467 2042 temere
478 2013 550 2052 quia
562 2013 694 2051 loquaris
709 2015 776 2047 etc.;
792 2012 927 2050 quaedam
941 2013 1015 2041 reci-

164 2061 270 2095 carulo,
286 2057 432 2098 quodipse
447 2061 490 2089 ita
504 2060 588 2098 fecit,
604 2060 676 2089 sicut
689 2060 761 2088 flixit
775 2068 861 2097 supra
875 2060 1013 2089 secundo:

163 2108 228 2137 Non
239 2106 382 2145 prohibui
396 2116 446 2136 cor
460 2116 573 2142 meum,
589 2107 660 2146 quin
675 2107 756 2136 omni
768 2107 915 2144 voluptate
932 2106 1015 2144 frue-

162 2159 246 2184 retur
260 2158 327 2189 etc.;
343 2155 395 2184 hoc
410 2163 465 2184 non
480 2155 624 2192 approbat,
639 2155 686 2184 sed
696 2155 803 2188 recitat,
819 2162 848 2184 se
858 2155 897 2183 sic
909 2154 1014 2189 fecisse,

163 2202 235 2231 sicut
254 2204 282 2230 et
303 2201 447 2238 Apostolus
467 2201 502 2230 de
523 2209 552 2230 se
572 2201 650 2235 dicit,
669 2201 744 2238 quod
760 2201 812 2229 fnit
826 2201 1014 2238 blasphemus.

162 2248 293 2277 Similiter
321 2248 457 2285 quaedam
482 2248 548 2277 dicit
568 2248 724 2282 recitando,
747 2248 821 2285 quod
842 2249 885 2277 ita
906 2248 1014 2286 copita-

161 2296 248 2330 verit,
264 2295 336 2324 sicut
350 2303 413 2324 cum
429 2295 501 2323 dixit
522 2303 609 2332 supra
629 2295 766 2324 secundo:
789 2295 890 2324 Nonne
911 2296 1014 2324 metius

162 2345 202 2372 est
222 2342 367 2371 comedere
387 2346 414 2370 et
434 2342 548 2371 bibere?
563 2346 615 2371 etc.
638 2343 670 2371 Et
685 2343 731 2371 tali
753 2351 854 2380 genere
869 2344 1015 2373 locutionis

161 2390 282 2419 multum
308 2390 398 2418 utitur
426 2389 454 2418 in
483 2389 535 2418 hoc
564 2390 671 2423 libello,
700 2390 778 2427 quasi
808 2398 926 2419 narrans
950 2398 1015 2419 suas

162 2436 338 2470 tentationes;
360 2436 434 2465 unde
456 2436 526 2465 liber
546 2436 598 2465 iste
619 2436 671 2465 fuit
692 2437 772 2474 quasi
800 2436 936 2474 quaedam
957 2445 1015 2466 me-

161 2483 256 2512 ditatio
277 2483 436 2512 Salomonis.
459 2483 489 2512 Et
510 2483 582 2512 sicut
602 2483 686 2512 homo
706 2484 741 2512 ab
760 2492 817 2512 una
838 2484 1014 2513 meditatione

162 2530 234 2559 cadit
258 2530 286 2558 in
314 2529 418 2559 aliam⁷
445 2530 598 2559 secundum
620 2530 744 2559 diversas
764 2530 1012 2565 considerationes,

162 2576 234 2605 sicut
254 2576 365 2613 quando
385 2576 449 2613 quis
470 2577 585 2614 cogitat,
608 2577 661 2606 hoc
682 2584 742 2606 esse
763 2577 884 2611 bonum,
898 2579 926 2605 et
940 2579 1014 2613 post-

1890 153 1926 181 49

1080 224 1193 253 modum
1209 225 1281 254 cadit
1296 226 1322 254 in
1338 226 1418 255 aliam
1440 228 1671 263 aestimationeni;
1693 229 1731 258 sic
1746 234 1841 259 narrat
1856 231 1929 260 Salo-

1081 279 1144 299 mon
1166 275 1193 300 et
1214 272 1241 300 in
1263 273 1316 301 isto
1337 273 1416 302 libro.

1159 319 1299 354 Quantum
1328 320 1361 348 ad
1395 322 1538 350 rationem
1568 323 1684 352 dicendi
1714 324 1927 360 attendendum,

1079 364 1153 401 quod
1175 366 1310 402 quaedam
1332 367 1397 396 dicit
1419 368 1580 405 simpliciter
1605 370 1638 398 ad
1666 371 1716 399 sui
1742 372 1927 408 approbatio

1080 419 1161 445 nem,
1181 411 1319 448 quaedam
1341 421 1412 442 vero
1428 422 1482 442 non
1502 414 1568 444 dicit
1583 416 1609 444 in
1624 417 1866 453 approbationem,
1881 419 1928 447 sed

1080 457 1108 485 in
1131 458 1260 487 aliorum
1282 461 1530 497 comparationem
1558 465 1585 490 et
1605 462 1835 498 detestationem,
1858 465 1929 493 sicut

1080 504 1127 540 qui
1150 505 1231 533 vellet
1252 505 1412 542 vituperare
1433 508 1576 536 avaritiam
1605 508 1731 538 laudaret
1754 510 1928 548 prodigalita-

1080 554 1147 586 tem;
1170 552 1208 581 sic
1229 556 1256 581 et
1277 553 1304 581 in
1326 553 1377 582 hoc
1400 554 1471 583 libro
1492 555 1620 584 laudabat
1640 560 1766 585 mortuos
1787 565 1927 595 compara-

1079 598 1153 627 tione
1174 599 1327 627 viventium
1340 599 1360 633 ⁸,
1376 600 1544 637 voluptatem
1560 605 1688 638 respectu
1701 603 1847 636 avaritiae;
1864 604 1931 640 quia

1079 645 1106 673 in
1128 645 1243 674 avaritia
1265 649 1306 674 est
1327 654 1415 687 poena
1437 650 1463 676 et
1494 648 1584 684 culpa.
1607 649 1661 677 Hoc
1682 653 1775 678 autem
1796 651 1875 684 facit,
1898 655 1928 679 ut

1078 692 1113 721 ab
1134 693 1180 721 illa
1201 696 1328 728 revocet,
1343 702 1398 722 non
1414 697 1446 722 ut
1460 694 1493 723 ad
1516 695 1587 723 hanc
1600 696 1729 725 attrabat.
1749 713 1788 717 —
1809 697 1928 727 Ulterius

1078 743 1215 777 quantum
1240 740 1274 769 ad
1306 741 1450 770 rationem
1479 742 1594 771 dicendi
1619 743 1832 778 attendendum,
1854 746 1926 781 quod

1078 786 1214 823 quaedam
1234 787 1301 816 dicit
1321 788 1355 816 ad
1377 796 1491 822 omnes,
1518 789 1653 826 quaedam
1675 790 1708 819 ad
1730 790 1857 829 aliquos,
1880 792 1926 828 qui

1077 834 1180 871 aliquid
1203 838 1377 872 supponunt,
1399 838 1426 864 et
1451 844 1487 864 ex
1509 844 1606 865 eorum
1628 838 1816 874 suppositione
1836 839 1928 875 arguit

1076 884 1173 910 contra
1194 889 1253 915 eos,
1276 885 1307 910 ut
1329 882 1438 919 supra⁹
1458 883 1543 917 dixit,
1565 884 1639 920 quod
1654 892 1708 913 non
1730 888 1771 913 est
1785 887 1927 914 memoria

1076 928 1231 965 Sapientis,
1253 933 1287 958 ut
1306 929 1396 958 stulti.
1420 930 1473 959 Hoc
1494 930 1566 959 dixit
1594 931 1647 960 illis
1675 932 1857 968 sapientibus,
1879 934 1925 970 qui

1077 978 1162 1004 totam
1183 984 1263 1005 suam
1291 977 1543 1006 remunerationem
1573 978 1599 1006 in
1630 978 1757 1007 laudibus
1783 979 1926 1008 bominum

1076 1023 1291 1053 constituebant.

1154 1070 1224 1099 Haec
1245 1078 1312 1107 ergo
1333 1071 1429 1108 regula
1450 1074 1491 1100 est
1512 1072 1539 1100 in
1563 1072 1655 1100 verbis
1680 1072 1740 1101 eius
1761 1073 1926 1110 generaliter

1075 1116 1251 1151 attendenda,
1274 1118 1347 1154 quod
1369 1126 1441 1155 quae
1461 1118 1527 1147 dicit
1548 1127 1612 1147 vere
1633 1122 1660 1147 et
1680 1119 1872 1156 approbando
1887 1120 1927 1148 di-

1075 1164 1112 1193 cit
1132 1172 1182 1201 per
1197 1172 1226 1193 se
1247 1165 1477 1199 commendando,
1499 1164 1566 1194 dicit
1586 1166 1731 1200 omnibus,
1752 1166 1778 1195 id
1800 1170 1841 1195 est
1862 1175 1927 1195 vere

1075 1213 1102 1239 et
1132 1211 1280 1245 assertive,
1313 1212 1507 1240 universaliter
1537 1215 1564 1240 et
1595 1212 1735 1247 absolute;
1766 1213 1834 1242 haec
1866 1214 1927 1250 qui—

1074 1257 1137 1287 dem
1158 1258 1185 1286 in
1213 1258 1407 1287 auctoritatem
1439 1262 1504 1287 sunt
1535 1259 1704 1288 adducenda.
1737 1260 1812 1296 Quae
1834 1264 1926 1289 autem

1074 1305 1140 1334 dicit
1162 1305 1271 1333 ironice
1292 1309 1319 1334 et
1340 1313 1411 1342 quae
1439 1306 1505 1334 dicit
1534 1306 1700 1335 recitatorie
1720 1306 1786 1335 dicit
1806 1307 1840 1336 ad
1861 1307 1927 1336 alio—

1075 1360 1139 1381 rum
1160 1352 1386 1386 detestationem,
1403 1353 1445 1381 vel
1467 1361 1503 1382 ex
1530 1354 1622 1390 aliqua
1643 1354 1847 1390 suppositione,
1870 1355 1927 1382 sive

1074 1399 1108 1428 ad
1129 1400 1309 1428 contrarium.
1334 1400 1402 1428 Illud
1424 1400 1509 1437 igitur
1531 1401 1648 1430 verbum
1669 1401 1773 1430 dictum
1803 1404 1844 1430 est
1872 1409 1926 1429 non

1074 1447 1248 1480 assertoric,
1269 1447 1317 1476 sed
1338 1448 1522 1481 recitatorie,·
1543 1448 1641 1476 recitat
1671 1448 1744 1477 enlm
1766 1456 1846 1477 suam
1868 1452 1926 1477 ten-

1075 1494 1222 1528 tationem,
1244 1502 1327 1531 quam
1350 1502 1466 1523 narrare
1487 1495 1612 1524 intendit.
1628 1512 1668 1516 --
1689 1495 1737 1524 Vel
1758 1495 1863 1524 dictum
1886 1499 1927 1524 est

1074 1550 1129 1571 non
1151 1541 1289 1576 absolute,
1312 1542 1359 1571 sed
1380 1542 1415 1570 ad
1435 1542 1644 1571 detestationem
1666 1543 1806 1571 avaritiae.

1154 1589 1193 1617 ΙΙΙ
1216 1589 1283 1617 item
1304 1589 1451 1626 quaeritur
1466 1589 1500 1618 de
1518 1589 1570 1618 hoc
1592 1589 1666 1626 quod
1687 1589 1765 1624 dicit,
1785 1590 1859 1627 quod
1875 1591 1927 1619 boc

1073 1638 1115 1665 est
1134 1636 1246 1665 donam
1276 1636 1342 1670 Dei,
1372 1639 1403 1664 ut
1431 1635 1558 1673 fruatur
1580 1636 1702 1671 divitiis;
1732 1637 1779 1665 sed
1806 1637 1858 1666 hoc
1885 1641 1927 1666 est

1073 1686 1232 1719 peccatum:
1255 1691 1321 1720 ergo
1342 1686 1393 1712 etc.

1152 1730 1192 1758 IV.
1215 1730 1282 1759 Item
1303 1730 1384 1764 dicit,
1405 1730 1479 1767 quod
1503 1731 1579 1759 Deae
1599 1734 1723 1767 occupat
1743 1739 1794 1759 eor
1814 1730 1925 1759 deliciis*

1073 1777 1099 1805 in
1122 1777 1193 1811 vita;
1216 1777 1262 1805 sed
1285 1777 1337 1806 boc
1359 1777 1460 1806 iterum
1483 1780 1525 1806 est
1546 1781 1699 1814 peccatum.

1152 1824 1326 1860 Respondeo:
1348 1823 1511 1858 dicendum,
1527 1824 1601 1861 quod
1624 1827 1678 1852 tam
1700 1824 1771 1852 bona
1785 1823 1924 1862 fortunae

1072 1879 1156 1908 quam
1178 1874 1307 1899 naturae
1327 1879 1412 1908 quam
1433 1871 1515 1899 etiam
1541 1871 1659 1908 qratiae
1680 1874 1745 1900 sunt
1766 1871 1837 1899 dona
1858 1871 1921 1905 Dei;

1073 1918 1120 1947 sed
1141 1917 1280 1955 fortunae
1300 1918 1430 1951 minima,
1456 1921 1583 1946 naturae
1612 1917 1715 1951 media,
1738 1917 1785 1946 sed
1805 1919 1923 1955 qratiae

1072 1965 1183 2002 optima.
1207 1965 1279 1993 lnter
1300 1964 1372 1993 dona
1392 1968 1521 1993 naturae
1542 1966 1721 2001 computatur
1736 1964 1811 1993 salus
1826 1967 1853 1993 et
1867 1964 1923 1993 for-

1072 2012 1174 2046 titudo·⁷
1190 2012 1262 2040 inter
1277 2011 1349 2040 bona
1362 2010 1501 2048 fortunae
1514 2011 1684 2048 prosperitas
1698 2014 1725 2040 et
1746 2011 1833 2048 quies.
1850 2012 1923 2040 Deus

1072 2059 1144 2087 enim
1160 2058 1301 2095 aliquibus
1311 2058 1358 2087 dat
1368 2058 1477 2086 divitias
1487 2081 1493 2092 ,
1505 2057 1608 2094 quibus
1619 2066 1673 2086 non
1685 2058 1732 2086 dat
1741 2058 1859 2087 salutem
1873 2067 1922 2088 nec

1071 2106 1209 2143 quietem,
1224 2109 1252 2134 et
1267 2105 1310 2134 isti
1326 2113 1380 2134 non
1395 2105 1530 2133 fruuntur
1541 2105 1632 2140 honis;
1648 2105 1813 2142 quibusdam
1826 2113 1923 2143 super-

1071 2152 1147 2181 addit
1167 2153 1288 2190 quietem
1304 2155 1331 2181 et
1345 2152 1479 2186 salutem,
1501 2155 1528 2181 et
1550 2152 1618 2181 tales
1640 2152 1742 2181 liabent
1760 2156 1922 2189 potestatem

1072 2199 1197 2234 fruendi;
1218 2202 1245 2228 et
1267 2199 1332 2236 quia
1353 2199 1399 2228 illa
1423 2202 1489 2228 sunt
1509 2199 1581 2228 dona
1603 2199 1666 2234 Dei,
1688 2200 1725 2228 ita
1746 2202 1773 2228 et
1787 2202 1922 2236 potestas;

1072 2247 1120 2276 sed
1131 2247 1250 2276 ulterius
1264 2246 1362 2275 abusio
1376 2246 1520 2283 potestatis
1534 2247 1614 2281 mala,
1628 2246 1695 2275 haec
1710 2255 1764 2275 non
1775 2250 1817 2275 est
1827 2255 1844 2275 a
1858 2247 1922 2275 Deo.

1151 2294 1190 2323 ΠΙ.
1207 2294 1286 2332 Quod
1301 2294 1462 2331 quaeritur,
1478 2294 1554 2331 quod
1575 2294 1649 2323 Deus
1663 2302 1808 2331 occupare
1821 2294 1922 2322 dicitur

1071 2342 1182 2371 deliciis
1203 2350 1253 2370 eor
1274 2341 1372 2374 itlius:
1386 2344 1427 2370 est
1443 2341 1682 2378 respondendum,
1698 2340 1772 2377 quod
1786 2340 1921 2377 quaedam

1071 2390 1135 2419 facit
1155 2389 1229 2418 Deus
1250 2388 1483 2422 misericorditer,
1505 2388 1643 2425 quaedam
1666 2388 1738 2416 iusto
1760 2387 1861 2416 iudicio
1875 2387 1921 2417 de-

1072 2436 1204 2470 serendo,
1219 2436 1292 2465 sicut
1305 2435 1408 2464 dieitur
1420 2435 1443 2452 ¹⁰
1464 2434 1580 2463 tradere
1600 2434 1743 2471 sapientes
1764 2434 1871 2462 mundi
1890 2435 1922 2462 in

1071 2482 1230 2520 reprobum
1250 2490 1383 2515 sensum,·
1404 2482 1442 2510 sic
1464 2484 1491 2509 et
1512 2489 1656 2518 occupare
1681 2480 1783 2509 dicitur
1804 2488 1854 2509 cor
1875 2481 1921 2508 (te-

1072 2529 1147 2558 ticiis
1168 2528 1352 2566 permittendo
1373 2528 1446 2557 iusto
1468 2527 1568 2556 iudicio
1593 2527 1722 2564 occupari
1751 2530 1778 2555 et
1798 2527 1920 2556 oblivisci

1071 2579 1259 2605 aeternorum.

223 2749 231 2763 ¹
251 2751 316 2773 Vers.
334 2751 371 2773 16.

223 2788 232 2802 ²
250 2790 316 2812 νει-5.
333 2790 358 2818 3;
376 2789 461 2812 deinde
478 2789 535 2813 ibid.
552 2797 576 2813 v.
592 2791 615 2813 5.

223 2827 232 2840 ⁵
250 2829 315 2851 Vers.
333 2829 373 2851 25:
391 2829 462 2851 Vae...
480 2829 535 2858 quia
552 2829 661 2858 lugebitis
677 2833 700 2852 et
717 2829 807 2853 flebitis.

222 2867 232 2880 ⁴
249 2867 304 2896 Cap.
323 2868 365 2896 «12,
383 2868 425 2897 13,
443 2867 482 2890 ubi
501 2868 582 2891 etiam:
603 2869 676 2891 Deum
693 2869 761 2896 time,
778 2875 802 2891 v.
821 2869 862 2891 114:
880 2870 906 2891 Et
918 2872 1012 2897 cuncta,

160 2913 221 2936 quac
238 2908 306 2934 liunt,
324 2907 424 2930 adducet
440 2907 503 2929 Deus
519 2907 542 2930 in
559 2908 671 2931 iudicium
690 2910 733 2931 etc.

222 2945 231 2958 ⁶
249 2946 315 2969 Vers.
333 2947 358 2974 i;
375 2946 459 2969 deinde
477 2946 531 2969 ibid.
549 2953 572 2969 v.
590 2947 611 2969 9.
629 2950 682 2970 sunt
698 2948 745 2969 duo
763 2953 829 2976 seqq.
846 2948 897 2970 loci.

254 2993 280 3016 S.
297 2993 386 3017 Bonav.
397 3005 428 3010 -
441 2993 509 3016 Tom.
527 2994 564 3016 Vl.

1132 2748 1142 2762 ⁶
1159 2750 1215 2778 Cap.
1233 2750 1260 2777 5,
1278 2750 1304 2778 43
1321 2752 1449 2778 sequuntur
1467 2750 1493 2778 2,
1513 2750 1552 2777 10;
1571 2749 1585 2771 i.
1608 2749 1667 2771 Tim.
1690 2749 1706 2775 1,
1726 2748 1767 2769 13ε
1791 2747 1833 2775 Qui
1856 2747 1921 2774 prius

1070 2790 1221 2818 blasphemus
1233 2790 1275 2816 sui;
1288 2790 1359 2811 Eccle.
1371 2790 1397 2815 2,
1409 2789 1450 2817 24;
1464 2795 1505 2816 pro
1517 2794 1564 2817 qno
1577 2789 1626 2810 loco
1639 2788 1689 2810 Vat.
1702 2788 1755 2809 ritat
1766 2787 1835 2809 Evrle.
1847 2787 1867 2810 3,
1879 2786 1919 2807 22:

1070 2830 1095 2851 Et
1112 2828 1255 2856 deprehendi
1272 2828 1328 2850 nibil
1346 2834 1395 2849 esse
1414 2828 1495 2850 melius
1511 2833 1582 2856 quam
1601 2826 1686 2849 laetari.

1133 2866 1141 2880 ⁷
1159 2869 1188 2890 lta
1207 2868 1250 2890 AC
1261 2868 1317 2895 DE;
1336 2868 1386 2889 Vat.
1403 2867 1467 2889 addit
1483 2866 1676 2889 aestimationem.

1133 2905 1142 2918 ⁸
1159 2906 1214 2934 Cup.
1233 2906 1259 2931 4.
1277 2907 1298 2928 2.
1315 2909 1338 2928 et
1355 2906 1384 2928 de
1401 2911 1449 2933 seq.
1467 2911 1487 2927 c.
1504 2906 1531 2932 5,
1551 2905 1588 2927 Π.
1732 2902 1742 2914 ⁹
1764 2903 1818 2930 Cap.
1838 2903 1863 2928 2,
1881 2902 1916 2923 46,

1133 2944 1152 2958 ¹⁰
1170 2946 1237 2968 Rom.
1256 2946 1275 2973 l,
1294 2946 1336 2967 28:
1353 2945 1457 2967 Tradidit
1475 2945 1523 2967 illos
1540 2944 1600 2966 Deus
1617 2945 1639 2965 in
1657 2943 1783 2971 reprobum
1801 2947 1902 2964 sensum.

1808 2988 1820 3009 7

1947 330 1970 349 Se
1972 331 2039 353 cundo,
2049 331 2074 350 de

1957 355 2017 373 rainto
2006 360 2029 373 ne
2046 355 2075 373 di·

1954 360 1988 396 ἔθη
1978 378 2009 396 ndi
2028 378 2075 397 mul-

1957 402 1969 419 ti
1965 401 2015 424 iieipl

1945 1079 2014 1102 Regula
2031 1084 2062 1103 ge-

1963 1103 2038 1121 aeratis.

1945 1595 1966 1614 Di
1970 1596 2068 1614 mcultates

1975 1620 1994 1637 111
1989 1624 2030 1637 uae.

1942 1829 1998 1854 Resp.
2009 1830 2030 1849 ad
2039 1830 2068 1848 ill.

1941 1876 1993 1904 Dona
2008 1877 2041 1895 Dei

1965 1903 2007 1919 [1¹13.

1937 2299 1992 2324 Hesp.
2003 2300 2026 2318 ad
2037 2300 2067 2318 Ν.
