2296 3316
741 141 909 169 COMMENT.
932 141 964 169 IN
985 141 1175 170 SAPIENTIAM
1196 143 1223 170 C.
1246 144 1300 171 XV.
1836 147 1890 174 205

151 219 246 248 dilecti
265 222 292 247 et
322 218 412 251 elccti;
434 221 461 246 et
488 218 558 246 bene
588 221 703 254 possunt
731 218 899 254 computari,
927 218 992 254 quia

151 266 244 303 pauci,
266 265 417 294 secundum
439 264 506 292 illud
538 264 665 292 Matthaei
691 264 860 301 vigesimo1:
888 265 991 293 «Multi

151 316 215 341 sunt
236 312 336 345 vocati,
358 311 436 347 pauci
469 319 536 339 vero
565 311 684 339 electi».
714 311 785 339 Mati
815 314 907 340 autem
937 320 992 340 non

150 361 346 395 computantur
367 366 382 385 a
403 357 471 391 Deo,
487 357 558 385 sicut
578 357 672 385 nullus
693 361 834 394 computat
854 361 992 386 monetam

152 405 340 441 reprobatam;
362 404 412 440 ipsi
434 406 526 432 autem
548 406 613 432 sunt
638 404 783 440 reprobata
805 407 928 438 moneta,
950 412 992 433 se-

151 451 271 480 cundum
294 450 360 479 illud
381 450 510 479 Ieremiae
531 453 625 479 sexto:
646 462 659 475 «
674 451 822 487 Argentum
841 451 990 487 reprobum

152 500 245 526 vocate
276 504 322 526 eos
336 508 363 530 »3
389 497 469 530 item,
502 497 567 533 quia
598 497 712 531 infiniti,
744 497 897 525 secundum
924 497 992 525 illud

151 544 327 572 Ecclesiastae
347 543 452 579 primo:
478 555 491 568 «
507 544 658 572 Stultorum
688 544 812 572 infinitus
833 547 874 572 est
895 552 992 572 nume-

151 597 201 618 rus
214 601 241 617 ».
263 589 317 618 Hoc
339 592 428 617 tamen
448 597 502 618 non
524 592 565 618 est
585 597 621 618 ex
642 590 802 626 impotentia
816 590 863 618 Dei
879 598 992 626 compu-

151 635 247 669 tantis,
269 635 315 664 sed
332 635 417 672 magis
432 644 467 664 ex
482 644 578 664 eorum
594 636 760 673 indignitate.
777 637 904 664 Peccator
919 637 991 664 enim

150 682 279 719 indignus
293 686 334 711 est
347 690 426 719 pane,
439 691 494 719 quo
510 683 646 717 vescitur,
662 686 693 711 ut
707 683 772 711 dicit
790 683 990 719 Augustinus&

151 730 215 758 item
236 729 306 757 infra
327 729 438 757 eodem:
463 741 477 754 «
491 730 560 758 Luto
585 730 665 758 vilior
696 730 751 758 vita
779 730 838 758 eius
853 741 879 763 »3
902 730 992 758 lutum

150 779 241 805 autem
264 776 358 804 nullus
379 778 559 812 computaret.

229 823 317 859 (Vers.
340 823 387 857 3.).
411 822 499 851 Nosse
526 823 602 851 enim
623 827 673 852 etc.
696 824 766 852 Bene
791 824 865 852 dixi:
887 824 914 851 si
934 832 992 852 iton

32 874 58 893 ne
71 873 133 893 tertio·
146 869 382 906 peccaverimus,
405 871 431 897 et
452 869 572 897 maxime
593 873 704 906 peccato
725 870 907 904 infidelitatis,
922 879 991 908 quo-

149 915 231 943 niam
246 923 350 943 samus
365 916 446 952 apud
461 921 485 944 te
499 917 670 953 computati:
685 925 766 945 'nosse
781 917 854 945 enim
872 920 905 951 te,
921 917 992 945 scili-

151 965 193 990 cet
207 970 256 999 per
275 962 355 991 fidem
375 963 534 998 formatam,
550 967 751 992 consummata
766 964 880 992 iustitia
894 968 949 997 est,
966 964 992 992 id

150 1010 191 1037 est
211 1008 341 1045 perfectio
363 1009 482 1038 iustitiae
503 1010 530 1038 in
552 1011 704 1046 praesenti;
726 1014 752 1038 et
774 1010 825 1038 hoc
840 1011 992 1047 intelligen-

150 1055 216 1083 dum
239 1055 406 1090 causaliter,
429 1059 459 1084 ut
486 1056 521 1085 sit
548 1064 663 1085 sensus:
685 1066 768 1085 rnosse
789 1061 812 1085 te
836 1065 885 1093 per
911 1057 992 1086 fidem

151 1105 190 1129 cst
210 1106 412 1131 consummata
433 1103 562 1137 iustitia,
585 1103 611 1131 id
632 1106 673 1132 est
691 1111 773 1132 causa
787 1107 993 1132 consummatae

152 1148 285 1182 iustitiae,
314 1149 381 1177 fides
413 1150 485 1178 enim
517 1150 659 1184 iustificat,
692 1151 764 1179 unde
794 1151 827 1178 ad
860 1151 993 1179 Romanos

151 1195 247 1231 quinto
258 1195 285 1222 ³:
311 1207 324 1220 «
339 1196 477 1224 lustificati
499 1204 564 1233 ergo
579 1204 613 1225 ex
630 1197 683 1225 fide
698 1209 711 1222 »
730 1200 780 1225 etc.
791 1208 797 1231 ;
809 1197 877 1225 item
892 1197 993 1225 ibidem

151 1244 263 1277 quarto:
290 1253 303 1266 «
317 1242 436 1270 Credidit
458 1243 594 1271 Abraham
615 1243 684 1276 Deo,
706 1246 733 1271 et
761 1246 919 1280 reputatum
952 1246 993 1271 est

150 1287 188 1316 illi
210 1287 243 1316 ad
264 1288 395 1316 iustitiam
411 1299 437 1323 »;
459 1293 485 1317 et
503 1290 595 1323 scire,
617 1290 719 1318 scilieet
733 1298 782 1326 per
797 1290 877 1318 fidem
893 1290 993 1318 forma-

152 1336 223 1368 tam,
245 1334 388 1363 iustitiam
403 1339 429 1364 et
442 1336 580 1364 virtatem
599 1340 697 1371 tuam,
721 1337 875 1371 iustitiam,
891 1337 993 1365 scilicet

151 1380 295 1415 bonitatis,
316 1385 342 1409 et
361 1382 514 1417 virtatem,
537 1383 693 1419 potestatis;
716 1383 773 1412 vel:
795 1384 946 1417 virtutem,
966 1384 993 1412 id

153 1430 194 1456 est
220 1427 373 1462 Christum,
395 1429 442 1466 qui
474 1433 515 1458 est
541 1430 614 1458 «Dei
644 1431 733 1459 virtus
761 1434 787 1459 et
819 1431 991 1467 sapientia»,

152 1474 256 1510 primae
276 1475 310 1503 ad
330 1475 486 1505 Corinthios
516 1477 643 1513 primo¹²;
665 1478 756 1506 radix
780 1481 821 1505 est
841 1478 993 1506 immorta-

152 1520 256 1554 litatis,
278 1521 304 1549 id
325 1524 366 1550 est
386 1522 553 1559 principium
576 1526 602 1552 et
623 1531 706 1552 causa
730 1526 857 1553 aeternae
878 1525 993 1553 beatitu-

150 1566 221 1595 dinis
241 1567 268 1596 in
289 1568 399 1603 futuro;
414 1569 487 1598 unde
508 1570 614 1598 Ioannis
628 1570 734 1599 decimo
748 1571 878 1607 septimo:
898 1583 911 1596 «
924 1572 993 1599 Haec

151 1617 192 1642 est
218 1614 274 1643 vita
304 1618 431 1649 aeterna,
462 1619 494 1644 ut
525 1620 689 1653 cognoscant
721 1620 747 1645 te
779 1618 868 1646 solum
894 1626 991 1646 verum

151 1660 238 1689 Deum
250 1673 264 1686 »
288 1664 338 1690 etc.

229 1708 341 1742 Radix,
363 1709 389 1737 id
420 1712 462 1737 est
492 1709 599 1738 arboris
624 1710 791 1746 spiritualis,
812 1711 839 1739 id
860 1714 901 1739 est
923 1711 993 1740 vitae

19 1755 139 1798 ‘⁰3²fficssgfi‘g
151 1751 231 1788 iusti,
253 1754 300 1790 qui
322 1758 363 1783 est
384 1755 455 1783 sicut
481 1756 614 1792 «lignum
633 1756 786 1792 plantatum
801 1765 881 1786 secus
895 1757 993 1786 decur-

37 1785 139 1845 gffgnrieta-
151 1808 198 1829 sus
219 1808 354 1837 aquarum
367 1801 399 1826 ⁵»
418 1804 485 1835 etc.;
508 1802 597 1830 radix
619 1806 659 1831 est
680 1803 756 1837 fides,
772 1806 803 1831 ut
818 1804 862 1832 hic
882 1804 991 1832 dicitur.

67 1840 72 1845 ”
152 1847 221 1881 Pes,
238 1847 391 1881 humilitas,
406 1848 477 1876 sicut
491 1856 506 1876 e
521 1849 660 1877 contrario
670 1857 717 1886 pes
729 1850 877 1887 impiorum
892 1855 933 1879 est
947 1859 994 1879 su-

151 1894 255 1930 perbia,
271 1894 422 1923 secundum
437 1895 504 1923 illud
521 1895 633 1923 Psalmi:
653 1908 666 1921 «
679 1897 736 1924 Non
752 1897 842 1925 veniat
856 1898 923 1926 mihi
945 1906 993 1934 pes

153 1940 299 1976 superbiae
313 1952 339 1968 ».
362 1941 464 1978 Stipes,
486 1941 513 1969 in
539 1942 624 1970 altum
656 1951 684 1971 se
712 1943 832 1980 erigens,
853 1947 894 1973 est
915 1952 992 1981 spes;

152 1986 186 2014 ad
197 1986 369 2015 Colossenses
383 1987 478 2016 tertio:
499 1989 595 2024 «Quae
614 1997 725 2018 sursum
748 1993 811 2018 sunt
833 1991 991 2027 quaerite».

154 2033 267 2061 Humor
289 2033 410 2062 interior
431 2037 458 2063 et
477 2035 615 2064 viriditas
636 2036 720 2064 huius
741 2037 849 2065 arboris
870 2041 911 2066 est
931 2046 993 2074 gra-

154 2080 191 2108 tia
211 2080 334 2109 internae
354 2081 520 2116 devotionis;
542 2082 588 2110 Iob
608 2083 742 2111 octavossx
762 2094 775 2108 «
790 2084 919 2121 Nunquid
934 2087 993 2121 pot-

153 2129 193 2154 est
215 2126 305 2155 virere
327 2127 434 2163 scirpus
455 2127 559 2164 absque
580 2129 698 2157 humore
713 2132 746 2157 »2³
763 2129 850 2158 Calor
864 2130 994 2167 dirigens

154 2175 195 2201 est
216 2173 305 2202 virtus
326 2174 462 2208 caritatis:
485 2175 573 2203 Lucae
593 2175 770 2204 duodecimo:
798 2188 810 2200 α
826 2177 915 2213 Ignem
931 2177 993 2205 veni

154 2219 263 2247 mittere
284 2219 311 2247 in
334 2223 464 2248 terram»
483 2223 533 2249 etc.
552 2222 686 2250 Exterior
706 2222 854 2260 irriyatio,
870 2223 993 2252 doctrina

155 2265 316 2301 spiritualis3
339 2267 412 2295 unde
433 2267 569 2303 Sapientia
589 2268 655 2297 dicit
670 2269 847 2298 Ecclesiastici
863 2270 994 2307 vigesimo

154 2315 272 2348 quarto:
299 2313 427 2349 «Rigabo
456 2314 569 2342 hortum
596 2315 794 2351 plantationum
825 2324 992 2345 mearum».

1050 219 1153 252 Rami,
1174 220 1365 256 multiplicatio
1386 221 1472 250 bonae
1487 222 1664 258 operationis,
1682 224 1828 252 Ezechielis
1842 224 1891 251 tri-

1049 265 1152 301 gesimo
1173 270 1252 294 sexto
1264 267 1288 294 ⁷:
1308 278 1320 291 <1
1337 268 1439 296 Montes
1454 268 1545 302 Israel,
1561 277 1651 297 ramos
1667 273 1772 298 vestros
1786 278 1891 306 expan-

1049 312 1103 340 dite
1118 324 1144 340 »,
1168 313 1282 347 Ftores,
1304 322 1396 342 mores
1417 315 1547 343 honestae
1568 317 1795 349 conversationis,
1818 316 1890 345 unde

1049 358 1224 386 Canticorum
1247 359 1382 388 secundo:
1409 372 1421 385 «
1436 361 1528 389 Flores
1555 365 1745 398 apparuerunt
1767 362 1793 390 in
1816 366 1891 390 terra

1049 408 1184 433 nostra».
1206 403 1303 439 Folia,
1336 407 1420 435 verba
1450 407 1583 436 discretae
1612 408 1771 442 locutionis,
1793 416 1890 437 secun-

1048 451 1114 479 dum
1137 451 1204 480 illud
1236 453 1346 480 Psalmi:
1374 454 1433 481 «Et
1453 454 1548 482 solium
1579 455 1639 483 eius
1667 463 1721 483 non
1746 455 1889 483 defluet».

1049 499 1191 531 Fructus,
1219 507 1325 527 merces
1353 502 1480 529 aeternae
1505 501 1706 535 1·etributi0nis;
1729 510 1814 538 supra
1835 505 1890 531 ter-

1049 544 1101 571 tio:
1128 555 1141 568 «
1157 544 1294 573 Bonorum
1318 546 1442 574 laborum
1464 547 1599 583 gloriosus
1620 552 1660 576 est
1681 549 1789 576 fructus
1804 560 1829 576 υ.

1127 591 1214 626 (Vers.
1237 592 1284 626 4.).
1308 591 1373 619 Noa
1394 593 1469 620 enim
1490 596 1541 621 etc.
1564 594 1633 622 Bene
1655 594 1731 622 dixi:
1751 595 1890 632 quoniam

1047 645 1152 664 sumus
1173 638 1253 673 aptat
1275 641 1298 665 te
1319 639 1479 674 computati
1499 647 1563 673 nos,
1585 644 1611 668 et
1632 648 1684 668 non
1707 641 1766 675 alii,
1788 642 1890 669 scilicet

1049 683 1222 716 idololatrae,
1244 692 1302 711 uon
1322 685 1397 712 enim
1429 685 1460 712 in
1490 694 1633 719 errorem,
1656 687 1758 715 scilicet
1779 688 1890 715 idolola-

1049 730 1131 763 triae,
1148 730 1194 765 qui
1210 733 1251 758 ost
1271 738 1351 758 error
1372 732 1550 767 praecipuus,
1572 732 1688 761 trzctuoett
1703 742 1768 767 izo-5,
1789 734 1890 762 scilicet

1048 776 1120 803 sicut
1140 776 1222 809 alios,
1244 776 1277 804 de.
1298 776 1400 813 quibus
1421 785 1504 814 supra
1519 778 1623 806 decimo
1638 780 1775 815 quartoss:
1802 780 1890 808 «Pro-

1048 823 1125 850 vexit
1146 827 1238 851 autem
1261 823 1293 851 ad
1316 824 1416 851 horum
1445 824 1583 852 culturam
1611 828 1638 853 et
1665 826 1715 854 hos
1742 827 1789 862 qui
1815 827 1890 863 igno-

1048 868 1146 896 rabant
1165 869 1277 897 artiticis
1299 870 1399 898 eximia
1414 870 1553 907 diligentia
1568 882 1593 904 »3
1609 870 1772 906 leontinum,
1789 872 1890 900 scilicet

1049 916 1119 943 idola
1139 916 1331 944 fabricantium
1357 920 1418 950 etc„
1440 917 1535 945 malae
1555 918 1630 946 artis
1654 920 1837 955 excogitatio,
1864 919 1890 947 id

1049 966 1089 990 est
1109 962 1142 990 ad
1164 963 1267 990 malum
1288 963 1443 991 inducentis
1464 971 1513 999 per
1527 964 1604 998 deos,
1620 965 1666 1001 qui
1683 973 1731 1001 per
1746 973 1805 993 eain
1821 965 1890 1001 figu-

1049 1013 1156 1037 rantur.
1180 1009 1238 1045 ipsa
1260 1012 1348 1037 tamen
1371 1018 1417 1037 ars
1442 1010 1512 1038 hona
1543 1016 1583 1039 est
1604 1012 1630 1039 in
1654 1019 1697 1045 se,
1720 1012 1765 1040 sed
1787 1013 1891 1041 abusus

1049 1056 1152 1089 malus:
1175 1056 1263 1084 omnis
1284 1056 1355 1084 enim
1379 1057 1491 1085 scientia
1511 1057 1544 1085 de
1565 1066 1665 1094 genere
1686 1059 1821 1087 bonorum
1840 1063 1889 1093 est,

1050 1102 1152 1130 scilicet
1173 1106 1306 1138 quantum
1329 1103 1362 1131 ad
1384 1100 1474 1139 ipsum
1496 1104 1636 1138 habitum,
1659 1113 1721 1133 cum
1743 1105 1778 1133 sit
1792 1114 1807 1133 a
1821 1106 1889 1139 De03

1051 1149 1229 1177 Ecclesiastici
1259 1150 1385 1185 pi'im09:
1417 1150 1540 1179 «Omnis
1568 1152 1699 1187 sapientia
1730 1160 1744 1179 a
1777 1152 1890 1180 Domino

1049 1195 1105 1223 Deo
1125 1198 1207 1223 est».
1231 1196 1261 1223 Et
1284 1197 1440 1231 sciendum,
1463 1198 1535 1234 quod
1551 1198 1605 1226 duo
1621 1199 1720 1234 tangit,
1741 1199 1890 1226 inductiva

1050 1241 1151 1269 scilicet
1173 1242 1229 1270 sive
1250 1243 1425 1278 provocativa
1443 1243 1476 1272 ad
1491 1244 1683 1278 idololatriam,
1699 1245 1802 1273 scilicet
1816 1245 1891 1273 artis

1049 1288 1240 1325 (liliyentiam,
1263 1297 1325 1317 cum
1348 1290 1424 1318 dicit:
1447 1291 1542 1319 malac
1562 1292 1636 1319 artis
1657 1292 1841 1328 excogitatio,
1864 1295 1891 1320 et

1050 1335 1121 1362 idoli
1138 1335 1381 1371 pulcritudinem,
1405 1345 1467 1365 cum
1490 1338 1597 1365 subdit:
1612 1347 1662 1366 nec
1677 1338 1785 1366 umbra
1798 1338 1890 1374 pictu-

1049 1390 1114 1415 rae,
1131 1382 1156 1410 id
1171 1386 1212 1410 est
1227 1391 1276 1410 nec
1298 1383 1405 1419 pictura
1427 1384 1544 1420 speciem
1560 1384 1624 1421 ligni
1639 1384 1823 1418 obumbrans3
1844 1385 1890 1412 Ec-

1050 1429 1191 1457 clesiastiri
1219 1429 1358 1466 trigesimo
1386 1433 1482 1458 octavo
1495 1431 1529 1458 ¹⁰:
1557 1430 1735 1459 «Assiduitas
1765 1431 1826 1458 eius
1845 1439 1891 1458 va-

1050 1475 1102 1503 riat
1117 1475 1253 1511 picturam
1268 1486 1294 1509 »;
1310 1475 1408 1509 tabor,
1424 1477 1526 1504 scilicet
1547 1476 1669 1509 artificis,
1690 1477 1751 1504 sine
1772 1475 1889 1513 fructa,

1050 1521 1152 1549 scilicet
1173 1521 1313 1555 utilitatis;
1336 1530 1420 1558 supra
1436 1522 1531 1550 tertio:
1551 1523 1668 1551 «Vacua
1682 1531 1744 1559 spes
1765 1523 1890 1556 illorum,

1050 1570 1077 1595 et
1108 1567 1215 1595 labores
1246 1568 1303 1596 sine
1331 1568 1425 1596 fructu
1439 1579 1470 1602 »3
1506 1569 1627 1606 effiyies,
1660 1562 1685 1597 id
1714 1573 1755 1597 est
1786 1570 1890 1606 imago,

1049 1613 1163 1650 sculpta
1182 1622 1235 1650 per
1249 1614 1349 1642 'varios
1364 1615 1484 1649 colores,
1500 1615 1698 1652 distinguentes
1714 1618 1805 1652 partes
1819 1616 1892 1644 scul-

1050 1663 1163 1696 pturae;
1186 1668 1270 1696 supra
1295 1661 1400 1689 decimo
1421 1662 1516 1690 tertio:
1544 1674 1557 1686 «
1572 1662 1764 1690 Rubicundum
1790 1662 1891 1691 faciens

1051 1706 1112 1734 fuco
1133 1706 1251 1735 colorem
1273 1707 1332 1735 cius
1346 1718 1373 1735 ».

1129 1753 1217 1789 (Vers.
1247 1754 1294 1789 5.).
1325 1754 1416 1782 Cuius
1441 1758 1573 1790 aspectus
1605 1755 1766 1789 insensato,
1793 1755 1818 1783 id
1850 1758 1890 1784 est

1050 1799 1167 1834 infideli,
1190 1800 1241 1828 (lat
1262 1801 1540 1837 concupiscentiam,
1563 1801 1665 1830 scilicet
1685 1802 1890 1830 occasionaliter

1050 1847 1187 1875 incitando
1201 1847 1234 1875 ad
1250 1848 1368 1881 malum;
1392 1848 1570 1876 Ecclesiastici
1592 1848 1731 1884 trigesimo
1745 1852 1844 1885 quarto
1854 1849 1888 1876 l1:

1055 1904 1068 1917 «
1083 1893 1158 1921 Vana
1179 1901 1241 1929 spes
1261 1896 1288 1921 et
1309 1894 1481 1922 mendacium
1504 1894 1564 1922 viro
1591 1895 1728 1923 insensato
1743 1907 1768 1922 ».
1792 1896 1826 1923 Et
1846 1895 1890 1923 (li-

1029 1963 1031 1965 .
1050 1939 1113 1976 tiyit
1133 1943 1266 1967 mortuae
1297 1940 1436 1977 imayinis
1461 1941 1580 1978 effigyiem
1601 1941 1662 1969 sine
1683 1942 1803 1974 anima,-
1824 1941 1889 1969 attt-

1048 1986 1106 2023 9it,
1127 1986 1257 2022 inquam,
1279 1986 1415 2023 effiyicm,
1437 1987 1463 2015 id
1484 1991 1525 2016 est
1546 1988 1663 2024 figuram
1684 1992 1715 2016 ut
1736 1988 1824 2016 Deum
1846 1996 1891 2023 co-

1050 2032 1144 2066 lendo,
1166 2033 1305 2070 tmaytnz's
1326 2038 1475 2068 mortuae,
1498 2035 1524 2062 id
1546 2038 1586 2063 est
1601 2035 1719 2063 carentis
1733 2038 1795 2063 actu
1810 2035 1890 2069 vitae,

1050 2083 1076 2107 et
1098 2079 1165 2108 haec
1186 2080 1306 2108 carentia
1326 2081 1492 2117 negationis,
1515 2089 1569 2109 non
1598 2082 1759 2117 privationis
1770 2082 1808 2115 12;
1830 2082 1892 2110 sine

1050 2126 1167 2159 anima,
1190 2126 1216 2153 id
1237 2129 1278 2154 est
1299 2127 1417 2155 carentis
1439 2128 1559 2163 potentia
1580 2127 1743 2156 vivificandi.
1770 2139 1783 2152 «
1798 2128 1892 2156 Anima

1050 2172 1121 2200 enim
1144 2175 1185 2200 est
1205 2175 1283 2201 actus
1314 2173 1437 2209 corporis
1468 2174 1589 2210 physici,
1615 2174 1750 2210 organici,
1772 2175 1892 2210 potentia

1051 2219 1134 2246 vitam
1157 2219 1283 2247 habentis
1297 2231 1325 2253 ι),
1347 2222 1378 2247 ut
1399 2220 1517 2255 habetur
1539 2221 1659 2249 secundo
1679 2221 1712 2249 de
1733 2221 1828 2249 Anima
1839 2220 1870 2249 ¹⁸.

1130 2266 1217 2301 (Vers.
1242 2266 1287 2301 6.).
1310 2266 1456 2295 Malorum
1477 2269 1538 2301 etc„
1560 2270 1587 2295 et
1606 2268 1718 2302 merito,
1733 2276 1790 2296 non
1805 2268 1891 2296 indit-

1050 2312 1102 2351 mit,
1125 2316 1190 2353 quia
1217 2317 1366 2345 malorum
1387 2318 1549 2351 amatore&
1572 2316 1675 2345 scilicet
1696 2316 1832 2345 idolorum
1864 2319 1891 2344 et

219 2541 227 2554 ¹
245 2543 311 2565 Vers.
329 2544 364 2566 16.
381 2556 412 2561 -
429 2545 560 2573 Sequuntur
577 2547 618 2568 ler.
635 2547 661 2574 6,
679 2548 717 2570 30.
734 2550 756 2570 et
772 2548 843 2570 Eccle.
863 2549 888 2576 1,
908 2549 943 2571 15.

218 2579 227 2593 ²
245 2582 304 2604 Vide
320 2589 380 2611 quae
397 2583 495 2606 diximus
512 2587 566 2606 tom.
584 2585 621 2607 lV.
638 2592 692 2614 pag.
704 2586 762 2613 356,
774 2589 825 2609 nota
837 2588 864 2615 9,
876 2587 915 2609 ubi
926 2588 994 2610 etiam

156 2620 307 2648 allegavimus
324 2621 452 2645 Comment.
470 2623 491 2645 in
508 2624 577 2651 Epist.
595 2624 624 2647 ad
641 2625 683 2647 Tit.
702 2625 770 2653 (inter
786 2633 856 2654 opera
878 2626 994 2656 Ambros.)

158 2659 184 2685 1,
203 2659 243 2685 15,
261 2659 283 2681 in
300 2666 347 2688 quo
372 2660 402 2682 de
429 2661 589 2691 peccatoribus
613 2663 707 2685 dicitur:
730 2673 739 2684 α
751 2665 839 2692 indigni
856 2665 926 2687 hahiti
943 2668 996 2688 sunt

157 2699 202 2719 tota
219 2698 250 2720 uti
268 2698 307 2720 Dei
326 2702 428 2721 creatura
442 2708 462 2722 n.
480 2701 558 2723 Glossa
576 2700 735 2725 interlinearis
752 2703 775 2724 in
797 2704 897 2726 eundem
919 2704 994 2726 locum

157 2736 198 2758 ait:
217 2737 272 2765 Quia
292 2744 335 2759 non
352 2741 404 2760 sunt
420 2739 484 2766 digni
501 2740 567 2762 donis
584 2740 632 2762 Dei.
648 2753 679 2757 —
696 2742 802 2770 Sequitur
820 2743 873 2770 Sap.
891 2743 931 2770 15,
949 2744 985 2765 10.

221 2773 230 2787 ²³
247 2776 312 2798 Vers.
331 2777 355 2804 1;
375 2776 430 2799 ibid.
449 2777 474 2806 1,
491 2778 512 2800 3.
529 2781 563 2800 est
579 2785 627 2807 seq.
645 2780 715 2802 locus.

220 2812 229 2825 ‘¹
246 2814 312 2836 Vers.
330 2815 367 2837 24.
384 2828 415 2832 —
432 2816 540 2844 Sequitur
556 2817 615 2839 ioan.
634 2818 675 2846 17,
693 2819 714 2840 3.

21 2855 23 2869 ι
219 2850 228 2863 ⁶
245 2852 326 2874 Psalm.
340 2854 348 2874 1
360 2871 365 2881 ,
378 2854 400 2876 3.
411 2866 441 2870 -
451 2854 501 2876 1)υο
512 2860 576 2884 seqq.
588 2856 631 2878 loci
643 2859 695 2878 sunt
706 2857 741 2878 Ps.
753 2857 789 2885 35,
803 2858 840 2880 12,
851 2861 873 2880 et
884 2858 932 2881 Col.
941 2859 993 2886 3,1.

219 2889 229 2902 ⁰
246 2892 311 2914 Vers.
330 2893 366 2915 11,
383 2905 412 2909 ——
430 2894 560 2922 Sequuntur
576 2895 631 2917 Luc.
649 2896 692 2922 12,
710 2896 746 2918 49.
764 2899 786 2918 et
804 2898 870 2919 Ecrli.
890 2898 931 2927 21,
951 2898 994 2920 42:

157 2929 246 2957 nigabo
264 2931 355 2953 hortum
373 2938 450 2954 meum
468 2933 641 2960 plantationum.

1114 2548 1123 2561 ⁷
1142 2550 1207 2572 Vers.
1225 2550 1251 2577 8,
1269 2550 1307 2572 ubi
1326 2557 1368 2578 pro
1385 2550 1510 2579 expandite
1528 2551 1625 2579 Vulgata
1638 2551 1780 2581 qer'minetis.
1792 2564 1822 2568 —
1835 2552 1891 2574 Tres

1052 2594 1115 2616 seqq.
1133 2589 1174 2610 loci
1192 2591 1243 2610 sunl
1261 2588 1324 2611 Cant.
1342 2590 1368 2617 2,
1387 2590 1427 2617 12ς
1446 2590 1480 2612 Ps.
1500 2590 1524 2616 1,
1542 2590 1562 2611 3.
1581 2592 1603 2612 et
1620 2591 1673 2618 Sap.
1691 2591 1717 2617 3,
1735 2591 1771 2612 15.

1114 2625 1124 2639 ⁸
1140 2628 1204 2649 Vers.
1225 2628 1260 2650 18.

1114 2664 1124 2677 ⁹
1141 2666 1207 2688 Vers.
1225 2667 1245 2688 1.
1262 2679 1292 2683 -
1309 2667 1412 2693 Aristot.,
1430 2668 1454 2689 ll.
1472 2667 1572 2695 Magnor.
1589 2668 1663 2689 Moral.
1682 2674 1702 2690 c.
1715 2669 1735 2690 8.
1749 2668 1776 2696 (c.
1788 2668 1832 2696 7.):
1850 2668 1889 2690 Ge-

1052 2711 1106 2727 nere
1123 2705 1209 2727 bonum
1227 2709 1272 2727 tam
1290 2706 1381 2728 scientia
1399 2713 1470 2734 quam
1487 2709 1575 2729 natura.

1116 2742 1135 2755 ¹⁰
1152 2745 1218 2766 Vers.
1235 2745 1276 2766 28:
1294 2745 1420 2767 Assiduitas
1437 2746 1486 2767 eius
1504 2745 1648 2775 [architectI]
1666 2746 1739 2767 variat
1755 2748 1798 2768 etc.
1811 2758 1840 2761 —-
1852 2747 1891 2768 Se-

1052 2786 1154 2810 quuntur
1172 2783 1223 2810 Sap.
1243 2784 1269 2811 3,
1289 2784 1324 2805 11.
1342 2787 1363 2805 et
1382 2784 1420 2812 137
1442 2784 1475 2806 14.

1115 2820 1133 2833 ¹¹
1152 2822 1217 2843 Vers.
1235 2822 1255 2843 1.

1115 2858 1133 2871 ²²
1151 2860 1194 2882 Csr.
1212 2867 1281 2888 supra
1300 2867 1353 2888 pag.
1375 2862 1428 2888 195,
1446 2865 1497 2884 nota
1517 2862 1552 2884 12.

1115 2897 1133 2910 ¹⁸
1151 2899 1213 2921 Text.
1231 2900 1252 2921 6.
1270 2900 1298 2927 (c.
1321 2900 1357 2928 1.).

1906 599 1934 618 De
1948 601 2021 622 quarto.

1909 1201 1948 1219 Duo
1958 1203 2034 1225 tangun-

1943 1227 1979 1243 tur.

1909 2127 1935 2145 De
1948 2128 2016 2146 anima.

1908 2266 1935 2285 De
1948 2267 2020 2290 quinto.
