2296 3316
890 152 1134 182 PROLEGOMENA
1155 153 1182 181 C.
1206 153 1223 181 1.
1877 158 1933 187 xm

238 232 286 255 Hoc
303 235 380 255 autem
398 231 549 255 confirmatur
565 237 606 258 eo,
623 231 688 260 quod
705 231 817 259 praedicti
834 231 885 253 resti
901 230 1025 255 celebratio

175 279 270 302 minime
282 277 418 307 impedivit,
429 277 556 307 quominus
566 279 620 305 post
636 276 779 300 celebratum
795 283 809 299 a
826 276 904 300 multis
920 277 987 299 annis
1004 277 1026 299 il-

174 325 214 348 lud
229 325 357 353 capitulum
369 324 486 347 Generalis
497 323 589 347 Ordinis
600 326 622 346 et
633 323 756 346 cardinalis
768 324 896 347 Matthaeus
906 322 936 346 ab
948 324 1026 353 Aqua-

174 376 251 401 sparta
270 373 297 402 (†
316 373 386 401 t302)
404 372 427 394 in
445 372 550 403 quadam
566 372 651 395 inedita
667 372 801 401 quaestione
813 372 942 400 disputata,
954 378 1026 402 quam

175 419 289 443 habemus
306 419 459 448 exscriptam,
476 419 539 447 piam
557 419 707 446 sententiam,
725 425 786 448 quae
803 425 865 441 nunc
882 418 912 441 ab
929 419 1026 441 Ecclesia

175 467 267 490 definita
280 470 326 494 est,
338 467 411 489 multo
427 467 516 494 acrius,
532 473 603 496 quam
621 467 782 489 Bonaventura
796 466 971 495 improbaverit.
988 467 1027 489 Ex-

174 514 260 542 pressis
277 515 346 536 etiam
370 513 449 536 verbis
471 513 601 542 contendit,
619 514 702 536 festum
720 513 789 536 htiius
805 514 963 542 conceptionis
980 520 1026 537 non

174 567 244 589 posse
260 560 371 583 celebrari
393 569 404 582 α
417 561 499 583 intuitu
517 563 539 583 et
555 560 741 583 consideratione
758 560 912 583 sanctificatae
924 567 965 583 seu
977 567 1026 584 san-

175 611 225 631 ctae
241 608 399 637 conceptionis
424 608 461 631 vel
486 603 615 637 praesentis
636 608 837 636 sanctificationis;
855 611 877 631 et
894 609 938 631 hoc
955 608 1026 631 modo

175 656 349 684 conceptionem
367 656 417 679 cius
433 655 552 679 celebrare
568 662 615 679 non
633 658 667 679 est
684 655 802 683 debitum,
819 656 890 679 immo
902 659 1026 685 estsuper-

174 703 288 726 stitiosum
310 706 333 725 et
358 709 482 726 erroneum
495 711 505 723 n
519 702 552 732 (t).
570 703 637 726 Certe
654 703 740 726 erravit
756 704 792 725 vir
809 703 891 726 doctus
901 712 907 731 ς
924 703 966 726 sed
988 704 1026 726 hic

173 756 238 774 error
249 753 302 779 post
313 750 501 774 Bonaventuram
512 750 535 774 in
546 750 632 773 scholis
643 750 721 773 adhue
732 750 800 774 valde
812 751 943 773 communis
952 754 1027 774 osten-

174 796 219 824 dit,
237 797 410 819 conclusionem
428 797 452 819 P.
469 797 555 819 Bonelli
567 803 614 819 non
626 803 677 820 esse
689 797 825 826 legitimam.
842 810 872 813 —
890 798 962 820 Etiam
980 798 1025 821 iam

175 845 277 867 famosus
293 844 329 867 Fr.
346 843 471 867 Ubertinus
487 850 500 866 a
518 843 592 872 Casali
609 844 634 867 in
650 851 694 867 suo
711 844 770 867 libro
783 843 861 868 Arbor
878 844 940 868 vitae
951 844 1027 868 cruci-

172 890 250 920 szoeae,
262 897 333 920 quem
351 891 484 920 composuit
497 891 566 920 4304,
577 891 655 915 adhuc
666 898 711 914 non
725 894 785 914 tenet
797 898 877 914 veram
889 892 1025 915 sententiam

174 938 224 967 (lib.
239 939 256 968 1.
273 945 294 961 0.
312 938 352 968 6.).
370 939 436 962 Unde
452 939 520 962 etiam
538 940 713 966 Bonaventura,
731 939 749 962 si
766 939 847 962 fuisset
863 942 948 962 auctor.
961 939 1027 963 Com-

174 986 279 1008 mentarii
297 986 371 1015 (quod
388 986 527 1016 negamus),
549 989 602 1015 post
618 993 656 1009 an.
674 987 734 1010 1260
753 990 831 1010 tenere
852 987 967 1015 potuisset
982 987 1027 1016 pri.-

173 1039 235 1056 mam
252 1039 319 1056 suam
340 1033 491 1061 sententiam,
508 1034 568 1057 sicut
584 1034 620 1056 alii
638 1034 661 1056 in
679 1034 765 1057 OrdIne
785 1034 898 1057 minorum
917 1035 986 1057 etiam
1003 1035 1027 1057 in

174 1079 289 1108 principio
306 1086 366 1103 saec·
384 1081 443 1103 XlV.
462 1087 544 1104 revera
563 1083 693 1104 tenuerunt.

235 1128 311 1150 Altera
328 1128 386 1150 ratio
404 1128 470 1150 allata
487 1134 583 1157 prorsus
600 1128 656 1151 nihil
673 1128 746 1156 valet,
758 1129 880 1157 supposito
892 1129 957 1158 quod
969 1129 1027 1152 alius

173 1180 185 1197 a
203 1175 365 1197 Bonaventura
383 1176 444 1198 hunc
463 1175 660 1199 Commentarium
678 1176 809 1204 scripserit,
827 1179 849 1199 et
865 1177 934 1199 etiam
948 1177 971 1199 in
988 1177 1026 1205 hy-

173 1223 263 1250 pothesi
280 1223 375 1246 editoris
391 1223 460 1246 valde
476 1223 587 1252 exiguum
604 1224 707 1248 valorem
726 1223 802 1246 habet.
820 1224 903 1252 Arguit
918 1224 979 1247 enim
999 1231 1025 1247 ex

173 1276 213 1298 ec,
226 1271 289 1300 quod
302 1274 382 1294 auctor
397 1280 408 1291 «
420 1271 541 1294 declarans
554 1271 609 1294 illud
620 1279 625 1293 :
640 1270 692 1294 Vidi
701 1271 806 1295 alterum
818 1271 936 1301 Anqelum
947 1278 1026 1295 ascen-

173 1317 265 1341 dentem
281 1317 311 1342 ab
328 1319 384 1342 ortu
400 1318 471 1347 solz's,
489 1318 614 1342 habentem
625 1318 723 1349 sianum
740 1318 784 1342 Dm·
797 1319 846 1342 riri
858 1319 938 1349 (Apoc.
950 1320 972 1347 7,
985 1320 1025 1349 2.)‚

173 1372 202 1388 ne
219 1365 318 1389 verbum
336 1366 432 1396 quidem
449 1367 517 1389 faciat
534 1366 563 1389 de
580 1366 605 1389 B.
622 1366 759 1393 Francisco,
776 1372 844 1389 secus
860 1373 888 1389 ac
904 1369 984 1395 postea
998 1368 1025 1389 fe-

172 1413 203 1436 cit
219 1413 242 1435 in
260 1414 359 1442 Prologo
380 1414 514 1442 praedictae
530 1414 666 1442 Legendae,
683 1414 750 1437 cuius
767 1414 862 1442 scriptio
878 1414 901 1436 in
919 1414 1025 1442 Capitulo

174 1460 275 1488 generali
292 1460 437 1484 Narbonensi
454 1461 497 1484 sibi
515 1462 590 1484 suerat
606 1461 746 1484 demandata
759 1470 782 1484 ›²-

236 1508 313 1530 Tertia
330 1508 425 1531 editoris
442 1509 500 1531 ratio
521 1509 621 1531 sumitur
637 1515 665 1531 ex
682 1509 796 1532 nonnullis
815 1509 947 1538 sententiis,
964 1515 1025 1538 quae

173 1558 272 1578 aetatem
290 1556 313 1578 S.
331 1556 507 1578 Bonaventurae
518 1556 637 1579 insinuare
648 1556 765 1579 videntur.
777 1556 822 1579 Sed
835 1557 952 1586 exempla,
964 1563 1025 1585 quae

173 1602 300 1625 afferuntur
313 1603 342 1625 de
353 1602 519 1631 reprobatione
531 1603 676 1632 paupertatis
688 1603 720 1633 (n.
732 1603 795 1633 574.)
803 1620 809 1631 ,
822 1603 851 1626 de
863 1604 1025 1632 persecutione

174 1651 253 1672 contra
270 1649 366 1673 clericos
383 1652 405 1672 et
422 1650 543 1678 religiosos
560 1650 591 1679 (n.
602 1650 678 1679 899.),
695 1653 748 1673 sunt
761 1650 790 1673 ita
803 1651 940 1679 generaliter
952 1651 1025 1681 dicta,

174 1698 198 1718 ut
215 1702 290 1725 aequo
307 1697 358 1720 iure
375 1697 486 1726 applicari
504 1698 593 1726 possint
616 1698 697 1726 primis
719 1698 837 1721 decenniis
857 1699 943 1721 saeculi
960 1699 1024 1726 XlV,

172 1744 267 1773 quando
284 1745 345 1767 ltalia
363 1745 420 1769 diris
437 1745 576 1768 factionibus
587 1748 610 1768 et
621 1745 723 1768 saevitiis
740 1745 928 1774 discerpebatur,
940 1751 961 1769 et
975 1746 1025 1769 Phi-

173 1791 237 1820 lippo
254 1798 311 1820 rege
327 1792 413 1815 Galliae
437 1796 539 1820 auctore,
565 1793 696 1816 Bonisacius
721 1794 775 1816 Vlll.
800 1793 919 1822 Anagniae
944 1794 1024 1823 (1303)

174 1844 256 1867 aspere
271 1839 372 1862 violatus
388 1843 430 1863 est.
448 1841 512 1869 Quac
529 1840 660 1863 turbulenta
678 1841 793 1868 facinora,
817 1842 982 1870 oppressiones
1004 1844 1026 1864 et

172 1885 334 1908 thesaurorum
344 1887 553 1910 ecclesiasticorum
564 1887 764 1916 depraedationes,
776 1888 873 1911 durante
882 1888 920 1911 illo
929 1888 1026 1911 Avenio-

173 1933 238 1955 nensi
254 1933 321 1956 exilio
339 1933 490 1957 summorum
514 1934 650 1957 Pontificum
669 1934 708 1964 (ab
725 1941 763 1957 an.
784 1935 866 1964 1305),
883 1935 970 1963 passim
988 1935 1025 1957 fie-

173 1979 235 2003 bant.
252 1981 310 2003 HInc
327 1981 357 2003 illi
375 1982 506 2010 tempestati
523 1982 599 2010 magis
615 1988 687 2011 quam
707 1982 775 2005 aetati
801 1983 823 2004 S.
849 1983 1026 2005 Bonaventurae

174 2029 313 2051 conveniunt
329 2028 416 2057 verba,
434 2036 495 2058 quae
507 2036 529 2052 n.
547 2030 615 2052 1500.
631 2030 750 2057 leguntur:
767 2038 777 2050 ι
791 2029 835 2052 Sed
852 2029 973 2058 quomodo
985 2031 1026 2052 ho-

173 2074 210 2097 die
226 2081 295 2103 reges
312 2079 334 2098 et
351 2076 387 2098 alii
404 2079 519 2099 terrarum
540 2076 657 2104 principes
674 2076 725 2099 eius
742 2075 878 2106 [Ecclesiae]
896 2075 1025 2099 libertatem

174 2124 332 2146 conservant?
349 2123 415 2147 Certe
432 2130 479 2146 non
497 2126 649 2153 conservant,
673 2124 714 2146 sed
736 2124 813 2152 potius
830 2124 950 2152 dissipant.
968 2125 1025 2147 Nam

173 2175 226 2192 cum
244 2169 356 2193 deberent
377 2177 429 2194 eam
454 2171 592 2198 defendere,
610 2174 722 2194 conantur
739 2171 789 2194 eius
806 2171 868 2194 bona
884 2172 987 2200 arripere
1003 2174 1026 2195 et

173 2216 248 2245 ipsam
264 2217 375 2241 violenter
392 2219 527 2247 opprimere
543 2221 566 2241 et
582 2225 692 2247 sponsam
709 2218 793 2242 Christi
810 2221 836 2241 ut
851 2219 957 2242 venalem
980 2226 1026 2242 me-

174 2264 280 2287 retricem
297 2265 438 2293 prostituere
450 2274 472 2288 u.
490 2266 577 2289 Pluries
593 2266 711 2289 invehitur
723 2268 802 2289 contra
814 2273 854 2290 eos
871 2267 910 2296 qui
931 2266 1026 2297 deprae-

174 2310 264 2335 dantur
276 2311 407 2336 Ecclesiam
417 2314 439 2336 εἰ
450 2312 592 2336 thesaurum
604 2313 655 2337 eius
666 2313 790 2344 diripiunt,
803 2317 825 2337 et
837 2315 963 2343 praecipue
974 2321 1026 2337 con-

175 2362 212 2382 tra
230 2368 241 2379 α
252 2359 371 2383 civilatem
388 2360 521 2384 Romanam
533 2370 555 2389 υ,
573 2367 634 2391 quae
651 2364 785 2389 accusatur,
803 2362 867 2391 quod
878 2369 924 2385 non
937 2365 1025 2385 tantum

174 2408 280 2435 tempore
296 2407 436 2435 antichristi,
453 2408 492 2431 sed
511 2409 580 2435 etiam
598 2408 634 2431 illa
651 2411 725 2431 aetate
736 2409 860 2432 Ecclesiam
872 2412 1026 2439 persequatur

175 2453 226 2482 (cfr.
244 2460 267 2477 n.
284 2454 353 2477 ⁴046.
375 2455 440 2477 1222.
459 2455 528 2477 ⁴228.
539 2458 562 2478 et
573 2455 645 2485 alibi).
662 2456 723 2478 Haec
734 2456 822 2484 optime
834 2456 958 2479 convenire
971 2459 1027 2479 tem—

175 2501 259 2531 pestati
276 2501 335 2524 exilii
353 2501 532 2530 Avenionensis,
549 2503 685 2531 praesertim
704 2504 725 2526 in
747 2510 787 2526 ore
812 2503 931 2532 scriptoris
955 2504 1025 2531 Galli,

173 2548 320 2571 manifestum
338 2552 380 2572 est.
397 2549 444 2572 Alia
463 2550 539 2572 adhuc
561 2550 658 2573 minoris
680 2551 803 2578 momenti,
820 2557 881 2580 quae
898 2551 968 2574 habet
985 2552 1026 2573 Bo-

174 2595 239 2623 nelli,
256 2595 376 2620 brevitatis
393 2603 462 2620 causa
480 2598 622 2627 omittimus,
639 2601 664 2621 ut
680 2599 789 2627 graviora
806 2599 919 2622 dicamus.

236 2643 347 2667 Ultimum
372 2647 537 2672 argumentum
562 2647 666 2668 nostrum
684 2651 711 2667 ex
728 2652 756 2668 eo
773 2646 885 2674 sumitur,
906 2646 971 2675 quod
989 2646 1026 2669 hic

174 2688 361 2714 Commentarius
377 2692 399 2714 in
416 2698 444 2715 ea
462 2694 548 2720 forma,
565 2699 636 2722 quam
655 2693 724 2716 habet
741 2693 763 2716 in
780 2693 874 2716 duabus
885 2694 1025 2717 editionibus

174 2738 321 2767 memoratis,
338 2745 388 2762 non
404 2741 438 2763 est
455 2746 515 2769 opus
529 2746 634 2770 prorsus
651 2740 782 2770 oriqinale,
799 2740 841 2764 sed
857 2748 888 2764 ecc
904 2741 953 2765 alio
970 2748 1025 2772 quo-

174 2784 230 2808 dam
241 2786 361 2810 anteriore
374 2787 549 2811 Commentario
558 2788 705 2818 formatum,
717 2789 759 2812 sed
771 2796 815 2812 non
822 2795 914 2819 parum
926 2791 1025 2813 auctum

174 2833 196 2855 et
211 2834 339 2856 mutatum.

237 2880 289 2908 lpsa
304 2881 374 2909 enim,
387 2883 412 2904 ut
424 2881 454 2904 ita
466 2882 551 2910 dicam,
570 2882 671 2905 medulla
688 2886 711 2905 et
726 2882 855 2915 substantia
873 2883 978 2906 eiusdem
996 2883 1025 2906 in-

174 2926 266 2949 venitur
281 2927 305 2950 in
323 2927 360 2950 illo
377 2927 551 2952 Commentario
576 2929 599 2952 in
621 2929 798 2958 Apocalypsim,
816 2930 855 2958 qui
875 2930 932 2952 inter
954 2936 1025 2958 opera

174 2973 196 2995 S.
215 2972 319 2996 Thomae
337 2974 464 3003 impressus
481 2979 516 2998 est
534 2975 580 3005 (ed.
596 2976 726 2999 Parmensis
743 2979 800 3000 tom.
811 2977 890 2999 XXlll.
903 2983 959 3005 pag.
971 2977 1025 2999 325-

1083 230 1147 259 511).
1164 232 1197 253 De
1214 231 1301 254 Rubeis
1319 232 1504 260 (Dissertationes
1520 234 1624 261 criticae,
1642 235 1697 257 diss.
1715 236 1737 258 7.
1754 242 1773 258 c.
1791 237 1813 259 2.
1830 236 1862 266 3.)
1880 243 1933 265 pro-

1084 276 1134 304 bat,
1151 283 1205 301 eum
1223 277 1404 302 abiudicandum
1423 285 1473 302 esse
1491 280 1512 301 S.
1532 280 1648 308 Thomae,
1665 287 1716 304 esse
1732 284 1807 304 tamen
1819 283 1931 311 scriptum

1083 329 1144 346 saec.
1162 323 1217 346 Xlll.
1235 324 1325 347 Revera
1343 325 1492 349 inveniuntur
1509 326 1602 350 cod1ces
1618 327 1687 350 huius
1703 329 1802 356 saeculi,
1819 329 1861 352 sed
1878 335 1932 352 ano-

1084 370 1161 398 nymi,
1178 370 1218 400 qui
1236 371 1337 393 eundem
1355 371 1440 395 habent
1463 379 1484 395 e.
1500 380 1523 401 g.
1540 374 1624 402 Brugis
1641 375 1665 397 in
1682 376 1774 403 Belgio,
1792 375 1932 399 bibliotheca

1084 417 1188 442 clx-itatis
1205 418 1257 441 cod.
1273 418 1312 440 70.
1330 418 1429 442 membr.
1446 426 1507 443 saec.
1524 420 1579 448 Xlll,
1591 422 1632 450 qni
1643 422 1721 450 quoad
1733 423 1843 451 prologos
1855 426 1878 446 et
1888 424 1931 447 ini-

1084 466 1140 488 tium
1160 466 1227 494 primi
1240 472 1292 494 cap.
1305 467 1405 494 perfecte
1422 468 1531 491 convenit
1543 474 1596 490 cum
1610 468 1644 490 illa
1657 469 1764 493 editione.
1777 471 1862 494 Auctor
1873 471 1933 495 eius-

1083 513 1138 535 dem
1157 516 1191 536 est
1207 513 1316 536 incertus.
1334 526 1364 530 —
1382 514 1455 536 Huius
1467 513 1631 538 Commentarii
1644 516 1756 544 prologus
1767 517 1858 546 incipit:
1871 526 1881 539 «
1899 518 1933 541 Vi-

1083 559 1117 583 dil
1134 559 1203 583 Iacob
1220 560 1244 583 in
1261 560 1352 583 sommis
1376 560 1470 584 scalam
1488 562 1591 585 stantem
1607 568 1680 592 super
1697 564 1813 586 terram...
1830 564 1933 592 Quatuor

1083 610 1136 631 sunt
1152 614 1236 630 causae
1253 608 1322 630 huius
1338 608 1416 636 operis
1433 608 1519 631 scilicet
1535 609 1636 632 efficiens
1653 612 1697 633 etc.
1708 619 1731 632 ν.
1743 610 1795 633 Post
1807 612 1869 634 hunc
1882 618 1932 639 pro·

1083 656 1176 683 logum,
1193 655 1234 678 sed
1252 655 1274 677 iu
1291 655 1392 678 editione
1417 656 1535 678 Parmensi
1561 656 1625 685 (pag.
1643 657 1687 679 326
1705 658 1728 687 a)
1755 658 1887 681 immediate
1910 659 1933 681 in

1083 702 1166 725 eadem
1183 703 1249 731 linea,
1266 703 1371 732 seqnitur
1387 703 1424 725 ille
1441 703 1565 732 prologus,
1582 710 1652 732 quem
1670 704 1756 727 habent
1766 705 1803 729 ed.
1815 705 1900 728 Bonelli
1912 709 1934 728 et

1084 750 1149 772 multi
1166 750 1274 773 codices:
1295 758 1305 770 a
1319 750 1472 773 Praemittitur
1489 753 1567 773 autem
1589 751 1643 773 huic
1658 751 1717 773 libro
1735 752 1847 780 Prologus
1864 753 1935 780 magi-

1084 797 1159 820 stralis
1177 796 1236 827 [scil.
1252 796 1360 825 Gilberti,
1377 798 1414 820 hic
1430 798 1555 827 omissus],
1571 798 1594 821 in
1612 805 1659 828 quo
1672 799 1718 822 fere
1729 799 1818 828 omnia,
1830 806 1891 829 quae
1903 800 1934 822 di-

1084 844 1159 867 ximus
1182 845 1277 874 [Bonelli
1302 845 1420 875 dicemus]
1438 845 1610 874 praelibantur;
1627 848 1650 869 et
1666 846 1778 869 dividitur
1795 846 1818 868 in
1835 849 1935 875 quatuor

1084 895 1162 921 partes
1174 901 1184 913 1»
1206 892 1300 922 [Bonelli
1325 892 1445 923 quinque}
1466 894 1531 923 Quae
1547 893 1631 916 deinde
1648 900 1692 922 pro
1708 894 1859 922 explicatione
1882 894 1936 917 Pro-

1084 940 1130 968 logi
1148 939 1280 963 Gilbertiani
1297 943 1440 970 sequuntur,
1457 941 1538 969 paucis
1556 941 1662 968 mutatis,
1683 940 1798 964 habentur
1815 941 1878 969 apud
1895 941 1935 963 Bo-

1084 988 1148 1018 nelli,
1166 988 1207 1010 sed
1225 988 1248 1010 in
1265 989 1309 1010 hoc
1326 988 1426 1016 plurima
1451 988 1576 1011 adduntur.
1593 988 1623 1015 lta
1642 988 1664 1010 in
1681 987 1719 1010 ed.
1736 988 1853 1010 Parmensi
1871 988 1935 1011 deest

1084 1038 1146 1058 totus
1163 1035 1204 1058 iste
1221 1035 1286 1058 locus
1302 1035 1443 1064 exscriptus,
1462 1038 1486 1058 ut
1503 1035 1615 1062 diximu5‚
1627 1041 1653 1057 ex
1666 1035 1754 1059 Bonav.
1770 1034 1900 1058 Comment.
1911 1035 1934 1057 in

1084 1083 1193 1106 loannem
1211 1083 1241 1105 de
1258 1085 1358 1112 quatuor
1374 1082 1546 1107 conditionibus
1563 1082 1646 1111 Verbi,
1663 1088 1725 1112 quae
1736 1082 1823 1105 elidunt
1835 1085 1935 1111 quatuor

1084 1131 1207 1157 haereses,
1232 1130 1286 1152 item
1313 1130 1399 1152 desunt
1422 1136 1503 1159 omnes
1521 1130 1577 1155 istae
1594 1129 1742 1153 moralitates
1759 1130 1789 1152 de
1807 1129 1935 1152 tentationi-

1084 1177 1129 1200 bus
1145 1180 1187 1200 etc.
1196 1196 1201 1206 ,
1218 1184 1279 1207 quae
1290 1183 1372 1201 revera
1384 1183 1481 1205 prorsus
1498 1183 1510 1199 a
1522 1183 1548 1199 re
1559 1180 1653 1200 tractata
1665 1180 1718 1200 sunt
1729 1177 1816 1205 aliena,
1834 1179 1858 1200 ut
1871 1176 1935 1198 facile

1083 1228 1207 1254 appareat,
1219 1231 1247 1247 ea
1258 1231 1308 1247 esse
1324 1224 1481 1247 additamenta
1498 1224 1625 1252 posteriora
1643 1227 1666 1247 et
1676 1224 1731 1247 satis
1747 1224 1833 1252 inepta.
1844 1224 1935 1246 Praeter

1084 1274 1143 1295 hanc
1159 1273 1181 1294 in
1199 1272 1290 1300 Prologi
1308 1272 1459 1300 explicatione
1476 1271 1620 1304 manifestam
1637 1271 1824 1299 similitudinem,
1836 1271 1885 1293 sive
1897 1277 1936 1299 po-

1083 1320 1128 1342 tius
1145 1320 1167 1341 in
1185 1318 1312 1342 substantia
1338 1319 1493 1346 identitatem,
1515 1319 1614 1341 eandem
1632 1319 1753 1348 utriusque
1770 1318 1934 1347 Commentarii

1083 1367 1217 1389 relationem
1244 1366 1267 1388 in
1290 1366 1384 1395 primis,
1403 1366 1486 1388 mediis
1508 1368 1530 1388 et
1556 1366 1642 1389 ultimis
1666 1366 1773 1394 capitulis
1796 1365 1936 1388 invenimus.

1082 1414 1164 1436 Omnia
1182 1414 1218 1436 illa
1235 1420 1369 1437 sermonum
1385 1415 1516 1442 schemata,
1528 1420 1611 1436 omnes
1621 1414 1673 1436 illae
1684 1413 1806 1436 artificiose
1816 1419 1871 1438 cum
1883 1419 1936 1436 con-

1082 1462 1185 1484 sonantia
1203 1460 1331 1484 verborum
1349 1462 1460 1484 formatae
1477 1461 1604 1484 divisiones
1620 1461 1704 1484 desunt
1729 1461 1751 1483 in
1777 1461 1848 1483 altero
1870 1460 1935 1483 Com-

1082 1509 1195 1531 mentario
1213 1509 1304 1538 aliaque
1321 1514 1368 1531 non
1387 1515 1469 1537 pauca.
1487 1508 1607 1538 Quaedam
1625 1512 1701 1531 lamen
1719 1508 1740 1530 in
1754 1509 1797 1530 11οο
1810 1507 1935 1534 habentur,

1082 1562 1143 1585 quae
1160 1556 1224 1585 apud
1241 1556 1326 1579 Bonelli
1343 1556 1512 1579 desiderantur.
1531 1556 1575 1579 Sed
1593 1556 1643 1584 ipsa
1660 1558 1733 1579 textus
1753 1555 1874 1584 explicatio
1891 1555 1935 1583 ple-

1082 1610 1183 1633 rumque
1200 1604 1268 1627 etiam
1286 1604 1374 1627 eisdem
1392 1604 1471 1627 verbis
1487 1603 1616 1627 exhibetur.

1146 1651 1210 1680 Quae
1227 1657 1281 1674 cum
1300 1651 1329 1673 ita
1346 1651 1404 1679 sint,
1422 1651 1477 1674 satis
1493 1653 1602 1679 apparet,
1620 1651 1656 1673 vel
1674 1653 1801 1680 utrumque
1816 1653 1935 1673 auctorem

1083 1699 1127 1721 alio
1139 1701 1162 1721 et
1173 1699 1257 1721 eodem
1274 1699 1405 1727 antiquiore
1422 1698 1590 1721 commentario
1608 1704 1678 1721 usum
1690 1704 1753 1727 esse,
1766 1698 1802 1720 vel
1814 1703 1886 1720 unum
1899 1703 1936 1720 eo-

1083 1752 1136 1769 rum
1153 1746 1246 1769 alterius
1263 1753 1342 1774 opere.
1359 1746 1448 1775 Quodsi
1465 1747 1510 1769 hoc
1526 1745 1656 1770 secundum
1674 1745 1783 1773 contigit,
1800 1745 1855 1768 satis
1867 1751 1936 1773 appa⁴

1083 1797 1127 1823 ret,
1145 1793 1343 1816 Commentariun]
1360 1800 1373 1816 a
1390 1793 1476 1816 Bonelli
1493 1793 1581 1816 editum
1599 1793 1669 1815 altero
1687 1798 1739 1815 esse
1755 1792 1915 1820 posterIOrem.

1149 1841 1194 1864 Tot
1210 1841 1281 1869 igitur
1297 1844 1319 1863 et
1337 1844 1383 1863 tam
1407 1846 1492 1869 graves
1511 1840 1611 1863 rationes
1627 1840 1682 1863 satis
1699 1839 1836 1866 ostendunt,
1853 1845 1880 1862 ex
1898 1845 1936 1862 ca—

1083 1889 1160 1917 talogo
1178 1895 1276 1917 operum
1296 1889 1318 1911 S.
1335 1888 1511 1911 Bonaventurae
1532 1887 1715 1916 expungendum
1733 1893 1784 1910 esse
1802 1892 1872 1915 saepe
1890 1887 1936 1909 lau-

1082 1935 1162 1958 datum
1180 1935 1391 1963 Commentarium,
1408 1935 1488 1958 saltem
1514 1934 1539 1958 in
1562 1941 1590 1958 ea
1614 1935 1708 1964 forma,
1733 1940 1804 1963 quam
1826 1933 1895 1957 habet
1912 1934 1934 1956 in

1082 1982 1157 2005 editis.

1146 2031 1168 2053 Si
1186 2034 1263 2054 autem
1281 2033 1418 2060 quaeratur,
1436 2030 1488 2060 quis
1506 2030 1573 2053 fuerit
1589 2033 1669 2053 auctor
1686 2029 1852 2053 Commentarii
1870 2024 1936 2052 11Βο-

1083 2078 1135 2101 nelli
1152 2078 1221 2106 editi,
1238 2084 1284 2101 non
1303 2078 1388 2101 desunt
1403 2078 1519 2107 quaedam
1537 2077 1635 2106 indicia,
1647 2083 1708 2106 quae
1720 2077 1848 2105 insinuant,
1867 2077 1936 2099 fuisse

1083 2126 1118 2148 Fr.
1136 2126 1244 2149 loannem
1267 2125 1366 2147 Vitalem
1383 2131 1395 2147 a
1414 2125 1490 2148 Furno
1507 2124 1563 2148 Ord.
1580 2124 1633 2148 Min.
1644 2142 1650 2152 ‚
1666 2124 1719 2154 qui,
1736 2124 1829 2147 natione
1845 2124 1935 2151 Gallus,

1084 2180 1121 2196 an.
1139 2174 1199 2196 1310
1217 2174 1366 2202 provincialis
1383 2174 1532 2203 Aquitaniae,
1550 2180 1563 2196 a
1580 2173 1698 2197 Clemente
1715 2173 1743 2196 V.
1763 2173 1790 2195 13
1808 2173 1862 2195 Dec.
1875 2172 1934 2195 4312

1085 2223 1176 2244 creatus
1193 2224 1227 2243 est
1243 2220 1371 2244 Cardinalis
1388 2222 1410 2244 S.
1429 2221 1517 2244 Martini
1536 2221 1557 2243 in
1570 2220 1685 2243 Montibus
1702 2223 1725 2243 et
1742 2226 1754 2242 a
1772 2220 1854 2242 loannc
1866 2219 1935 2242 XXll.

1084 2269 1210 2297 episcopus
1227 2268 1342 2296 Albanus,
1359 2275 1386 2291 ac
1404 2271 1511 2291 mortuus
1529 2269 1557 2290 16
1575 2268 1635 2296 Aug.
1649 2267 1709 2290 1227
1722 2267 1773 2297 (cfr.
1786 2267 1816 2290 de
1827 2273 1854 2289 eo
1867 2267 1935 2289 Wad-

1083 2316 1147 2344 ding.
1167 2315 1270 2339 Annales
1288 2316 1319 2339 ad
1336 2322 1373 2338 an.
1391 2316 1451 2338 1323
1468 2322 1490 2338 u.
1508 2316 1529 2337 2.
1547 2318 1569 2337 et
1585 2314 1721 2344 Scriptores
1739 2313 1797 2338 Ord.
1815 2313 1873 2337 Min.
1891 2313 1935 2336 sub

1083 2371 1142 2387 voce
1162 2363 1245 2387 Vitalis
1255 2372 1264 2391 ;
1282 2364 1343 2389 item,
1354 2364 1376 2386 P.
1395 2362 1493 2390 Dehine,
1505 2362 1633 2386 Chartular.
1645 2362 1749 2384 Univers.
1762 2361 1833 2384 Paris.
1845 2364 1899 2383 tom.
1912 2361 1935 2383 ll.

1084 2418 1137 2440 pag.
1157 2411 1209 2439 117,
1226 2411 1320 2433 docum.
1336 2410 1391 2433 760.
1408 2413 1431 2433 et
1447 2410 1519 2439 nota).
1536 2410 1578 2432 Hic
1590 2409 1649 2432 intcr
1660 2409 1703 2431 alia
1715 2415 1752 2431 an.
1771 2408 1832 2431 1305
1844 2408 1935 2436 scripsit

1083 2457 1212 2489 Speculum
1229 2457 1322 2481 morale
1339 2457 1411 2481 totius
1423 2464 1442 2481 s.
1455 2457 1608 2487 scripturae,
1626 2457 1702 2485 primo
1720 2456 1860 2485 impressum
1878 2456 1936 2483 Lug-

1083 2506 1140 2529 duni
1159 2506 1232 2534 1513,
1250 2511 1321 2534 quam
1339 2505 1463 2528 editionem
1485 2510 1541 2533 prae
1565 2503 1674 2526 manibus
1699 2503 1826 2530 habemus,
1851 2503 1935 2526 deinde

1083 2553 1186 2576 Venetiis
1204 2552 1265 2576 1594
1282 2556 1304 2575 et
1322 2553 1396 2580 1600,
1419 2555 1476 2578 teste
1498 2552 1581 2575 eodem
1607 2551 1751 2579 Waddingo.
1777 2552 1827 2579 lpse
1850 2550 1933 2572 Bonelli

1084 2601 1220 2629 (Praeloeut.
1236 2606 1259 2622 n.
1278 2599 1322 2628 l7.)
1341 2599 1487 2626 observavit,
1505 2600 1565 2623 hunc
1584 2598 1680 2621 Vitalem
1700 2607 1712 2618 «ι
1724 2598 1834 2627 pleraque
1847 2599 1893 2620 fere
1905 2597 1934 2619 ad

1083 2645 1181 2669 verbum
1199 2652 1226 2669 ex
1243 2646 1327 2669 eodem
1344 2645 1542 2676 [Commentario]
1559 2645 1582 2668 in
1599 2651 1642 2668 suo
1654 2644 1839 2674 Speculatorius
1850 2649 1935 2667 sacrae

1082 2694 1224 2724 Scri'plurae
1242 2696 1373 2716 mutuatum
1391 2693 1466 2716 videri
1479 2702 1502 2715 ».
1513 2693 1603 2721 Reapse
1615 2692 1676 2715 istud
1688 2691 1819 2721 Speculum
1831 2697 1876 2713 non
1890 2693 1934 2713 tan-

1082 2744 1132 2764 tum
1149 2741 1224 2769 idem,
1241 2741 1307 2770 quod
1324 2741 1366 2763 iste
1383 2739 1580 2767 Commentarius,
1598 2739 1667 2762 tradit
1683 2739 1713 2761 de
1729 2737 1934 2767 duodecimprici-

1083 2788 1149 2818 leyiis
1167 2789 1192 2811 B.
1208 2789 1292 2811 Mariae
1310 2788 1412 2816 Virginis
1438 2787 1480 2817 (tit.
1505 2786 1631 2815 Assumtio)
1658 2790 1680 2809 ct
1702 2787 1731 2809 de
1753 2785 1842 2815 triplici
1862 2790 1933 2808 muro

1085 2835 1201 2859 Ecclesiae
1218 2835 1260 2864 (tit.
1272 2835 1396 2864 Ecclesiae)
1408 2835 1511 2863 aliaque,
1523 2834 1565 2857 sed
1577 2833 1646 2856 habet
1658 2834 1727 2856 etiam
1739 2833 1826 2861 passim
1839 2832 1932 2854 easdem

1082 2883 1118 2905 vel
1131 2883 1217 2905 similes
1226 2882 1361 2905 divisiones.
1370 2894 1401 2899 —
1410 2882 1514 2904 Attamen
1526 2881 1611 2904 Bonelli
1625 2881 1714 2910 (Prodr.
1725 2880 1767 2902 col.
1783 2879 1838 2908 648)
1851 2882 1932 2907 negat,

1083 2930 1181 2953 Vitalem
1198 2930 1268 2952 fuisse
1292 2932 1411 2952 auctorem
1436 2928 1491 2952 dicti
1516 2928 1694 2955 Commentarii,
1715 2927 1769 2956 quia
1786 2926 1863 2950 allam
1880 2926 1933 2948 scri-

1082 2977 1154 3005 pserit
1174 2977 1288 3005 postillam
1307 2977 1328 2999 in
1345 2976 1521 3005 Apocalypsim,
1538 2981 1599 3004 quae
1620 2983 1630 2995 α
1642 2974 1752 3004 quamvis
1769 2973 1832 2996 idem
1850 2971 1933 2995 habeat
