2296 3316
0 794 88 829 1113110111.

10 834 11 841 ,

13 1129 37 1148 tio
42 1143 47 1151 ,
65 1128 89 1146 de

1 1152 89 1176 mitigen-

0 1177 9 1196 ¹

12 1181 28 1195 m
48 1180 89 1194 cru-

5 1199 74 1219 latitate

13 1223 60 1242 ‘ti-ia.

719 146 890 175 COMMENT.
913 146 945 174 lN
967 145 1111 174 lOANNEM
1132 145 1160 174 C.
1183 146 1248 174 xlx.

105 228 213 257 decimo
239 235 325 256 nono:
352 227 409 255 «ln
430 234 479 255 ore
506 225 627 254 duorum
652 225 696 254 vel
724 224 809 254 trium
838 224 951 254 testium

106 277 160 303 stat
180 282 262 303 omne
283 273 400 303 verbum
415 285 443 301 1».

184 321 230 350 33.
253 321 342 358 (Vers.
365 320 433 356 21.).
456 319 596 348 Dicebant
622 327 691 356 erqo
712 318 810 347 Pilato
834 317 953 356 pontifi-

105 376 150 397 ces
171 368 359 396 Iudaeorum.
388 366 435 395 Hic
462 368 575 394 notatur
596 365 776 393 ludaeorum
804 364 953 393 contradi-

105 415 173 449 ctio,
189 423 245 451 qua
265 414 378 442 titulum
394 413 521 442 volebant
534 412 640 447 delere,
659 419 724 440 cum
739 414 811 440 esset
832 411 859 439 in
874 419 954 440 suam

104 461 298 498 ignominiam;
320 459 394 488 unde
421 459 532 488 dicunt:
561 457 629 487 Noli
652 457 793 486 scribere:
816 458 876 486 Rex
905 458 955 486 Iu-

105 507 262 541 daeorum,
283 506 333 535 sed
353 506 424 544 quia
437 507 447 523 ¹
467 505 564 535 dimit.-
587 506 647 534 Rex
667 513 735 533 sum
756 504 953 537 Iudaeorum,

105 556 137 583 ut
157 553 261 583 scilicet
285 553 478 582 ostenderetur
506 561 561 581 non
582 552 713 589 dignitas,
735 551 783 580 sed
811 558 955 588 praesum-

105 601 157 636 tio,
178 608 234 638 qua
264 608 293 629 se
321 608 415 638 regem
441 607 501 629 esse
530 599 650 634 diceret;
679 600 833 636 quocontra
852 597 955 626 dicitur

105 647 140 676 ad
160 646 297 676 Hebraeos
311 647 424 684 quinto:
451 658 464 672 ι(
479 646 607 675 Christus
628 654 683 674 non
698 645 878 682 semetipsum
899 644 954 673 cla-

105 694 236 729 rificavit,
258 697 291 723 ut
311 694 436 731 pontifex
458 694 563 723 fieret»
589 696 658 724 etc..

184 741 230 771 34.
252 741 348 778 (Vers.-
364 741 431 777 22).
454 740 612 777 Respondit
625 739 750 768 Pilatus.
773 739 820 768 Hic
841 738 954 776 ponitur

106 788 184 817 tituli
193 788 354 826 affirmatio
369 796 419 817 seu
430 787 592 825 approbatio
607 790 703 816 contra
718 786 882 815 Iudaeorum
897 794 955 815 ma-

105 835 208 869 litiam;
230 835 304 864 unde
325 835 427 864 Pilatus
448 843 503 863 non
523 834 608 869 delet,
631 834 678 863 sed
699 834 847 871 approbat:
871 834 955 870 Quod

104 882 213 920 scripsi
238 882 355 919 scripsi.
385 882 468 918 Quod
495 881 617 918 scripsi,
646 881 796 915 veraciter,
827 880 954 918 scripsi,

104 929 288 959 indelebiliter
319 932 451 966 tanquam
479 937 577 958 verum
610 928 799 957 irrevocabile.
827 928 955 965 Augusti-

104 984 160 1005 nus
170 976 195 1005 2:
221 988 235 1001 α
246 976 272 1005 Si
287 976 429 1013 corrumpi
452 984 505 1004 non
521 978 611 1012 potest
625 975 699 1012 quod
714 975 816 1003 Pilatus
830 975 955 1011 scripsit,

105 1023 249 1060 corrumpi
270 1026 360 1060 potest
377 1023 451 1060 quod
473 1023 581 1051 Veritas
601 1022 719 1051 dixit»?

185 1070 231 1099 35.
247 1070 350 1099 Milites
364 1079 433 1107 erqo
448 1078 515 1098 cum
530 1068 746 1105 crucifixissent
760 1077 834 1097 eum.
848 1068 894 1097 Hic
906 1077 956 1097 no-

106 1120 181 1146 tatur
197 1117 310 1146 tertium
332 1116 496 1153 principale,
512 1115 615 1144 scilicet
633 1114 866 1151 crucifigentium
888 1123 956 1143 cru-

105 1164 208 1193 delitas
222 1171 271 1193 5611
286 1162 422 1200 cupiditas
437 1162 464 1190 in
479 1162 543 1196 hoc,
559 1161 634 1198 quod
652 1161 795 1189 Christum
816 1161 955 1197 exspolia-

106 1213 208 1240 verunt
228 1213 256 1239 et
277 1210 316 1238 sic
331 1209 495 1237 vestimenta
509 1208 569 1236 eius
589 1207 752 1236 diviserunt.
773 1206 804 1235 Et
824 1209 957 1235 notantur

106 1257 152 1286 hic
173 1257 238 1291 tria,
260 1256 363 1285 scilicet
384 1255 612 1284 vestimentorum
634 1253 740 1282 divisio
758 1262 812 1290 per
838 1257 956 1290 partes,-

106 1304 243 1338 secundo‚
261 1312 316 1341 per
336 1306 463 1335 sortem,·
485 1300 580 1335 tertio,
602 1300 757 1338 utriusque
770 1299 956 1337 confirmatio

106 1358 157 1387 per
177 1350 385 1383 auctoritatem,
407 1356 441 1377 ne
463 1347 590 1376 videatur
611 1347 640 1375 in
667 1349 757 1375 morte
777 1346 878 1375 Christi
907 1345 956 1374 ali-

107 1397 174 1435 quid
194 1397 254 1427 fieri
275 1397 431 1426 casualiter.

186 1445 275 1480 (Vers.
297 1444 365 1479 23.).
387 1442 520 1472 Dividunt
540 1449 606 1478 ergo
617 1449 672 1478 per
690 1444 806 1478 partes,·
827 1440 901 1469 unde
914 1440 956 1469 di—

11 1503 88 1522 amum.
107 1491 158 1520 cit:
181 1492 363 1528 Acceperunt
375 1489 545 1518 vestimenta
558 1488 622 1517 eius
642 1491 668 1516 et
681 1486 815 1524 fecerunt
827 1490 956 1526 quatuor

103 1541 219 1576 partes,
234 1537 393 1576 unicuique
413 1536 502 1565 militi
511 1538 637 1572 partem.
661 1535 689 1563 ln
707 1534 760 1563 hoc
774 1537 903 1571 apparet,
925 1536 957 1563 ut

107 1584 173 1614 dicit
193 1584 363 1622 Augustinus
373 1584 394 1618 ³,
415 1586 537 1621 quatuor
557 1582 643 1611 fuisse
657 1582 773 1616 milites,
795 1582 843 1619 qui
864 1581 956 1610 Domi-

108 1640 175 1661 num
190 1632 402 1661 crucifixerunt.
416 1631 451 1659 Et
465 1630 611 1664 tunicam,
633 1629 764 1658 subaudi:
779 1631 955 1666 acceperunt.

186 1678 232 1708 36.
255 1678 344 1711 (Vers.
364 1678 432 1713 24).
449 1677 495 1706 Hic
516 1679 629 1705 notatur
643 1675 741 1704 divisio
762 1676 873 1705 tunicae
886 1675 958 1704 facta

0 1736 89 1756 samium.
105 1734 160 1763 per
179 1729 302 1759 sortem
323 1728 350 1754 et
377 1725 449 1753 ratio
470 1723 611 1753 redditur:
635 1724 711 1751 Erat
737 1726 835 1751 autem
855 1722 957 1751 tunica

14 2065 90 2085 *ei-tium.

108 1772 306 1806 inconsutilis,
337 1772 461 1808 desuper
488 1774 621 1799 contexta
646 1779 701 1807 per
728 1773 834 1804 totu-m,
861 1769 888 1798 id
916 1772 958 1798 est

109 1821 166 1848 tota
186 1819 331 1852 continua;
353 1821 381 1847 et
405 1818 471 1855 quia
492 1826 545 1846 non
571 1820 680 1854 poterat
701 1816 897 1845 convenienter
917 1816 958 1844 di-

109 1866 181 1900 vidi,
201 1866 342 1894 dixerunt
360 1866 461 1894 milites
486 1865 526 1893 ad
553 1864 718 1892 invicem4:
748 1863 814 1892 Non
840 1863 958 1892 scinda-

109 1921 176 1941 mus
196 1921 275 1946 eam,
296 1912 346 1940 sed
365 1912 531 1940 sortiamur
552 1911 586 1939 de
606 1910 672 1944 illa,
694 1910 781 1938 cuius
802 1910 857 1943 811,-
878 1910 957 1947 quia,

110 1954 182 1989 sicut
201 1959 303 1988 dicitur
325 1959 538 1987 Proverbiorum
559 1958 665 1986 decimo
686 1960 797 1990 octavo,
824 1960 959 1985 «contra-

109 2005 242 2035 dictiones
262 2005 419 2042 comprimit
446 2012 507 2033 sors
533 2008 561 2033 et
588 2004 660 2032 inter
686 2006 811 2040 potentes
832 2010 959 2040 quosque

109 2053 281 2082 diiudicat».
297 2068 335 2073 —
350 2052 381 2080 Et
396 2060 429 2080 ne
443 2054 571 2089 putetur,
587 2051 639 2080 hoc
654 2059 720 2079 63511
735 2051 852 2084 sactum,
867 2053 958 2080 osten—

110 2100 199 2134 ditur,
220 2100 273 2129 hoc
294 2108 310 2128 a
331 2099 467 2136 Propheta
487 2106 547 2127 esse
575 2098 760 2135 praedictum,
789 2105 851 2126 cum
874 2097 958 2126 dicit:

110 2233 173 2256 enim
197 2239 239 2262 per
265 2233 384 2256 Romanas
412 2233 537 2260 scripturas
564 2232 693 2260 figuratum
718 2238 772 2254 nam
799 2232 957 2254 Romanorum

110 2273 253 2301 principatus
275 2272 374 2295 maxime
399 2272 471 2294 virilis
494 2274 543 2294 erat
567 2274 589 2294 et
605 2273 713 2293 strenuus
729 2271 753 2293 in
770 2270 840 2293 rebus
856 2270 957 2298 bellicis;

111 2317 152 2339 per
165 2311 269 2335 Graecas
286 2317 343 2333 vero
360 2310 482 2338 naturalis,
494 2310 531 2332 cui
546 2309 660 2332 vacabant
671 2309 764 2336 Graeci;
777 2315 817 2337 per
830 2308 957 2332 Hebraicas

111 2350 211 2379 denique
227 2351 371 2378 theologica;
389 2356 443 2372 03111
463 2349 572 2372 Hebraeis
589 2349 722 2371 divinorum
744 2349 847 2377 cognitio
867 2354 958 2370 concre-

111 2390 158 2412 dita
174 2390 223 2412 ruit.
239 2389 314 2412 Gloria
332 2389 401 2417 igitur
419 2389 439 2411 ei
465 2389 505 2418 qui
521 2395 563 2416 per
580 2394 672 2410 crucem
689 2388 797 2416 apparuit
813 2388 856 2410 tale
873 2386 959 2410 habere

110 2434 209 2457 regnum
227 2431 270 2451 etc.

173 2467 181 2480 ²
201 2467 298 2495 Vulgata
315 2467 379 2489 addit
396 2467 452 2496 ipse.
463 2479 494 2483 —
509 2466 617 2495 Sequitur
634 2466 704 2488 Hebr.
717 2466 743 2493 5,
756 2466 778 2488 5.
791 2478 819 2481 —
831 2465 957 2493 Clirysost.,

112 2507 133 2529 in
151 2507 210 2529 loan.
228 2507 306 2529 homil.
323 2506 360 2528 85.
379 2506 443 2535 (alias
461 2506 507 2534 84.)
525 2513 548 2528 n.
566 2506 590 2528 sl:
608 2506 664 2528 Nam
682 2506 719 2528 vel
741 2505 849 2528 crucifixo
872 2505 958 2527 inside-

111 2545 174 2568 bant.
193 2545 261 2574 Atqui
278 2545 335 2574 quid
360 2546 403 2568 hoc
428 2545 496 2568 vobis
521 2544 636 2567 nocebat?
653 2545 719 2567 Nihil.
737 2545 760 2567 Si
777 2545 837 2567 enim
856 2545 958 2567 mortalis

112 2588 173 2612 erat,
190 2584 318 2607 imbecillus
334 2587 357 2606 et
373 2584 567 2611 exstinguendus,
584 2590 625 2606 cur
643 2584 727 2606 timetis
745 2583 847 2612 scriptas
867 2583 958 2606 litteras

111 2624 225 2650 dicentes,
243 2624 306 2645 illum
324 2629 376 2645 esse
392 2629 472 2651 regern
496 2623 652 2646 ludaeorum?
669 2635 700 2640 —-
716 2623 828 2651 Superius
850 2629 893 2651 pro
910 2629 958 2652 qua

112 2662 208 2686 titulum
226 2663 242 2685 N
261 2662 318 2692 quia
335 2662 440 2685 tilulum.

174 2702 184 2717 ²
201 2703 225 2725 ln
242 2703 301 2724 ioan.
319 2702 407 2728 Evang.
427 2701 519 2723 11.·117.
532 2707 554 2723 n.
566 2701 587 2723 5.
606 2701 728 2727 Notamus,
745 2700 809 2729 quod
825 2707 872 2722 non
889 2701 958 2728 pauci

112 2741 180 2764 codd.
198 2747 322 2770 perperam
343 2741 452 2762 omittunt
469 2739 532 2769 quod
552 2739 643 2763 Pilatus
659 2739 756 2769 scripsit
771 2740 896 2769 corrumpi
909 2741 958 2769 pot-

112 2782 158 2809 est,
175 2783 197 2803 et
219 2780 283 2809 quod
300 2779 330 2806 C,
346 2780 387 2808 qui
413 2780 500 2807 integra
526 2780 592 2801 affert
616 2779 687 2801 verba
709 2779 843 2807 Augustini,
860 2778 959 2801 vocibus

112 2818 237 2848 corrumpi
250 2819 327 2848 potest
342 2819 456 2840 interserit
471 2824 520 2841 non
538 2818 564 2847 (N
577 2821 601 2840 ut
611 2818 711 2845 videtur,
723 2818 790 2845 legit:
806 2817 959 2847 corrumpine

112 2858 204 2888 potest).
221 2858 265 2881 Csr.
283 2858 340 2880 infra
358 2864 380 2880 n.
399 2858 436 2880 41.

175 2894 185 2909 ³
202 2897 224 2919 111
247 2897 308 2919 loun.
334 2897 421 2924 Evang.
443 2899 471 2919 tr.
489 2897 542 2918 118.
558 2903 581 2918 11.
598 2897 627 2918 2:
644 2896 710 2918 Unde
734 2899 842 2924 apparet,
860 2898 959 2925 quatuor

114 2935 183 2958 fuisse
199 2935 294 2963 milites,
311 2935 351 2964 qui
369 2936 392 2957 in
410 2942 437 2958 eo
455 2935 612 2962 crucifigendo
630 2934 728 2962 praesidi
746 2938 881 2962 paruerunt.

208 2981 234 3005 S.
251 2982 341 3005 Bonav.
352 2994 383 2998 —
396 2982 464 3004 Torn.
483 2982 521 3004 Vi.

1800 146 1856 174 497

1013 223 1047 252 Ut
1069 223 1227 261 Scriptura
1254 224 1425 261 impleretur
1445 223 1560 258 dicens,
1590 223 1697 252 Psalmo
1726 223 1856 260 vigesimo

1009 269 1100 307 primo
1111 270 1136 299 ⁵:
1156 282 1170 296 <r
1183 271 1269 305 Deus,
1291 271 1365 300 Deus
1380 279 1472 306 meus,
1494 271 1601 308 respice
1622 271 1651 300 in
1665 278 1709 300 me
1724 280 1755 299 »t
1778 271 1857 299 Par-

1010 317 1056 346 titi
1074 321 1145 346 sunt
1164 317 1332 346 vestimenta
1352 326 1431 352 mea,
1453 321 1590 355 qnantum
1611 318 1645 347 ad
1666 318 1802 355 primum,
1830 321 1857 347 et

1009 371 1098 400 super
1119 366 1222 392 vestem
1243 372 1338 393 meam
1359 364 1503 393 miserunt
1522 367 1643 398 sortem,
1666 367 1802 402 quantum
1823 364 1857 392 ad

1009 409 1171 439 divisionem
1199 410 1317 439 tunicae.
1339 411 1371 439 Et
1398 411 1450 440 ista
1473 411 1617 448 Scriptura
1644 410 1782 440 intellecta
1805 411 1858 440 fuit

1010 464 1065 485 non
1086 456 1120 485 de
1134 456 1252 491 ludaeis,
1273 457 1320 486 sed
1334 457 1369 486 de
1389 457 1535 493 militibus;
1551 460 1699 495 propterea
1719 457 1800 487 dicit:
1825 458 1858 486 Et

1011 504 1116 533 milites
1136 504 1253 542 quidem
1273 504 1344 534 ltaec
1364 505 1505 543 fecerunt.

1090 551 1292 589 Spiritualiter
1313 552 1406 581 tunica
1426 553 1544 588 Christi,
1566 562 1638 591 quae
1665 554 1794 588 indivisa,
1823 554 1859 583 si-

1010 598 1122 635 gnificat
1142 598 1298 633 caritatem,
1319 607 1391 636 quae
1412 602 1454 628 est
1473 600 1576 635 vestis,
1598 601 1664 638 quia
1684 601 1777 639 operit
1797 605 1859 630 tur-

1007 645 1190 682 pitudinem:
1205 646 1311 682 primae
1325 646 1396 674 Petri
1419 650 1520 683 quarto
1530 647 1557 675 ⁰:
1574 647 1652 683 Quia
1666 648 1780 677 caritas
1795 657 1859 685 ope-

1011 692 1052 721 rit
1072 692 1288 721 multitudinem
1313 697 1519 730 peccatorum,-
1547 696 1574 723 et
1597 698 1702 729 ornat,
1724 695 1798 724 unde
1819 695 1859 724 di-

1011 739 1085 768 citur
1115 740 1202 768 vestis
1231 739 1392 777 nuptialis,
1424 740 1483 769 sine
1513 748 1569 777 qua
1599 748 1681 770 nemo
1711 741 1797 770 intrat
1826 741 1860 770 ad

1011 786 1143 823 gaudium
1172 786 1334 823 nuptiarum
1361 787 1443 824 Agni;
1470 786 1544 816 unde
1571 788 1699 817 Matthaei
1727 788 1861 825 vigesimo

1011 832 1148 862 secundo:
1171 834 1284 868 Amice,
1306 834 1448 872 quomodo
1469 833 1526 863 liuc
1541 834 1663 863 intrasti
1681 843 1740 863 non
1754 834 1861 864 habens

1011 883 1115 908 vestem
1129 880 1313 918 nuptialem?
1334 881 1404 910 Haec
1420 881 1512 910 tunica
1527 885 1569 911 est
1583 882 1781 917 inconsutae,
1796 883 1862 920 quia

1011 926 1072 963 ipsa
1091 935 1147 956 non
1167 927 1221 956 alio
1241 928 1354 965 ligatur,
1375 928 1423 957 sed
1444 931 1486 957 est
1506 929 1649 957 vinculum
1670 929 1805 963 aliorum;
1826 929 1861 958 ad

1011 973 1186 1003 Colossenses
1206 974 1288 1003 tertio
1300 975 1324 1003 ⁷:
1348 975 1442 1012 Super
1463 975 1564 1004 omnia
1578 979 1676 1004 autem
1698 974 1796 1004 habete
1817 976 1861 1004 di-

1013 1020 1174 1055 lectionem,
1196 1030 1271 1059 quae
1291 1026 1333 1051 est
1358 1022 1509 1051 vinculum
1528 1021 1724 1060 perfectionis.
1738 1040 1774 1044 —
1791 1022 1860 1052 Haec

1013 1067 1106 1096 tunica
1126 1076 1185 1096 non
1205 1072 1246 1097 est
1266 1069 1423 1098 dividenda
1444 1078 1493 1107 per
1512 1070 1687 1105 scissionem;
1710 1070 1783 1099 unde
1804 1071 1860 1108 pri-

1012 1121 1073 1142 mae
1094 1113 1128 1142 ad
1148 1114 1306 1144 Corinthios
1327 1116 1429 1152 primo:
1449 1116 1571 1145 Obsecro
1592 1125 1655 1151 vos,
1676 1115 1803 1154 fratres,
1828 1121 1861 1145 ut

1013 1159 1045 1187 id
1058 1159 1156 1196 ipsum
1170 1160 1277 1189 dicatis
1291 1170 1403 1195 omme,-
1417 1165 1444 1190 et
1464 1162 1498 1191 ad
1517 1163 1647 1200 Ephesios
1661 1167 1777 1201 quarto:
1800 1164 1860 1193 Sol-

1013 1205 1086 1235 liciti
1106 1215 1225 1235 servare
1250 1208 1391 1237 unitatem
1417 1209 1542 1246 spiritus
1569 1210 1601 1238 in
1624 1210 1740 1239 vinculo
1764 1211 1858 1248 pacis.

1012 1269 1050 1274 —
1065 1253 1138 1282 Hanc
1160 1254 1281 1282 tunicam
1302 1255 1350 1291 qui
1368 1255 1495 1284 dividunt
1514 1256 1621 1292 peiores
1641 1260 1706 1285 sunt
1727 1257 1861 1286 militibus

1012 1300 1255 1337 crucifigentibus,
1277 1302 1325 1338 qui
1350 1302 1459 1330 Domini
1480 1305 1584 1332 vestem
1606 1303 1799 1333 inconsutilem
1820 1304 1861 1333 di-

1012 1345 1107 1375 videre
1128 1347 1288 1376 noluerunt.

1888 557 1984 580 Expositio

1880 581 1991 604 spiritualis.

1881 1262 1993 1280 Notandum.

1091 1393 1137 1422 37.
1160 1393 1285 1422 Stabant
1304 1398 1404 1423 autem
1425 1394 1511 1423 iuxta
1531 1403 1648 1424 crucem
1668 1398 1719 1425 etc.
1745 1397 1792 1425 Hic
1812 1405 1861 1426 no-
1872 1402 1953 1426 Quarto,
1973 1402 1997 1421 de

1013 1442 1088 1468 tatur
1109 1440 1348 1477 compatientium
1358 1441 1514 1479 paucitas;
1535 1442 1602 1479 quia
1616 1450 1653 1471 ex
1673 1443 1803 1472 omnibus
1817 1452 1862 1473 ca-

1012 1486 1051 1515 ris
1072 1486 1132 1516 eius
1154 1489 1210 1516 tres
1237 1487 1352 1517 aderant
1373 1488 1518 1523 mulieres,
1539 1489 1611 1518 inter
1631 1497 1702 1527 quas
1722 1492 1750 1519 et
1776 1491 1862 1520 Mater

1012 1534 1134 1568 Domini,
1157 1534 1201 1563 cui
1217 1534 1298 1563 etiam
1320 1535 1454 1564 Dominus
1468 1536 1696 1573 compatiebatur.
1712 1537 1745 1565 Et
1764 1540 1862 1566 notan-

1012 1582 1059 1609 tur
1080 1580 1126 1609 hic
1147 1583 1281 1618 quatuor:
1302 1581 1461 1611 mulierum
1489 1582 1530 1611 ad
1552 1583 1709 1612 Dominum
1731 1591 1862 1621 compas-

1012 1628 1073 1662 sio,
1094 1628 1213 1657 Domini
1232 1637 1305 1666 erya
1330 1629 1454 1658 Matrem
1482 1629 1645 1659 sollicitudo
1670 1634 1697 1660 et
1724 1639 1761 1660 ex
1789 1631 1862 1660 solli—

1013 1674 1134 1703 citudine
1165 1675 1406 1704 recommendatio
1434 1679 1461 1705 et
1488 1677 1617 1706 ultimum
1646 1678 1862 1707 recommenda-

1014 1721 1101 1750 tionis
1121 1722 1248 1759 aceeptio
1263 1722 1283 1751 ⁸.

1093 1768 1182 1805 (Vers.
1205 1770 1273 1803 25).
1295 1769 1412 1799 Notatur
1433 1778 1499 1808 ergo
1519 1771 1677 1800 mulierum
1698 1772 1862 1809 compassio

1014 1814 1041 1843 in
1057 1815 1109 1843 hoc
1129 1815 1204 1852 quod
1218 1816 1300 1845 dicit:
1323 1816 1447 1845 Stabant
1461 1818 1547 1846 iuxta
1568 1826 1684 1846 crucem
1705 1819 1787 1852 Iesu;
1801 1818 1861 1847 idco

1014 1869 1131 1898 corpore
1151 1863 1423 1900 appropinquabant,
1445 1864 1511 1901 quia
1531 1864 1645 1894 affectus
1665 1865 1862 1902 compassionis

1015 1909 1152 1938 trahebat.
1173 1910 1222 1938 Alii
1245 1918 1311 1939 vero
1332 1911 1412 1948 longe
1434 1915 1605 1940 recesserant
1636 1920 1685 1949 per
1707 1912 1861 1949 incompas-

1016 1956 1137 1990 sionem;
1159 1957 1232 1986 unde
1257 1957 1360 1986 dicitur
1388 1959 1415 1986 iu
1442 1959 1586 1987 Psalmo⁹:
1612 1971 1626 1984 α
1640 1959 1692 1995 Qui
1714 1959 1795 1988 iuxta
1816 1967 1860 1988 me

1881 1426 1997 1449 compatien-

1882 1450 1929 1467 tium
1950 1454 1996 1473 pan-

1882 1473 1939 1491 citata
1952 1477 1997 1496 qua-

1882 1498 1931 1514 tuor.

1880 1776 1970 1795 Primum.

1015 2006 1095 2031 erant
1115 2003 1149 2032 de
1170 2004 1250 2041 longe
1271 2007 1408 2033 steterunt
1423 2017 1449 2033 n.
1466 2005 1516 2034 Sed
1538 2005 1605 2034 istae
1620 2009 1758 2034 steterunt
1772 2006 1861 2040 iuxta,
1879 2024 1881 2026 -

1016 2058 1088 2087 quae
1116 2051 1202 2088 magis
1232 2051 1397 2088 diligebant,
1425 2052 1528 2081 scilicet
1560 2053 1652 2081 Mater
1679 2053 1758 2087 eius,
1789 2061 1860 2090 quae

1017 2105 1102 2134 super
1124 2106 1219 2127 omnes
1240 2099 1472 2136 compatiebatur;
1500 2099 1574 2128 unde
1602 2100 1690 2128 Lucae
1721 2100 1859 2129 secundo:

1076 2231 1086 2243 ⁴¹
1105 2232 1203 2260 Vulgata
1221 2232 1342 2255 Diaei-unt
1356 2238 1413 2262 erqo
1433 2232 1466 2255 ad
1488 2232 1595 2255 invicem.
1610 2244 1642 2249 —
1658 2233 1767 2261 Sequitur
1793 2233 1859 2255 Prov.

1017 2271 1058 2298 18,
1078 2271 1114 2293 18.
1130 2283 1161 2288 -
1178 2271 1223 2294 Ctr.
1240 2272 1297 2294 infra
1315 2278 1336 2294 n.
1355 2271 1393 2294 43.

1078 2308 1087 2321 ⁶
1104 2310 1170 2332 Vers.
1188 2311 1225 2333 19.
1241 2322 1272 2327 -
1289 2311 1393 2333 Subinde
1409 2313 1462 2338 post
1477 2310 1616 2333 vestimenta
1632 2316 1685 2333 mea
1703 2311 1803 2338 Vulgata
1820 2311 1861 2333 ad—

1015 2348 1048 2371 dit
1059 2348 1110 2377 sibi,
1124 2352 1146 2372 et
1163 2355 1205 2377 pro
1222 2355 1294 2379 super
1311 2349 1427 2372 substituit
1443 2349 1474 2372 in.
1487 2352 1518 2366 -2
1529 2349 1655 2377 chrysost„
1669 2350 1692 2371 in
1707 2350 1769 2372 ioan.
1781 2350 1860 2372 homil.

1015 2388 1053 2410 85.
1070 2388 1135 2417 (alias
1160 2388 1207 2418 84.)
1230 2395 1253 2411 11.
1271 2389 1295 2411 l:
1314 2389 1373 2412 Vide
1396 2395 1502 2416 rursum,
1520 2395 1562 2416 per
1582 2395 1655 2417 prava
1681 2389 1770 2411 illorum
1796 2393 1859 2417 gesta

1015 2428 1149 2455 prophetias
1165 2427 1252 2456 ubique
1269 2428 1366 2455 impleri.
1383 2428 1438 2450 Nam
1457 2428 1511 2450 illud
1529 2434 1623 2456 quoqne
1648 2428 1694 2450 iam
1719 2428 1774 2450 olim
1798 2434 1861 2456 prae-

1015 2466 1102 2488 dictum
1119 2467 1215 2488 fuerat...
1233 2467 1268 2489 Tu
1285 2472 1341 2489 vero
1363 2467 1419 2489 mihi
1436 2467 1569 2489 consideres
1585 2467 1655 2489 velim
1672 2467 1809 2495 prophetiae
1826 2473 1860 2489 ac-

1015 2505 1164 2527 curationem.
1177 2505 1226 2527 Non
1243 2505 1313 2527 modo
1330 2505 1391 2527 enirn
1409 2505 1516 2528 divisisse
1527 2505 1581 2528 dicit
1593 2506 1721 2534 Propheta,
1736 2506 1777 2528 sed
1792 2506 1859 2528 etiam

1016 2550 1062 2566 11011
1087 2544 1208 2571 divisisse;
1229 2544 1270 2566 alia
1295 2544 1435 2572 diviserunt,
1458 2544 1559 2566 tunicam
1585 2550 1631 2566 non
1656 2544 1798 2572 diviserunt,
1819 2545 1859 2567 sed

1015 2583 1071 2605 sorti
1088 2589 1136 2604 rem
1155 2583 1327 2605 commiserunt.

1078 2619 1087 2632 ‘³
1105 2621 1169 2643 Vers.
1188 2622 1209 2643 8.
1225 2633 1257 2638 —-
1274 2621 1376 2644 Subinde
1392 2622 1503 2650 allegatur
1519 2622 1597 2645 Matth.
1614 2623 1657 2649 22,
1676 2623 1713 2645 12.
1730 2623 1789 2645 Vide
1806 2623 1859 2645 Gre-

1016 2668 1079 2689 gor.v
1096 2662 1120 2684 11.
1138 2661 1221 2683 Homil.
1239 2661 1260 2683 in
1278 2662 1366 2689 Evang.
1383 2661 1461 2683 homil.
1478 2661 1516 2683 38.
1533 2668 1556 2684 n.
1573 2662 1595 2683 9.

1077 2699 1086 2713 ‘¹
1104 2701 1163 2723 Vers
1188 2700 1225 2723 14.
1243 2713 1270 2716 -
1288 2700 1338 2722 Duo
1355 2706 1420 2729 seqq.
1437 2701 1481 2723 loci
1498 2703 1551 2723 sunt
1567 2701 1582 2723 1.
1598 2700 1651 2723 Cor.
1671 2701 1692 2728 1,
1710 2701 1747 2723 10.
1763 2704 1785 2723 et
1802 2702 1859 2729 Eph.

1017 2740 1041 2767 4,
1059 2740 1081 2762 3.
1097 2739 1141 2762 Csr.
1159 2740 1264 2767 August,
1289 2740 1312 2761 in
1338 2740 1397 2761 loan.
1420 2740 1506 2767 Evang.
1524 2743 1552 2762 tr.
1570 2740 1621 2762 118.
1639 2746 1662 2762 n.
1680 2740 1707 2767 4,
1725 2740 1764 2763 ubi
1790 2741 1858 2762 etiam

1015 2778 1124 2806 explicat,
1140 2778 1204 2806 quod
1221 2778 1297 2800 tunica
1314 2778 1427 2806 significet
1444 2778 1570 2801 caritatem.

1078 2815 1088 2829 ⁸
1105 2817 1146 2839 Ed.
1162 2810 1215 2839 cum
1232 2817 1335 2839 Gorrano
1351 2816 1495 2846 accrptutioe
1512 2817 1573 2839 idem
1591 2817 1688 2840 recurrit
1703 2817 1760 2840 intra
1778 2823 1801 2839 n.
1822 2817 1858 2839 39.

1078 2854 1088 2867 ‘³
1105 2856 1187 2878 Psalm.
1205 2856 1242 2883 37,
1260 2856 1297 2877 12.
1313 2868 1344 2872 -
1361 2855 1465 2878 Subinde
1481 2856 1592 2884 allegatur
1609 2857 1662 2879 Luc.
1681 2857 1708 2883 2⁷,
1726 2856 1763 2878 35.
1779 2868 1810 2872 —
1827 2856 1858 2878 ln-

1017 2895 1087 2917 serius
1103 2901 1146 2923 pro
1163 2901 1224 2924 quae
1235 2894 1313 2924 magis
1323 2895 1361 2917 ed.
1373 2901 1426 2917 cum
1438 2901 1484 2917 uno
1496 2895 1614 2924 alteroque
1629 2895 1680 2917 cod..
1693 2900 1762 2924 quem
1774 2885 1857 2924 mucis.

1735 2980 1764 3002 63
