2296 3316
0 648 7 702 l

4 721 80 758 'Effectus
92 729 110 748 3.

8 1042 67 1062 ‘'ivisio
80 1048 111 1066 ge—

11 1066 88 1086 «nei-alis.

21 2256 106 2276 bdivisio.

725 170 894 200 COMMENT.
917 171 948 199 lN
970 171 1160 200 SAPIENTIAM
1181 172 1208 200 C.
1231 173 1261 201 X.

127 250 230 283 mitae,
247 249 274 278 id
288 252 330 278 est
350 249 536 286 operationes,
557 257 657 277 eorum
678 248 730 286 qni
747 248 779 277 in
793 248 880 276 terris
893 251 971 282 sunt,

127 297 154 325 id
174 299 216 326 est
237 296 396 330 hominum,
418 299 445 324 et
466 296 518 324 hoc
539 303 589 332 per
611 295 813 324 revocationem
831 303 851 323 a
875 294 972 328 malo,-

128 344 234 372 loannis
262 343 369 372 decimo
399 343 516 371 sexto¹:
549 341 624 370 «nte
653 344 752 378 arguet
772 341 907 370 mundum
938 341 971 370 de

127 393 238 427 peccato
253 400 279 424 »ς
301 392 329 418 et
349 389 419 418 bene
437 388 517 417 dicit:
540 388 663 417 Semitae
683 396 785 416 eorum
806 388 902 426 quiin
917 392 972 416 ter-

126 437 172 466 ris
190 440 273 471 sunt,
295 436 322 464 id
343 439 384 464 est
405 435 577 472 peccantium
599 435 627 463 in
649 438 738 469 terra;
765 434 878 463 semitae
898 435 972 463 enirn

126 484 288 522 angelorum
309 483 481 520 peccantium
503 482 603 519 corrigi
626 490 680 510 non
696 484 819 518 possunt.
844 483 878 510 Et
897 490 972 520 quae

127 530 179 559 tibi
196 530 311 567 placent
330 529 496 558 didicerunt
515 528 657 562 homines,
679 536 728 565 per
750 528 970 557 informationem

126 578 158 607 in
178 577 267 611 bono;
288 576 394 605 loannis
414 576 520 605 decimo
539 578 655 613 quarto:
683 587 696 601 «ι
711 576 830 613 Spiritus
850 576 972 613 paracle-

127 627 173 653 tus
199 627 261 659 etc.‚
282 623 391 653 docebit
411 631 460 652 vos
480 623 571 652 omnia
583 634 610 650 ».

205 671 293 708 (Vers.
318 670 383 708 19.).
399 669 477 699 Nam
488 679 541 708 per
555 670 730 708 sapientiam
744 673 795 699 etc.
812 670 882 698 Bene
896 669 970 698 dixi:

128 719 162 748 Et
182 719 225 748 sie
244 722 390 747 correctae
409 722 479 747 sunt
499 721 564 752 etc.;
582 727 654 747 nam
665 726 719 756 per
733 717 909 755 sapientiam
922 726 971 746 sa-

126 766 192 795 nati
210 769 295 800 sunt,
317 766 420 795 scilicet
450 774 466 794 a
490 765 619 794 caecitate
650 765 806 794 intellectus
826 768 854 794 et
874 773 971 794 corru-

1820 177 1869 204 171

1029 249 1121 285 ptione
1142 250 1270 285 affectu53
1287 250 1465 280 Ecclesiastici
1481 252 1611 289 vigesimo
1626 256 1726 289 quarto
1738 253 1764 281 ²:
1791 265 1804 278 «
1819 253 1872 290 Ego

1028 295 1106 332 quasi
1121 296 1224 325 fluvius
1238 297 1324 325 Dorix
1334 309 1360 331 »,
1375 298 1448 334 quod
1465 298 1663 335 interpretatur
1681 299 1872 328 medicamen<

1029 344 1090 369 tum
1110 342 1313 379 yenerationis.
1336 344 1515 382 Quicumque
1533 345 1710 382 placuerunt
1731 345 1783 374 tibi
1790 369 1799 379 ,
1817 346 1871 374 Do-

1028 388 1115 422 mine,
1130 397 1149 416 a
1160 389 1319 426 principie,
1336 402 1349 415 «
1361 391 1464 419 scilicet
1479 391 1572 419 mundi
1586 403 1612 425 »,
1629 392 1781 421 secundum
1795 393 1872 421 Glos-

1028 442 1085 463 sam
1097 435 1121 468 ³;
1144 435 1214 463 infra
1244 436 1350 465 decimo
1381 441 1472 465 sexto:
1500 449 1513 462 α
1529 438 1633 466 Etenim
1665 446 1754 476 neque
1786 439 1873 468 herba

1028 489 1119 518 neque
1139 482 1274 519 malagma
1295 484 1400 512 sanavit
1420 492 1467 512 eos
1481 497 1494 510 »
1513 487 1580 519 etc.;
1604 485 1630 513 in
1654 486 1772 514 Psalmo:
1797 496 1809 511 α
1825 485 1873 514 Mi-

1028 529 1063 557 sit
1084 529 1201 557 verbum
1222 538 1304 558 suum
1319 534 1346 559 et
1361 531 1467 559 sanavit
1484 539 1531 560 eos
1545 543 1572 566 »;
1589 532 1800 561 Proverbiorum
1817 536 1872 561 ter—

1028 576 1078 604 tio:
1104 587 1117 600 α
1130 576 1245 613 Lignum
1266 577 1336 606 vitae
1350 581 1392 606 est
1406 578 1449 607 his
1463 579 1510 616 qui
1525 579 1758 616 apprehenderint
1772 588 1832 608 eam
1845 592 1871 608 n.

1028 623 1094 651 Hinc
1114 626 1171 657 est,
1185 623 1258 660 quod
1273 632 1354 653 canes
1374 625 1543 661 spirituales,
1565 626 1591 654 id
1607 629 1648 655 est
1662 627 1810 663 sapientiae
1824 626 1872 654 do-

1028 673 1118 699 ctores
1139 674 1166 699 et
1187 671 1402 707 praedicatores,
1424 673 1525 701 habent
1553 673 1660 710 linguas
1680 673 1871 707 medicinales;

1027 721 1054 747 et
1075 717 1140 746 dicit
1161 727 1274 753 omnes,
1288 719 1365 756 quia,
1381 720 1532 748 secundum
1548 721 1730 757 Augustinum
1742 721 1762 754 4,
1777 720 1872 749 eadem

1027 765 1095 794 fides
1116 765 1270 794 Mediatoris
1291 767 1405 795 salvavit
1426 767 1569 804 antiquos,
1585 775 1656 804 quae
1671 767 1757 795 salvat
1771 769 1799 795 et
1813 774 1871 795 nos.

897 875 1057 904 CAPrrULUM
1079 876 1110 904 X.

204 985 282 1014 Haec
303 985 385 1014 illam
406 990 456 1015 etc.
484 986 511 1014 ln
534 985 761 1022 praecedentibus
783 986 890 1014 monuit
912 994 971 1022 spe-

126 1032 231 1061 cialiter
252 1036 374 1062 rectores
395 1033 429 1061 ad
451 1033 650 1070 acquirendum
672 1033 850 1070 sapientiam,
871 1037 898 1061 et
920 1034 971 1061 hoc

126 1087 176 1116 per
197 1079 317 1109 rationes
337 1082 444 1108 sumtas
464 1088 500 1108 ex
522 1079 645 1116 periculo
672 1079 754 1108 officii
782 1088 880 1108 eorum
901 1087 972 1117 quos

125 1130 233 1160 monet,
254 1127 357 1155 scilicet
377 1127 497 1163 capitulo
518 1130 612 1161 sexto;
635 1126 771 1160 secundo,
787 1134 836 1163 per
852 1127 972 1155 rationes

126 1176 231 1202 sumtas
244 1173 279 1201 ab
293 1173 352 1202 eius
367 1173 511 1210 exemplo,
526 1174 573 1210 qui
588 1177 697 1207 monet,
712 1174 844 1210 septimo,
859 1176 971 1207 octavo,

126 1228 197 1248 nono
218 1220 346 1256 capitulo.
369 1220 415 1248 Hic
437 1220 518 1248 tertio
539 1221 668 1248 hortatur
689 1228 736 1248 eos
762 1213 796 1248 ad
822 1220 874 1248 hoc
900 1220 970 1249 idem

126 1274 175 1302 per
196 1266 316 1303 rationes
337 1269 443 1295 sumtas
463 1275 479 1294 a
498 1266 599 1295 multis
619 1266 763 1304 effectibus
783 1270 809 1295 ct
830 1266 971 1303 beneficiis

125 1312 290 1349 sapientiae,
311 1312 343 1341 ad
366 1320 450 1349 quam
471 1316 572 1341 monet.
595 1313 641 1342 Est
661 1316 754 1341 autem
777 1313 909 1350 sapientia
924 1313 971 1342 be-

125 1359 213 1388 nefica
227 1362 255 1388 et
268 1359 427 1396 sapientes,
443 1360 546 1388 scilicet
560 1360 662 1388 amicos
677 1368 757 1394 suos,
776 1360 971 1397 promovendo

125 1409 152 1434 et
173 1406 339 1443 insipientes
359 1406 532 1435 adversarios
553 1407 717 1443 sapientium
738 1407 893 1443 puniendo.
910 1407 971 1436 ldeo

125 1452 214 1489 primo
238 1453 293 1489 agit
313 1453 346 1482 de
368 1453 507 1482 beneficiis
529 1453 731 1490 pertinentibus
751 1453 784 1482 ad
806 1454 971 1482 amicormn

125 1499 178 1528 Dei
189 1501 414 1537 promotionem,
436 1501 539 1529 scilicet
553 1500 581 1528 in
602 1500 723 1537 capitulo
744 1501 811 1535 isto;
834 1501 970 1535 secundo,

124 1545 158 1575 de
178 1546 380 1583 pertinentibus
401 1547 588 1584 principaliter
603 1547 636 1575 ad
652 1547 896 1576 adversariorum
914 1557 970 1585 pu-

124 1592 277 1626 nitionem,
300 1593 402 1622 scilicet
423 1593 544 1630 capitulo
565 1593 710 1622 undecimo
730 1597 757 1622 et
778 1594 914 1632 deinceps.

131 1686 225 1715 Tertio
246 1685 384 1714 hortatur
409 1686 449 1714 ad
476 1686 652 1723 sapientiam
680 1688 891 1725 acquirendam
916 1697 970 1725 per

202 1733 332 1762 rationes
352 1736 466 1761 sumtas
491 1732 528 1761 ab
556 1733 618 1761 eins
645 1732 805 1771 effectibus,
827 1738 853 1762 et
870 1735 969 1772 primo

202 1788 222 1808 a
247 1779 390 1816 beneficiis
414 1779 627 1816 pertinentibus
654 1780 695 1808 ad
723 1781 889 1810 amicornm
920 1782 971 1811 Dei

199 1826 419 1863 promotionem.

201 1920 229 1948 In
245 1920 334 1957 prima
348 1920 438 1957 primo
458 1919 625 1949 determinat
645 1920 777 1950 beneficia
797 1922 895 1950 collata
908 1922 968 1951 sin-

122 1966 279 2004 gularibus
296 1966 448 2004 personis,-
470 1966 606 2001 secunde,
629 1967 762 1996 beneficia
776 1968 901 1997 exhibita
915 1970 970 1998 uni

121 2013 247 2051 populo:
269 2013 348 2042 Haec
368 2013 509 2051 populum
531 2013 651 2042 iustum.

180 2114 266 2146 Primo,
284 2114 310 2137 de
326 2114 441 2137 beneflciis
458 2113 551 2138 collatis
568 2121 608 2138 sex
625 2114 783 2144 singularibus
800 2116 909 2146 personis.

201 2201 229 2229 In
250 2201 340 2238 prima
359 2201 478 2229 ostendit
495 2200 628 2230 beneficia
642 2201 790 2238 sapientiae
805 2202 832 2230 in
847 2210 897 2231 sex
912 2203 967 2232 sin-

122 2247 266 2284 gularibus
277 2247 402 2284 personis
416 2244 639 2276 patriarcharum
654 2248 851 2285 antiquorum:
866 2250 966 2286 primo,

123 2294 150 2322 in
172 2301 290 2331 persona
316 2293 402 2328 Adae,
424 2301 488 2322 cum
510 2293 590 2322 dicit:
612 2294 690 2323 Haec
711 2294 811 2330 illum,
833 2296 885 2334 qai
902 2297 966 2333 pri-

122 2349 189 2369 mus
210 2343 277 2376 etc.;
299 2341 435 2375 secundo,
457 2341 484 2369 in
506 2348 624 2377 persona
644 2341 714 2375 Noe,
736 2341 789 2370 ihi:
806 2342 849 2370 Ab
865 2341 920 2371 lzac
934 2347 968 2371 ut

122 2387 255 2421 recessim
276 2387 372 2422 tertio,
394 2387 421 2415 in
437 2395 554 2424 persona
568 2387 707 2417 Abrahae:
724 2388 802 2417 Haec
815 2393 841 2417 et
854 2389 886 2418 in
900 2388 981 2418 con-⁷

185 2538 193 2551 ¹
211 2540 277 2562 Vers.
293 2540 320 2568 8;
337 2540 394 2563 ibid.
411 2540 453 2568 114,
471 2541 508 2563 26.
525 2544 559 2563 est
575 2547 625 2570 seq.
642 2542 713 2564 locus.
726 2555 755 2558 —
767 2543 862 2566 Inferius
873 2550 886 2566 e
898 2543 966 2566 codd.

122 2579 283 2606 supplevimus
299 2578 324 2601 in
340 2580 421 2607 terra,·
437 2579 533 2602 semitae
550 2579 612 2603 enim
628 2580 771 2609 anqelorum
786 2582 943 2610 peccantium.

184 2615 194 2629 ²
211 2617 277 2640 Vers.
295 2617 336 2640 41:
354 2618 402 2646 Ego
419 2619 484 2647 quasi
502 2619 566 2641 fluvii
585 2619 677 2647 Dioryx.
694 2619 762 2642 Carti.
779 2620 846 2648 Hugo
863 2621 885 2643 in
897 2621 967 2649 expli-

122 2657 211 2678 catione
228 2657 296 2679 huius
312 2657 355 2679 loci
371 2657 469 2680 eandem
488 2658 697 2686 interpretationem
714 2659 786 2682 affert.

184 2693 194 2707 ³
210 2695 297 2723 Nempe
309 2695 491 2719 interlinearem.
505 2709 534 2713 -
547 2697 679 2726 Sequuntur
691 2698 745 2725 Sap.
761 2698 797 2726 16,
811 2699 853 2727 ν12;
865 2699 899 2721 Ps,
911 2699 966 2727 106,

122 2734 160 2756 20.
177 2736 199 2756 et
215 2734 283 2757 Prov.
300 2735 326 2762 3,
344 2735 381 2757 18.

184 2771 193 2784 “
210 2772 271 2795 Libr.
289 2773 366 2796 XVlll.
384 2774 413 2796 de
429 2774 480 2797 Cir.
497 2775 550 2803 Dei,
568 2781 588 2797 c.
606 2775 648 2797 47:
665 2776 708 2804 Qui
726 2779 838 2799 venturus
855 2777 877 2799 ln
898 2783 967 2799 carne

121 2811 154 2833 sic
170 2811 270 2840 antiquis
286 2812 375 2835 Sanctis
391 2812 603 2842 praenuntiabatur,
620 2815 820 2843 quemadmodum
843 2815 910 2838 nobis
927 2822 966 2838 ve-

121 2850 182 2872 nisse
198 2850 313 2873 nuntiatus
330 2854 376 2878 est,
393 2855 418 2874 ut
434 2858 478 2874 una
496 2852 625 2882 eademque
647 2859 688 2881 per
706 2854 782 2882 ipsum
805 2854 863 2876 fides
885 2861 966 2877 omnes

123 2888 146 2910 in
169 2888 209 2910 Dei
231 2888 359 2917 civitatem,
382 2890 423 2912 Dei
445 2890 554 2919 domum,
582 2891 623 2913 Dei
648 2893 760 2920 templum
784 2893 965 2920 praedestinatos

122 2927 233 2955 perducat
254 2928 283 2950 ad
306 2929 387 2951 Deum.
408 2928 454 2951 Cir.
477 2930 509 2952 ΙΙΙ,
533 2930 595 2952 Sent.
613 2931 636 2953 d.
654 2931 690 2953 25.
708 2937 728 2954 a.
747 2932 768 2954 ¹l.
785 2938 809 2960 q.
826 2933 849 2955 2.
865 2935 888 2955 et
904 2939 924 2955 a.
943 2934 965 2955 2.

122 2972 144 2994 q.
163 2966 184 2989 1.
203 2972 268 2995 seqq.
286 2979 316 2984 —
333 2968 442 2996 (negot,
460 2968 483 2990 ll.
501 2969 582 2991 Homil.
601 2969 622 2991 in
641 2970 727 2998 Evang.
740 2971 818 2993 homil.
839 2971 875 2994 40.
895 2978 916 2993 n.
938 2972 964 2993 i:

1027 994 1114 1014 sensu
1142 985 1334 1023 superbiae&
1363 990 1478 1023 quarto,
1507 986 1534 1014 in
1563 994 1681 1023 persona
1709 986 1772 1014 Lot:
1795 985 1873 1014 Haec

1027 1033 1137 1061 iustum
1166 1041 1185 1061 a
1210 1033 1399 1070 pereuntibus
1407 1044 1417 1066 ‚·
1445 1034 1558 1070 quinto,
1580 1033 1607 1061 in
1631 1040 1749 1069 persona
1774 1032 1870 1060 Iacob:

1028 1079 1105 1107 Haec
1126 1083 1224 1108 antem
1242 1078 1408 1117 profayuon
1429 1083 1496 1113 etc.;
1527 1083 1622 1114 sexto,
1645 1080 1671 1107 in
1694 1087 1811 1116 persona
1834 1079 1872 1107 lo-

1027 1126 1113 1162 seph:
1136 1126 1214 1154 Haec
1234 1126 1383 1155 venditam
1404 1127 1523 1155 iustum.

1107 1172 1133 1200 ln
1156 1173 1245 1209 prima
1267 1173 1336 1202 Adae
1357 1173 1475 1202 ostendit
1496 1173 1661 1202 beneficium
1691 1174 1781 1210 primo
1801 1181 1872 1210 yra-
1889 1176 1975 1218 „2333
1985 1177 2018 1219 ΒΧ]

1028 1218 1101 1255 tiae,
1124 1219 1244 1247 secundo
1265 1224 1409 1248 naturae:
1433 1221 1467 1248 Et
1488 1220 1587 1248 eduxit
1609 1223 1660 1248 etc.
1889 1223 1928 1265 {³53
1961 1224 2017 1242 ‘⁰1¹³-

1107 1265 1195 1301 (Vers.
1222 1267 1266 1299 1.).
1296 1266 1374 1295 Haec
1401 1267 1492 1295 atum.
1516 1267 1586 1295 Bene
1607 1267 1704 1301 dixifl,
1726 1266 1800 1303 quod
1820 1275 1872 1303 per
1885 1260 2018 1312 Expgffitiiglit-

1027 1312 1203 1348 sapientiam
1214 1313 1315 1341 sanati
1328 1317 1397 1341 sunt
1411 1322 1525 1347 omnes,
1540 1313 1614 1350 quod
1626 1317 1700 1350 patet
1715 1321 1764 1350 per
1778 1321 1873 1342 exem·
1890 1307 1982 1336 Primum?

1027 1358 1080 1394 pla.
1109 1358 1188 1387 Haec
1215 1359 1305 1393 enim,
1334 1360 1436 1388 scilicet
1464 1360 1612 1396 sapientia,
1642 1359 1741 1393 illuni,
1771 1360 1874 1389 scilicet

1028 1405 1126 1439 Adam,
1154 1406 1206 1444 qui
1223 1407 1358 1443 primas,
1385 1407 1507 1435 omnium
1538 1407 1697 1441 hominum,
1725 1405 1873 1443 formatas

1027 1456 1066 1481 est
1087 1461 1106 1481 a
1131 1453 1203 1487 Deo,
1229 1453 1332 1482 scilicet
1354 1453 1530 1487 immediate;
1554 1454 1600 1482 Iob
1620 1453 1764 1482 decimo⁷:
1791 1465 1804 1479 «
1819 1454 1873 1482 Ma-

1028 1507 1080 1528 nus
1102 1503 1164 1528 tuae
1186 1500 1312 1529 fecerunt
1332 1508 1375 1528 me
1390 1512 1404 1525 »
1429 1503 1480 1528 etc.
1499 1500 1588 1528 Pater
1603 1500 1682 1529 orbis
1704 1504 1872 1534 terraram,

1027 1546 1053 1574 id
1075 1550 1116 1575 est
1137 1547 1221 1575 totius
1242 1547 1351 1584 generis
1378 1547 1491 1575 humani
1514 1547 1642 1581 futurus;
1665 1547 1811 1576 Malachiae
1832 1555 1873 1576 se—

1027 1593 1131 1622 cundo:
1159 1605 1171 1619 «
1187 1593 1316 1630 Nunquid
1344 1602 1398 1622 non
1424 1602 1497 1622 unus
1519 1597 1560 1623 est
1581 1597 1659 1631 pater
1680 1595 1804 1623 omnium
1825 1603 1872 1623 no·

1026 1642 1117 1667 strum
1131 1642 1162 1667 n?
1195 1639 1267 1667 Cam
1298 1639 1378 1668 solus
1410 1644 1478 1668 esset
1510 1644 1643 1674 creatus,
1677 1641 1780 1669 scilicet
1811 1643 1872 1669 ante

1026 1685 1217 1714 formationem
1229 1686 1368 1720 mulieris;
1384 1686 1495 1715 Genesis
1510 1687 1646 1715 secundo:
1666 1699 1679 1712 ιτ
1694 1687 1751 1716 Non
1770 1691 1811 1716 est
1825 1688 1873 1716 bo-

1026 1740 1110 1766 num,
1133 1732 1272 1761 hominem
1293 1741 1353 1761 esse
1374 1733 1464 1761 solum
1480 1745 1505 1761 υ.
1521 1734 1693 1768 Notandum,
1715 1734 1788 1771 quod
1809 1733 1871 1771 for—
1890 1738 2002 1757 Notandum-

1025 1783 1124 1807 matus
1144 1778 1246 1808 dicitur
1273 1788 1309 1808 ex
1331 1784 1409 1817 parte
1430 1781 1573 1818 corporis;
1595 1781 1669 1809 unde
1690 1780 1802 1810 Genesis
1830 1789 1871 1810 se-

1026 1825 1153 1854 oundoss:
1180 1827 1345 1855 «Formavit
1372 1827 1457 1864 igitur
1485 1828 1559 1856 Deus
1586 1828 1724 1856 hominem
1746 1828 1780 1857 de
1808 1828 1871 1856 limo

1026 1876 1158 1907 terraev»;
1173 1876 1200 1902 et
1214 1878 1344 1908 creatas,
1359 1882 1395 1903 ex
1410 1878 1488 1911 parte
1502 1875 1624 1909 animae;
1640 1875 1751 1904 Genesis
1765 1875 1870 1912 primo:

1030 1920 1159 1949 «Creavit
1170 1921 1244 1949 Deus
1259 1921 1396 1950 hominem
1413 1921 1446 1950 ad
1462 1922 1608 1959 imaginem
1622 1925 1648 1950 et
1663 1921 1870 1950 similitudinem

1025 1975 1103 1996 suam
1126 1980 1139 1993 ι»
1172 1970 1222 1996 etc.
1255 1968 1328 1996 Cam
1358 1968 1454 2003 solus,
1483 1969 1611 2006 inquam,
1640 1972 1756 1997 creatus
1784 1972 1870 2002 esset,

1025 2015 1194 2048 custodiuit,
1222 2015 1325 2044 scilicet
1352 2024 1367 2043 a
1395 2019 1506 2052 peccato
1534 2016 1560 2044 in
1591 2015 1716 2044 terrestri
1744 2015 1883 2052 paradiso·

1024 2061 1052 2090 in
1079 2065 1152 2091 statu
1180 2063 1358 2091 innocentiae.
1393 2063 1513 2091 «Posuit
1540 2063 1613 2092 enim
1643 2070 1707 2091 eum
1735 2063 1762 2091 in
1791 2070 1870 2099 para-

1023 2109 1098 2144 diso,
1127 2113 1158 2138 ut
1186 2113 1350 2146 operaretur
1378 2113 1405 2138 et
1432 2110 1584 2138 custodiret
1612 2109 1689 2138 illum
1705 2122 1732 2144 »,
1760 2109 1871 2138 Genesis

1025 2156 1154 2185 secundo.

1102 2203 1191 2239 (Vers.
1214 2203 1261 2239 2).
1286 2204 1320 2231 Et
1340 2204 1439 2232 eduxit
1468 2203 1566 2238 illum,
1596 2204 1699 2232 scilicet
1724 2203 1777 2231 iam
1801 2203 1871 2231 facta

1023 2250 1154 2284 muliere,
1182 2251 1310 2279 effectum
1339 2254 1588 2288 transgressorem,
1615 2250 1726 2279 Genesis
1750 2250 1870 2284 tertio⁹,

1023 2305 1043 2324 a
1063 2296 1163 2325 delicto
1184 2306 1253 2331 suo,
1276 2298 1379 2327 scilicet
1400 2306 1449 2335 per
1471 2298 1668 2327 immissionem
1689 2297 1870 2334 poenitentiae

1023 2346 1050 2372 et
1071 2343 1261 2372 remissionem
1286 2345 1391 2381 culpae.
1414 2345 1445 2373 Et
1466 2345 1636 2379 notandum,
1659 2344 1734 2381 quod
1755 2344 1800 2373 hic
1822 2344 1870 2372 ha-

1023 2390 1105 2418 betur
1126 2391 1287 2427 expressius
1307 2392 1341 2421 de
1362 2392 1529 2429 poenitentia
1550 2392 1621 2420 Adae
1641 2400 1725 2429 quam
1739 2392 1812 2420 alibi.
1838 2392 1871 2420 Et
1887 2394 2000 2413 Secundum*

1888 2347 1943 2366 Nota.

1023 2544 1194 2573 Nonnunquam
1212 2545 1284 2567 solent
1301 2545 1323 2566 in
1341 2550 1406 2567 sacro
1425 2545 1519 2573 Eloquio
1542 2550 1584 2572 per
1607 2550 1677 2567 canes
1700 2544 1871 2572 praedicatores

1024 2583 1130 2612 intelligi;
1148 2589 1231 2606 canum
1249 2584 1332 2606 etenim
1350 2584 1440 2612 lingua,
1458 2584 1515 2605 dum
1533 2583 1611 2611 lingit,
1628 2586 1693 2605 curat
1710 2585 1755 2606 etc.

1086 2620 1096 2633 ⁶
1113 2622 1143 2644 lta
1160 2623 1228 2644 etiam
1240 2622 1303 2645 card.
1315 2623 1382 2651 Hugo
1394 2625 1416 2645 et
1427 2623 1544 2650 Lyranus;
1555 2622 1655 2650 Vulgata
1668 2621 1798 2651 nequitiae,
1811 2628 1871 2650 quae

1023 2661 1092 2683 etiam
1116 2661 1208 2684 inferius
1230 2665 1282 2684 ante
1300 2662 1434 2691 profnqitm
1456 2662 1539 2684 omittit
1561 2663 1654 2689 autem,
1678 2661 1742 2690 quod
1764 2661 1871 2683 exhibent

1023 2700 1085 2723 card.
1103 2701 1170 2728 Hugo
1188 2703 1210 2722 et
1226 2701 1338 2728 Lyranus.

1086 2737 1095 2750 ⁶
1112 2738 1168 2766 Cap.
1186 2739 1213 2767 9,
1231 2740 1268 2761 19.

1086 2776 1094 2789 ⁷
1113 2778 1178 2799 Vers.
1190 2778 1212 2799 8.
1228 2790 1259 2794 —
1276 2778 1409 2806 Sequuntur
1426 2778 1519 2800 Malach.
1533 2779 1560 2805 2,
1574 2778 1615 2806 ⁴03
1632 2778 1688 2800 Gen.
1707 2778 1733 2805 2,
1753 2777 1788 2799 18.
1806 2777 1868 2805 (edd.

1023 2817 1083 2838 hunc
1100 2816 1176 2838 locum
1199 2819 1221 2838 et
1242 2816 1326 2838 verba:
1344 2816 1494 2844 Notandum,
1513 2816 1576 2846 quod
1591 2816 1712 2846 formatus
1734 2815 1822 2838 dicitnr
1838 2821 1868 2837 ea*

1019 2856 1090 2884 parte
1106 2855 1213 2884 corporis
1230 2856 1356 2883 omittunt).

1085 2892 1094 2905 Β
1112 2894 1177 2916 Vers.
1193 2894 1221 2921 7;
1239 2893 1294 2917 ibid.
1313 2895 1333 2923 1,
1351 2895 1388 2917 27.
1405 2897 1427 2917 et
1444 2896 1469 2923 2,
1489 2896 1525 2917 15.
1543 2898 1596 2917 sunt
1612 2895 1659 2917 duo
1678 2900 1742 2922 seqq.
1761 2893 1811 2915 loci.

1084 2931 1094 2945 ⁹
1112 2933 1177 2955 Vers.
1194 2934 1216 2955 6.
1233 2946 1263 2950 —
1280 2934 1358 2955 Glossa
1380 2933 1554 2956 interlinearis:
1577 2934 1606 2957 Et
1629 2933 1711 2956 eduxi!
1729 2932 1810 2959 illum,
1828 2938 1869 2959 per

1024 2972 1201 2999 poenitentiam,
1218 2978 1231 2994 a
1250 2971 1331 2995 delicto
1347 2978 1398 2995 sac.
1416 2972 1460 2995 Csr.
1478 2972 1595 2995 Rabanus.
