2296 3316
287 660 362 685 Quarto,
378 658 401 676 de

281 688 325 702 cons
340 682 401 701 iratio-

281 706 310 724 nis
321 711 331 724 o
346 705 401 724 stiua—

281 730 330 748 tione
358 733 401 752 qua-

281 755 329 771 tuor.

312 1126 400 1145 Primum.

274 1173 301 1192 De
314 1173 368 1191 modo
377 1177 406 1191 oc<

294 1196 388 1215 currendi.

277 1594 304 1613 De
312 1594 366 1612 modo
373 1595 410 1612 lan-

312 1617 376 1636 dandi.

296 2108 322 2127 De
335 2108 390 2127 modo

282 2132 404 2155 procedendi.

422 156 479 184 silli

420 233 568 265 Dominus,
590 231 637 267 qui
659 230 792 259 suscitare
813 228 902 266 potuit
923 231 1083 261 mortuum,
1105 235 1196 255 nonne
1217 235 1265 264 po-

422 279 472 307 tuit
504 278 637 306 suscitare
665 276 808 305 occisum?
835 274 950 311 Quando
978 274 1080 302 Lazaro
1105 273 1265 302 inferebatis

420 333 529 358 necem,
551 323 678 360 nunquid
699 322 867 351 auferebatis
895 321 1011 349 Domino
1032 323 1216 357 potestatem?
1238 320 1263 348 Si

419 371 492 400 aliud
513 371 623 399 videtur
644 373 786 402 mortuus,
801 369 875 398 aliud
890 368 1009 401 occisus;
1031 375 1110 401 ecce,
1132 367 1265 396 Dominus

420 422 572 454 utrumque
593 416 671 446 fecit:
694 419 721 445 et
742 417 875 444 Lazarum
899 417 1058 448 mortuum,
1080 417 1106 442 et
1128 422 1157 443 se
1171 414 1262 451 ipsum

419 464 561 494 suscitavit
582 464 703 492 occisum
718 475 744 491 n.
768 463 846 491 Viam
868 461 965 490 salutis
979 461 1109 490 claudere
1123 461 1264 496 volebant;

418 511 545 540 Matthaei
558 509 689 546 vigesimo
701 509 782 537 tertio
796 510 820 536 ¹:
841 520 853 533 «
870 508 920 545 lpsi
933 516 987 536 uon
999 507 1142 542 introistis,
1157 510 1184 536 et
1197 507 1266 536 alios

420 557 533 586 introire
555 555 737 593 prohibuistis
751 567 778 583 ».

503 605 543 632 17.
566 604 601 631 Iu
622 602 787 631 crastinum
808 605 906 630 autem
931 604 982 630 etc.
1015 601 1203 630 Determinata
1223 603 1265 629 est

418 649 628 687 conspirationis
648 649 840 686 amplificatio,
868 648 1070 677 determinatur
1092 647 1136 676 hic
1164 650 1265 684 quarto

418 702 443 727 ot
465 697 562 726 ultimo
584 696 670 733 ipsius
692 704 741 733 per
756 695 966 724 obstinationem
986 694 1118 723 malitiae
1132 702 1266 722 consum-

420 745 516 774 matio.
541 745 571 772 Et
593 744 660 772 haec
681 742 827 772 obstinatio
848 742 1018 771 occasionem
1041 741 1139 770 habuit
1157 748 1193 769 ex
1215 741 1265 769 ho-

420 800 486 821 nore
507 791 622 820 Domino
644 790 784 824 exhibito,
814 793 927 826 propter
948 796 1030 825 quem
1054 788 1081 816 in
1103 788 1202 816 miram
1224 788 1265 815 in-

421 839 519 867 vidi-ani
549 837 726 874 prosilibant;
748 839 775 864 et
803 835 963 872 proceditur
991 835 1038 863 sic.
1062 834 1153 862 Primo
1174 834 1265 862 deter—

420 886 541 914 minatur
578 883 687 912 Christi
721 881 940 919 honorificatio;
972 880 1108 914 secundo,
1144 879 1265 908 lionoris

421 933 493 961 illius
510 940 565 969 per
587 931 773 967 Scripturam
796 928 987 966 approbatio,-
1009 927 1103 961 tertio,
1126 926 1265 964 bonorifi—

419 979 508 1007 candi
530 978 621 1010 ratio‚·
653 979 767 1013 quarto,
790 974 1022 1003 Pharisaeorum
1056 974 1265 1002 malevolentis-

419 1027 495 1054 sima
518 1024 679 1053 obstinatio.

497 1073 585 1107 (Vers.
614 1071 676 1101 12).
700 1071 790 1099 Honor
811 1072 903 1098 autem
920 1069 1088 1098 describitur
1103 1068 1265 1105 tripliciter:

420 1120 508 1156 primo
523 1118 612 1156 quoad
629 1118 746 1146 modum
762 1117 953 1151 occurrendi,
975 1116 1040 1154 quia
1062 1124 1124 1145 cum
1147 1115 1265 1149 laetitia;

421 1169 533 1202 propter
565 1164 639 1202 quod
666 1164 753 1193 dicit:
788 1164 821 1192 In
852 1163 1019 1192 erastinum
1050 1167 1148 1191 autem
1177 1162 1265 1191 turba

419 1213 545 1246 multa&
568 1220 635 1240 cum
666 1211 837 1245 audissent,
870 1211 941 1249 quia
970 1211 1052 1239 Iesus
1083 1210 1159 1238 venit
1190 1210 1266 1238 lero-

420 1260 579 1298 solymam,
611 1262 797 1288 occurrerunt
829 1258 852 1286 ei
881 1265 945 1286 cum
977 1256 1098 1290 laetitia;
1127 1256 1153 1284 in
1186 1256 1266 1284 cuius

420 1306 543 1343 signum:

502 1354 544 1381 18.
568 1353 655 1389 (Vers.
682 1352 747 1388 13.).
770 1353 951 1388 Acceperunt
971 1359 1072 1379 ramos
1090 1350 1266 1387 palmarum

420 1405 446 1429 et
462 1403 667 1437 processerunt
695 1399 721 1427 ei
748 1399 881 1432 obviam‚·
902 1399 977 1427 hunc
998 1405 1105 1426 morem
1128 1397 1266 1425 habebant

420 1456 455 1476 ex
468 1448 551 1484 Lege;
566 1446 640 1475 unde
654 1446 756 1474 dicitur
770 1445 882 1474 secundi
896 1445 996 1473 Esdrae
1010 1447 1106 1472 octavo
1118 1444 1141 1471 ⁸:
1162 1455 1174 1468 «
1184 1444 1266 1480 Egre-

420 1494 513 1522 dimini
536 1494 563 1521 in
585 1496 706 1521 montem
722 1496 749 1520 et
762 1492 857 1520 alierte
879 1491 990 1519 frondes
1011 1491 1098 1518 olivae
1113 1493 1140 1518 et
1155 1489 1266 1518 frondes

422 1541 485 1578 ligni
508 1539 687 1577 pulcherrimi
716 1542 743 1567 et
764 1546 855 1566 ramos
876 1538 1072 1574 palmarum».
1100 1553 1135 1556 —
1158 1535 1266 1564 Descri-

421 1588 496 1617 bitur
517 1588 599 1616 etiam
621 1586 711 1623 quoad
733 1586 850 1614 moazim
873 1584 1020 1613 laudandi
1026 1594 1036 1617 ;
1058 1587 1171 1620 propter
1191 1582 1266 1619 quod

420 1635 496 1663 dicit:
520 1635 555 1662 Et
575 1633 759 1662 clamabant.-
781 1633 938 1664 Hosannu,·
960 1631 1031 1660 sicut
1051 1630 1116 1659 dicit
1137 1630 1232 1658 Glossa
1243 1631 1265 1663 4,

425 1693 438 1706 <t
454 1689 508 1709 vox
529 1681 581 1709 ista
602 1683 643 1708 est
663 1679 848 1712 obsecrantis,
865 1679 956 1715 potius
970 1678 1099 1706 affectum
1118 1684 1202 1713 quam
1216 1676 1265 1704 ali-

421 1728 486 1765 quid
507 1727 643 1761 indicans,
662 1727 733 1755 sicut
754 1725 995 1758 interjectiones»,
1017 1727 1044 1753 et
1065 1727 1172 1752 tantum
1194 1722 1266 1751 valet

420 1775 517 1808 salva,
534 1774 657 1802 obsecro.
674 1772 856 1806 Benedictus,
879 1772 930 1810 qui
945 1771 1019 1800 uenit
1034 1771 1064 1799 in
1081 1770 1194 1799 nomine
1210 1770 1265 1798 Do-

420 1822 510 1855 mini,
532 1830 583 1850 rea:
607 1820 717 1853 lsi-aest
739 1820 766 1848 in
789 1828 844 1856 quo
860 1819 1028 1848 confitentur
1043 1819 1070 1846 in
1087 1818 1144 1855 ipso
1161 1817 1264 1854 regiam

419 1869 594 1906 dignitatem,
616 1876 671 1896 non
692 1867 726 1896 ab
748 1866 871 1900 homine,
887 1866 933 1895 sed
949 1874 964 1894 a
978 1866 1050 1900 Deo3
1072 1865 1133 1894 ideo
1153 1864 1264 1893 dicunt:

420 1925 471 1945 rece
495 1915 586 1944 lsrael
606 1915 637 1943 in
661 1914 773 1943 nomine
796 1914 926 1947 Domini,
949 1912 1101 1942 secundum
1123 1912 1191 1941 illud
1213 1912 1266 1940 Lu-

420 1972 467 1992 cae
489 1962 616 2000 primo⁵z
644 1962 718 1990 «Hic
743 1961 796 1990 erit
826 1968 943 1997 magnus
971 1963 998 1989 et
1025 1960 1108 1988 Filius
1136 1959 1266 1988 Altissimi

420 2010 581 2044 vocabitur,
603 2013 630 2038 et
651 2008 726 2037 dabit
747 2008 785 2036 illi
807 2008 942 2036 Dominus
969 2008 1044 2036 Deus
1065 2007 1157 2036 sedem
1180 2007 1266 2035 David

421 2057 506 2094 patris
527 2057 599 2090 eius,
615 2059 642 2085 et
657 2055 782 2093 regnabit
796 2056 823 2083 in
838 2055 919 2083 domo
940 2054 1018 2083 Iacob
1039 2054 1067 2082 in
1082 2057 1227 2083 aeternum
1238 2065 1264 2082 n.

420 2121 456 2125 —-
483 2103 656 2132 Describitur
688 2103 770 2131 etiam
803 2102 894 2139 quoad
925 2102 1045 2130 modum
1073 2101 1266 2138 procedendi;

419 2151 484 2188 quia
505 2159 558 2179 non
587 2149 753 2187 procedebat
783 2157 833 2186 per
855 2148 953 2185 pedes,
976 2148 1022 2177 sed
1051 2156 1136 2185 super
1157 2148 1265 2176 asinum

419 2198 544 2230 sedebat;
567 2200 680 2234 propter
701 2196 775 2233 quod
795 2196 877 2225 dicit:

483 2354 489 2366 ¹
508 2356 574 2377 Vers.
593 2356 628 2377 13.
648 2354 723 2377 Verba
737 2355 813 2383 potius
831 2358 883 2377 sunt
895 2361 921 2377 ex
939 2356 993 2377 Luc.
1007 2355 1044 2381 Μ,
1061 2355 1104 2381 52,
1122 2360 1175 2376 cum
1188 2355 1265 2376 Matth.

420 2395 460 2423 23,
480 2395 515 2416 13.
533 2395 637 2422 legatur:
656 2395 702 2417 Vos
719 2395 779 2416 enim
797 2400 844 2416 non
862 2395 961 2421 intratis,
980 2400 1021 2416 nec
1035 2394 1176 2416 introeuntes
1193 2393 1267 2415 sinitis

420 2434 509 2455 intrare.

481 2471 490 2484 ²
510 2473 619 2500 Vulgata,
645 2479 715 2501 quam
741 2473 777 2495 ed.
803 2473 917 2502 sequitur,
943 2473 1008 2495 addit
1033 2479 1094 2502 quae
1117 2473 1212 2495 venerat
1234 2471 1267 2494 ad

420 2510 479 2533 diem
497 2511 591 2540 sestam.
611 2512 663 2534 Post
680 2513 705 2534 lu
724 2512 855 2535 crastinum
874 2513 953 2534 autem
971 2512 1007 2534 ed.
1030 2518 1056 2534 ex
1074 2512 1152 2533 Glossu
1176 2510 1266 2534 [nim-li-

421 2549 489 2572 neari
504 2550 623 2578 subiungit
639 2550 726 2573 scilicet
743 2550 778 2573 die
795 2550 922 2573 (lominica.

482 2587 490 2600 ³
510 2590 566 2611 Vers
593 2590 629 2611 15.

482 2626 491 2638 ⁴
509 2628 598 2649 Scilicet
620 2628 744 2650 ordinaria
767 2629 896 2651 secundum
919 2630 1029 2656 August.,
1046 2629 1069 2650 in
1092 2629 1153 2650 loan.
1176 2629 1265 2656 Evang.

421 2671 447 2689 tr.
465 2666 503 2688 51.
519 2673 541 2688 n.
559 2667 581 2688 ⁴2.
599 2667 676 2689 Glossa
695 2666 867 2690 interlinearis:
885 2668 1011 2695 Hosanna,
1029 2667 1095 2696 quasi
1113 2667 1166 2689 Hosi
1190 2673 1265 2696 anna,

420 2705 443 2728 id
461 2709 510 2730 est,
527 2707 601 2733 salva,
625 2705 733 2734 obsecro,
750 2708 791 2729 cfr.
810 2707 915 2735 Hieron.‚
934 2707 1003 2735 Epist.
1022 2707 1058 2729 ¹20.
1076 2713 1099 2729 u.
1117 2707 1138 2729 3.
1159 2713 1224 2735 seqq.
1244 2710 1266 2729 et

421 2745 452 2767 lll.
470 2744 598 2767 Comment.
616 2745 638 2767 in
656 2746 732 2767 Matth.
749 2746 790 2773 21,
808 2746 832 2773 9,
845 2752 871 2768 ex
889 2746 975 2774 quibus
992 2746 1047 2768 locis
1060 2746 1122 2768 Beda
1139 2746 1265 2774 praecipua

420 2784 579 2811 complectitur
596 2784 617 2805 in
635 2784 695 2806 loen.
714 2785 753 2812 12,
775 2786 810 2807 13.
829 2797 858 2800 —
876 2786 897 2807 ln
916 2786 988 2813 prima
1008 2786 1087 2808 Glossa
1108 2788 1181 2807 textus
1198 2785 1266 2813 origi-

420 2822 477 2844 nalis
506 2826 558 2850 post
579 2821 722 2846 obsecrantis
745 2830 798 2846 cum
821 2825 949 2852 Augustino
972 2824 1038 2852 legit:
1061 2823 1139 2853 magis
1156 2823 1264 2846 indicans

420 2860 539 2890 affectum,
559 2867 631 2890 quum
648 2868 699 2884 rem
716 2861 823 2891 aliquam
835 2862 918 2892 [aliqui
935 2864 1002 2886 codd.
1015 2866 1037 2886 et
1049 2864 1085 2886 ed.
1100 2869 1173 2893 quam
1184 2862 1264 2892 alind]

420 2900 569 2929 significans,
587 2900 648 2923 sicut
664 2900 841 2924 interfectiones.
859 2902 961 2925 Subinde
978 2905 1030 2930 post
1042 2903 1136 2925 tantum
1153 2901 1217 2925 valet
1227 2902 1264 2924 ed.

421 2944 474 2961 cum
492 2939 594 2961 Gorrano
613 2939 675 2961 addit
692 2941 817 2969 quantum.

1036 149 1206 178 COMMENT.
1229 149 1260 178 ΙΝ
1281 149 1427 177 ΙΟΑΝΝΕΜ
1448 148 1475 176 C.
1498 148 1550 177 ΧΠ.

1404 227 1447 255 19.
1470 226 1558 262 (Vers.
1584 226 1649 262 tlt).
1680 226 1715 254 Et
1739 225 1848 255 invenit
1879 226 1959 254 lesus
1990 225 2112 254 asellum
2143 229 2169 255 et

1321 273 1395 301 sedit
1415 281 1503 310 super
1524 281 1598 301 eum.
1629 272 1682 301 Etsi
1705 280 1789 301 verus
1809 273 1867 301 Rex
1889 276 1960 301 esset
1980 275 2007 301 et
2035 272 2169 302 honorem

1323 320 1431 356 regium
1453 319 1504 348 sibi
1525 319 1618 348 offerri
1640 319 1833 356 permitteret;
1854 327 1909 348 non
1931 322 2022 348 tamen
2044 319 2072 348 in
2096 320 2169 348 mul-

1323 367 1440 396 titudine
1460 375 1614 404 equorum,
1636 366 1684 395 sed
1705 374 1789 403 super
1820 366 1928 395 asinum
1950 367 2032 395 venit.
2055 367 2083 395 In
2113 375 2169 404 quo

1323 413 1511 450 significatur,
1526 416 1557 442 ut
1571 413 1638 442 dicit
1652 413 1822 450 Augustinus
1832 413 1853 447 ⁶,
1869 413 1943 450 quod
1962 424 1976 438 «
1991 421 2046 442 non
2060 414 2095 442 ad
2109 413 2169 442 exi-

1322 460 1443 497 gendum
1458 460 1612 494 tributum,
1627 467 1682 488 non
1696 459 1729 488 ad
1744 459 1908 488 armandum
1924 460 2079 489 exercitum
2094 460 2169 489 ferro

1322 514 1375 535 rex
1396 509 1468 540 erat,
1490 506 1538 535 sed
1559 514 1610 535 rex
1632 506 1730 540 lsrael,
1745 506 1794 543 qui
1815 509 1921 535 mentes
1935 509 2027 544 regat,
2043 507 2090 544 qui
2105 514 2170 536 con-

1323 553 1410 586 sulat,
1432 553 1480 590 qui
1502 553 1528 580 in
1552 560 1669 590 regnum
1690 552 1830 581 caelorum
1852 552 2011 587 credentes,
2027 556 2170 590 sperantes

1322 601 1502 636 amantesque
1523 599 1696 636 perducat».

1402 646 1448 673 20.
1472 645 1553 674 Sicut
1573 645 1716 682 seriptum
1731 649 1779 674 est.
1795 646 1928 683 Tangitur
1943 646 1988 674 hic
2003 646 2169 682 secundum,

1322 692 1426 721 scilicet
1446 692 1510 721 facti
1532 692 1606 721 illius
1625 701 1678 730 per
1709 693 1898 730 Scripturam
1929 693 2118 731 approbatio,
2143 696 2171 723 et

1323 740 1375 768 hoc
1396 739 1461 768 facit
1481 739 1662 774 ostendendo,
1678 740 1746 769 illud
1761 740 1788 769 in
1804 740 1948 777 Scriptura
1962 741 2047 771 fuisse
2061 741 2170 779 praedi-

1322 788 1414 820 ctum3
1436 785 1503 822 quia
1523 785 1575 814 hoc
1596 786 1683 815 robur
1704 786 1751 815 dat
1771 795 1853 816 verae
1874 788 1946 817 fidei.
1962 788 2110 826 Propterea
2129 789 2170 818 di-

1322 832 1374 866 cit,
1397 831 1471 869 quod
1492 831 1562 860 sedit
1593 839 1678 869 super
1709 833 1818 862 asinum
1847 834 1874 862 in
1897 834 2002 864 honore
2023 835 2114 873 regio;
2135 843 2170 865 ne

1322 881 1403 916 putes
1424 879 1477 907 hoc
1498 886 1563 907 casu
1585 881 1708 916 gestum,
1730 879 1791 909 ideo
1821 880 1902 909 dicit:
1926 881 2007 910 Sicut
2026 882 2171 920 seriptum

1322 929 1378 960 est,
1401 926 1550 954 Zachariae
1572 926 1679 954 nono⁷:
2067 943 2070 946 -

1402 973 1447 1000 21.
1471 972 1559 1008 (Vers.
1585 973 1650 1003 ts).
1674 972 1742 1000 Noli
1761 973 1877 1007 timere,
1898 973 1962 1010 sitia
1984 974 2072 1009 Sion,
2087 975 2114 1004 id
2129 978 2171 1004 est

1322 1019 1456 1052 Ecclesia;
1485 1019 1577 1047 minus
1597 1018 1663 1047 dicit
1692 1022 1719 1048 et
1740 1019 1803 1056 plus
1828 1020 1970 1057 intelligit,
1992 1021 2018 1050 id
2040 1025 2095 1056 est,
2123 1031 2172 1051 ea·-

1322 1065 1419 1099 sulta,·
1441 1066 1589 1095 Zachariae
1611 1065 1721 1094 nono⁸s
1748 1077 1761 1091 α
1778 1066 1893 1095 Exsulta
1910 1067 1992 1102 satis,
2014 1068 2068 1097 filia
2091 1069 2170 1104 Sion;

1323 1113 1424 1147 iubila,
1439 1113 1495 1141 filia
1514 1113 1660 1142 Ierusalem
1677 1125 1703 1142 ιι.
1720 1113 1752 1142 Et
1773 1114 1843 1142 ratio
1864 1114 2058 1144 exsultationis
2080 1115 2171 1144 reddi-

1324 1163 1386 1189 tur:
1412 1161 1495 1194 Eece,
1519 1169 1571 1189 reat*
1600 1164 1669 1189 tuus
1696 1160 1774 1189 venit
1801 1160 1890 1195 tibi⁹5
1910 1169 1989 1196 ecce,
2011 1161 2095 1199 reqia
2127 1162 2172 1191 di-

1322 1208 1437 1245 9nitas;
1458 1207 1558 1236 sedens
1585 1216 1675 1245 super
1702 1207 1819 1244 pultum
1843 1208 1964 1241 asinae,-
1985 1216 2064 1243 ecce,
2086 1217 2171 1238 man-

1323 1255 1445 1283 suetudo
1466 1258 1492 1283 et
1512 1253 1672 1283 humilitas.
1696 1255 1726 1283 Et
1747 1255 1774 1283 in
1796 1254 1917 1284 adventu
1932 1255 1994 1284 talis
2008 1258 2049 1284 est
2070 1256 2172 1285 laetan-

1323 1302 1406 1336 dum,
1428 1302 1493 1339 quia
1513 1301 1615 1330 dicitur
1637 1302 1852 1330 Proverbiorum
1873 1302 1979 1331 decimo
1994 1305 2089 1331 sexto:
2117 1314 2130 1328 «
2143 1303 2171 1331 ln

1324 1349 1463 1378 hilaritate
1485 1349 1580 1377 vultus
1600 1349 1674 1386 regis
1704 1349 1775 1383 vita,
1797 1352 1825 1378 et
1845 1349 1991 1378 clementia
2011 1349 2071 1378 eius
2092 1350 2170 1387 quasi

1323 1396 1412 1424 imber
1433 1396 1572 1425 serotinus
1587 1407 1613 1424 ».
1637 1396 1668 1424 Et
1688 1396 1751 1425 licet
1782 1396 1872 1424 honor
1899 1396 1950 1425 iste
1971 1399 2043 1425 esset
2063 1396 2172 1433 praedi-

1323 1444 1401 1476 ctus,
1424 1445 1514 1471 tamen
1535 1450 1590 1470 non
1612 1445 1653 1471 est
1674 1450 1690 1470 a
1717 1442 1860 1479 discipulis
1887 1442 1989 1471 Christi
2011 1443 2172 1480 praecogni-

1324 1492 1384 1522 tus,
1406 1492 1438 1517 ut
1459 1489 1544 1523 scias,
1561 1489 1612 1517 hoc
1627 1497 1682 1519 non
1697 1496 1757 1518 esse
1771 1489 1874 1518 factum
1898 1490 2021 1518 humana
2041 1489 2172 1519 adinven-

1324 1536 1412 1570 tione,
1434 1536 1481 1564 sed
1503 1536 1597 1564 divina
1617 1536 1829 1573 dispensatione.
1853 1536 2001 1573 Propterea
2022 1536 2131 1566 subdit:

1403 1584 1448 1611 Ξῖ).
1472 1583 1560 1616 (Vers.
1587 1583 1651 1618 16.).
1675 1582 1754 1611 Haec
1779 1591 1837 1611 non
1865 1586 2061 1620 eoynoverunt
2085 1583 2172 1612 disci-

1320 1629 1388 1666 puli
1407 1630 1469 1658 eius
1487 1630 1639 1666 primum,
1662 1630 1772 1667 quando
1803 1629 1907 1659 scilicet
1934 1630 2010 1659 hunc
2038 1630 2172 1660 honorem

1323 1677 1517 1711 contuleruut;
1539 1676 1589 1705 sed
1610 1677 1728 1715 quando
1747 1676 1932 1714 ylorificatus
1945 1681 1987 1705 est
2000 1677 2095 1712 Iesus,
2110 1680 2173 1715 post

1323 1724 1557 1752 resurrectionem
1579 1727 1606 1752 et
1627 1724 1831 1758 ascensionem,
1848 1727 1916 1753 tunc
1931 1724 2080 1753 recordati
2092 1727 2171 1759 sunt,

1323 1770 1349 1799 id
1371 1774 1424 1805 est,
1446 1770 1643 1805 adverterunt,
1665 1771 1737 1809 quia
1759 1769 1829 1799 liaeo
1850 1774 1936 1799 erant
1949 1771 2062 1809 scripta
2076 1771 2110 1800 de
2123 1779 2172 1805 60,-

1323 1817 1438 1846 ethaeo
1458 1817 1590 1855 fecerunt
1618 1818 1651 1846 ei.
1684 1818 1746 1847 Post
1776 1818 2003 1855 glorificationem
2036 1826 2172 1856 cognove-

1323 1868 1403 1900 runt,
1424 1874 1478 1894 non
1500 1868 1579 1900 ante;
1602 1865 1668 1902 quia
1688 1868 1755 1894 tunc
1776 1865 1881 1903 primo,
1903 1865 1975 1895 sicut
1995 1865 2098 1895 dicitur
2119 1866 2172 1894 Lu-

1323 1920 1371 1941 cae
1392 1912 1491 1941 ultimo
1504 1912 1535 1947 ¹⁰,
1562 1924 1575 1937 «
1590 1912 1700 1949 aperuit
1721 1912 1774 1941 illis
1796 1920 1923 1947 sensum,
1938 1915 1970 1941 ut
1988 1912 2174 1949 intelligerent

1322 1960 1481 1996 Scripturas
1492 1971 1519 1987 ».

1403 2006 1448 2034 23.
1481 2006 1570 2042 (Vers.
1606 2006 1670 2041 17.).
1707 2006 1914 2034 Testimonium
1944 2015 2012 2044 erqo
2041 2005 2172 2043 perbibe-

1324 2053 1371 2081 bat
1393 2056 1444 2081 etc.
1466 2053 1599 2090 Tangitur
1614 2053 1660 2081 hic
1682 2053 1813 2088 tertium,
1828 2053 1932 2082 scilicet
1952 2052 2071 2082 lionoris
2092 2052 2172 2082 exbi-

1324 2100 1376 2128 biti
1396 2100 1493 2133 7·atio‚·
1514 2103 1541 2128 et
1563 2100 1630 2128 haec
1652 2103 1712 2128 erat
1733 2100 1792 2137 ipsa
1812 2100 1947 2129 mirabilis
1969 2100 2062 2128 Lazari
2084 2100 2172 2129 susci-

1325 2147 1405 2181 tatio,
1437 2155 1509 2184 quae
1539 2147 1630 2175 turbis
1661 2147 1818 2181 constabat;
1849 2149 1964 2183 propter
1995 2147 2069 2184 quod
2089 2146 2170 2175 dicit:

1331 2194 1538 2223 Testimonium
1569 2202 1637 2232 erqo
1666 2193 1834 2231 perhibebat
1865 2193 1909 2222 illi
1919 2194 1942 2211 ¹¹
1965 2193 2068 2228 turba,
2097 2202 2172 2232 quae

1386 2351 1395 2364 ⁵
1413 2353 1478 2375 Vers.
1498 2353 1535 2375 32.

1386 2391 1395 2404 θ
1412 2394 1435 2415 ln
1454 2393 1513 2415 loan.
1533 2393 1621 2420 Evang.
1633 2394 1661 2414 tr.
1678 2392 1715 2414 51.
1733 2398 1754 2413 u.
1773 2391 1798 2418 li,
1817 2390 1855 2413 ubi
1869 2393 1942 2413 textus
1959 2390 2078 2418 originalis
2090 2390 2170 2419 (quem

1323 2433 1359 2455 ed.
1377 2432 1490 2460 sequitur)
1503 2434 1555 2459 post
1565 2431 1632 2460 ferro
1649 2430 1713 2453 addit
1729 2430 1853 2460 hostesque
1869 2429 1991 2453 visibiliter
2007 2429 2172 2458 debellandos,

1322 2474 1345 2494 et
1361 2471 1434 2494 verbo
1452 2470 1562 2494 consulat
1578 2470 1685 2498 praefigit
1701 2469 1727 2492 in
1743 2471 1875 2493 aeternum.

1386 2508 1394 2522 ⁷
1412 2510 1478 2532 Vers.
1496 2510 1517 2531 9.
1534 2522 1565 2526 —
1580 2509 1692 2537 Superius
1708 2515 1751 2537 pro
1767 2515 1838 2532 verae
1854 2509 1932 2537 plures
1949 2509 2018 2532 codd.
2034 2510 2138 2532 nostrae.

1385 2548 1394 2561 ¹³
1412 2550 1478 2572 Vers.
1495 2549 1517 2571 9.
1535 2548 1580 2571 Csr.
1598 2549 1647 2571 lsai.
1666 2548 1707 2575 62,
1726 2548 1764 2570 11:
1783 2548 1856 2571 Dicite
1873 2548 1932 2570 thiae
1950 2548 2018 2570 Sion:
2036 2548 2106 2576 Ecce⁷
2124 2548 2171 2570 Sal-

1323 2591 1389 2611 vator
1407 2591 1459 2610 tuus
1476 2588 1546 2610 venit.
1558 2600 1589 2604 —
1601 2587 1712 2615 Superius
1729 2590 1781 2610 ante
1798 2586 1879 2610 minus
1896 2587 1952 2610 dicit
1969 2587 2011 2610 EN
2028 2587 2088 2609 bene
2104 2593 2171 2615 repe-

1323 2630 1373 2650 tunt
1388 2627 1439 2650 noli
1450 2627 1540 2650 timere.

1385 2665 1395 2678 ⁹
1412 2667 1510 2694 Vulgata
1528 2666 1612 2689 omittit
1629 2665 1684 2694 aba}
1701 2667 1741 2688 cir.
1760 2668 1838 2688 tamen
1849 2666 1925 2688 Matth.
1944 2666 1968 2687 24
1981 2683 1986 2693 ,
2005 2665 2030 2693 5,
2047 2664 2088 2688 ubi
2100 2665 2171 2687 etiam

1322 2706 1421 2734 Vulgata
1448 2705 1517 2728 habet
1537 2704 1585 2728 tibi.
1607 2717 1638 2721 —
1661 2704 1763 2727 Subinde
1788 2705 1901 2732 allegatur
1925 2705 1992 2727 Prov.
2018 2704 2060 2731 16,
2085 2704 2122 2726 15.
2140 2716 2173 2720 —

1322 2745 1452 2773 Chrysost.,
1470 2745 1491 2766 in
1508 2745 1571 2767 ioan.
1589 2745 1668 2767 homil.
1685 2744 1722 2766 66.
1740 2744 1805 2773 (alias
1818 2744 1864 2772 65.)
1877 2750 1900 2766 n.
1914 2744 1922 2766 1
1938 2751 1943 2765 :
1961 2743 2067 2772 Confide,
2085 2743 2170 2772 inquit,

1322 2784 1359 2806 hic
1376 2790 1421 2806 non
1438 2783 1488 2806 talis
1506 2782 1623 2812 [iniquus,
1640 2783 1751 2811 cupidus,
1769 2783 1827 2805 sicut
1845 2783 1881 2804 alii
1898 2782 1978 2812 reges]
1991 2784 2037 2809 est,
2054 2781 2096 2804 sed
2107 2787 2174 2804 man-

1322 2825 1401 2845 suetus
1418 2825 1440 2845 et
1464 2823 1536 2849 miti53
1561 2822 1625 2851 quod
1651 2828 1678 2844 ex
1700 2822 1763 2844 asina
1780 2822 1921 2850 ostenditur;
1939 2827 2014 2850 neque
2031 2821 2091 2843 enim
2109 2827 2173 2843 exer-

1322 2862 1367 2884 citu
1385 2862 1482 2889 stipatus
1499 2862 1618 2889 ingressus
1635 2864 1681 2888 est,
1698 2861 1738 2884 sed
1756 2867 1809 2883 cum
1827 2861 1890 2883 asina
1909 2863 2006 2883 tantum.

1385 2899 1405 2913 ¹⁰
1423 2901 1488 2923 Vers.
1506 2900 1542 2922 45.
1564 2913 1593 2916 —
1614 2900 1655 2923 Ed.
1672 2907 1725 2923 cum
1743 2900 1824 2928 paucis
1841 2900 1909 2923 codd.
1927 2899 2009 2922 omittit
2026 2899 2112 2929 primo.

1386 2938 1404 2952 ¹¹
1423 2940 1520 2968 Vulgata
1538 2939 1621 2962 omittit
1638 2939 1680 2962 illi.
1691 2952 1723 2956 —
1735 2939 1842 2968 Sequitur
1859 2940 1919 2962 loan.
1942 2939 1963 2961 Μ
1975 2955 1981 2966 ,
2000 2938 2036 2961 43.

2188 649 2272 696 secundi»,
2279 663 2285 675 ‚
2292 671 2293 674 ,

2188 2009 2262 2029 Τει-ῑίιιη
2273 2001 2296 2028 “·ν

2261 3072 2277 3230 ..ἡ,;“ἣ,,ἡ,
2262 3037 2274 3060 ,Α
2269 2989 2272 3015 „a
2270 2941 2273 2956 ,,
2270 2862 2272 2866 ,
2268 2782 2273 2843 ,nce
