2296 3316
428 189 483 217 582

427 269 468 294 est
482 273 532 302 per
553 265 709 299 Cliristum;
726 264 832 293 loannis
846 263 967 292 decimo:
987 274 1001 288 «
1013 263 1068 299 Ego
1083 270 1145 291 sum
1161 262 1271 291 ostium.

427 313 477 340 Per
498 319 542 340 me
563 312 585 340 si
613 311 676 348 quis
697 310 844 344 introierit,
872 309 1044 346 ingredietur
1065 312 1092 337 et
1113 308 1272 345 egredietur

314 366 407 386 secundo.
426 361 454 387 et
474 366 576 395 pascua
591 357 711 386 inveniet
726 369 752 385 n.
769 373 806 378 —
821 356 907 385 Debet
921 355 1028 392 ingredi
1040 358 1107 393 post
1122 354 1274 383 Cltriscmn

301 389 517 442 'siffrifh'bipsuin
549 404 696 437 imitando,
724 407 756 432 ut
784 404 870 440 possit
894 403 987 431 dicere
1017 402 1085 430 illud
1114 402 1272 439 Apostoli¹:

430 463 444 477 «ι
459 451 611 480 lmitatores
627 450 677 479 mei
693 453 795 484 estote,
817 450 889 478 sicut
902 452 930 478 et
944 457 994 486 ego
1008 448 1109 477 Christi
1124 460 1151 476 ».
1168 449 1206 477 De
1220 448 1273 477 hoc

426 498 555 527 Ieremiae
577 497 673 526 tertio:
699 509 712 522 «ι
728 497 835 525 Patrem
852 496 961 525 vocabis
975 503 1034 529 me,
1049 498 1076 523 et
1090 497 1152 532 post
1173 502 1217 523 me
1231 494 1273 523 in-

425 544 501 582 gredi
523 552 577 573 non
599 543 719 573 cessabis
733 555 759 571 υ.
782 543 875 572 Talem
896 543 969 572 enim
992 542 1051 571 vult
1072 542 1146 570 Deus
1166 553 1180 567 «
1194 541 1273 570 habi-

426 594 484 619 tare
505 591 532 619 in
554 590 732 619 tabernaculo
746 601 774 623 »‚
800 601 813 614 «
827 589 874 626 qui
904 588 1059 625 ingreditur
1085 587 1143 616 sine
1164 587 1273 616 macula

281 645 353 667 Tertio,
367 650 409 671 prq-
425 640 452 666 et
473 640 606 674 operatur
626 636 759 665 iustitiam
772 648 798 664 ».
815 652 852 657 -
873 635 961 664 Debet
981 634 1062 663 etiam
1084 634 1189 671 ingredi
1204 642 1273 671 pro-

301 668 409 711 machn-
422 687 488 721 pter
511 682 659 712 Christum
680 683 750 712 nihil
777 683 852 712 aliud
881 685 991 720 praeter
1019 681 1162 710 Christum
1187 689 1273 719 quae-

425 731 526 765 rendo;
557 730 631 759 uude
662 730 768 768 primae
801 729 871 759 Petri
900 729 1032 767 quintoss:
1059 728 1192 758 «Pascite
1223 728 1271 766 qui

425 778 452 806 in
468 778 546 807 vobis
567 781 608 807 cst
628 785 740 815 gregem
755 777 813 811 Dei,
828 776 1006 814 providentes
1026 784 1083 804 non
1103 781 1209 810 coacte,
1225 776 1272 805 sed

425 828 574 862 spontanee
589 824 742 854 secundum
757 824 861 858 Deum,
876 831 967 861 neque
982 823 1073 860 turpis
1088 823 1157 852 lucri
1173 823 1272 860 gratia,

426 872 473 901 sed
493 872 664 905 voluntarie,
685 879 776 908 neque
802 874 833 899 ut
854 870 1028 899 dominantes
1056 870 1084 899 in
1106 870 1202 904 cleris,
1225 869 1272 899 sed

425 919 514 947 forma
544 918 606 947 sacti
639 917 730 955 gregis
755 925 791 946 ex
820 917 927 951 animo,
949 920 996 951 ut,
1021 924 1085 945 cum
1111 916 1273 954 apparuerit

426 965 555 1001 Princeps
575 967 734 1001 pastorum,
756 964 915 1001 percipiatis
936 963 1193 993 immarcescibilem
1215 964 1273 1001 glo-

425 1012 482 1040 riae
503 1019 632 1040 coronam
649 1024 674 1039 ».

504 1059 530 1086 5.
553 1058 654 1086 Bonus
671 1061 776 1094 pascor
797 1058 930 1087 animam
951 1066 1040 1086 sucum
1061 1057 1113 1086 dut
1131 1066 1188 1094 pro
1213 1057 1272 1086 ovi-

312 1111 407 1133 Secnndo.
425 1105 479 1134 bns
498 1105 562 1133 sais
574 1105 593 1133 ⁸.

280 1135 409 1162 modushprae-
527 1152 532 1156 .
592 1151 612 1165 ,ἱ
628 1151 633 1156 .
696 1151 701 1156 .
814 1160 821 1165 Ἴ

279 1159 361 1178 ειᾱειισι.
504 1152 549 1180 Hic
571 1151 753 1189 distingmtur
774 1155 868 1189 pastor
899 1152 990 1181 bonus
1014 1159 1030 1180 a
1057 1160 1111 1180 non
1133 1151 1206 1180 bono
1236 1159 1273 1180 ex

304 1205 409 1232 miniosa
424 1198 508 1227 modo
537 1198 735 1236 praesidendi.
768 1198 923 1228 Notandum
955 1199 1056 1236 igitur,
1079 1198 1153 1236 quod
1178 1201 1273 1235 pastor

291 1229 303 1248 b
377 1235 379 1238 .

292 1231 494 1275 112¹J¹p³³²⁰‘hene
515 1245 675 1283 praesidens
695 1245 777 1274 debet
804 1254 864 1275 esse
892 1246 919 1274 in
949 1246 1138 1283 cognoscendo
1167 1245 1273 1275 solliei-

425 1296 489 1327 tus,
510 1293 537 1321 in
566 1293 756 1330 supportando
778 1293 866 1330 pins,
894 1293 923 1322 iu
951 1293 1113 1329 deducendo
1137 1293 1273 1331 primas,

336 1346 407 1366 Prima·
425 1339 452 1368 in
477 1339 645 1377 protegendo
670 1340 790 1377 probus.
813 1356 850 1361 —
871 1340 958 1369 Debet
985 1348 1045 1369 esse
1075 1340 1217 1369 sollicitus
1242 1340 1274 1368 in

425 1387 620 1424 cognoscendo
655 1395 705 1424 per
739 1387 860 1424 vigiliam
892 1388 1065 1422 intuitionis,
1101 1388 1192 1425 qualis
1222 1387 1275 1416 suit

426 1434 566 1469 Christus;
588 1434 695 1463 loannis
716 1434 861 1464 decimo&-
888 1435 968 1472 «Ego
989 1443 1051 1464 sum
1074 1437 1167 1471 pastor
1182 1434 1273 1463 bonus

426 1484 454 1510 et
474 1489 608 1519 cognosco
629 1489 694 1511 oves
715 1490 790 1510 meas
806 1493 832 1516 »3
853 1484 879 1510 et
904 1481 1117 1510 Proverbiorum
1139 1481 1273 1517 vigesimo

426 1529 558 1566 septimo:
590 1529 769 1566 «Diligenter
796 1536 914 1566 agnosce
941 1529 1050 1557 vultum
1082 1528 1191 1565 pecoris
1212 1529 1272 1563 tui,

316 1580 409 1600 Secunda·
426 1579 545 1613 tuosque
565 1584 662 1614 greges
689 1576 833 1605 considera
847 1588 873 1603 ».
896 1592 933 1596 -
954 1576 1040 1605 Debet
1068 1584 1128 1605 esse
1148 1576 1177 1604 in
1201 1584 1272 1613 sup-

422 1623 570 1659 portando
588 1622 659 1659 pius
673 1630 723 1659 per
737 1622 866 1651 affectum
881 1622 1007 1658 pietatis,
1022 1622 1113 1660 qualis
1127 1622 1179 1650 suit
1193 1622 1273 1650 Chri-

426 1673 500 1703 stus;
524 1669 606 1698 lsaiae
631 1668 880 1706 quadragesimo⁵z
907 1669 1011 1698 «Sicut
1038 1671 1132 1706 pastor
1160 1676 1272 1706 gregem

426 1724 508 1745 suum
539 1719 646 1753 pascet,
668 1716 695 1744 in
711 1716 825 1744 brachio
852 1724 904 1745 suo
932 1716 1110 1753 congregabit
1137 1724 1222 1753 agnos
1246 1719 1273 1745 et

425 1764 453 1792 in
484 1763 548 1792 sinu
578 1771 629 1792 suo
659 1763 776 1796 levabit,
806 1763 893 1792 foetas
917 1763 975 1800 ipse
1002 1763 1168 1800 portabit».
1200 1763 1273 1800 Quo-

425 1813 521 1839 contra
543 1809 691 1838 Ezechielis
712 1809 853 1846 trigesimo
874 1813 990 1846 quarto:
1016 1821 1030 1835 α
1044 1809 1100 1838 Vae
1115 1810 1274 1846 pastoribus

426 1857 509 1886 Israel
523 1860 550 1885 n!
566 1860 593 1886 et
607 1857 735 1894 sequitur
757 1865 856 1886 causa:
875 1857 1034 1894 «Gregem‚
1056 1857 1162 1894 inquit,
1178 1865 1272 1886 meum

426 1912 481 1933 non
502 1904 673 1941 pascebatis;
698 1903 773 1940 quod
793 1903 936 1932 infirmum
958 1907 1018 1932 erat
1045 1912 1099 1932 non
1121 1903 1274 1933 consolida-

427 1951 491 1985 stis,
513 1954 541 1980 et
561 1950 635 1988 quod
656 1953 800 1988 aegrotum
822 1953 882 1979 erat
903 1958 956 1979 non
979 1951 1108 1983 sanastis,
1123 1950 1198 1988 quod
1218 1950 1273 1979 fra-

427 2001 503 2027 ctum
525 2000 586 2027 erat
606 2006 660 2026 non
675 1997 807 2035 alligastis
827 1999 855 2026 et
881 1997 956 2034 quod
977 1997 1115 2026 abiectum
1137 2000 1197 2026 erat
1217 2005 1272 2026 non

426 2045 579 2074 reduxistis
585 2055 592 2080 3
608 2044 655 2074 sed
666 2053 729 2074 cum
744 2044 906 2073 austeritate
920 2044 1099 2082 imperabatis
1112 2044 1152 2074 eis
1166 2047 1193 2073 et
1207 2052 1271 2073 cum

338 2097 408 2117 'tertia-
426 2092 549 2129 potentia
562 2103 589 2120 n.
613 2107 650 2112 —
671 2091 757 2120 Debet
778 2091 860 2120 etiam
881 2099 941 2120 esse
969 2091 996 2120 in
1018 2091 1183 2120 deducendo
1210 2091 1273 2129 pri-

425 2147 493 2167 mus
508 2146 559 2175 per
579 2138 741 2175 exemplum
762 2138 927 2173 honestatis3
950 2138 1058 2167 Ioannis
1077 2138 1206 2167 decimo⁶
1230 2138 1272 2167 di-

425 2186 498 2215 citur
512 2186 546 2215 de
559 2186 632 2215 bono
646 2188 768 2223 pastore:
795 2197 809 2211 α
823 2186 893 2214 Cum
907 2185 1035 2223 proprias
1056 2193 1121 2215 oves
1136 2186 1272 2221 emiserit,

424 2236 488 2262 ante
508 2241 554 2262 eas
575 2233 665 2267 vadit,
686 2236 714 2262 et
734 2240 800 2262 oves
814 2233 893 2262 illum
907 2235 1103 2270 sequuntur».
1125 2233 1198 2262 Talis
1212 2236 1273 2262 erat

423 2280 578 2317 Apostolus,
592 2280 640 2317 qui
655 2279 763 2309 dicebat
777 2279 883 2316 primae
893 2279 928 2308 ad
939 2279 1096 2308 Corinthios
1109 2279 1271 2309 undecimo:

330 2333 408 2356 Quarta.
430 2338 444 2352 «
458 2326 612 2355 Imitatores
631 2326 686 2355 mei
707 2329 807 2360 estote,
829 2326 902 2355 sicut
915 2329 942 2355 et
962 2333 1013 2363 ego
1033 2326 1144 2355 Christi.
1165 2343 1203 2348 —
1218 2327 1270 2355 De-

425 2374 472 2403 bet
491 2374 574 2403 etiam
594 2381 654 2403 esse
685 2374 712 2402 in
742 2373 917 2411 protegendo
935 2373 1049 2411 probus
1069 2381 1119 2411 per
1145 2377 1272 2403 constan-

426 2421 493 2449 tiam
512 2420 640 2455 virtutis,
662 2420 752 2458 qualis
772 2420 825 2449 fuit
845 2420 988 2455 Christus;
1015 2420 1123 2449 loannis
1146 2420 1270 2450 decimo:

426 2467 529 2496 Bonas
548 2470 650 2505 pastor
671 2467 806 2496 animam
826 2475 915 2496 suam
935 2467 988 2496 dat
1004 2475 1062 2504 pro
1083 2466 1185 2495 ovibus
1198 2466 1271 2495 sui-5.

944 184 1169 214 COLLATlONES
1191 184 1223 213 lN
1244 183 1390 212 lOANNEM
1411 183 1479 211 CAt’.
1502 183 1532 211 X.
1554 182 1647 211 COLL.
1670 182 1783 211 xxxix.

1331 260 1404 289 Talis
1424 260 1477 289 suit
1498 260 1592 294 lacob;
1614 260 1728 289 Genesis
1744 260 1885 298 trigesimo
1900 261 2007 298 primo:
2034 273 2047 287 «
2061 262 2179 291 Arietem

1330 307 1422 344 gregis
1444 306 1483 335 tui
1505 314 1560 335 nou
1582 306 1703 340 comedi,
1725 314 1776 336 nec
1797 311 1908 344 captum
1924 315 1941 336 a
1964 307 2052 336 bestia
2073 308 2180 338 ostendi

1331 354 1388 382 tibi.
1415 354 1470 390 Ego
1494 353 1625 382 damnum
1652 361 1733 382 omne
1759 353 1925 389 reddehau1;
1948 355 2084 392 quidquid
2105 356 2181 385 furto

1331 400 1464 438 perierat,
1479 409 1496 429 a
1509 408 1553 429 me
1575 400 1706 437 exigebas
1717 412 1744 428 ».
1760 417 1798 422 --
1814 401 1881 430 Istae
1896 401 1981 438 igitur
2000 405 2066 431 sunt
2086 403 2180 432 condi-

1331 447 1419 476 tiones
1440 447 1504 476 boni
1526 447 1652 484 pastoris.

1410 495 1435 523 6.
1452 494 1503 523 Sed
1524 498 1601 528 nota,
1617 494 1691 532 quod
1712 495 1792 524 multi
1807 498 1872 524 sunt
1892 500 2030 533 pastoreS‚
2052 497 2099 535 qui
2123 507 2178 528 non
2192 500 2294 545 Nffihhgnt

1331 541 1433 570 habent
1461 542 1630 578 vigilantiam
1658 542 1785 576 rationis,
1807 543 1855 571 sed
1883 546 1949 572 sunt
1973 544 2052 581 quasi
2081 545 2178 581 idola,
2275 539 2280 546 ’

1330 596 1443 626 gregem
1464 589 1642 626 negligentes.
1658 606 1696 610 -—
1711 590 1780 618 Sunt
1801 590 1860 624 alii,
1882 591 1999 628 quinon
2019 591 2122 621 habent
2143 594 2179 622 as-

1330 635 1432 664 fectum
1454 635 1578 672 pietatis,
1595 635 1642 664 sed
1657 638 1723 664 sunt
1744 636 1807 674 lupi
1820 644 1933 674 gregem
1954 637 2127 668 devorantes.
2143 655 2182 662 —-

1330 682 1400 710 Sunt
1421 684 1448 710 et
1462 681 1524 716 alii,
1545 682 1593 719 qui
1609 690 1663 711 non
1684 682 1820 712 exhibent
1833 684 1994 721 exemplum
2012 685 2184 722 honestatis,

1323 729 1378 760 sed
1399 731 1465 758 sunt
1484 728 1570 767 fures
1597 737 1709 767 gregem
1733 730 1875 767 abigentes
1887 731 1906 759 ⁷.
1922 747 1959 752 —
1974 732 2044 761 Sunt
2071 735 2099 762 et
2118 733 2180 768 alii,

1330 776 1377 813 qui
1399 776 1608 805 non'adhibent
1633 777 1801 814 praesidium
1829 777 2011 813 defensionis,
2039 779 2086 808 sed
2115 783 2181 809 sunt

1329 822 1508 851 mercenarii
1527 830 1639 860 gregem
1661 823 1688 851 in
1710 823 1873 853 necessitate
1893 824 2070 855 dimittentes.

1409 871 1435 897 7.
1458 870 1528 898 Sunt
1548 878 1615 907 ergo
1636 870 1709 899 sicut
1727 870 1807 899 idola
1828 879 1940 908 gregem
1959 880 2013 901 non
2036 875 2180 908 curantes,
2197 875 2285 896 Primum-

1330 917 1433 953 quibus
1453 916 1555 945 dicitur
1578 916 1726 945 Zachariae
1747 916 1932 946 undecimoss:
1958 929 1971 943 α
1991 918 2014 947 O
2038 922 2133 956 pastor
2153 923 2181 949 et

1329 963 1447 998 idolum,
1462 963 1659 1000 derelinquens
1673 971 1785 1000 gregem
1800 975 1813 988 n
1826 965 1831 992 !
1850 966 1877 992 et
1891 964 1975 993 Isaiae
1989 965 2121 1002 vigesimo
2139 974 2181 995 se-

1330 1010 1435 1039 cundo:
1462 1021 1475 1036 «
1491 1010 1558 1046 Quis
1579 1013 1610 1038 tu
1626 1010 1684 1043 liic,
1699 1012 1748 1038 aut
1763 1010 1841 1047 quasi
1863 1010 1927 1047 quis
1948 1010 1993 1040 hic
2007 1014 2044 1040 »2
2059 1029 2097 1033 --
2111 1013 2181 1042 Sunt
2197 1016 2296 1037 Secundum

1329 1057 1374 1086 alii
1390 1057 1462 1086 sicut
1486 1057 1550 1094 lupi
1571 1064 1682 1094 gregem
1697 1056 1878 1091 devorantes;
1893 1057 1927 1086 de
1941 1057 2045 1095 quibus
2062 1059 2180 1089 Actuum

1330 1104 1462 1141 vigesimo
1477 1103 1504 1132 ⁰:
1537 1115 1551 1128 «
1576 1104 1652 1137 Scio,
1684 1103 1776 1141 inquit
1807 1104 1924 1139 Paulus,
1956 1105 2088 1142 quoniam
2119 1108 2181 1143 post

1329 1151 1524 1180 discessionem
1551 1159 1639 1180 meam
1670 1150 1814 1179 intrahunt
1840 1151 1898 1188 lupi
1927 1159 2040 1189 rapaces
2061 1152 2089 1181 in
2117 1161 2179 1188 vos,

1330 1205 1383 1226 non
1405 1201 1550 1234 parcentes
1577 1198 1652 1235 gregi
1671 1208 1705 1232 »;
1734 1198 1768 1227 de
1796 1198 1898 1227 talibus
1925 1198 2056 1227 Ieremiae
2076 1198 2180 1228 duode-

1330 1244 1414 1273 cimo:
1441 1256 1454 1270 «
1470 1245 1595 1274 Pastores
1609 1245 1689 1274 multi
1705 1245 1826 1274 demoliti
1842 1247 1908 1274 sunt
1922 1245 2030 1275 vineam
2048 1253 2139 1275 meam
2150 1257 2178 1281 »3

1330 1293 1358 1318 et
1388 1289 1450 1319 ideo
1480 1290 1582 1319 dicitur
1613 1290 1730 1320 ibidem:
1756 1303 1769 1317 «
1789 1291 1885 1320 Venite
1907 1294 1934 1320 et
1955 1292 2179 1329 congregamini,

1330 1344 1426 1365 omnes
1446 1336 1549 1366 bestiae
1564 1341 1667 1372 terrae;
1689 1341 1837 1375 properate
1851 1338 1883 1367 ad
1898 1338 2087 1368 devorandum
2102 1350 2129 1367 ι».
2142 1355 2179 1360 -

1330 1385 1400 1412 Sunt
1421 1384 1465 1413 alii
1487 1387 1519 1413 ut
1538 1383 1623 1422 fare-9
1643 1392 1756 1422 gregem
1784 1385 1937 1423 abigentes;
1960 1386 2109 1416 Ezechielis
2130 1387 2180 1415 tri-
2196 1391 2286 1412 Tertium-

1330 1432 1434 1469 gesimo
1455 1435 1555 1468 quarto
1568 1432 1605 1460 ¹0:
1626 1443 1639 1457 «
1655 1432 1710 1461 Vae
1724 1433 1883 1470 pastoribus
1903 1433 1998 1463 lsrael!
2021 1434 2069 1471 qui
2084 1442 2179 1471 pasce-

1330 1478 1397 1507 bant
1417 1478 1591 1515 semetipsos;
1613 1487 1704 1508 nonne
1725 1487 1823 1516 greges
1843 1488 1860 1508 a
1880 1480 2039 1517 pastoribus
2060 1489 2179 1518 pascun-

1331 1527 1399 1553 tur?
1420 1525 1472 1553 Lac
1487 1525 1671 1554 comedebatis
1690 1528 1719 1554 et
1744 1526 1812 1555 lanis
1833 1527 2044 1563 operiebamini,
2065 1535 2178 1565 gregem

1329 1576 1423 1600 autem
1445 1580 1538 1601 meum
1568 1580 1623 1600 non
1650 1572 1804 1609 pascebatis
1818 1584 1849 1608 »;
1879 1576 1906 1602 et
1931 1576 1993 1611 post
2012 1575 2179 1612 paululum}

1334 1631 1348 1644 a
1364 1619 1510 1656 Dispersae
1527 1622 1593 1648 sunt
1614 1627 1679 1648 oves
1701 1627 1791 1654 meae,
1813 1628 1846 1649 eo
1867 1621 1942 1658 quod
1963 1629 2017 1650 non
2039 1625 2111 1651 esset
2131 1631 2180 1660 pa-

1330 1669 1388 1695 stor
1402 1678 1429 1694 ».
1458 1666 1600 1695 Rationem
1622 1666 1708 1695 huius
1736 1666 1827 1696 reddit
1846 1667 1981 1697 Dominus
2005 1668 2113 1698 loannis
2132 1669 2180 1698 de-

1330 1713 1413 1748 cim03
1436 1713 1502 1750 quia
1522 1713 1626 1742 scilicet
1645 1713 1716 1742 «sur
1729 1721 1784 1742 nou
1800 1713 1888 1749 venit,
1909 1714 1961 1743 nisi
1983 1710 2015 1743 ut
2028 1714 2139 1744 furetur
2153 1718 2181 1745 et

1330 1762 1431 1789 mactet
1444 1762 1472 1789 et
1485 1759 1582 1797 perdat
1597 1772 1623 1788 ».
1635 1761 1755 1789 —Sunt
1769 1763 1796 1790 et
1809 1761 1855 1789 alii
1870 1761 2049 1790 mercenarii
2067 1770 2178 1800 gregem
2196 1768 2285 1793 Quartum

1329 1808 1358 1836 in
1378 1808 1540 1837 necessitate
1553 1808 1738 1841 dimittentes;
1755 1808 1861 1837 loannis
1874 1808 1981 1838 decimo
1993 1809 2028 1837 ¹¹:
2049 1820 2063 1835 «
2077 1810 2179 1839 Merce-

1330 1854 1439 1889 narius,
1459 1857 1487 1883 et
1506 1855 1555 1891 qui
1581 1863 1636 1884 non
1657 1858 1697 1884 est
1719 1857 1827 1892 pastor,
1849 1855 1930 1885 cuius
1951 1864 2006 1884 non
2027 1858 2094 1885 sunt
2114 1865 2180 1886 oves

1330 1901 1472 1939 propriae,
1494 1902 1567 1931 videt
1589 1902 1693 1939 lupum,
1708 1902 1863 1931 venientem
1884 1905 1912 1931 et
1931 1902 2046 1931 dimittit
2065 1911 2131 1933 oves
2152 1906 2180 1933 et

1329 1949 1409 1987 sugit,
1429 1952 1456 1978 et
1477 1949 1562 1986 lupus
1590 1949 1662 1986 rapit
1682 1952 1710 1978 et
1736 1949 1870 1987 dispergit
1890 1958 1964 1979 oves.
1992 1951 2180 1981 Mercenarius

1329 1999 1423 2025 autem
1444 1996 1530 2033 fugit,
1552 1997 1618 2034 quia
1638 1996 1829 2025 mercenarius
1850 1999 1906 2031 est,
1929 2000 1956 2026 et
1976 2005 2032 2026 non
2060 1998 2180 2035 pertinet

1329 2044 1363 2073 ad
1384 2052 1448 2073 eum
1468 2043 1502 2073 de
1523 2044 1664 2072 ovibus».

1408 2092 1435 2120 8.
1469 2091 1613 2129 Cognosco
1644 2099 1709 2119 oues
1739 2099 1837 2125 meas,
1871 2094 1898 2119 et
1928 2094 2105 2129 eoqnoseunt
2134 2100 2180 2121 me

1329 2147 1409 2167 meae
1425 2138 1456 2166 1².

1408 2185 1581 2214 Describitur
1592 2185 1637 2214 hic
1652 2184 1760 2214 bonitas
1769 2184 1903 2222 pastoris
1913 2192 1948 2214 ex
1961 2185 2180 2222 comparatione
2216 2192 2280 2211 Bonus

1329 2233 1370 2261 ad
1390 2240 1470 2266 ovea,
1493 2240 1556 2261 cum
1571 2231 1637 2260 dicit
1651 2231 1800 2261 Dominus:
1817 2232 1877 2269 Eyo
1891 2240 1960 2260 sum
1971 2235 2076 2269 pascor
2087 2231 2180 2261 bonus
2192 2217 2232 2258 {2⁰1}
2245 2215 2288 2258 ⁸3¹ss

1329 2283 1355 2308 et
1374 2286 1513 2317 cognosco
1535 2287 1599 2307 oves
1620 2287 1701 2307 meas
1722 2294 1759 2300 —
1781 2281 1809 2308 et
1825 2278 1934 2307 bonitas
1958 2278 2020 2307 ovis
2040 2286 2078 2307 ex
2102 2287 2179 2308 eom·
2192 2263 2269 2282 mmuh

1326 2326 1483 2364 paratione
1504 2326 1544 2355 acl
1561 2329 1729 2363 pastorem,
1751 2334 1816 2355 cum
1836 2325 1923 2355 dicit:
1946 2326 1982 2354 Ec
2001 2329 2180 2363 eoqnoseunt

1328 2382 1374 2403 me
1393 2382 1481 2402 meae.
1506 2373 1664 2411 Coynoseo,
1686 2373 1790 2410 inquit,
1811 2381 1871 2407 eas,
1892 2376 1919 2401 et
1938 2377 2115 2410 coynoseum
2134 2381 2179 2402 me

1328 2428 1416 2449 meae.
1438 2419 1578 2457 Cognosco
1598 2427 1645 2449 eas
1666 2427 1716 2456 per
1737 2419 1899 2448 electionem
1919 2422 1947 2448 et
1961 2427 2011 2457 per
2032 2419 2180 2457 approba-

1329 2467 1448 2500 tionem,
1469 2469 1497 2495 et
1517 2469 1687 2503 cognoscunt
1707 2474 1751 2495 me
1769 2473 1820 2503 per
1839 2465 1927 2503 sidem
1941 2468 1969 2495 et
1989 2465 2177 2495 dilectionem.

490 2668 497 2681 ¹
517 2669 586 2697 Epist.
602 2669 616 2691 l.
634 2668 685 2691 Cor.
707 2669 746 2697 Μ,
764 2670 785 2691 t.
802 2669 845 2692 BC
862 2668 1120 2698 allegant:1mz'tacores
1132 2669 1179 2692 mei
1189 2671 1272 2698 estote,

426 2707 489 2731 sicut
504 2707 550 2738 filii
565 2707 696 2737 carissimi,
721 2709 785 2738 quod
808 2709 906 2732 liabetur
928 2710 985 2737 Eph.
1009 2710 1034 2738 5,
1055 2709 1076 2732 i.
1092 2721 1124 2726 —
1140 2709 1191 2732 Duo
1207 2715 1272 2738 seqq.

427 2747 470 2770 loci
486 2750 540 2770 sunt
556 2747 597 2769 lcr.
614 2747 639 2774 3,
658 2748 694 2770 ⁴9.
712 2750 734 2770 et
752 2748 786 2771 Ps.
805 2748 847 2776 t4,
866 2749 887 2771 i.
905 2749 927 2771 2.

490 2784 500 2798 2
518 2786 583 2808 Vcrs.
601 2786 649 2809 2-4.

490 2823 500 2836 ³
518 2825 583 2847 Vcrs.
601 2825 638 2847 41.

489 2862 500 2876 ⁴²
518 2864 584 2887 Vei-s.
602 2864 639 2887 14.
655 2876 685 2881 -
703 2865 811 2894 Sequitur
827 2865 894 2888 Prov.
912 2866 955 2894 27,
967 2866 1006 2889 23.
1022 2878 1052 2882 —-
1069 2866 1181 2894 Superius
1192 2865 1274 2894 proin

427 2901 561 2926 deducendo
574 2902 671 2932 primns
688 2904 705 2926 B
722 2903 748 2927 in
764 2903 897 2928 deducendo
910 2904 1026 2935 praevius
1043 2904 1115 2933 (idem
1132 2905 1231 2928 recurrit
1242 2905 1273 2927 in-

428 2941 519 2970 ferius),
530 2944 552 2964 et
564 2948 606 2970 pro
623 2941 648 2965 in
661 2942 806 2972 proteqendo
820 2943 912 2973 probus
929 2944 945 2967 C
960 2943 984 2967 in
995 2943 1139 2974 protegendo
1147 2943 1272 2974 providus.

490 2979 500 2992 ⁶
518 2980 583 3003 vers.
603 2982 639 3004 ll.
653 2993 685 2998 —
702 2981 805 3005 Subinde
821 2982 931 3010 allegatur
948 2983 1029 3006 Ezech.
1047 2983 1088 3011 34,
1106 2983 1154 3006 2-4.

1391 2667 1402 2681 ⁰
1419 2669 1483 2691 Vers.
1502 2668 1523 2691 ai.
1540 2681 1570 2685 —
1588 2669 1645 2691 Tres
1661 2674 1726 2697 seqq.
1743 2667 1787 2691 loci
1804 2670 1858 2690 suut
1875 2668 1889 2690 l.
1904 2667 1956 2691 Cor.
1969 2667 1993 2690 tt
2004 2685 2010 2696 ‚
2023 2667 2121 2695 hloan.
2135 2667 2178 2695 to,

1330 2708 1339 2730 ’ἱ
1350 2708 1368 2730 Ι.
1384 2710 1407 2730 et
1422 2708 1479 2730 Gen.
1496 2707 1521 2730 31
1533 2725 1538 2735 ,
1556 2707 1593 2729 38.
1611 2713 1673 2736 seq.:
1690 2706 1782 2730 Ariete-s·
1798 2706 1878 2736 yreqis
1895 2709 1938 2729 cte.

1391 2745 1400 2759 ⁷
1418 2746 1475 2770 Cod.
1492 2748 1509 2769 B
1525 2746 1680 2775 abducentes,
1697 2746 1714 2770 C
1731 2752 1779 2770 non
1796 2748 1918 2770 curantes.

1392 2784 1402 2798 ⁸
1420 2786 1485 2809 Vers.
1502 2786 1540 2809 47.
1556 2798 1587 2802 —
1604 2786 1713 2815 Sequitur
1730 2786 1782 2808 lsai.
1799 2786 1842 2813 2⁴2,
1861 2785 1899 2808 te.

1391 2823 1402 2837 ⁹
1420 2825 1485 2848 Vers.
1502 2825 1539 2847 29.
1557 2837 1587 2841 —
1604 2824 1708 2848 Subinde
1724 2825 1850 2853 allegantur
1867 2825 1908 2847 ler.
1927 2824 1969 2852 ⁴2,
1989 2824 2024 2846 to.
2042 2826 2065 2846 et
2081 2824 2103 2846 9.

1392 2862 1412 2877 ²⁰
1430 2864 1495 2887 Vei-s.
1512 2865 1533 2886 2.
1551 2870 1599 2893 seq.
1611 2866 1634 2887 et
1645 2864 1739 2886 interius
1756 2870 1778 2887 v.
1791 2863 1818 2893 5,
1836 2867 1888 2892 post
1904 2869 1974 2892 quem
1992 2862 2097 2892 sequitur
2114 2863 2175 2885 loan-

1332 2904 1373 2932 to,
1392 2904 1430 2927 to.

1392 2942 1411 2956 ¹¹
1430 2943 1495 2966 vers.
1515 2943 1551 2966 12.
1568 2945 1591 2966 et
1611 2943 1645 2966 13.

1393 2980 1413 2994 ¹²
1431 2982 1497 3004 Vers.
1516 2982 1552 3004 tt.
