2296 3316
30 769 87 792 Resp.

0 1754 10 1773 Ιι
15 1753 84 1782 ψίῑιι13-

15 1783 36 1797 >1⁰

725 165 894 194 COMMENT.
917 166 950 195 IN
970 166 1117 195 IOANNEM
1139 166 1166 194 C.
1189 167 1243 195 XX.

106 243 311 281 pitulationem;
334 246 400 272 tunc
426 243 499 272 enim
526 246 715 272 cucurrerunt
736 243 769 272 ad
790 252 954 273 monumen-

107 294 179 325 tum,
201 290 312 327 quando
334 290 524 318 tantummodo
546 290 741 319 annuntiatum
764 290 816 319 fuit
838 290 871 319 de
893 299 954 320 cor-

106 345 174 374 pore
200 337 306 371 ablato,
335 340 363 366 et
384 340 446 374 post
467 337 569 365 factum
592 340 633 365 est
654 337 688 366 de
714 337 819 366 visione
839 338 953 375 Angelo-

106 393 183 419 rum,
205 392 288 422 quam
311 384 485 421 postmodum
508 384 708 412 retulerunt».

184 431 230 460 32.
253 432 364 468 Quaest.
388 431 417 460 V.
440 432 506 460 Item
528 431 692 460 dubitatur:
722 433 745 460 1.
775 432 846 468 Quia
870 432 953 461 Marci

105 478 211 507 decimo
238 479 341 507 sext01
361 478 464 507 dicitur
489 478 523 506 de
553 487 612 506 uno
633 478 692 506 solo
714 479 830 515 Angeloz
857 479 953 507 Intro-

105 528 202 554 euntes
216 526 248 554 in
263 530 481 554 monumentum
502 525 639 553 viderunt
659 525 790 554 iuvenem
811 526 953 554 sedentem

105 572 137 601 in
157 572 268 600 dextris
289 575 455 609 coopertum
476 572 550 600 stola
571 572 701 601 candida

184 620 210 648 2.
232 620 314 653 item,
336 620 467 648 Marcus²
489 619 570 653 dicit,
593 619 705 648 Mariam
727 620 870 654 intrasse,
886 620 953 654 iste,

105 669 214 695 tantum
236 666 390 704 aspexisse.

182 714 220 743 Ad
241 713 293 742 hoc
315 713 463 750 respondet
483 714 653 751 Augustinus
676 714 702 742 in
725 713 807 742 tertio
829 713 863 742 de
884 714 954 742 Con-

104 761 198 790 cordia
225 760 462 797 Evangelistarum
478 760 504 788 ³:
531 771 544 785 a
560 760 665 794 Prima,
694 760 800 797 inquit,
825 760 953 795 sabbati,

103 808 130 837 id
151 810 193 837 est
213 808 257 837 die
278 807 424 841 dominico,
450 807 573 836 diluculo
601 810 739 836 venerunt
766 807 898 837 mulieres
919 808 953 836 ad

103 857 328 889 monumentum,
350 855 422 883 sicut
443 862 539 884 omnes
566 855 753 892 Evangelistae
773 858 904 889 narrant;
926 858 954 884 et

103 906 134 931 ut
154 902 284 932 viderunt
305 902 422 939 lapidem
445 902 601 936 sublatum,
623 906 773 940 antequam
794 902 954 939 diligentius

102 949 286 986 inspicerent,
314 952 503 978 cucurrerunt
534 952 561 978 et
593 950 793 978 nuntiaverunt
818 950 898 978 Petro
926 952 954 978 et

103 996 211 1030 Ioanni,
233 996 281 1033 qui
303 998 492 1025 cucurrerunt
512 995 547 1024 ad
569 999 780 1024 monumentum
803 998 831 1024 et
858 998 953 1032 postea

103 1043 208 1072 reversi
229 1046 302 1072 sunt.
324 1043 424 1071 Maria
439 1046 537 1071 autem
556 1050 621 1070 cum
642 1042 702 1071 aliis
716 1042 814 1071 stabat
834 1043 874 1071 ad
893 1051 953 1071 mo-
970 1068 973 1069 γ

102 1094 273 1119 numentum
294 1089 370 1128 foris
392 1091 517 1128 plorans
528 1091 550 1125 4,
572 1091 599 1119 id
621 1093 662 1119 est
690 1093 754 1118 ante
775 1090 853 1118 illum
876 1090 952 1119 saxei

103 1138 224 1175 sepulcri
245 1138 350 1172 locum,
372 1138 419 1167 sed
441 1140 532 1166 tamen
554 1138 626 1166 intra
648 1137 717 1166 illud
738 1137 874 1174 spatium,
897 1139 953 1174 quo

102 1185 157 1214 iam
179 1185 320 1222 ingressae
343 1185 462 1214 fuerant.
489 1186 567 1214 Tunc
588 1185 718 1213 viderunt
740 1184 883 1222 Angelum
911 1193 952 1213 se-

103 1232 213 1261 dentem
234 1232 266 1260 in
286 1232 412 1260 dexteris
434 1239 519 1268 super
541 1231 658 1267 lapidem
681 1231 839 1260 revolutum
858 1239 874 1260 a
894 1239 952 1260 mo-

103 1281 249 1313 numento,
271 1278 304 1307 de
330 1286 385 1315 quo
406 1278 507 1315 Angelo
529 1281 624 1306 narrat
646 1278 800 1307 Matthaeus
822 1278 952 1315 vigesimo

102 1329 198 1355 octavo
209 1326 220 1343 ⁵
241 1328 269 1355 et
286 1326 395 1354 Marcus
408 1325 516 1354 decimo
530 1328 618 1354 sexto.
641 1326 718 1354 Tunc
732 1325 804 1354 dixit
825 1325 879 1354 eis:
895 1325 952 1354 No-

103 1373 149 1403 lite
170 1374 269 1402 timere
286 1381 336 1401 vos
357 1375 423 1407 eto,
438 1381 509 1410 quae
530 1373 596 1402 dicit
617 1373 771 1402 Matthaeus
786 1376 813 1402 et
833 1374 950 1402 Marcus.

102 1421 139 1450 Ad
161 1421 229 1450 haec
250 1420 335 1449 verba
356 1420 455 1454 Maria,
485 1420 552 1449 dum
573 1420 668 1455 fleret,
697 1420 849 1449 inclinauit
870 1429 900 1449 se
927 1424 952 1449 et

99 1467 250 1505 prospexit
271 1467 303 1495 in
322 1471 559 1501 monumentum,
582 1467 654 1496 sicut
675 1467 742 1496 hio6
763 1467 879 1500 dicitur;
902 1467 949 1496 ubi

102 1514 170 1543 vidit
191 1514 265 1542 duos
279 1514 404 1551 Anyelos
425 1514 456 1542 in
471 1513 545 1542 albis
566 1514 705 1548 sedentes,
722 1514 774 1552 qui
794 1514 897 1542 dicunt
910 1514 949 1542 ei:

101 1561 216 1595 Mulier,
238 1561 310 1600 quid
329 1560 452 1598 ploras?
475 1561 506 1589 Et
527 1564 594 1590 tunc
622 1561 846 1598 intelligendum,
876 1561 951 1598 quod

101 1609 193 1646 Angeli
215 1612 404 1637 surrexerunt
426 1611 453 1638 et
473 1612 626 1643 steterunt,
649 1609 720 1637 sicut
742 1608 851 1637 Lucas⁷
871 1608 950 1643 dicit,

102 1656 176 1693 quod
188 1656 246 1684 duo
257 1656 318 1684 viri
330 1659 470 1685 steterunt
480 1656 566 1684 iuxta
578 1656 645 1684 illas
661 1656 692 1684 in
703 1659 777 1684 veste
787 1654 912 1693 fulgenti
923 1667 949 1684 ».

179 1703 255 1733 Unde
276 1703 394 1732 solvitur
415 1704 597 1732 contrarietas
625 1712 661 1732 ex
684 1704 751 1738 hoc,
780 1703 855 1740 quod
876 1711 951 1732 unus

100 1750 167 1780 dicit
181 1750 255 1788 quod
273 1751 343 1779 alter
363 1750 481 1785 omittit;
497 1753 524 1779 et
545 1759 581 1779 ex
597 1751 664 1784 hoc,
687 1750 762 1788 quod
776 1751 885 1779 Marcus
903 1758 951 1778 vo-

101 1800 145 1827 cat
168 1801 389 1826 monumentum
416 1797 527 1835 aliquod
552 1798 672 1835 spatium
701 1801 765 1826 ante
789 1798 950 1834 sepulcrum

100 1845 220 1874 maceria
240 1845 455 1879 communitum,
471 1845 584 1873 Ioannes
606 1852 672 1874 vero
686 1845 778 1881 ipsum
801 1845 907 1878 locum,
922 1844 950 1873 in

100 1900 157 1929 quo
177 1894 237 1921 erat
257 1899 360 1929 corpus
380 1892 450 1921 Iesu.

180 1938 226 1967 33.
248 1939 359 1975 Quaest.
385 1938 427 1967 VI.
454 1939 520 1968 Item
549 1939 695 1976 quaeritur
716 1938 750 1968 de
778 1939 846 1973 hoc,
875 1939 951 1976 quod

101 1985 234 2015 Dominus
255 1994 284 2015 se
305 1994 360 2015 non
381 1986 473 2015 statim
495 1986 679 2015 manifestavit
700 1986 810 2015 mulieri
832 1986 860 2015 in
885 1994 950 2024 pro-

101 2033 162 2070 pria
182 2033 288 2070 effigie,
309 2033 357 2062 sed
378 2033 455 2062 visus
475 2036 517 2063 est
537 2033 616 2071 quasi
638 2034 814 2063 hortulanus.

101 2223 155 2243 tunc
171 2221 252 2243 Petrus
268 2221 296 2243 ad
315 2223 493 2243 monumentum
516 2221 650 2243 cucurrerit.
677 2222 721 2244 Sed
746 2222 880 2250 intelligitur
904 2223 948 2245 hoc

100 2260 174 2282 Lucas
189 2259 366 2287 recapitulando
383 2260 489 2288 posuisse
505 2260 535 2283 de
552 2260 626 2283 Petro·
643 2261 707 2283 Tunc
724 2261 785 2283 enim
797 2261 899 2283 cucurrit
910 2262 949 2284 Pe-

101 2302 149 2321 trus
165 2299 196 2322 ad
212 2302 403 2327 monumentum,
420 2300 515 2328 quando
532 2302 555 2322 et
571 2300 678 2326 loannes,
696 2306 749 2322 cum
761 2301 923 2323 tantummodo
935 2307 948 2323 a

101 2337 248 2365 mulieribus,
265 2338 391 2366 praecipue
408 2344 421 2360 a
438 2338 507 2360 Maria
524 2338 658 2366 Magdalene
678 2339 808 2361 nuntiatum
825 2339 858 2362 eis
875 2340 949 2362 ruerat

100 2377 130 2400 de
146 2383 245 2406 corpore
262 2377 352 2406 ablat03
370 2381 425 2400 tunc
441 2380 520 2400 autem
543 2378 577 2400 illa
600 2378 759 2405 nuntiaverat,
775 2379 869 2407 quando
891 2379 949 2402 vidit

101 2416 201 2444 lapidem
219 2417 327 2439 avulsum
344 2423 357 2439 a
374 2419 539 2444 monumento,
556 2420 579 2439 et
595 2419 675 2445 postea
694 2418 751 2439 sacta
768 2420 822 2440 sunt
843 2418 900 2440 haec
919 2418 949 2440 de

100 2455 190 2478 visione
206 2455 347 2484 Angelorum
365 2458 435 2485 atque
451 2456 525 2484 ipsius
542 2457 632 2479 Domini
650 2459 693 2479 etc.

164 2494 173 2507 ¹
192 2495 256 2518 Vers.
274 2495 295 2518 5.
313 2508 344 2513 —
361 2496 401 2518 Ed.
419 2496 488 2524 legit:
507 2496 581 2525 Quia,
599 2496 641 2519 ubi
656 2496 694 2520 liic
710 2496 797 2520 dicitur
814 2496 842 2520 de
857 2496 948 2520 duobus

101 2533 197 2563 Angelis
219 2533 320 2558 Marci...
344 2534 453 2558 candida.
479 2534 522 2558 Hic
547 2535 574 2558 de
598 2535 744 2564 sedentibus,
762 2536 840 2559 Lucae
866 2536 949 2559 ultimo

102 2572 134 2602 (v.
152 2572 183 2602 4.)
201 2572 229 2596 de
246 2573 370 2597 stantibus.

163 2610 172 2624 ²
189 2611 246 2640 Cap.
259 2613 301 2640 46,
314 2613 341 2635 5:
353 2613 379 2635 Et
391 2614 531 2636 introeuntes
542 2614 565 2636 in
578 2617 755 2637 monumentum
767 2617 822 2641 etc.;
834 2615 895 2637 Ioan.
908 2615 948 2643 20,

102 2651 126 2673 -Μ
141 2659 147 2673 :
164 2651 283 2674 lnclinavit
299 2658 324 2674 se
340 2654 363 2675 et
379 2653 497 2681 prospexit
514 2654 535 2675 in
553 2657 739 2676 monumentum.

163 2688 173 2702 ³
190 2690 247 2719 Cap.
258 2691 295 2713 24.
308 2698 331 2714 n.
342 2692 379 2714 69.
392 2692 477 2715 Textus
488 2693 607 2721 originalis
618 2694 671 2716 hinc
683 2694 736 2716 inde
748 2694 814 2722 plura
827 2694 948 2716 interserit.

163 2728 173 2741 ⁹
190 2730 250 2752 loan.
268 2730 311 2757 20,
329 2730 365 2752 41.

163 2767 173 2781 ⁵
191 2769 256 2792 Vers.
276 2770 297 2792 2.
315 2775 393 2798 seqq.,
411 2769 451 2792 ubi
473 2770 541 2793 etiam
564 2771 678 2794 habentur
700 2771 772 2794 verba
795 2772 889 2795 inferius
911 2779 950 2801 po-

176 2807 254 2832 Nolite
270 2808 352 2832 timere
367 2815 409 2832 vos
426 2812 481 2837 etc.;
499 2810 567 2832 Marc.
587 2811 628 2838 16,
646 2811 668 2833 5.
685 2817 750 2840 seqq.

163 2845 173 2858 ⁵
190 2847 256 2870 Vers.
275 2847 310 2870 il.
329 2854 352 2870 v.
371 2849 406 2870 12,
424 2851 446 2871 et
464 2849 500 2871 43.
519 2852 553 2872 est
570 2855 617 2878 seq.
635 2850 707 2873 locus.

164 2883 172 2897 ⁷
191 2885 248 2914 Cap.
267 2886 310 2913 24,
329 2886 349 2909 t.
723 2886 725 2889 ⁴

163 2923 173 2936 ⁸
190 2924 252 2947 Libr.
269 2926 292 2948 ll.
310 2926 392 2948 Homil.
410 2926 433 2948 in
451 2927 539 2955 Evang.
557 2927 635 2949 homil.
653 2928 690 2950 25.
708 2934 731 2950 n.
749 2928 775 2955 4,
793 2927 833 2951 ubi
854 2934 896 2956 pro
914 2934 948 2951 co-

101 2962 226 2992 ymscebat
243 2966 316 2986 textus
333 2965 451 2993 originalis
468 2965 618 2995 aqnoscebat.

101 2807 142 2830 sita
153 2815 159 2830 ι

1806 171 1857 198 511

1091 245 1246 282 Respondet
1277 246 1428 283 Gregorius
1439 247 1459 281 ⁸,
1482 247 1556 284 quod
1589 247 1658 276 ratio
1690 248 1775 277 huius
1802 251 1862 277 erat

1013 291 1112 320 modus
1133 293 1282 329 quaerendi
1306 293 1414 322 Mariae.
1436 306 1449 318 «
1464 294 1534 330 Quia
1554 295 1627 323 enim
1648 295 1732 323 Maria
1753 295 1862 323 amabat

1012 342 1039 367 et
1059 338 1215 373 dubitabat,
1238 339 1347 368 videbat
1369 344 1396 369 et
1417 349 1470 369 non
1493 341 1714 378 cognoscebat».
1735 359 1773 362 —
1797 342 1862 370 Ber-

1011 386 1139 415 nardus⁹
1160 389 1252 426 autem
1281 387 1370 415 reddit
1392 388 1542 422 rationem,
1572 388 1646 425 quod
1668 389 1719 417 hoc
1748 392 1808 417 erat
1828 388 1862 417 ad

1012 433 1099 469 magis
1120 433 1325 462 accendendum
1340 442 1413 468 eam;
1435 434 1509 463 unde
1524 434 1604 463 dicit:
1629 447 1642 460 «
1658 435 1680 463 Ο
1701 435 1862 464 delectabile

1011 479 1120 516 pietatis
1141 480 1344 516 spectaculum!
1369 481 1427 517 lpse
1446 481 1492 518 qui
1515 482 1661 518 quaeritur
1676 485 1703 511 et
1723 482 1862 511 desidera-

1011 528 1071 559 tur,
1094 526 1219 554 occultat
1239 534 1268 555 se
1282 530 1309 555 et
1323 526 1554 564 manifestatur,-
1575 529 1696 558 occultat
1714 537 1755 564 se,
1771 533 1802 558 ut
1817 538 1861 558 ar—

1011 572 1122 601 dentius
1144 573 1314 610 requiratur,
1343 577 1370 602 et
1391 575 1543 611 requisitus
1565 583 1628 604 cum
1657 576 1756 613 gaudio
1784 577 1860 605 inve-

1011 619 1118 653 niatur,
1147 623 1174 648 et
1202 620 1331 649 inventus
1359 629 1422 649 cum
1451 621 1633 651 sollicitudine
1661 626 1805 658 teneatur,
1833 627 1861 652 et

1010 669 1105 695 tentus
1126 675 1181 695 non
1202 667 1359 696 dimittatur
1374 680 1400 696 ».

1090 713 1136 742 34.
1158 714 1269 750 Quaest.
1292 714 1345 743 Vll.
1375 715 1440 744 Item
1471 716 1629 752 quaeritur,
1658 720 1754 746 utrum
1776 718 1860 746 Maria

1010 760 1152 789 Christum
1174 761 1300 790 crederet
1320 770 1381 791 esse
1401 763 1510 791 Deum?
1535 780 1573 783 —
1598 764 1630 792 Et
1651 765 1725 801 quod
1746 765 1797 799 sic,
1820 765 1860 793 vi-

1010 807 1106 841 detur,
1129 808 1195 845 quia
1215 816 1301 845 supra
1322 809 1469 838 undecimo
1482 810 1504 826 ¹⁰
1524 810 1596 838 dixit
1618 811 1741 839 Martha:
1770 812 1813 839 Tu
1831 820 1860 840 es

1013 854 1162 890 Christus,
1188 855 1285 884 Filius
1307 856 1360 884 Dei
1386 856 1453 885 vivi.
1480 874 1517 877 —
1543 857 1574 886 Et
1595 858 1693 892 etiam,
1722 858 1860 895 quomodo

1011 901 1129 931 fuissent
1150 903 1173 931 ei
1197 903 1312 932 remissa
1333 908 1445 940 peccata
1466 905 1524 933 sine
1546 905 1599 933 fide
1621 908 1717 934 recta?

1090 950 1141 978 Sed
1163 951 1335 979 contrarium
1356 952 1466 981 videtur
1487 952 1580 981 dicere
1594 952 1744 989 Gregorius
1765 955 1793 981 et
1806 954 1859 981 Au-

1010 996 1140 1032 gustinus
1162 1005 1246 1033 super
1274 997 1343 1026 illud
1356 999 1393 1026 ¹¹:
1416 998 1554 1027 Nondum
1579 999 1656 1027 enim
1677 1000 1797 1028 ascendi
1820 999 1860 1028 ad

1010 1044 1132 1072 Putrem
1153 1053 1267 1078 meum,
1289 1045 1361 1074 sicut
1382 1046 1540 1082 expositum
1562 1049 1610 1075 est.

1089 1091 1333 1128 Respondendum,
1349 1093 1423 1129 quod
1437 1093 1521 1121 Maria
1535 1096 1598 1122 ante
1612 1094 1766 1130 passionem
1783 1094 1860 1122 Chri-

1010 1141 1084 1167 stum
1111 1138 1199 1167 Deum
1227 1147 1287 1168 esse
1318 1140 1463 1175 credebat,
1493 1143 1583 1169 tamen
1616 1141 1858 1170 vehementissime

1009 1194 1073 1214 eum
1096 1186 1123 1214 in
1146 1194 1228 1215 carne
1256 1187 1380 1222 amabat;
1410 1191 1437 1216 et
1457 1188 1518 1217 ideo
1538 1188 1566 1216 in
1594 1189 1720 1225 passione
1749 1192 1856 1217 tantum

1009 1233 1133 1262 dolorem
1155 1234 1292 1270 concepit,
1314 1237 1346 1263 ut
1367 1235 1421 1263 iam
1442 1235 1573 1272 absorpta
1601 1243 1655 1263 non
1677 1235 1728 1264 nisi
1749 1235 1783 1264 de
1805 1236 1858 1264 hu-

1011 1281 1141 1309 manitate
1163 1284 1190 1310 et
1218 1284 1308 1310 morte
1329 1282 1477 1319 cogitaret,
1506 1285 1533 1310 et
1554 1282 1614 1311 ideo
1639 1290 1693 1310 non
1723 1283 1858 1311 recoleret

1009 1336 1094 1365 opera
1116 1328 1277 1363 Maiestatis,
1300 1329 1348 1357 sed
1370 1337 1472 1366 poenas
1493 1329 1681 1358 humanitatis.

1095 1376 1140 1404 35.
1163 1376 1274 1412 Quaest.
1306 1376 1369 1404 Vlll.
1403 1376 1485 1410 item,
1517 1376 1584 1413 quid
1605 1379 1647 1405 est
1678 1376 1753 1413 quod
1772 1376 1856 1405 dicit:

1009 1422 1139 1449 Ascendo
1161 1422 1201 1449 ud
1223 1422 1356 1456 Patrem,
1379 1430 1443 1451 cum
1465 1423 1544 1451 Pater
1565 1423 1600 1451 sit
1628 1423 1755 1459 ubique?

1088 1469 1290 1506 Respondetur,
1313 1469 1387 1506 quod
1413 1470 1573 1498 causaliter
1595 1470 1771 1506 intelligitur,
1792 1469 1858 1506 quia

1008 1516 1125 1545 faciebat
1146 1516 1189 1544 vel
1210 1516 1336 1545 facturus
1357 1519 1418 1545 erat
1436 1524 1464 1545 se
1485 1517 1599 1545 credere
1620 1517 1763 1554 aequalem
1785 1516 1857 1545 Patri

1008 1571 1058 1600 per
1079 1563 1187 1598 omnia;
1210 1564 1270 1592 ideo
1291 1563 1394 1592 dicitur
1416 1565 1571 1592 ascendere
1584 1564 1606 1581 ¹2
1627 1567 1679 1593 etc.
1702 1580 1739 1585 --
1760 1564 1809 1593 Vel
1824 1564 1858 1592 ad

1008 1610 1117 1644 locum,
1140 1610 1188 1638 ubi
1210 1610 1289 1639 Pater
1310 1610 1397 1647 magis
1418 1610 1611 1639 manifestatur
1632 1611 1659 1639 in
1681 1611 1739 1639 suis
1767 1610 1858 1647 operi-

1008 1657 1080 1691 bus;
1102 1657 1176 1686 unde
1197 1657 1300 1686 dicitur
1321 1666 1342 1686 a
1362 1658 1489 1686 dexteris
1509 1658 1622 1692 sedere,
1645 1658 1671 1686 id
1693 1661 1734 1686 est
1756 1658 1782 1686 in
1808 1666 1857 1694 po-

1008 1704 1127 1732 tioribus
1148 1704 1227 1733 bonis
1240 1704 1270 1732 ¹5.

1136 1805 1250 1836 Secundo,
1268 1805 1295 1828 de
1311 1806 1499 1830 manifestatione
1516 1806 1581 1830 facta,
1598 1806 1725 1837 discipulis.

1088 1893 1134 1922 36.
1159 1893 1232 1922 Cum
1260 1902 1329 1931 erqo
1360 1897 1430 1922 esset
1450 1902 1515 1922 sero
1546 1894 1592 1922 die
1613 1894 1661 1922 illo
1692 1897 1743 1923 etc.
1767 1895 1857 1931 Supra

1007 1940 1063 1977 egit
1083 1940 1118 1969 de
1138 1940 1357 1970 manifestatione
1378 1941 1486 1969 Domini
1514 1941 1586 1970 facta
1606 1942 1786 1976 mulieribus,
1812 1941 1857 1970 hic

1007 1987 1065 2025 agit
1084 1987 1118 2016 de
1139 1988 1359 2017 manifestatione
1379 1988 1451 2017 facta
1471 1988 1625 2025 discipulis
1638 1988 1676 2016 “j
1691 1988 1722 2016 Et
1744 1991 1809 2017 sunt
1829 1988 1858 2016 in

1007 2035 1059 2064 hac
1080 2038 1159 2072 parte
1180 2039 1237 2064 tres
1251 2035 1403 2072 particulae
1422 2036 1574 2065 secundum
1590 2038 1647 2064 tres
1662 2035 1857 2065 manifestatio-

1069 2221 1079 2234 ⁹
1096 2223 1118 2245 ln
1136 2223 1281 2245 Meditatione
1299 2223 1321 2245 in
1338 2223 1470 2251 passionem
1488 2225 1510 2244 et
1530 2225 1652 2245 resurrect.
1675 2222 1765 2244 Domini
1788 2222 1855 2248 (inter

1006 2269 1077 2291 opera
1095 2262 1228 2291 Bernardi),
1246 2268 1266 2285 c.
1285 2262 1321 2285 15.
1338 2269 1360 2284 n.
1379 2262 1422 2284 38:
1439 2262 1457 2285 O
1474 2262 1553 2290 pium,
1570 2268 1584 2284 o
1601 2261 1735 2284 delectabile
1752 2265 1795 2284 etc.

1069 2300 1088 2314 ¹⁰
1105 2303 1170 2325 Vers.
1188 2302 1226 2324 27.
1603 2300 1621 2313 ¹¹
1640 2302 1704 2324 Vers.
1724 2302 1761 2323 47.
1778 2308 1800 2324 n.
1818 2302 1855 2324 26.

1069 2339 1088 2352 ¹2
1105 2340 1151 2363 Csr.
1169 2341 1202 2363 lll.
1220 2342 1281 2363 Sent.
1299 2340 1322 2363 d.
1340 2341 1376 2363 22.
1395 2340 1452 2363 dub.
1469 2340 1495 2362 4:
1508 2341 1533 2362 Et
1544 2340 1587 2362 iste
1599 2346 1709 2363 ascensus
1722 2340 1753 2369 [in
1765 2341 1855 2363 caelum

1007 2380 1135 2407 Trinitatis;
1152 2381 1193 2402 cfr.
1211 2386 1281 2407 supra
1299 2385 1353 2407 pag.
1371 2379 1415 2401 327
1426 2397 1431 2406 ,
1449 2372 1508 2401 nota*
1520 2378 1553 2408 8.]
1572 2385 1617 2401 non
1638 2381 1673 2401 est
1694 2385 1804 2402 ascensus
1826 2380 1856 2402 ad

1006 2419 1096 2446 locum,
1114 2419 1155 2441 sed
1172 2419 1250 2446 potius
1272 2418 1300 2441 ad
1323 2418 1459 2446 dignitatem
1481 2420 1503 2439 et
1524 2417 1686 2446 aequalitatem
1709 2418 1789 2440 Patris.
1810 2418 1856 2441 Nec

1005 2460 1040 2481 est
1056 2458 1186 2481 secundum
1198 2458 1373 2486 acquisitionem
1386 2463 1461 2479 novae
1473 2457 1590 2484 dignitatis
1602 2457 1625 2479 in
1637 2456 1726 2479 Christo
1734 2474 1739 2484 ,
1751 2457 1791 2480 sed
1803 2464 1858 2486 pro-

1005 2499 1056 2525 pter
1077 2496 1284 2519 manifestationem
1307 2496 1356 2518 eius
1378 2496 1441 2524 quod
1465 2495 1545 2517 habuit
1567 2495 1596 2517 ab
1619 2498 1711 2518 aeterno
1732 2498 1775 2519 etc.
1798 2496 1856 2519 Vide

1006 2536 1074 2558 etiam
1092 2542 1163 2564 supra
1179 2542 1202 2558 n.
1220 2536 1256 2557 26.
1275 2538 1295 2557 el
1313 2541 1334 2557 c.
1354 2535 1375 2557 3.
1392 2541 1414 2557 n.
1432 2534 1468 2557 27.

1069 2573 1089 2587 ¹⁹
1106 2576 1174 2597 Marc.
1199 2575 1240 2602 46,
1259 2574 1301 2596 49:
1318 2573 1388 2597 Sedet
1403 2580 1419 2597 α
1441 2573 1532 2596 desen-is
1550 2573 1606 2602 ΒΗΓ,-
1624 2574 1658 2596 Ps.
1677 2574 1735 2601 409,
1755 2575 1780 2596 sl:
1796 2573 1855 2597 Sede

1005 2620 1021 2637 a
1038 2614 1130 2637 dextris
1147 2613 1205 2637 meis
1212 2622 1221 2642 ,²
1239 2614 1262 2635 in
1279 2619 1349 2642 quem
1368 2613 1444 2635 locum
1462 2613 1541 2635 Glossa
1560 2612 1699 2635 ordinaria:
1717 2613 1731 2635 i.
1749 2619 1770 2635 e.
1782 2613 1804 2635 in
1817 2619 1856 2641 po-

1006 2653 1104 2676 tioribus
1127 2654 1185 2676 meis
1208 2653 1274 2675 bonis
1296 2654 1318 2675 et
1340 2652 1442 2675 occultis.
1465 2652 1511 2675 Cir.
1529 2652 1560 2674 ΙΙΙ.
1580 2652 1639 2674 Sent.
1658 2652 1681 2674 d.
1700 2652 1737 2674 48.
1755 2652 1811 2675 dub.
1829 2653 1855 2681 3,

1006 2693 1046 2716 ubi
1071 2694 1155 2721 duplex
1179 2694 1235 2715 haec
1257 2691 1377 2719 explicatio
1399 2692 1500 2713 affertur.
1517 2691 1563 2714 Csr.
1585 2691 1654 2713 etiam
1673 2692 1696 2714 ll.
1714 2692 1775 2714 Sent.
1792 2692 1815 2714 d.
1833 2693 1854 2714 2.

1005 2740 1029 2761 p.
1041 2734 1065 2755 ΙΙ.
1077 2732 1134 2755 dub.
1146 2733 1172 2754 2:
1185 2732 1252 2760 Quod
1269 2731 1375 2754 obiicitur
1392 2731 1422 2753 de
1438 2731 1540 2758 Christo,
1553 2731 1616 2759 quod
1628 2731 1693 2754 sedet
1708 2737 1723 2754 α
1735 2731 1854 2759 demeris,-

1006 2772 1145 2799 dieendum,
1163 2772 1227 2800 quod
1245 2772 1296 2798 hoc,
1314 2770 1333 2793 si
1350 2770 1439 2792 dicatur
1457 2770 1585 2792 secundum
1608 2770 1712 2792 divinam
1735 2773 1854 2797 naturam,

1006 2811 1091 2834 dicitur
1108 2817 1150 2839 per
1166 2810 1326 2834 omnimodam
1344 2809 1512 2838 aequalitatem.
1531 2809 1552 2830 Si
1571 2812 1647 2831 autem
1665 2809 1795 2831 secundum
1812 2810 1854 2831 hu-

1006 2856 1111 2878 manam,
1129 2850 1161 2871 sic
1179 2849 1262 2871 dicitur
1279 2848 1359 2871 sedere
1375 2854 1391 2871 α
1407 2847 1512 2873 deoelris,
1530 2848 1584 2877 quia
1603 2848 1623 2870 in
1642 2847 1770 2876 potioribus
1787 2847 1854 2870 bonis

1006 2889 1090 2917 Patris3
1108 2889 1171 2911 unde
1189 2889 1209 2910 in
1227 2894 1339 2916 empyreo
1361 2890 1449 2910 ceteros
1471 2887 1569 2914 excellit,
1591 2890 1637 2909 tam
1661 2888 1760 2915 Angelos
1782 2893 1853 2916 quam

1005 2929 1123 2955 homines,
1141 2931 1163 2950 et
1180 2929 1229 2950 loco
1247 2930 1267 2950 et
1285 2927 1402 2957 dignitate.
1420 2939 1450 2943 —
1467 2927 1508 2949 Ed.
1525 2927 1590 2949 addit
1609 2926 1694 2949 Patris.

1069 2966 1088 2980 ¹⁴
1105 2967 1149 2990 Csr.
1167 2973 1238 2994 supra
1255 2973 1277 2988 n.
1297 2967 1334 2988 17.

1881 255 1940 279 Resp.
1956 256 1972 274 i.

1879 349 1936 373 Resp.
1949 349 1967 368 Ξ.

1876 958 1951 978 Contra.

1874 1100 1933 1124 Resp.

1876 1475 1933 1499 Resp.
1948 1476 1965 1494 l.

1875 1569 1933 1593 Resp.
1947 1569 1964 1588 2.

1874 1991 1946 2011 Divisio
1959 1991 1979 2011 in
1991 1992 2002 2011 3

1880 2024 1882 2027 ·
1894 2017 1963 2039 partes.
