2296 3316
8 658 11 683 l

9 686 11 699 ‹

10 830 157 885 Ttrss‘s'iiiffis.
166 846 252 876 movit
273 854 337 875 eum
358 846 393 875 ad
416 846 618 881 inchoandum,
640 846 744 875 scilicet
768 846 928 875 intercessio
953 854 1015 875 san-

16 1607 17 1610 =
24 1594 92 1614 Divisio
99 1599 154 1618 gene-

38 1618 134 1637 ralissirna.

45 2018 146 2042 Expositio.

23 2064 64 2083 Tria
72 2065 148 2085 manite-

45 2090 122 2108 utantur.

759 157 929 186 COMMENT.
952 157 985 186 ΙΝ
1007 157 1243 187 ECCLESIASTEN
1263 159 1291 187 C.
1312 159 1331 187 1.
1901 165 1916 193 9

168 236 209 263 his
228 235 382 267 dumtaxat,
402 243 473 270 quae
493 243 544 262 non
564 235 677 263 multum
697 235 731 261 ab
752 235 891 262 Hebraicis
917 234 1016 261 discre-

167 278 274 313 pabant.
303 278 436 305 interdum
465 278 580 313 Aquilae
610 285 720 312 quoque
751 281 777 304 et
803 277 958 312 Symmachi
988 280 1015 304 et

166 321 357 348 Tbeodotionis
383 321 540 348 recordatus
564 328 638 352 sum,
658 324 687 347 ut
713 327 762 347 nec
789 320 906 347 novitate
931 320 1014 346 nimia

166 364 275 391 lectoris
294 364 413 391 studium
433 364 612 396 deterrerem;
632 371 681 390 nec
701 371 808 390 rursum
835 367 929 390 contra
954 371 1015 390 cou-

166 407 304 434 scientiam
326 414 427 438 meam‚
447 408 518 434 sonte
538 407 658 434 veritatis
677 407 791 438 omisso,
811 407 967 441 opinionum
982 407 1014 433 ri-

167 451 243 478 vulos
261 455 432 478 consectarer
444 451 460 477 ¹.

390 526 534 555 Exposmo
555 534 638 554 nurus
661 526 785 555 Pnoroci.

244 611 311 640 Huic
333 612 403 640 libro
417 611 569 648 praemittit
589 615 701 640 sanctus
716 611 898 648 Hieronymus
917 612 1014 639 Prooe—

166 658 268 693 mium,
290 658 319 687 in
339 666 396 695 quo
417 658 507 695 primo
520 658 676 687 manifestat
690 658 826 687 motivum
846 658 880 687 ad
900 658 1014 687 transfe-

167 705 293 734 rendum.
316 705 441 734 Secundo
471 705 637 734 determinat
667 705 854 734 translationis
883 705 1014 739 modum,

166 752 219 781 ibi:
241 752 303 781 Hoc
324 752 446 781 breviter
467 752 633 781 admonens.

246 799 336 828 Prima
356 807 421 836 pars
442 799 525 829 habet
540 802 597 829 tres
617 802 718 836 partes.
740 799 830 828 Primo
849 799 928 833 dicit,
947 799 1015 836 quid

1072 238 1132 264 ctae
1154 236 1284 265 Blesillae.
1301 253 1337 258 —
1353 238 1477 267 Secundo
1499 240 1599 276 tangit,
1621 240 1688 277 quid
1716 241 1857 277 impedivit
1883 242 1917 270 ad

1071 282 1270 317 differendum,
1285 284 1388 313 scilicet
1409 293 1485 314 mors
1499 286 1637 321 eiusdem,
1653 287 1702 315 ibi:
1720 288 1833 326 ltaque,
1849 297 1917 326 quo-

1070 329 1154 357 niam
1179 330 1211 358 in
1232 330 1387 366 procincta
1408 335 1458 360 etc.
1484 348 1519 353 -
1541 333 1648 367 Tertio,
1678 334 1744 371 quid
1772 335 1857 363 movit
1883 335 1917 363 ad

1071 376 1335 411 consummandum,
1356 378 1460 407 scilicet
1479 382 1506 407 et
1534 380 1593 408 eius
1622 381 1754 408 memoria
1779 384 1805 409 et
1833 381 1917 410 inter-

1071 423 1158 451 cessio
1180 423 1319 452 Eustochii
1343 427 1371 453 et
1387 425 1500 459 Paulae,
1522 426 1574 454 ibi:
1596 426 1680 455 Nune
1707 427 1736 455 ln
1759 427 1916 456 Bethlehem

1068 469 1183 506 positus
1200 473 1251 499 etc.

1150 517 1212 546 Hoc
1243 517 1365 546 breviter
1398 519 1564 547 admonens.
1598 521 1643 549 llic
1672 522 1793 558 tangitur
1819 522 1917 550 modus

1072 564 1267 598 transferendi,
1289 568 1316 593 et
1338 565 1428 601 primo
1449 566 1561 602 ponitur
1581 567 1701 601 modus,
1723 568 1825 596 scilicet
1843 569 1917 605 quod

1072 618 1122 640 nec
1142 611 1254 640 omnino
1275 612 1402 641 convenit
1429 620 1493 641 cum
1515 613 1575 642 aliis
1603 621 1652 642 nec
1673 615 1783 643 omnino
1810 615 1916 648 differt,

1071 658 1169 692 immo,
1184 658 1211 686 in
1226 658 1329 695 quibus
1349 659 1439 695 potuit
1453 659 1525 688 bono
1545 660 1641 695 modo,
1663 669 1709 689 eos
1727 665 1768 689 est
1786 662 1916 690 imitatus.

1072 705 1197 734 Secundo
1218 705 1397 743 subiungitur
1418 706 1510 741 ratio,
1533 707 1636 736 scilicet
1656 708 1709 736 ibi:
1737 709 1770 737 Ul
1791 717 1840 737 ozee
1868 718 1918 738 ηο-

1071 752 1159 781 vitate
1178 752 1274 781 nimia
1294 747 1346 781 etc.
1369 753 1401 782 Et
1421 756 1463 782 est
1484 754 1570 788 ratio,
1592 754 1658 791 quia
1686 758 1797 784 secutus
1822 758 1863 784 est
1890 756 1917 784 in

1071 799 1227 836 aliquibus,
1248 807 1283 828 ne
1304 799 1446 829 videretur
1467 800 1579 829 nimiam
1605 801 1731 838 ingerere
1752 802 1916 833 novitatem:

1072 854 1122 875 nec
1143 846 1255 875 omnino
1276 850 1405 881 secutus,
1427 855 1461 876 ne
1481 848 1621 877 desereret
1644 849 1786 878 veritatem
1799 850 1818 877 2.

812 1055 1280 1100 COMMENTARIUS

515 1205 596 1263 IN
644 1205 946 1264 LIBRUM
992 1205 1570 1264 EOCLESIASTES.

943 1365 1104 1394 Carnutum
1126 1366 1143 1393 l.

250 1546 339 1575 Verba
362 1546 552 1575 Ecclesiaslae
579 1549 630 1575 etc.
658 1546 709 1575 lste
731 1546 821 1575 totalis
849 1546 918 1575 liber
943 1546 1012 1575 divi-

162 1594 238 1624 ditur
259 1594 287 1623 in
315 1597 372 1623 tres
392 1596 499 1631 partes:
522 1593 550 1622 in
571 1593 689 1622 titulum
710 1593 767 1622 sive
788 1594 960 1630 prooemium
984 1596 1012 1622 et

165 1644 342 1676 tractatum,
356 1641 405 1679 qui
418 1641 514 1678 incipit
529 1641 566 1670 ibi
578 1641 604 1670 ³:
627 1640 747 1669 Vanitas
764 1640 931 1669 vanitatum
945 1643 1010 1675 etc.;

164 1691 192 1718 et
211 1688 369 1726 epiloqum,
391 1688 439 1725 qui
460 1687 556 1725 incipit
580 1687 630 1716 ibi:
658 1687 785 1726 Cumque
806 1690 877 1715 esset
896 1687 1012 1724 saplen-

165 1735 296 1764 tissimus
317 1734 509 1764 Ecclesiaste&
530 1751 569 1755 —
589 1735 618 1763 ln
639 1734 720 1762 titulo
740 1734 932 1763 manifestatur
954 1734 1012 1772 effi—

164 1782 257 1817 ciens,
272 1782 301 1811 in
316 1784 435 1811 tractatu
449 1781 577 1810 maceria
592 1783 619 1810 et
632 1779 747 1818 forma,
770 1781 797 1809 in
812 1781 919 1818 epilogo
932 1780 1010 1817 sinis.

505 1876 546 1904 Da
566 1884 671 1907 rtrum.

243 1971 331 2007 (Vers.
343 1971 388 2008 1.).
399 1971 427 2000 ln
439 1970 521 2002 titulo
529 1971 563 2008 igi
569 1974 614 1999 tur
623 1970 814 1998 manifestatur
822 1972 919 1998 auctor
927 1978 1012 2006 quan-

165 2021 223 2048 tum
238 2019 272 2047 ad
286 2018 472 2056 sapientiam,
487 2020 624 2055 quantum
642 2016 676 2045 ad
692 2016 858 2050 bonilalffln,
875 2020 1012 2058 quantum

164 2066 198 2095 ad
217 2066 331 2104 regiam
348 2068 523 2103 potestatem.
541 2081 578 2085 ——
593 2064 705 2093 Ratione
725 2063 886 2100 sapientiae
905 2063 971 2091 dicit
983 2064 1010 2091 ⁴:

169 2113 262 2142 Verba
290 2112 497 2146 Ecclesia-stae,
521 2112 638 2149 supple:
663 2119 734 2148 quae
762 2113 919 2147 sequuntur
947 2113 1013 2138 sunt

164 2160 249 2189 verba
263 2160 452 2194 Ecclesiastae;
467 2159 534 2196 quia
548 2158 723 2187 Ecclesiastes
739 2157 841 2186 dicitur
860 2157 1012 2186 conciona-

165 2211 219 2241 tor,
243 2209 271 2236 et
293 2206 469 2235 concionator
483 2213 543 2235 esse
564 2213 618 2234 non
634 2207 738 2242 potest,
760 2205 812 2233 nisi
831 2204 866 2233 sit
888 2204 1011 2241 sapiens;

163 2254 229 2291 quia
244 2253 346 2283 dicitur
363 2253 576 2282 Proverbiorum
590 2253 723 2290 vigesimo
737 2255 829 2281 sexto:
847 2264 860 2277 α
871 2251 1013 2288 Quomodo

164 2301 186 2330 si
200 2303 330 2330 nascatur
351 2300 429 2337 spina
443 2300 471 2329 in
486 2308 572 2329 manu
594 2300 752 2334 temulenti,
771 2300 810 2328 sic
829 2299 957 2328 indecens
971 2302 1013 2328 est

163 2348 190 2376 in
211 2355 260 2377 ore
280 2347 431 2376 stultorum
452 2347 583 2384 parabola
597 2358 624 2381 »;
641 2347 714 2375 unde
736 2346 951 2375 Proverbiorum
965 2346 1012 2374 de-

163 2394 234 2423 cimo
262 2394 393 2431 septimo:
420 2405 433 2419 «
447 2394 505 2422 Non
526 2393 624 2423 decent
651 2394 768 2422 stul-tum
791 2393 875 2422 verba
902 2400 1011 2429 compo—

227 2563 233 2577 ¹
252 2566 317 2588 Hunc
329 2565 454 2593 prologum
467 2565 655 2593 transcripsimus
670 2570 697 2586 ex
714 2564 815 2586 editione
833 2564 936 2586 Vallarsii
955 2564 1012 2591 Ope-

163 2610 215 2627 rum
232 2606 256 2627 S.
272 2604 420 2632 Hieronymi,
437 2607 493 2626 tom.
510 2604 543 2626 lll.
560 2604 603 2626 col.
620 2604 673 2626 382.

226 2642 235 2655 ²
253 2644 305 2666 Post
322 2644 384 2665 bunc
400 2643 423 2665 in
441 2643 565 2670 Prologum
582 2642 716 2670 Hieronymi
731 2642 946 2664 commentariolum
959 2642 1012 2664 cod.

163 2683 180 2704 E
196 2682 302 2710 adiungit
318 2682 388 2704 alium
406 2682 473 2709 longe
491 2681 615 2710 maiorem;
632 2687 703 2711 quem
714 2687 768 2703 cum
780 2681 946 2704 contulerimus
958 2687 1010 2703 Cum

163 2721 328 2744 commentario
345 2718 431 2748 scrip‘to
448 2726 460 2742 a
478 2721 512 2742 Fr.
530 2721 642 2743 Gulielmo
660 2721 752 2743 Britone
763 2720 818 2743 Ord.
830 2721 882 2742 Min.
896 2720 1012 2749 (quivixit

164 2760 245 2783 eadem
262 2762 347 2787 aetate,
365 2766 410 2788 qua
429 2759 450 2781 S.
468 2759 642 2787 Bonavemura,
658 2763 681 2782 et
696 2765 779 2782 omnes
795 2760 906 2786 Prologos
924 2760 946 2781 S.
963 2759 1012 2781 llie-

163 2799 255 2827 ronymi
273 2799 296 2821 in
313 2798 383 2821 libros
400 2798 532 2826 scripturae
549 2801 717 2821 commentatus
734 2798 790 2826 est),
812 2797 956 2824 invenimus,
974 2804 1012 2820 co-

164 2837 239 2860 dicem
256 2838 320 2860 illum
337 2837 445 2860 exhibere
463 2839 535 2859 tntum
552 2838 664 2865 scripturn
676 2838 788 2866 praedicti
799 2837 917 2864 Gulielmi,
935 2839 1011 2859 tamen

164 2880 257 2900 auctum
278 2877 396 2900 additione
413 2876 513 2904 plurium
530 2877 634 2899 locorum
652 2883 670 2900 s.
691 2877 831 2905 scripturae.
846 2888 878 2893 —
895 2877 949 2898 ltem
971 2882 1013 2898 no>

164 2919 251 2945 tamus,
268 2916 332 2945 quod
349 2916 418 2938 etiam
435 2915 487 2938 cod.
504 2916 521 2937 Α
539 2915 618 2938 verbis
630 2916 652 2938 S.
664 2916 839 2938 Bonaventurae
852 2915 888 2937 liic
900 2915 1012 2937 interserit

164 2955 325 2983 explicationes
337 2957 424 2977 sumtas
435 2960 462 2976 ex
474 2954 557 2976 eodem
569 2954 690 2977 Gulielmo.
701 2955 764 2977 ldem
777 2954 828 2977 cod.
846 2954 961 2982 A‚passim
974 2953 1012 2975 ad-

258 3002 347 3024 Bomzv.
364 3001 389 3024 S.
400 3013 431 3018 —
444 3001 512 3023 Tom.
530 3001 567 3024 Vl.

1069 1547 1120 1575 sita
1134 1559 1161 1575 ».
1178 1563 1214 1568 -
1229 1547 1370 1584 Quantum
1395 1547 1430 1576 ad
1451 1547 1604 1576 bonitatem
1629 1547 1829 1581 manifestatur,
1855 1556 1917 1576 cum

1068 1593 1183 1623 dicitur:
1204 1594 1275 1623 Filii
1294 1594 1396 1623 David.
1419 1594 1505 1623 David
1523 1594 1596 1623 enim
1611 1594 1918 1628 sanctussuit‚eti1ni-

1069 1640 1179 1670 tationis
1200 1641 1247 1669 filii
1276 1641 1362 1670 sancti
1384 1644 1464 1675 sunt;
1494 1641 1567 1670 unde
1592 1641 1619 1669 in
1647 1641 1791 1678 Scriptura
1818 1649 1917 1670 nomen

1068 1690 1110 1716 est
1141 1688 1316 1725 benignitatis
1337 1691 1364 1717 et
1396 1688 1627 1729 mansuetudinis;
1654 1689 1780 1717 Matthaei
1812 1688 1918 1718 decimo

1069 1735 1204 1772 quint05:
1232 1747 1245 1760 a
1260 1735 1388 1764 Miserere
1417 1736 1484 1770 mei,
1506 1735 1544 1764 fili
1566 1735 1651 1764 David
1671 1748 1697 1763 ».
1720 1752 1757 1756 ——
1778 1736 1916 1772 Quantum

1068 1781 1102 1810 ad
1124 1781 1237 1819 regiam
1256 1785 1437 1819 potestatem,
1459 1790 1522 1811 cum
1543 1782 1660 1811 dicitur:
1688 1783 1772 1820 Reyls
1801 1783 1917 1811 Ierusa-

1069 1828 1139 1862 lem,
1161 1828 1227 1865 quia
1242 1828 1390 1858 Ierusalem
1404 1829 1574 1858 nobilissima
1594 1832 1653 1858 erat
1668 1829 1763 1857 civitas
1784 1832 1811 1857 et
1833 1829 1917 1857 totius

1070 1874 1146 1911 regni
1168 1874 1350 1911 principium,
1373 1875 1480 1903 infrass:
1506 1875 1564 1912 Eyo
1590 1874 1771 1903 Ecclesiasles
1792 1874 1841 1912 ful
1866 1883 1916 1903 rex

1071 1921 1163 1950 lsrael
1183 1922 1214 1950 in
1237 1921 1409 1955 Ierusalem,
1431 1922 1497 1958 quia
1517 1921 1553 1950 ibi
1577 1921 1697 1950 maxime
1722 1921 1891 1950 morabatur.

1390 2016 1591 2052 Quaasriones.

1149 2110 1166 2138 l.
1191 2109 1285 2138 lncidit
1306 2109 1350 2138 hic
1369 2109 1506 2146 quaestio:
1528 2117 1592 2137 cum
1614 2109 1739 2137 Salomon
1762 2112 1818 2137 tres
1833 2109 1917 2137 libros

1069 2156 1180 2190 fecerit,
1202 2155 1270 2193 quid
1290 2159 1344 2190 est,
1366 2155 1440 2193 quod
1465 2155 1536 2184 libro
1564 2155 1775 2184 Proverbiorum
1798 2158 1825 2184 et
1852 2156 1916 2184 huic

1070 2204 1222 2241 praemittit
1243 2204 1371 2237 titulum,
1393 2204 1420 2232 in
1435 2211 1491 2240 quo
1511 2203 1679 2240 exprimitur
1699 2211 1798 2232 nomen
1820 2210 1915 2236 suum,

1070 2251 1117 2280 sed
1138 2259 1193 2280 non
1214 2250 1366 2288 praemittit
1387 2250 1415 2278 in
1432 2250 1550 2279 Canticis
1569 2250 1759 2279 canticorum?

1149 2298 1322 2335 Respondeo:
1344 2297 1504 2331 dicendum,
1525 2297 1600 2334 quod
1621 2297 1647 2325 in
1663 2297 1734 2326 libro
1756 2297 1915 2325 Proverbio-

1070 2354 1132 2374 rum
1148 2345 1333 2374 introducitur
1355 2345 1413 2381 ipse
1427 2344 1554 2372 Salomon
1576 2344 1691 2380 loquens
1710 2347 1740 2371 ut
1761 2343 1868 2380 sapiens
1882 2343 1913 2372 ad

1068 2392 1251 2429 discipulum;
1274 2391 1346 2420 unde
1368 2393 1447 2419 vocat
1471 2390 1625 2419 auditorem
1650 2390 1763 2427 filiium
1790 2390 1915 2418 simililer

1068 2563 1102 2585 dit
1114 2563 1196 2585 multas
1214 2561 1413 2589 interpolationes,
1425 2561 1494 2583 etiam
1507 2560 1635 2588 longiores,
1652 2560 1802 2587 depromptas
1815 2559 1914 2586 plerum-

1068 2608 1115 2630 que
1127 2607 1153 2624 ex
1165 2600 1335 2624 Commentario
1349 2600 1453 2627 Hugonis
1470 2605 1482 2622 a
1501 2600 1523 2621 S.
1535 2599 1609 2622 Charo
1627 2599 1648 2620 in
1666 2598 1822 2624 Ecclesiasten,
1835 2598 1870 2619 vel
1887 2604 1913 2619 ex

1068 2642 1148 2663 Glossa
1160 2640 1283 2663 ordinaria.
1296 2639 1362 2661 Plura
1373 2639 1403 2661 de
1420 2639 1455 2661 his
1472 2639 1494 2660 in
1512 2638 1684 2665 Prolegomenis
1701 2637 1784 2659 nostris
1799 2636 1914 2658 dicuntur.

1131 2677 1140 2691 ⁸
1157 2679 1212 2707 Cap.
1231 2679 1257 2706 1,
1274 2679 1296 2700 2.
1314 2678 1423 2706 Epilogus
1440 2677 1546 2707 Cumque
1562 2678 1620 2700 esset
1636 2680 1679 2698 etc.
1697 2679 1730 2698 est
1747 2682 1767 2697 (·.
1789 2676 1827 2702 12,
1845 2676 1867 2698 9.

1130 2717 1140 2730 ‘¹
1157 2718 1213 2746 Cap.
1227 2719 1233 2739 1
1247 2735 1252 2745 ,
1265 2718 1273 2739 l
1286 2725 1291 2739 z
1304 2717 1380 2739 Verba
1393 2712 1553 2743 Ecclesiastae,
1566 2716 1605 2738 silli
1618 2715 1698 2742 David,
1710 2715 1771 2742 regis
1784 2715 1912 2736 lerusalcin.

1067 2770 1099 2775 -·
1117 2758 1165 2780 Duo
1183 2763 1249 2785 seqq.
1266 2757 1309 2779 loci
1325 2759 1378 2779 sunl.
1395 2757 1461 2778 Prov.
1480 2756 1521 2783 26,
1539 2756 1560 2777 9.
1580 2755 1686 2783 (Vulgata
1704 2754 1786 2776 omittit
1806 2752 1913 2775 indecens

1069 2797 1111 2825 est)
1129 2799 1151 2818 et
1172 2796 1210 2819 17.
1228 2796 1250 2817 7.
1267 2795 1436 2818 Observamus.
1454 2794 1518 2822 quod
1536 2794 1557 2815 in
1575 2793 1716 2821 expositione
1733 2795 1805 2815 textus
1818 2798 1862 2814 non
1875 2789 1912 2819 po-

1069 2836 1155 2858 tuimus
1172 2835 1270 2857 retinere
1287 2834 1380 2856 solitum
1398 2839 1499 2859 morem,
1517 2832 1588 2855 verba
1602 2832 1732 2860 scripturae
1743 2831 1821 2853 litteris
1833 2830 1912 2853 Italicis

1069 2874 1228 2902 exprimendi;
1245 2873 1344 2903 alioquin
1362 2872 1472 2900 expositio
1491 2878 1535 2894 non
1552 2871 1611 2893 bene
1627 2871 1806 2897 distingueretur
1817 2875 1830 2891 a
1843 2870 1911 2891 textu.

1132 2911 1141 2924 ⁵
1158 2914 1224 2935 vers,
1242 2913 1283 2934 22:
1303 2913 1407 2934 Miserere
1425 2911 1482 2939 mei,
1501 2911 1609 2937 Domine,
1627 2910 1657 2932 lili
1675 2909 1756 2931 David.

1133 2950 1142 2963 ⁸
1159 2951 1215 2979 Cap.
1236 2952 1258 2978 l,
1278 2952 1313 2973 12.

1803 2993 1816 3015 2

1931 528 1996 547 Modus
2005 531 2063 547 trans-

1954 552 2032 571 serendi.

1933 2305 1989 2328 Hesp⁴
