2296 3316
291 881 341 908 Quid
355 881 395 899 bra-

280 905 343 932 chium
360 905 395 923 Do·

279 933 332 947 ruini.

288 2088 399 2108 Secundum.

408 151 464 179 422

408 226 482 255 deles
496 225 582 253 filii».
605 224 636 252 Et
656 223 708 252 ista
728 222 871 251 absconsio
889 219 1040 257 corporalis
1060 219 1169 255 signum
1192 220 1251 247 erat

408 270 593 301 absconsionis
608 269 759 306 spiritualis
768 269 793 302 ¹:
805 271 832 297 et
843 268 896 296 hoc
906 267 997 295 innuit
1011 266 1103 294 littera
1116 272 1250 302 sequens:

487 318 532 345 ὃὸ.
554 317 643 353 (Vers.
666 315 733 351 37.).
757 314 829 343 Cum
851 317 946 342 autent
970 315 1052 341 tanta
1066 312 1153 349 signa
1166 309 1252 348 fecis-

408 368 450 393 set
469 371 567 392 eoram
590 363 648 395 eis,
669 370 728 390 non
758 360 911 389 credebant
940 359 971 388 in
1002 367 1069 387 eum
1076 369 1086 392 ,·
1108 358 1179 386 sicut
1200 357 1253 386 suit

410 411 517 448 signum
538 409 572 437 de
593 408 770 437 suscitatione
784 406 893 440 Lazari;
908 414 967 434 non
981 408 1073 446 tamen
1088 403 1251 438 credebant,

409 457 475 494 quia
494 456 598 484 malitia
611 462 708 484 eorum
723 462 777 482 non
792 453 912 486 sinebat:
929 452 1082 489 Sapientiae
1096 450 1216 480 secundo
1227 451 1252 478 2:

415 515 428 528 «
442 502 605 531 Excaecavit
625 508 671 529 eos
693 500 795 528 malitia
816 507 913 528 eorum
929 511 955 526 ».
978 499 1031 527 Nec
1053 498 1105 526 hoc
1126 505 1192 526 casu
1206 505 1253 534 ge-

410 553 484 578 stum
505 551 560 582 est,
583 547 629 576 sed
650 555 666 575 a
694 547 809 575 Domino
836 546 993 583 praevisum
1015 548 1042 573 et
1062 552 1111 581 per
1134 544 1254 580 Prophe-

410 598 466 624 tarn
487 595 582 624 lsaiam
605 594 788 631 praedictum;
810 595 924 630 propter
945 591 1020 629 quod
1040 591 1121 619 dicit:

490 642 535 669 57.
557 641 646 677 (Vers.
675 640 743 675 38).
778 640 812 668 Ut
841 648 936 668 serino
967 638 1065 667 Isaiae
1095 636 1255 674 Prophetae

411 688 597 725 impleretur,
619 696 703 725 quem
733 687 843 715 dixit-⁶⁵:
867 685 1004 719 Domine,
1026 685 1092 723 quis
1113 683 1254 716 credidit;

411 735 490 772 quasi
511 734 596 763 dicat:
618 742 712 767 rarus,
734 733 777 762 vel
808 733 917 767 nullus;
939 731 1059 760 auditui
1088 736 1205 759 nostro(
1228 729 1255 757 id

412 785 465 815 est,
487 782 511 810 ei
533 781 607 818 quod
627 780 784 809 audivimus
805 788 821 808 a
841 779 971 813 Domino;
987 778 1030 806 vel
1051 777 1075 806 ei
1090 776 1165 813 quod
1179 775 1257 804 audit

411 836 428 857 a
448 828 527 856 nobis
549 826 794 864 prophetantibus,
816 826 881 862 quia
907 836 920 850 «
935 824 1002 852 fides
1017 831 1052 852 ex
1067 823 1164 851 auditu
1179 834 1207 856 »,
1222 821 1256 850 ad

413 875 547 904 Romanos
567 874 681 902 decimo.
705 873 738 901 Et
760 871 914 900 brachium
938 870 1055 899 Domini
1075 870 1125 898 cui
1148 869 1256 897 revela-

413 925 475 950 tum
495 920 557 949 est?
588 919 735 948 Brachium
762 918 886 951 Domini,
907 920 939 945 ut
969 916 1034 945 dicit
1055 915 1224 952 Augustinus
1236 915 1256 949 4,

413 970 454 996 est
474 967 557 995 Filius
578 966 672 994 Patris.
707 977 720 990 «
735 965 811 993 Sicut
831 964 904 992 enim
927 966 1006 991 tuum
1032 962 1177 990 brachium
1200 964 1256 994 est,

414 1022 463 1050 per
484 1013 558 1050 quod
579 1012 717 1049 operaris,
732 1012 770 1039 ita
784 1010 832 1039 Dei
854 1010 1000 1039 brachium
1015 1009 1119 1037 dictum
1134 1012 1175 1036 est
1190 1008 1258 1036 Ver-

412 1060 495 1093 bum,
517 1068 567 1096 per
587 1058 661 1096 quod
682 1060 813 1095 operatus
827 1060 869 1085 est
882 1056 1027 1085 mundum.
1044 1055 1097 1083 Hoc
1110 1054 1257 1083 brachium

413 1115 463 1136 nec
483 1109 643 1143 porrectum
674 1104 835 1134 extenditur
863 1111 913 1132 nec
944 1103 1090 1132 collectum
1119 1101 1258 1130 contrahi-

414 1158 461 1182 tur
475 1165 501 1181 ».
524 1153 576 1181 Nec
604 1153 693 1181 solum
721 1151 773 1180 fuit
801 1151 972 1187 praevisum,
995 1149 1043 1178 sed
1064 1149 1146 1178 etiam
1168 1148 1260 1177 evenit

414 1201 487 1229 iusto
507 1200 555 1228 Dei
577 1199 690 1233 iudicio:
712 1201 826 1235 propter
847 1198 922 1235 quod
943 1197 1051 1226 subdit:

494 1248 539 1275 58.
562 1246 651 1282 (Vers.
674 1246 741 1281 39.).
766 1246 923 1282 Propterea
954 1252 1013 1272 non
1030 1246 1167 1281 poterant
1198 1251 1259 1271 cre-

415 1294 497 1327 dere,
520 1294 547 1321 in
568 1301 648 1326 eum,
670 1292 736 1329 quia
757 1291 861 1320 scilicet
881 1290 1021 1319 excaecati
1044 1293 1138 1324 erant,
1160 1292 1187 1318 et
1208 1289 1261 1318 hoc

416 1339 488 1368 dixit
508 1339 605 1373 lsaias;
627 1338 688 1367 ideo
709 1338 816 1367 subdit:
841 1337 918 1373 Quia
932 1337 1038 1365 iterum
1054 1336 1130 1364 dixit
1145 1335 1260 1363 Isaiae.-

496 1387 541 1414 59.
564 1386 652 1422 (Vers.
678 1386 746 1420 40.).
777 1384 953 1413 Excaecauit
982 1383 1080 1411 oculos
1108 1391 1209 1411 eorum
1237 1385 1263 1410 et

418 1433 572 1461 induravit
592 1441 641 1461 cor
661 1440 779 1465 eorunm
801 1432 884 1460 Isaiae
904 1431 1022 1460 sexto⁵z
1050 1442 1063 1455 «
1079 1430 1201 1458 Excaeca
1215 1437 1263 1457 cor

418 1479 512 1516 populi
532 1479 617 1507 huius
648 1481 674 1507 et
705 1486 787 1507 aures
818 1478 878 1506 eius
905 1485 1024 1514 aggrava
1039 1480 1066 1505 et
1087 1476 1182 1504 oculos
1203 1475 1264 1503 eius

418 1526 543 1555 claude»
569 1529 634 1559 etc.;
657 1528 683 1554 et
704 1525 738 1553 ad
759 1525 893 1553 Romanos
914 1524 1019 1561 primo:
1047 1535 1060 1548 «
1075 1522 1197 1551 Tradidit
1218 1529 1264 1550 eos

418 1573 493 1602 Deus
507 1573 535 1601 in
550 1572 700 1609 reprobum
717 1579 828 1600 sensum
840 1583 866 1599 ›>.
885 1571 919 1599 Ut
932 1579 990 1599 non
1004 1570 1120 1598 videant
1135 1568 1225 1597 oculis¹
1240 1571 1264 1596 et

418 1628 477 1648 non
497 1618 659 1656 intelligant
679 1618 764 1646 corde
778 1622 818 1651 et,
834 1616 1022 1653 intelligendo,
1038 1618 1263 1648 convertantur,

419 1669 457 1699 et,
479 1665 676 1699 convertendo,
698 1673 799 1693 sanem
813 1673 877 1697 θοὴ
891 1664 1020 1692 Ieremiae
1035 1663 1115 1691 tertio
1126 1662 1153 1689 ⁶:
1169 1673 1182 1686 «
1195 1661 1264 1690 Con-

418 1712 556 1741 vertimini
578 1711 611 1740 ad
636 1720 696 1746 me,
718 1714 745 1740 et
765 1711 867 1739 sanabo
886 1710 1043 1739 aversiones
1064 1711 1169 1737 vestras
1183 1720 1210 1736 12.
1233 1708 1265 1736 Et

418 1766 453 1787 ne
474 1758 570 1786 credas
590 1758 783 1786 auctoritatem
804 1757 884 1786 istam
905 1759 1084 1792 usurpatam,
1106 1755 1214 1784 subdit:

498 1805 543 1832 60.
565 1804 654 1841 (Vers.
676 1804 745 1840 41).
767 1804 845 1832 Haec
865 1803 941 1832 dixit
956 1803 1070 1836 Isaiae,
1089 1802 1207 1840 quando
1221 1801 1264 1829 vi-

419 1851 462 1879 dit
481 1851 609 1888 gloriam
631 1851 693 1879 eius
714 1854 739 1879 et
759 1850 871 1879 loeutus
891 1853 932 1878 est
945 1850 979 1877 (le
993 1858 1039 1882 eo;
1054 1849 1137 1877 Isaiae
1151 1850 1232 1876 sexto
1243 1848 1264 1881 ⁷,

419 1897 467 1926 ubi
487 1897 604 1931 dicitur,
627 1897 702 1934 quod
726 1908 740 1922 ι(
755 1897 821 1925 vidit
848 1896 996 1924 Dominum
1018 1895 1158 1923 sedentem
1180 1902 1264 1930 super

419 1943 518 1972 solium
540 1944 683 1972 excelsum
705 1946 733 1972 et
753 1943 907 1976 elevatum,
929 1945 956 1970 et
986 1942 1068 1978 plena
1094 1944 1153 1970 erat
1174 1941 1264 1969 omnis

419 1993 495 2019 terra
515 1990 656 2019 maiestate
677 1990 737 2018 eius
751 2001 778 2017 ».

499 2037 543 2064 61.
567 2036 655 2073 (Vers.
677 2036 746 2072 42).
774 2036 978 2064 Verumtamen
997 2035 1054 2063 eae⁸
1067 2033 1262 2071 principibu&

420 2083 553 2120 Tangitur
574 2083 618 2112 hic
640 2082 808 2116 secundum,
824 2082 927 2111 scilicet
941 2081 1130 2120 quorundam
1151 2081 1264 2114 electio;

1021 141 1191 170 COMMENT.
1213 141 1245 169 ΙΝ
1267 139 1412 168 ΙΟΑΝΝΕΜ
1433 139 1461 167 C.
1484 139 1536 167 ΧΠ.

1306 217 1367 246 ideo
1388 216 1560 245 adversative
1587 216 1667 244 dicit:
1689 215 1752 243 licet
1783 214 1888 243 dictum
1919 214 1969 248 sit,
2001 214 2075 251 quod
2096 222 2149 243 non

1306 264 1501 297 crediderunt,
1522 266 1722 291 verumtamen
1743 270 1777 290 ezr
1790 260 1976 297 principibus
1990 260 2076 289 multi
2090 269 2150 290 cre-

1306 310 1446 338 diderunt
1466 309 1497 338 in
1518 317 1598 342 eum;
1619 308 1652 336 ad
1674 308 1808 336 Romanos
1836 306 1995 335 undecimo:
2022 307 2079 336 «ln
2100 307 2152 336 hoc

1307 360 1431 393 tempore
1452 356 1586 393 reliquiae
1600 355 1752 384 secundum
1767 354 1928 383 electionem
1943 354 2047 391 gratiae
2061 354 2152 382 salvae

1306 403 1393 431 tactae
1411 405 1476 431 sunt
1490 414 1516 430 ».
1539 402 1591 430 Sed
1612 404 1703 430 tamen
1724 409 1778 429 non
1800 403 1880 429 erant
1900 400 1928 429 in
1948 400 2002 429 tide
2023 400 2153 437 perfecti;

1308 451 1421 486 propter
1432 448 1506 485 quod
1517 448 1622 477 subdit:
1636 448 1689 476 Sed
1697 450 1817 484 propter
1829 446 2008 476 Pharisaeos
2018 455 2076 476 non
2087 455 2154 476 con-

1307 495 1478 532 fitebantur,
1493 498 1526 523 ut
1546 495 1579 523 cte
1591 494 1602 511 θ
1615 502 1769 532 synayoya
1789 502 1848 522 non
1861 494 2053 528 eiicerentum
2068 502 2155 531 supra

1309 550 1397 571 nono:
1424 553 1437 567 «
1453 542 1506 570 lam
1528 541 1601 570 enim
1622 541 1848 577 conspiraverant
1868 540 1975 574 ludaei,
1996 543 2028 569 ut
2049 541 2071 569 si
2091 540 2155 578 quis

1309 596 1372 617 eum
1388 588 1567 617 confiteretur
1582 587 1739 621 Christum,
1760 589 1842 615 extra
1856 595 2022 624 synagogam
2037 587 2116 616 fieret
2127 599 2154 615 n.

1310 635 1341 663 Et
1356 635 1407 663 hoc
1428 634 1539 671 quidem
1557 633 1688 662 timebant
1710 636 1840 670 tanquam
1856 633 2022 670 imperfecti3
2042 636 2156 670 propter

1310 681 1385 718 quod
1406 681 1499 709 subdit
1519 680 1653 708 rationem
1677 680 1798 709 timoris:

1390 728 1435 755 62.
1456 727 1544 763 (Vers.
1561 726 1628 759 43.).
1647 726 1816 754 Dilexerunt
1829 727 1906 755 enim
1919 727 2016 764 magis
2028 727 2158 764 9loriam

1312 773 1462 802 hominum
1484 781 1574 810 quam
1587 772 1714 809 yloriam
1738 772 1803 805 Dei,-
1824 776 1851 801 et
1866 773 1950 802 stulte
1971 776 2101 810 egerunt,
2116 781 2158 802 se-

1311 820 1434 849 cundum
1450 819 1524 856 quod
1535 819 1636 847 dicitur
1649 819 1729 856 primi
1742 820 1971 848 Machabaeorum
1986 820 2107 849 secundo
2119 820 2156 849 ¹⁰:

1317 879 1331 892 «
1346 868 1364 895 Α
1386 866 1478 895 verbis
1500 866 1551 894 viri
1573 866 1725 902 peccatoris
1746 874 1780 894 ne
1802 866 1965 901 timueritis,
1987 867 2052 903 quia
2072 866 2160 904 gloria

1313 914 1373 942 eius
1394 917 1502 941 stercus
1523 915 1550 941 et
1573 913 1674 941 vermis
1694 915 1754 947 est;
1777 912 1858 941 hodie
1878 913 2023 941 extollitur
2044 915 2071 942 et
2098 921 2160 942 cras

1313 968 1367 988 non
1389 959 1546 988 invenietur
1561 970 1591 993 »;
1615 959 1750 987 Psalmus:
1776 971 1789 984 «
1803 959 1951 996 Dissipavit
1974 967 2036 988 ossa
2061 968 2158 988 eorum

1314 1007 1361 1043 qui
1395 1006 1553 1035 hominibus
1584 1006 1727 1042 placent»
1752 1009 1820 1040 elc.;
1851 1006 1885 1034 ad
1916 1005 2024 1035 Galatas
2053 1006 2159 1043 primo:

1318 1064 1331 1078 «
1346 1054 1384 1081 An
1406 1060 1511 1089 quaero
1525 1052 1684 1081 hominibus
1705 1052 1834 1089 placere?
1849 1052 1874 1080 Si
1896 1052 1987 1081 adhuc
2002 1052 2161 1081 hominibus

1314 1100 1465 1137 placerem,
1487 1099 1589 1128 Christi
1611 1107 1710 1128 servus
1731 1107 1785 1127 non
1807 1106 1895 1128 essem
1909 1111 1936 1127 ».

1394 1147 1438 1175 63.
1462 1146 1550 1182 (Vers.
1573 1146 1641 1181 44.).
1664 1146 1745 1174 Iesus
1766 1149 1864 1174 autem
1878 1145 2019 1174 clamavit
2038 1149 2064 1174 et
2077 1146 2160 1174 dimit.

1315 1194 1449 1230 Tangitur
1471 1193 1515 1221 hic
1545 1193 1673 1226 tertium,
1699 1192 1803 1221 scilicet
1831 1192 2021 1229 infirmorum
2048 1193 2080 1221 in
2106 1192 2162 1230 fide

1315 1239 1504 1277 fortificatio,
1526 1247 1597 1276 quae
1618 1239 1649 1268 fit
1670 1239 1819 1268 affectuosa
1832 1239 1932 1268 Christi
1955 1239 2161 1274 exhortatione,

1317 1295 1372 1324 qua
1393 1286 1519 1315 sublevat
1540 1289 1646 1315 mentes
1667 1285 1838 1315 credentium
1859 1286 1892 1314 ad
1907 1286 2068 1323 dignitatem
2089 1285 2163 1315 Divi-

1317 1334 1419 1362 nitatis.
1442 1334 1557 1370 Propter
1585 1333 1659 1370 quod
1680 1333 1760 1361 dicit:
1792 1333 1850 1369 Qui
1869 1333 1960 1361 credit
1981 1333 2012 1361 in
2033 1341 2078 1362 me
2105 1341 2164 1361 non

1317 1380 1408 1409 credit
1428 1380 1460 1408 in
1480 1388 1538 1413 me,
1561 1379 1714 1408 secundum
1735 1382 1864 1408 naturam
1886 1379 2034 1414 visibilem,
2062 1379 2112 1407 sed
2133 1379 2165 1408 in

1318 1436 1383 1455 eum
1405 1427 1457 1464 qui
1469 1426 1550 1454 misit
1569 1435 1613 1454 me
1626 1427 1663 1459 ¹¹;
1683 1426 1742 1454 vel:
1765 1426 1901 1454 credendo
1915 1434 1970 1454 non
1990 1426 2108 1454 honorat
2121 1432 2165 1454 me

1319 1476 1442 1506 tantum,
1464 1473 1510 1501 sed
1537 1480 1601 1501 eum
1630 1472 1677 1509 qui
1707 1472 1780 1501 misit
1807 1480 1863 1507 me;
1891 1472 1920 1500 in
1947 1480 2003 1509 quo
2031 1471 2164 1506 ostendit,

1318 1519 1393 1556 quod
1414 1519 1527 1548 credere
1542 1519 1569 1547 in
1591 1527 1620 1547 se
1635 1527 1689 1547 non
1710 1522 1752 1547 est
1766 1519 1880 1547 credere
1901 1519 1929 1547 in
1948 1519 2102 1553 hominem,
2117 1518 2165 1548 sed

1318 1567 1346 1594 in
1367 1567 1472 1600 Deum;
1494 1568 1522 1594 et
1542 1566 1594 1594 hoc
1616 1565 1787 1594 manifestat:

1398 1613 1443 1641 64.
1465 1613 1553 1649 (Vers.
1579 1613 1647 1649 45).
1666 1613 1700 1641 Et
1719 1612 1771 1650 qui
1790 1612 1866 1641 videt
1879 1621 1924 1641 me
1937 1612 2013 1641 videt
2026 1621 2093 1641 eum
2113 1612 2167 1650 qui

1318 1660 1399 1688 misit
1412 1668 1471 1692 me;
1485 1666 1552 1696 ergo
1566 1667 1654 1688 unum
1669 1662 1735 1687 sunt
1749 1659 1775 1687 in
1798 1659 1916 1688 essentia
1929 1659 2042 1688 mittens
2063 1661 2090 1688 et
2104 1659 2166 1688 mis-

1319 1714 1382 1739 sus,
1405 1706 1466 1743 quia
1485 1706 1531 1742 qui
1548 1706 1621 1734 videt
1642 1714 1730 1734 unum
1753 1706 1825 1734 videt
1840 1708 1867 1734 et
1881 1705 1975 1734 alium.
1993 1705 2073 1734 vUnde
2093 1706 2166 1735 infra

1319 1753 1424 1782 decimo
1439 1756 1540 1789 quarto
1553 1753 1587 1780 ¹2:
1612 1764 1625 1777 «
1636 1752 1773 1789 Philippe,
1784 1752 1832 1789 qui
1844 1752 1917 1781 videt
1930 1760 1975 1781 me
1989 1752 2063 1781 videt
2076 1755 2104 1781 et
2118 1752 2166 1781 Pa—

1319 1802 1390 1828 trem
1412 1807 1505 1829 meum
1520 1811 1546 1827 ».
1571 1800 1601 1827 Et
1622 1799 1692 1828 ratio
1711 1802 1753 1828 est
1773 1800 1874 1828 unitas
1894 1799 2046 1833 essentiae,
2072 1810 2086 1825 «
2101 1799 2166 1836 quia

1319 1855 1369 1884 ego
1390 1847 1418 1875 in
1441 1847 1535 1881 Patre,
1557 1850 1584 1876 et
1606 1847 1684 1875 Pater
1713 1846 1741 1875 in
1762 1854 1806 1875 me
1827 1850 1868 1875 est
1883 1857 1913 1881 »ς
1936 1849 1963 1875 et
1991 1846 2049 1883 ipse
2070 1845 2166 1875 Filius

1320 1897 1361 1923 est
1382 1894 1460 1922 ratio
1481 1894 1599 1922 videndi
1621 1888 1753 1927 Patrem,
1775 1894 1847 1922 sicut
1867 1893 1998 1928 verbum,
2013 1893 2166 1928 dicentem,

1320 1941 1391 1969 sicut
1413 1940 1551 1977 splendor,
1573 1941 1671 1969 lucem.
1694 1941 1809 1977 Propter
1830 1940 1905 1977 quod
1925 1940 2005 1969 dicit:

1401 1988 1445 2015 65.
1469 1987 1558 2024 (Vers.
1580 1987 1648 2023 46).
1666 1988 1725 2025 Eyo
1747 1987 1799 2015 lucc
1813 1987 1880 2016 veni
1899 1987 1930 2016 in
1950 1987 2112 2022 mundum,
2134 1991 2167 2015 ut

1321 2034 1431 2067 omnis,
1453 2034 1504 2072 qui
1524 2033 1616 2062 credit
1638 2034 1667 2062 in
1680 2042 1741 2068 me,
1763 2034 1795 2062 in
1816 2033 1938 2062 tenebris
1952 2042 2011 2062 non
2031 2037 2167 2068 maneat,

1319 2081 1367 2109 sed
1389 2080 1479 2109 videat
1499 2083 1526 2109 et
1548 2081 1605 2117 ipse
1627 2081 1709 2109 etiam
1731 2081 1781 2109 lux
1802 2081 1863 2115 fiat;
1884 2080 1918 2109 ad
1940 2080 2071 2117 Ephesios
2085 2080 2167 2117 quin-

483 2252 491 2264 ¹
509 2253 588 2275 Glossa
604 2252 780 2275 interlinearis:
798 2251 926 2275 Abscondit
940 2258 964 2275 se
981 2251 1011 2274 ab
1027 2251 1066 2279 eis,
1084 2251 1143 2274 sicut
1159 2257 1265 2279 corpora-

421 2291 478 2318 liter,
495 2292 527 2314 sic
544 2294 566 2314 et
583 2291 737 2320 spiritualiter.
754 2290 799 2314 Csr.
817 2291 912 2319 Rupert.
928 2290 1002 2313 abbas
1019 2290 1143 2317 Tuitiens.,
1161 2291 1183 2312 in
1204 2291 1265 2312 hunc

421 2330 504 2352 locum.

483 2367 492 2381 ²
509 2369 576 2392 Vers.
593 2369 630 2391 2¹.
646 2381 677 2385 —
694 2369 805 2397 Superius
826 2368 925 2391 vocibus
941 2374 988 2391 non
1011 2367 1101 2391 sinebat
1117 2368 1154 2390 ed.
1177 2374 1230 2390 cum
1248 2367 1264 2390 C

421 2408 528 2436 praefigit
543 2414 581 2431 eos
599 2407 702 2431 credere.

482 2445 492 2459 ὃ
509 2446 564 2474 Cap.
582 2447 625 2473 53,
643 2447 663 2469 4.
681 2459 712 2463 —
730 2446 833 2469 Subinde
850 2447 960 2474 allegatur
977 2447 1043 2469 Rom.
1062 2446 1105 2473 40,
1123 2445 1161 2468 47.

482 2484 493 2497 4
508 2486 533 2508 ln
550 2486 609 2508 loan.
627 2486 715 2513 Evang.
732 2488 760 2508 tr.
778 2486 815 2508 53.
832 2492 855 2508 n.
872 2487 894 2508 2.
910 2488 933 2508 et
950 2486 977 2512 3,
995 2484 1035 2507 ubi
1052 2487 1126 2507 textus
1147 2484 1266 2512 originalis

421 2526 473 2552 post
488 2523 606 2547 mundum
622 2524 688 2552 plura
705 2524 776 2546 addit.

483 2560 493 2574 ⁵
511 2562 575 2584 Vers.
593 2563 630 2584 lo.
648 2575 677 2578 —
694 2563 802 2591 Sequitur
818 2563 885 2585 Rom.
904 2563 930 2589 1,
947 2563 986 2585 28.

483 2599 493 2613 ⁶
510 2601 575 2624 Vers.
584 2602 621 2623 22.
634 2614 664 2619 —
676 2602 772 2624 lnserius
782 2608 825 2630 pro
837 2601 920 2625 credas
932 2602 968 2624 ed.
980 2608 1034 2624 cum
1045 2602 1148 2624 Gorrano
1160 2600 1264 2624 credant.

484 2638 492 2651 ⁷
512 2640 577 2662 Vers.
594 2641 615 2662 ’1.
632 2643 655 2662 et
672 2641 693 2662 3.

484 2677 493 2690 '³
511 2679 609 2706 Vulgata
640 2679 807 2702 Verumtamen
840 2681 862 2703 et
894 2686 931 2703 επ.
966 2692 995 2695 -
1028 2680 1122 2702 Inferius
1154 2680 1265 2707 allegatur

421 2718 487 2740 Rom.
506 2718 544 2745 ll,
561 2718 582 2740 5.

483 2754 493 2767 ⁹
510 2756 606 2783 Vulgata
624 2757 651 2779 ut
666 2762 684 2778 e.
704 2769 733 2772 —
751 2757 858 2785 Sequitur
875 2758 936 2780 ioan.
953 2758 979 2785 9,
996 2758 1035 2780 22.

484 2792 504 2806 ¹⁰
521 2795 586 2817 Vers.
609 2795 647 2817 62.
668 2801 716 2823 seq.
733 2807 764 2811 —
782 2796 831 2817 Duo
853 2802 919 2824 seqq.
941 2796 986 2818 loci
1008 2798 1061 2818 sunt
1081 2796 1117 2818 ΡΒ,
1140 2796 1183 2823 52,
1200 2796 1222 2818 6.
1242 2798 1264 2818 et

421 2833 468 2855 Gal.
487 2833 512 2860 l,
530 2833 566 2855 lo,
584 2833 623 2855 Ed.
641 2834 701 2856 hunc
718 2839 812 2861 versum
828 2834 923 2862 allegat,
939 2835 996 2857 dum
1012 2835 1080 2857 codd.
1091 2834 1224 2862 simpliciter
1235 2835 1264 2856 le-

421 2873 479 2899 gunt
496 2870 549 2894 Gal.
567 2870 595 2899 i;
612 2872 684 2894 immo
701 2871 717 2894 C
729 2872 749 2893 M
767 2875 789 2894 et
810 2873 927 2894 Gorranus
948 2873 1056 2895 omittunt
1078 2873 1146 2895 etiam
1170 2873 1223 2896 Gal.
1241 2872 1263 2896 t.

421 2909 468 2933 Csr.
483 2910 594 2937 August.²
611 2910 634 2932 in
651 2910 711 2932 loan.
728 2912 754 2932 tr.
767 2910 806 2933 53.
816 2917 839 2932 n.
853 2911 894 2933 43:
906 2911 1001 2938 Videte,
1013 2911 1212 2940 quemadmodum
1224 2917 1263 2933 no·

1322 2251 1404 2273 taverit
1426 2251 1570 2278 Evangelista
1587 2253 1609 2273 et
1630 2250 1798 2278 improbaverit
1819 2250 1948 2279 quosdam,
1965 2256 2024 2279 quos
2046 2252 2122 2272 tamen
2144 2250 2167 2272 in

1321 2295 1375 2312 eum
1393 2289 1518 2312 credidisse
1535 2289 1602 2316 dixit,
1620 2289 1661 2317 qui
1678 2288 1699 2311 in
1717 2290 1761 2311 boc
1778 2289 1883 2317 ingressu
1904 2288 1958 2311 fidei
1974 2289 1992 2311 si
2015 2289 2167 2317 proficerent,

1321 2334 1425 2350 amorem
1442 2334 1536 2357 quoque
1553 2329 1668 2350 humanae
1685 2328 1772 2355 gloriae
1783 2327 1925 2356 proficiendo
1936 2330 2084 2356 superarent,
2096 2333 2166 2356 quern

1322 2370 1472 2395 superaverat
1488 2367 1623 2395 Apostolus,
1641 2367 1720 2389 dicens
1738 2366 1795 2396 [Gal.
1813 2367 1840 2393 6,
1858 2365 1920 2396 44.]:
1937 2366 1998 2391 Mihi
2012 2368 2092 2390 autem
2107 2365 2168 2389 absit

1322 2405 1436 2435 qloriari,
1456 2405 1504 2428 nisi
1518 2405 1543 2428 in
1560 2411 1630 2428 cruce
1646 2405 1742 2428 Domini
1758 2405 1836 2429 nostri
1851 2406 1904 2428 Iesu
1922 2405 2009 2429 Christi
2024 2408 2068 2428 etc.

1386 2444 1403 2456 ¹¹
1422 2445 1451 2467 lta
1469 2444 1578 2472 August,
1596 2444 1618 2466 in
1635 2445 1695 2467 loan.
1714 2445 1800 2472 Evang.
1818 2447 1845 2467 tr.
1863 2444 1901 2467 54.
1918 2451 1940 2466 n.
1958 2446 1981 2467 2.
1997 2444 2127 2472 chrysost„
2145 2444 2168 2466 in

1323 2485 1383 2506 loan.
1401 2484 1477 2506 homil.
1495 2484 1533 2506 69.
1551 2484 1615 2512 (alias
1632 2483 1679 2512 68.)
1696 2490 1719 2506 n.
1738 2484 1764 2505 l:
1784 2483 1831 2511 Qui
1847 2483 1921 2507 credit
1937 2483 1962 2506 in
1978 2490 2038 2507 me...
2055 2489 2081 2506 ac
2097 2483 2116 2506 si
2133 2483 2168 2505 di-

1323 2525 1395 2545 ceret:
1413 2522 1459 2545 Cur
1471 2522 1555 2545 timetis
1566 2523 1589 2544 in
1601 2529 1638 2544 me
1650 2523 1761 2545 credere?
1773 2523 1840 2546 Fides
1852 2529 1893 2551 per
1906 2529 1942 2545 me
1954 2523 2035 2545 transit
2046 2522 2068 2545 in
2080 2523 2169 2550 Deum,

1324 2565 1348 2584 ut
1363 2562 1432 2584 etiam
1450 2561 1603 2584 incredulitas
1621 2561 1668 2584 Csr.
1685 2562 1742 2584 infra
1758 2568 1782 2584 n.
1799 2562 1838 2584 71.

1386 2599 1404 2612 ¹⁹
1424 2601 1488 2623 Vers.
1505 2601 1531 2627 9;
1549 2601 1653 2629 sequitur
1665 2607 1687 2622 v.
1701 2601 1737 2623 110.
1749 2612 1780 2617 -
1791 2600 1920 2629 Chrysost..
1931 2601 1955 2623 in
1967 2601 2027 2623 loan.
2039 2601 2117 2623 homil.
2129 2601 2168 2623 69.

1324 2640 1388 2668 (alias
1405 2640 1452 2669 68.)
1469 2646 1492 2662 n.
1510 2640 1535 2662 fl:
1553 2640 1579 2662 Et
1596 2639 1653 2668 quid
1670 2639 1714 2662 sibi
1731 2641 1780 2662 vult
1796 2640 1851 2662 illud
1870 2639 1917 2668 Qui
1932 2639 2006 2663 credit
2022 2639 2047 2662 in
2062 2641 2117 2662 me?
2134 2640 2167 2662 Ac

1322 2679 1340 2701 si
1357 2679 1409 2707 quis
1425 2678 1522 2701 diceret:
1541 2678 1583 2706 Qui
1601 2685 1686 2707 aquam
1703 2679 1732 2701 de
1749 2678 1843 2701 flumine
1860 2679 1927 2705 tollit,
1944 2685 1991 2701 non
2008 2679 2037 2701 de
2059 2678 2168 2705 flumine,

1321 2717 1361 2740 sed
1379 2718 1408 2740 de
1425 2718 1485 2739 sonte
1501 2718 1592 2745 accipit.
1610 2719 1682 2740 lmmo
1698 2718 1813 2740 infirmius
1829 2719 1873 2740 11οο
1885 2718 2018 2746 exemplum
2029 2717 2105 2740 estad
2116 2723 2165 2739 rem

1320 2757 1470 2784 propositam.
1488 2757 1539 2786 Epo
1558 2756 1601 2780 lua·
1618 2757 1645 2780 in
1659 2756 1777 2780 mundum
1793 2757 1853 2780 veni.
1871 2757 1929 2779 Cum
1947 2757 2008 2779 enim
2025 2757 2090 2779 Pater
2105 2758 2128 2779 et
2144 2756 2166 2779 in

1320 2795 1391 2817 veteri
1409 2797 1430 2817 et
1447 2795 1469 2818 in
1487 2801 1546 2818 nova
1563 2796 1614 2824 lege
1627 2796 1659 2818 sic
1671 2796 1807 2824 appelletur,
1819 2799 1841 2818 et
1853 2797 1897 2818 hoc
1909 2796 1959 2824 ipse
1970 2798 2046 2819 utatur
2057 2795 2166 2827 nomine;

1320 2834 1372 2856 ideo
1390 2834 1471 2856 Paulus
1488 2834 1541 2857 hinc
1552 2834 1648 2857 edoctus
1659 2834 1808 2864 splendorem
1821 2837 1888 2858 vocat
1900 2835 1962 2857 illum
1975 2833 2056 2864 [Hebr.
2069 2835 2078 2857 1
2089 2853 2094 2863 ,
2106 2835 2164 2863 3.]...

1319 2872 1406 2895 Lucem
1422 2879 1492 2901 porro
1509 2880 1534 2896 se
1550 2874 1656 2901 vocavit,
1672 2874 1736 2903 quod
1753 2874 1783 2896 ab
1801 2880 1880 2897 errore
1897 2873 1976 2896 liberet
1992 2876 2015 2896 et
2036 2874 2100 2903 quod
2119 2873 2166 2902 spi-

1318 2911 1411 2934 rituales
1428 2913 1502 2934 solvat
1519 2912 1634 2935 tenebras.

2264 0 2267 31 1
2277 0 2284 22 i

2178 1148 2265 1168 Tertiumi
2284 1158 2293 1167 a
