2296 3316
10 887 11 900 l

10 907 16 939 ψ
22 908 132 929 seeundum.

776 123 946 152 COMMENT.
969 123 1001 151 IN
1022 123 1168 153 IOANNEM
1189 125 1217 152 C.
1238 125 1278 153 111.

153 204 283 240 accipere
303 203 479 241 quidquam,
501 200 562 229 nisi
580 199 673 238 fuerit
693 200 720 228 ei
732 200 837 228 datum
856 200 890 228 de
904 199 1000 233 caelo:

153 249 239 278 lacobi
261 249 352 286 primo
364 250 389 277 ¹:
415 260 429 273 «ι
444 248 532 280 Omne
544 247 640 275 datum
656 246 792 283 optimum
808 248 836 274 et
856 253 938 274 omne
952 245 1000 274 do-

152 304 219 324 num
248 295 402 333 perfectum
422 294 570 323 desursum
601 295 658 327 est,
686 292 854 321 descendens
884 300 901 320 a
922 292 1001 320 Patre

152 342 290 370 luminum
305 353 332 370 ι».
355 341 386 369 Et
407 341 460 374 ita,
481 347 546 368 cum
567 339 619 368 sim
640 346 691 375 ego
712 346 802 375 purus
827 338 925 373 homo,
946 346 1001 366 non

152 396 264 425 possum
287 387 354 416 mihi
376 386 539 420 attribuere,
561 385 613 414 uisi
634 384 708 422 quod
730 384 798 413 mihi
825 384 923 413 datum
944 387 1000 418 est;

152 437 179 463 et
199 437 347 472 propterea
367 433 469 462 Christi
490 432 613 461 officium
634 440 689 460 non
703 431 772 460 mihi
793 431 932 466 attribuo,
954 430 1001 460 sed

152 480 310 518 praeconis;
332 480 440 517 primae
458 479 491 508 ad
513 478 671 508 Corinthios
691 481 805 516 quarto:
832 489 845 503 α
860 478 932 514 Quid
953 478 1002 507 ha-

150 528 212 563 beS,
233 527 308 565 quod
329 535 383 556 non
404 526 533 564 accepisti
547 529 583 555 »2

231 575 275 603 51.
299 574 388 609 (Vers.
405 574 473 609 28.).
490 573 552 611 Ipsi
571 582 622 602 vos
636 572 711 601 mihi
727 572 923 601 testimonium
934 581 1001 610 per-

151 620 267 654 hibetis,
289 620 366 659 quod
387 619 531 648 dixerim:
547 618 612 647 Non
625 627 694 647 sum
713 627 763 656 690
780 617 933 652 Christu-s·;
955 627 1002 647 su-

150 675 202 705 pra
222 667 350 704 primoss:
377 678 391 692 (ι
407 666 438 695 Et
458 666 600 695 confessus
621 668 678 700 est,
700 666 767 704 quia
786 674 841 694 non
868 673 930 695 sum
951 674 1002 703 ego

150 714 278 743 Christus
293 726 319 743 ι).
343 714 397 743 Sed
418 714 560 752 quoniam
586 714 696 742 missus
722 722 789 742 sum
811 716 878 742 ante
899 713 1000 748 illum,

133 754 135 757 ¹
151 764 282 799 tanquam
305 769 359 790 vox
374 764 438 790 ante
458 761 592 796 verbum;
615 769 701 798 supra
715 761 820 798 primo:
847 772 861 786 «
876 761 930 798 Ego
945 769 1001 789 vox

150 808 293 837 clamantis
314 808 342 836 in
363 807 488 837 deserto:
511 808 627 845 Dirigite
641 820 655 833 2>
681 811 732 837 etc.

230 856 275 884 52.
298 855 387 891 (Vers.
403 855 471 890 29.).
499 854 557 891 Qui
571 853 655 883 habet
674 863 814 892 sponsam
835 857 886 884 etc.
902 854 1001 883 Osten-

149 903 189 932 dit
209 902 255 931 hic
276 901 397 931 secundo
418 901 560 931 Christum
579 902 629 931 sibi
652 902 841 939 praepositum
856 902 884 930 in
902 904 1001 939 poteri-

151 950 193 980 tia
215 949 398 987 baptizandi.
421 949 497 978 Illius
517 950 590 978 enim
609 952 652 978 est
673 949 842 987 baptizare,
864 950 945 978 cuins
959 951 1001 978 est

150 1006 339 1036 reyerterare;
364 1000 392 1026 et
419 997 494 1026 illius
520 1005 707 1034 reyenerare,
736 997 784 1034 qui
814 997 897 1025 habet
918 1004 1000 1033 spon—

151 1053 226 1079 sam,
247 1052 283 1073 ex
315 1052 371 1081 qua
391 1046 512 1081 generet.
546 1044 695 1080 Propterea
724 1044 804 1073 dicit:
829 1044 887 1080 Qui
917 1042 1002 1072 habet

150 1100 289 1129 sponsam
310 1099 435 1129 spons-us
456 1094 510 1125 est,
537 1093 564 1119 et
584 1098 621 1119 ex
642 1098 675 1119 ea
702 1098 836 1127 generare
858 1093 947 1127 potest
973 1093 1001 1119 et

150 1139 305 1176 baptizare;
324 1138 358 1167 ad
373 1138 504 1175 Ephesios
525 1138 622 1175 quinto
633 1138 660 1165 ³:
687 1149 700 1163 «
716 1138 789 1172 Viri,
810 1137 914 1174 diligite
928 1146 1000 1166 uxo-

151 1193 196 1215 res
216 1188 337 1220 vestras,
353 1185 425 1214 sicut
438 1188 466 1214 et
486 1185 614 1213 Christus
635 1184 733 1213 dilexit
748 1184 895 1213 Ecclesiam
917 1186 944 1213 et
958 1192 1001 1212 se-

151 1232 299 1269 metipsum
331 1232 444 1260 tradidit
474 1240 525 1268 pro
555 1239 600 1266 ea,
631 1234 663 1259 ut
694 1231 768 1259 illam
798 1231 999 1265 sanctificaret,

150 1279 287 1308 mundans
308 1287 368 1308 eam
384 1279 494 1307 lavacro
508 1286 597 1315 aquae
618 1278 644 1306 in
660 1278 746 1307 verbo
760 1278 832 1307 vitae
843 1289 869 1306 ».
893 1277 964 1306 Beda
975 1278 999 1306 4:

156 1338 169 1352 «
183 1326 310 1355 Christus
331 1329 372 1354 est
393 1333 526 1362 sponsus,
548 1333 649 1362 sponsa
669 1327 711 1353 est
733 1325 851 1354 Ecclesia
872 1325 906 1353 de
933 1332 1000 1361 gen-

150 1373 225 1402 tibus
242 1375 421 1410 congregata3
441 1372 577 1401 secundae
595 1372 628 1401 ad
657 1372 813 1400 Corinthios
840 1371 999 1400 undecimo:

150 1419 287 1457 Despondi
318 1427 367 1448 vos
397 1419 445 1448 uni
477 1419 552 1454 viro,
578 1419 713 1456 virginem
737 1422 839 1449 castam
865 1418 1001 1447 exhibere

150 1467 301 1497 Christo».
324 1467 398 1495 lllius
425 1466 511 1503 igitur
538 1469 580 1495 est
607 1474 791 1504 regenerare;
824 1466 878 1494 mei
906 1468 999 1494 autem

150 1524 205 1545 non
226 1518 268 1544 est
282 1522 446 1552 regenerare
467 1521 517 1543 nec
539 1513 675 1548 invidere,
697 1514 745 1543 sed
766 1513 858 1550 potius
878 1512 1000 1550 gaudere

151 1565 282 1600 tanquam
303 1561 392 1590 amici.
416 1560 476 1589 Ideo
498 1560 603 1589 subdit:
627 1560 749 1589 Amicus
771 1563 868 1589 autem
882 1559 999 1596 sponsi,

150 1609 203 1648 qui
221 1612 295 1643 stat,
317 1616 367 1645 per
388 1607 517 1645 gratiam,
539 1610 565 1636 et
585 1607 672 1636 audit
691 1607 788 1641 illum,
811 1615 861 1644 per
882 1606 1000 1643 inspira-

151 1657 253 1686 tionem
283 1656 441 1689 internam,
470 1654 582 1692 qaudio
611 1654 723 1692 qaudet
750 1657 872 1691 propter
902 1662 999 1682 vocem

150 1703 257 1741 sponsi.
284 1702 400 1732 Gaudio
420 1702 544 1739 yaudet,
566 1702 593 1730 id
614 1704 671 1736 est,
693 1701 774 1738 plene
795 1701 912 1738 gaudet,
934 1701 1000 1738 quia

149 1751 211 1780 vult
230 1757 324 1779 secum
345 1748 474 1786 gaudere.
492 1748 614 1776 Amicus
621 1758 632 1782 ,·
652 1748 725 1776 infra
738 1748 844 1776 decimo
865 1747 999 1784 quint05:

154 1809 168 1823 «
183 1797 237 1826 Vos
257 1796 337 1825 amici
362 1795 415 1824 mei
437 1795 503 1824 estis
518 1807 531 1820 u
556 1798 607 1824 etc.
631 1795 694 1823 Stat
702 1805 712 1828 ;
733 1794 767 1823 ad
796 1795 931 1823 Romanos
952 1793 999 1822 de-

150 1844 221 1873 cimo
241 1845 357 1880 quarto:
384 1853 397 1867 (ι
412 1842 467 1870 Suo
489 1841 604 1870 Domino
626 1844 694 1876 stat,
720 1844 769 1869 aut
797 1841 868 1870 cadit
887 1853 913 1869 ».
938 1842 999 1869 Au-

150 1891 193 1920 dit
199 1901 210 1925 ,·
230 1890 369 1919 Psalmus:
396 1901 409 1914 α
425 1889 548 1923 Audiam,
563 1888 630 1926 quid
645 1889 777 1926 loquatur
799 1889 825 1917 in
841 1896 886 1917 me
906 1888 999 1917 Domi-

150 1945 204 1966 nus
225 1937 298 1965 Deus
313 1948 326 1962 »
351 1939 402 1965 etc.
422 1935 539 1965 Gaudio
559 1936 683 1973 gaudem
704 1936 738 1964 ad
753 1935 941 1972 Philippenses
956 1936 999 1964 ul-

150 1985 232 2014 timo:
259 1983 408 2012 «Gaudete
435 1983 463 2011 in
494 1983 610 2012 Domino
641 1991 779 2022 semper»
805 1985 856 2011 etc.
887 1982 918 2011 Et
946 1983 999 2011 hoc

150 2031 232 2061 modo
246 2031 383 2069 gaudebat
404 2031 517 2059 loannes
530 2033 661 2068 tanquam
681 2030 799 2065 amicus,
814 2038 868 2058 non
890 2030 1000 2059 dolebat

150 2081 182 2108 ut
202 2077 313 2107 invidus
324 2077 344 2106 ⁶.
360 2077 422 2106 Ideo
442 2077 522 2106 dicit:
538 2077 573 2105 1η
587 2076 639 2105 hoc
653 2085 721 2114 erqo
740 2076 886 2114 gaudium
902 2085 999 2105 meum

150 2125 300 2163 impletum
320 2129 376 2160 est,
398 2125 426 2153 id
453 2128 495 2153 est
516 2124 685 2162 perfectum,
711 2125 817 2153 scilicet
844 2127 911 2153 tunc
931 2132 999 2161 gau-

149 2172 227 2202 dium
247 2175 289 2202 est
303 2172 460 2209 impletum,
481 2180 546 2201 cum
560 2171 644 2200 habet
665 2171 739 2209 quod
753 2171 905 2205 desiderat3
927 2171 999 2199 infra

214 2443 222 2456 ¹
241 2444 306 2467 Vers.
324 2444 361 2466 47.
378 2456 408 2459 —
426 2444 479 2473 Seq.
496 2444 561 2466 locus
577 2447 612 2466 est
628 2445 642 2466 1.
660 2443 714 2466 Cor.
732 2443 758 2470 4,
774 2443 796 2466 7.

214 2482 223 2496 ²
241 2484 306 2506 Vers.
325 2483 362 2505 20.
379 2495 410 2500 —-
427 2483 477 2506 Mox
493 2489 536 2511 pro
555 2482 601 2507 Sed
623 2482 737 2513 quoniam
754 2483 852 2511 Vulgata
870 2482 917 2506 Sed
933 2482 997 2513 quia.

152 2523 256 2547 Subinde
273 2523 384 2551 allegatur
401 2523 463 2545 ioan.
480 2523 501 2551 1,
518 2523 556 2545 23.

215 2561 224 2574 Β
241 2563 308 2586 Vers.
324 2562 361 2584 25.
379 2568 435 2591 seq„
453 2561 493 2584 ubi
511 2562 610 2590 Vulgata
627 2561 711 2584 omittit
727 2568 788 2584 eam.

214 2600 225 2614 ¹³
241 2602 264 2624 ln
285 2602 347 2624 loan.
363 2602 453 2629 Evang.
469 2601 497 2628 3,
513 2601 556 2623 29:
577 2601 615 2624 llle
636 2604 671 2624 est
692 2607 791 2629 sponsus
811 2607 895 2629 verus,
913 2606 998 2629 sponsa

152 2647 208 2664 vero
224 2643 301 2663 sancta
318 2640 418 2663 Ecclesia
435 2646 461 2662 ex
478 2639 586 2662 omnibus
603 2642 743 2668 congregata
766 2639 888 2667 gentibus,
905 2640 935 2662 de
951 2646 998 2669 qua

152 2680 276 2708 Apostolus
294 2679 330 2709 [ll.
347 2679 399 2702 Cor.
418 2679 454 2707 ll,
472 2678 503 2708 2.]
521 2679 567 2701 ait:
583 2678 703 2708 Despondi
717 2684 759 2702 vos
775 2681 819 2701 etc.

214 2717 224 2730 ⁵
241 2718 308 2741 Vers.
321 2718 357 2741 44.
368 2730 400 2734 —
411 2718 468 2740 Tres
485 2724 551 2746 seqq.
567 2717 610 2740 loci
626 2719 679 2740 sunt
695 2717 762 2740 Rom.
774 2716 814 2746 ⁴4,
827 2717 854 2744 43
871 2717 907 2739 Ps.
923 2716 963 2745 84,
976 2716 999 2739 9.

152 2760 175 2780 et
191 2757 247 2780 Phil.
265 2757 290 2785 4,
309 2757 331 2779 4.

215 2794 225 2808 ⁶
241 2795 367 2824 Chrysost.,
387 2796 409 2817 in
428 2796 488 2818 loan.
509 2795 588 2817 homil.
606 2795 644 2817 29.
665 2794 730 2823 (alias
747 2793 794 2823 28.)
816 2801 839 2817 n.
856 2795 885 2817 2:
903 2794 998 2821 ldcirco,

153 2835 217 2864 quod
234 2837 325 2863 putaret
346 2835 396 2857 illos
417 2836 474 2857 haec
497 2839 568 2862 aegre
584 2834 655 2862 serre,
672 2839 697 2856 se
718 2834 820 2856 amicum
842 2833 922 2861 sponsi
944 2833 999 2856 dicit

153 2880 217 2901 esse,
234 2873 365 2900 ostendens,
377 2880 401 2896 se
412 2879 458 2895 non
475 2873 546 2895 modo
568 2878 614 2895 non
635 2878 705 2900 aegre
722 2873 793 2899 serre,
811 2872 853 2894 sed
870 2871 999 2894 admodum

153 2913 279 2941 gaudere...
299 2913 321 2935 Si
344 2919 429 2941 sponsa
451 2911 579 2942 [populus]
604 2912 634 2934 ad
659 2918 770 2939 sponsum
794 2911 930 2939 [Christum]
953 2916 999 2933 non

1849 124 1905 152 287

1057 200 1163 229 decimo
1184 201 1304 230 sexto'12
1331 213 1345 226 α
1366 202 1467 236 Petite,
1495 204 1523 231 et
1545 201 1701 239 accipietis,
1722 204 1755 230 ut
1774 201 1907 238 gaudium

1057 250 1182 275 vestrum
1204 248 1239 276 sit
1259 248 1373 284 plenum
1387 259 1414 276 ».

1138 293 1183 321 53.
1206 294 1295 330 (Vers.
1311 293 1379 329 30.).
1402 294 1490 323 Illum
1504 298 1614 332 oportet
1627 303 1770 329 crescere,
1785 303 1830 323 me
1851 302 1906 323 au-

1059 342 1114 368 tem
1134 340 1238 369 minui.
1268 340 1322 369 Hoc
1343 341 1477 377 optimum
1506 344 1548 370 est
1573 342 1682 378 signum
1699 341 1720 376 Β,
1748 350 1812 371 cum
1843 341 1907 379 quis

1058 385 1159 422 gaudet
1179 386 1212 415 de
1233 386 1348 415 alterius
1369 387 1536 416 exaltatione
1556 395 1621 416 cum
1642 395 1693 416 sua
1719 387 1905 425 depressione.

1058 432 1146 461 Illum
1160 436 1271 470 oportet
1283 441 1426 467 crescere,
1447 433 1475 462 in
1496 436 1600 469 morte,
1625 434 1691 471 quia
1718 434 1858 464 exaltatus
1878 434 1907 463 in

1059 487 1160 514 cruce;
1182 488 1227 508 me
1248 484 1346 508 autem
1366 480 1479 515 minui,
1501 480 1528 509 in
1549 484 1691 518 amputato
1712 482 1809 519 capite.
1839 482 1905 510 Vel:

1059 526 1143 555 illum
1164 530 1275 564 oportet
1301 535 1444 561 crescere,
1465 527 1493 556 in
1514 527 1601 562 sama,
1623 531 1654 557 ut
1675 528 1806 557 credatur
1827 528 1907 557 Chri—

1059 575 1137 607 stus;
1159 582 1204 601 me
1225 577 1322 602 autem
1343 574 1456 608 minui,
1479 577 1509 603 ut
1529 575 1577 612 qui
1592 575 1690 604 credor
1705 575 1832 604 Christus
1847 583 1907 604 cre-

1058 619 1109 647 dar
1130 619 1191 648 eius
1212 627 1387 656 praecursor.
1410 620 1478 648 Vel:
1500 619 1584 648 illum
1599 624 1708 657 oportet
1721 630 1864 656 creseere,
1879 621 1907 650 in

1059 665 1223 702 baptizando
1251 668 1279 694 et
1299 666 1326 694 in
1348 674 1466 695 numero
1486 666 1706 704 discipulorum;
1726 677 1771 696 me
1791 668 1905 703 minui,

1059 713 1125 750 quia
1145 713 1300 750 baptismus
1321 713 1382 742 eius
1402 716 1429 742 et
1449 714 1631 751 discipulatus
1651 715 1712 744 eius
1733 715 1760 744 in
1775 716 1905 752 proximo

1059 768 1168 789 cessare
1189 760 1319 795 debebat,
1342 760 1389 789 sed
1410 760 1511 789 Christi
1527 768 1542 789 e
1557 762 1696 790 contrario
1716 762 1852 799 ampliari.
1867 762 1906 792 De

1059 807 1111 835 hac
1132 807 1308 844 ampliatione
1329 807 1466 845 gaudebat
1487 808 1631 845 Apostolus
1658 808 1692 837 ad
1720 809 1906 846 Philippenses

1058 854 1189 891 prim0⁹:
1216 866 1230 879 α
1245 855 1306 884 Sive
1328 863 1377 892 per
1397 855 1584 889 occasionem,
1605 855 1664 885 sive
1689 864 1739 893 per
1763 856 1905 885 veritatem

1058 902 1240 930 annuntietur
1251 902 1388 936 Christus,
1400 902 1426 930 in
1443 902 1495 931 hoc
1510 902 1625 939 gaudeo,
1637 902 1685 931 sed
1699 906 1726 932 et
1740 903 1864 940 gaudebo
1878 915 1905 932 n.

1059 948 1199 977 Rationem
1227 952 1337 984 autem,
1365 957 1453 987 quare
1474 949 1615 978 Christum
1636 952 1745 987 oportet
1765 958 1905 985 crescere,

1058 995 1164 1029 reddit,
1186 995 1252 1032 quia
1273 995 1429 1024 desursum
1450 996 1544 1030 venit,-
1565 999 1679 1033 propter
1699 996 1774 1033 quod
1794 996 1878 1025 dicit:

1138 1042 1183 1070 54.
1212 1043 1301 1079 (Vers.
1330 1043 1398 1078 31.).
1432 1043 1490 1079 Qui
1520 1043 1676 1071 desursum
1708 1043 1783 1071 vertit
1817 1051 1906 1081 super

1059 1097 1156 1117 omnes
1176 1093 1233 1121 est,-
1254 1089 1348 1118 Glossa
1361 1090 1401 1117 ¹⁰:
1429 1101 1442 1115 «
1457 1090 1518 1118 Ideo
1533 1090 1632 1118 merito
1647 1090 1746 1119 crescit
1760 1093 1828 1124 »,et
1842 1098 1905 1126 pro-

1057 1139 1120 1173 pter
1142 1137 1193 1165 hoc
1214 1137 1344 1165 omnibus
1364 1137 1584 1174 supereffertur;
1611 1137 1753 1166 Psalmus:
1779 1148 1792 1162 α
1807 1136 1906 1166 Omnia

1058 1183 1198 1212 subiecisti
1220 1183 1273 1212 sub
1294 1184 1410 1221 pedibus
1431 1184 1491 1213 eius
1505 1196 1518 1210 »
1539 1188 1589 1213 etc.

1139 1230 1196 1266 Qui
1216 1231 1250 1259 de
1271 1234 1352 1258 terra
1372 1234 1413 1258 est
1433 1230 1467 1259 de
1489 1234 1570 1259 terra
1592 1230 1729 1268 loquitur.
1753 1231 1798 1259 Hic
1824 1230 1905 1260 tertio

1057 1277 1203 1313 praeponit
1231 1277 1281 1306 sibi
1304 1276 1446 1305 Christum
1472 1278 1499 1306 in
1526 1276 1723 1314 praedicandi
1742 1277 1904 1314 sapientia,

1058 1324 1124 1361 quia
1144 1324 1257 1353 Ioannes
1281 1327 1313 1352 ut
1341 1327 1471 1354 terrenus
1488 1324 1525 1352 'de
1546 1324 1665 1352 terrenis
1685 1324 1761 1361 loqui
1782 1326 1904 1360 poterat,

1058 1370 1105 1399 sed
1125 1370 1253 1399 Christus
1267 1371 1402 1400 caelestia.
1418 1371 1566 1408 Propterea
1586 1370 1670 1399 dicit:
1694 1370 1752 1406 Qui
1772 1370 1806 1398 de
1825 1373 1906 1398 terra

1057 1422 1098 1446 est
1118 1417 1152 1446 de
1173 1422 1254 1446 terra
1275 1417 1425 1455 loquitu·r,·
1446 1417 1508 1446 talis
1521 1420 1563 1446 est
1577 1417 1703 1451 Ioannes,
1724 1417 1772 1454 qui
1794 1417 1822 1444 in
1844 1424 1906 1453 pec-

1057 1464 1126 1493 catis
1147 1467 1305 1501 conceptus.
1328 1464 1386 1500 Qui
1399 1464 1433 1492 de
1447 1463 1524 1492 caelo
1538 1464 1614 1492 venit
1627 1472 1717 1501 super
1737 1472 1835 1492 omnes
1849 1467 1905 1498 est,

1057 1511 1085 1540 in
1106 1511 1237 1548 dignitate
1258 1511 1389 1545 docendi;
1410 1511 1538 1540 Christus
1558 1510 1592 1539 de
1607 1510 1682 1539 caelo
1696 1510 1786 1544 venit;
1801 1510 1906 1547 primae

1057 1558 1091 1587 ad
1119 1558 1276 1586 Corinthios
1304 1557 1411 1587 decimo
1432 1558 1530 1595 quinto
1542 1558 1580 1586 ¹¹:
1611 1568 1625 1582 «
1640 1557 1749 1586 Primus
1770 1557 1853 1586 homo
1873 1557 1906 1586 de

1057 1608 1133 1634 terra
1147 1608 1292 1639 terrenus,
1308 1604 1446 1633 secundus
1460 1604 1494 1633 de
1508 1604 1583 1633 caelo
1604 1604 1728 1633 caelestis
1743 1615 1769 1638 »;
1791 1604 1852 1633 ideo
1873 1604 1906 1633 de

1057 1652 1153 1686 eaelo,
1175 1651 1241 1689 quia
1266 1651 1432 1688 spiritualis,
1455 1651 1521 1689 quia
1548 1651 1675 1680 sublimis
1695 1651 1819 1686 Deitate;
1834 1651 1906 1689 infra

1057 1703 1172 1728 octavo:
1202 1710 1215 1723 «
1231 1699 1285 1727 Vos
1312 1698 1346 1727 de
1377 1698 1507 1727 deorsum
1528 1698 1609 1733 estis,
1631 1707 1681 1736 ego
1712 1698 1745 1727 de
1777 1698 1905 1735 supernis

1058 1754 1118 1775 sum
1135 1757 1161 1774 ».
1184 1745 1217 1774 Et
1231 1745 1297 1782 quia
1310 1745 1344 1774 de
1365 1746 1494 1782 supernis
1512 1749 1568 1779 est,
1584 1746 1618 1775 de
1638 1746 1766 1783 supernis
1781 1745 1905 1783 loquitur

1057 1793 1296 1822 certitudinaliter.
1313 1793 1428 1830 Propter
1442 1793 1517 1830 quod
1530 1793 1596 1822 dicit
1610 1804 1615 1822 :

1137 1841 1182 1869 55.
1206 1840 1294 1876 (Vers.
1318 1839 1384 1875 32).
1410 1838 1444 1868 Εἰ
1464 1840 1541 1878 quod
1562 1840 1633 1869 vidit
1654 1843 1680 1868 et
1699 1840 1830 1874 audivit,
1852 1838 1904 1868 hoc

1057 1881 1197 1921 testatur,
1220 1890 1351 1924 tanquam
1373 1889 1474 1915 certus.
1503 1886 1594 1921 Vidit,
1623 1889 1654 1915 ut
1681 1887 1728 1915 Dei
1755 1886 1902 1923 sapientia,

1057 1935 1122 1972 quia
1144 1942 1172 1963 se
1193 1934 1252 1971 ipso
1273 1934 1359 1969 vidit;
1382 1934 1513 1968 audiuit,
1537 1936 1567 1962 ut
1594 1934 1677 1963 Filius
1704 1933 1861 1970 accipiendo
1888 1941 1904 1962 a

1057 1982 1136 2010 Patre
1149 1993 1154 2016 ;
1176 1981 1246 2010 infra
1261 1981 1367 2010 decimo
1381 1981 1479 2018 quinto
1491 1981 1532 2009 ¹2:
1553 1992 1566 2006 «
1581 1980 1694 2015 Omnia,
1710 1987 1903 2017 quaecumque

1056 2029 1148 2058 audivi
1170 2037 1186 2057 a
1207 2029 1286 2058 Patre
1306 2036 1383 2063 meo,
1404 2031 1469 2056 nota
1489 2028 1538 2057 feci
1562 2027 1640 2056 vobis
1654 2039 1680 2055 ».
1707 2027 1739 2056 Et
1760 2027 1823 2056 licet
1843 2026 1903 2056 eius

1056 2075 1181 2105 doctrina
1202 2075 1237 2104 sit
1257 2075 1503 2109 excellentissima,
1529 2077 1619 2103 tamen
1641 2082 1657 2102 a
1677 2073 1836 2103 carnalibus
1856 2073 1903 2102 de-

1056 2122 1181 2159 spicitur.
1197 2123 1345 2159 Propterea
1359 2121 1451 2150 subdit
1463 2132 1469 2149 :
1486 2122 1520 2149 Et
1535 2120 1731 2150 testimonium
1744 2120 1808 2148 eius
1821 2128 1903 2148 nemo

1056 2169 1179 2206 accipit,
1201 2169 1228 2198 id
1249 2172 1290 2198 est
1311 2168 1406 2197 nullus
1432 2169 1517 2197 homo
1543 2168 1737 2200 mundanus;
1757 2166 1829 2194 infra
1856 2166 1903 2195 de-

1054 2443 1185 2470 aceederet,
1197 2445 1250 2464 tune
1267 2442 1384 2469 dolerem,
1399 2446 1445 2463 non
1461 2446 1518 2462 vero
1535 2445 1608 2466 nunc,
1620 2444 1674 2461 curn
1690 2441 1768 2461 nostra
1785 2438 1899 2466 completa

1123 2485 1165 2503 etc.

1054 2484 1107 2504 sunt
1118 2518 1126 2532 ⁷
1144 2520 1211 2542 Vers.
1228 2519 1266 2542 24.
1282 2531 1312 2535 —
1330 2518 1441 2547 Superius
1463 2524 1505 2546 pro
1523 2516 1547 2540 id
1562 2518 1599 2540 est
1615 2517 1679 2539 multi
1702 2516 1771 2539 codd.
1787 2517 1815 2539 et.
1833 2515 1903 2543 Chry-

1056 2562 1118 2588 sost„
1135 2559 1158 2581 in
1175 2559 1235 2581 loan.
1254 2558 1332 2581 homil.
1349 2558 1387 2580 29.
1405 2557 1469 2586 (alias
1485 2556 1535 2585 28.)
1553 2562 1576 2578 n.
1596 2556 1622 2578 3:
1641 2555 1690 2579 Hoc
1711 2561 1768 2585 erqo
1786 2554 1903 2585 glaudium

1055 2597 1275 2627 meum‘imptetum
1291 2598 1337 2625 est,
1355 2597 1378 2619 id
1395 2599 1441 2623 est,
1459 2596 1585 2624 perrectum
1603 2597 1638 2618 est
1654 2601 1714 2623 opus
1731 2600 1810 2618 meum
1827 2597 1871 2617 etc.

1121 2636 1131 2649 Β
1145 2638 1224 2659 Plures
1241 2636 1317 2664 codd„
1329 2639 1355 2659 ut
1370 2636 1386 2658 F
1397 2636 1431 2658 [Κ
1441 2636 1470 2664 L,
1487 2638 1509 2658 et
1525 2635 1562 2657 ed.
1574 2634 1663 2658 addunt
1679 2640 1749 2657 verae
1765 2632 1902 2657 dilectionis.

1118 2675 1128 2688 ⁹
1145 2677 1211 2699 Vei-s.
1229 2676 1266 2698 48.
1282 2687 1313 2692 -
1331 2675 1443 2703 Superius
1454 2676 1507 2703 post
1518 2673 1575 2704 quia
1586 2672 1717 2703 baptismus
1730 2673 1767 2695 ed.
1785 2672 1904 2701 prosequi-

1055 2719 1092 2739 tur
1108 2721 1175 2739 τηετις
1191 2716 1214 2738 et
1229 2713 1386 2744 discipulatus
1403 2713 1428 2737 in
1443 2713 1557 2743 prooez‘mo
1574 2718 1668 2736 cessare
1685 2711 1749 2737 debet
1766 2714 1809 2735 ew.

1119 2752 1138 2766 ¹⁰
1155 2753 1245 2776 Scilicet
1260 2751 1428 2775 interlinearis.
1444 2764 1476 2768 —
1493 2751 1601 2780 Sequitur
1618 2751 1653 2773 Pe.
1671 2751 1697 2779 8,
1715 2751 1736 2773 8.

1119 2791 1138 2804 ¹¹
1156 2792 1222 2814 Vers.
1239 2791 1276 2813 47.
1293 2803 1324 2807 —
1341 2791 1395 2819 Seq.
1411 2791 1476 2812 locus
1492 2792 1526 2812 est
1543 2790 1604 2812 loan.
1621 2790 1647 2818 8,
1665 2789 1703 2811 23.

1119 2829 1138 2843 ¹²
1156 2831 1222 2853 Vers.
1244 2830 1279 2852 ⁴5.
1296 2842 1328 2846 —
1345 2829 1457 2857 Superius
1478 2835 1522 2857 pro
1543 2834 1568 2852 se
1589 2828 1639 2858 ipso
1656 2827 1673 2851 C
1690 2834 1706 2851 a
1722 2834 1747 2851 se
1764 2826 1821 2857 ipso,
1838 2826 1858 2848 D
1874 2825 1903 2849 de

1055 2877 1080 2894 se
1096 2870 1155 2900 ipso,
1173 2870 1210 2892 ed.
1226 2875 1251 2893 se
1268 2868 1354 2899 ipsum.

1924 347 2038 367 Notandum.

1922 488 2020 511 Exponitio

1935 512 2011 536 triplex.

1922 956 1978 976 Ratio
1982 970 1986 975 .

1924 1238 2016 1257 Tertium.
