2296 3316
277 331 332 354 Resp.
348 330 372 348 ad
386 330 402 348 t.

275 517 331 540 Resp.
347 516 371 534 :id
383 516 400 534 2.

275 563 364 582 Rationes
369 568 411 587 qua-

320 588 368 604 tuor.

342 1123 399 1146 Resp.

344 1310 400 1333 Resp.

425 200 482 227 484

499 275 651 312 Respondet
671 274 840 311 Augustinus
853 274 871 307 ¹,
893 273 967 309 quod
988 273 1022 301 ad
1044 276 1196 309 utrumque
1217 273 1264 301 ad-

419 323 520 352 ductus
541 325 596 355 est;
620 321 667 350 sed
698 321 867 353 Matthaeus,
889 320 915 347 id
938 319 1051 348 brevius
1080 327 1196 348 narrare
1217 328 1265 348 vo-

420 371 490 403 lens,
513 369 593 402 dicit,
619 369 710 404 ipsum
742 367 775 395 ad
805 366 950 403 Caiplzam
981 366 1065 394 fuisse
1096 366 1263 399 adductum,

419 417 482 454 quia
505 417 532 445 in
553 416 634 443 domo
654 415 714 443 eius
735 414 856 442 maxime
878 413 930 441 suit
950 413 1134 442 examinatus.

497 464 523 491 2.
544 462 582 490 Ad
610 460 678 489 illud
706 460 779 497 quod
805 459 967 497 quaeritur,
996 466 1083 495 quare
1104 458 1138 487 ad
1160 459 1263 487 Annam

418 510 541 547 primum
562 508 714 540 adductus,
736 506 913 543 quadruplex
936 505 1062 535 redditur
1084 506 1169 534 ratio:
1193 505 1263 534 ratio

417 556 585 594 (agnitam,
600 555 680 592 quia,
696 555 767 582 sicut
781 553 847 582 dicit
862 553 954 581 Victor
967 553 987 587 2,
1003 552 1176 589 praecedenti
1191 560 1263 581 anno

418 604 508 632 fuerat
528 602 667 634 sacerdos:
691 604 756 629 tunc
782 600 854 629 enim
884 600 1028 628 emebatur
1057 607 1199 628 summum
1220 607 1263 628 sa-

418 650 579 680 cerdotium.
606 648 715 676 —Alia
740 648 827 681 ratio,
848 647 952 675 scilieet
980 646 1262 684 consanguinitatis,

417 697 483 735 quia
496 696 629 725 attinebat
653 702 761 724 summo
782 694 917 723 sacerdoti
940 697 1071 730 tanquam
1093 701 1171 722 socer
1182 694 1201 721 Β.
1226 709 1262 714 -

417 744 509 773 Tertia
531 740 601 771 ratio
621 741 866 779 opportunitatis,
888 741 955 778 quia
981 741 1080 769 domus
1111 741 1172 769 eius
1202 743 1263 769 erat

418 792 445 820 in
460 791 512 819 via.
527 807 565 812 —
580 790 684 826 Quarta
698 789 768 817 ratio
782 788 994 825 mallynitatis‚
1010 791 1042 816 ut
1055 787 1121 816 dicit
1136 788 1228 816 Victor
1241 788 1262 822 ⁴¹,

421 850 435 863 «
450 842 481 867 ut
502 837 616 866 minoris
644 837 741 873 culpae
769 835 911 864 videretur
942 834 1074 871 Caiphas,
1103 835 1125 863 si
1147 834 1263 863 alterius

417 884 567 914 sacerdotis
586 883 715 912 Christus
734 882 913 910 damnaretur
935 881 1069 909 sententia
1084 893 1110 909 ».

496 931 542 960 39.
571 931 681 967 Quaest.
714 929 742 957 II.
772 928 838 957 Item
867 927 977 966 quaerit
1009 927 1261 964 Chrysostomus⁶:

417 979 480 1016 quis
500 978 553 1007 fuit
573 978 618 1006 ille
647 976 726 1005 alius
753 975 934 1012 discipulus,
955 974 989 1003 de
1010 983 1067 1011 quo
1087 974 1166 1008 dicit,
1188 975 1263 1011 quod

417 1025 586 1063 sequebatur
608 1024 717 1052 Iesum?

497 1071 527 1099 at
548 1069 711 1106 respondet,
732 1068 806 1105 quod
826 1069 955 1102 loannes,
979 1067 1026 1104 qui
1058 1075 1157 1096 nomen
1179 1075 1262 1096 suum

417 1121 488 1147 tacet
509 1118 614 1146 ratione
636 1116 809 1144 humilitatis.

495 1166 541 1193 ΔΟ.
563 1165 673 1201 Quaest.
696 1163 735 1191 III.
759 1163 791 1191 Et
812 1166 878 1191 tunc
893 1165 934 1191 est
949 1161 1089 1199 quaestio:
1105 1168 1194 1198 quare
1208 1169 1262 1189 non

417 1213 529 1242 omnino
550 1215 621 1240 tacet
641 1211 675 1240 de
696 1213 745 1239 se?

495 1259 644 1296 Responsio
665 1261 718 1292 est,
740 1257 815 1295 quod
836 1257 897 1286 ideo
924 1264 953 1286 se
981 1256 1104 1289 adducit,
1127 1258 1159 1284 ut
1181 1256 1261 1284 fidem

418 1310 539 1336 nostram
569 1308 689 1339 astruat3
722 1305 784 1333 ideo
803 1312 903 1333 nomen
936 1306 1019 1337 tacet,
1044 1307 1075 1331 ut
1106 1303 1263 1331 iactantiam

418 1355 506 1383 vitare
526 1352 652 1382 ostendat
664 1352 684 1380 ⁶.

494 1401 540 1429 lii.
562 1400 672 1436 Quaest.
696 1399 737 1427 IV.
760 1399 825 1427 Item
844 1397 990 1435 quaeritur
1014 1398 1038 1425 1.
1060 1396 1095 1425 de
1116 1397 1167 1425 hoc
1189 1396 1263 1433 quod

417 1448 550 1477 Dominus
577 1447 657 1475 dicit:
679 1446 715 1474 1η
736 1445 844 1474 occulto
866 1444 979 1473 locutus
998 1452 1066 1472 sum
1086 1442 1177 1477 mlii&
1198 1451 1263 1472 cum

416 1496 475 1532 ipse
495 1494 630 1523 Dominus
650 1493 759 1522 loeutus
780 1492 864 1520 suerit
884 1492 973 1520 multa
993 1491 1051 1519 suis
1071 1490 1215 1527 discipulis
1235 1491 1263 1520 in

534 1541 544 1558 ⁷

416 1544 523 1616 geere&
544 1564 626 1621 Item,
647 1587 681 1615 de
702 1587 754 1615 hoc
775 1586 849 1623 quod
877 1586 956 1614 dicit:
979 1586 1097 1622 Semper
1124 1585 1211 1613 docui
1231 1585 1263 1614 in

414 1642 569 1673 synaqoya
603 1637 629 1661 et
662 1633 693 1661 in
729 1632 859 1669 templ0;
892 1640 957 1660 cum
990 1631 1098 1660 dicatur
1134 1631 1262 1660 Matthaei

478 1815 486 1828 ¹
504 1816 528 1838 In
544 1816 605 1838 Ioan.
622 1815 710 1842 Evang.
727 1817 754 1837 tr.
773 1815 825 1837 113.
843 1821 865 1836 n.
885 1815 910 1836 rl:
929 1814 1007 1836 Merito
1019 1816 1041 1835 et
1053 1814 1190 1840 Matthaeus,
1208 1819 1261 1835 cum

415 1855 438 1878 id
456 1855 551 1877 brevius
569 1860 663 1876 narrare
685 1854 808 1880 voluisset,
826 1859 880 1875 eum
898 1853 927 1875 ad
949 1852 1061 1881 Caipham
1078 1853 1175 1875 ductum
1192 1852 1263 1875 fuisse

415 1896 595 1922 commemorat,
613 1894 667 1922 quia
685 1897 707 1915 et
723 1893 753 1915 ad
771 1893 860 1915 Annam
878 1892 943 1920 prius
966 1892 1017 1914 ideo
1034 1892 1118 1914 ductus
1135 1894 1180 1918 est,
1198 1891 1262 1920 quod

414 1939 482 1956 socer
499 1933 548 1955 eius
565 1932 637 1962 [ioan.
657 1933 698 1960 18,
717 1931 766 1961 13.]
791 1932 871 1958 tuerit,
898 1930 938 1953 ubi
962 1931 1137 1958 intelligendum
1154 1932 1200 1957 est,
1218 1931 1262 1952 hoc

415 1971 516 1994 eundem
533 1970 646 1999 Caipham
663 1970 711 1993 fleri
728 1970 836 1993 voluisse.
854 1969 901 1993 Csr.
917 1969 974 1992 ibid.
997 1975 1018 1991 n.
1037 1969 1066 1996 5;
1084 1971 1111 1991 tr.
1130 1968 1183 1991 114.
1200 1975 1221 1991 n.
1241 1969 1260 1990 1.

415 2013 438 2032 et
454 2010 488 2032 III.
504 2010 534 2032 de
550 2009 669 2032 Consensu
686 2009 825 2037 Evangelist.
844 2014 864 2031 c.
881 2008 903 2031 6.
920 2014 944 2030 n.
962 2008 998 2030 19.

478 2048 487 2061 ²
504 2049 548 2072 Csr.
567 2055 637 2077 supra
654 2055 709 2076 pag.
728 2049 787 2076 275,
804 2055 825 2070 n.
846 2048 881 2070 11,
898 2060 929 2064 -
946 2048 1052 2076 August„
1065 2047 1087 2069 in
1099 2048 1160 2070 loan.
1173 2048 1261 2075 Evang.

415 2092 442 2111 tr.
462 2089 512 2111 113.
531 2095 553 2110 n.
572 2089 598 2111 5:
615 2088 713 2110 Proinde
730 2088 767 2110 isti
783 2087 853 2109 ambo
870 2087 991 2115 pontifices
1008 2086 1096 2116 [Annas
1113 2089 1135 2109 et
1152 2085 1260 2115 Caiphas]

415 2127 518 2150 vicissim
536 2133 591 2149 suos
608 2133 682 2149 annos
699 2126 812 2155 agebant;
829 2129 852 2148 et
873 2128 922 2148 erat
944 2132 1017 2148 annus
1038 2125 1150 2153 Caiphae,
1167 2125 1261 2153 quando

415 2173 498 2194 passus
514 2170 548 2188 est
564 2165 675 2189 ChriStus.
693 2165 737 2188 Csr.
756 2165 830 2193 Beda,
848 2166 863 2187 I.
880 2165 903 2187 in
920 2165 974 2187 Luc.
992 2165 1014 2191 3,
1032 2165 1058 2192 2,
1071 2164 1111 2186 ubi
1123 2164 1204 2186 similia
1223 2164 1262 2186 do-

415 2208 451 2228 cet
466 2204 622 2232 subiungens:
644 2213 655 2225 «t
666 2204 790 2232 Legalibus
805 2210 908 2233 namque
924 2206 979 2226 tunc
996 2203 1126 2232 praeceptis
1142 2203 1164 2225 vi
1183 2206 1205 2225 et
1215 2209 1261 2225 am-

415 2244 501 2267 bitione
518 2244 672 2271 cessantibus,
689 2244 743 2266 nulli
761 2244 906 2271 pontificatus
932 2244 1006 2265 honor
1030 2243 1091 2265 vitae
1116 2243 1152 2265 vel
1170 2243 1261 2270 generis

416 2284 497 2306 merito
514 2283 668 2311 reddebatur,
685 2283 727 2305 sed
743 2284 847 2305 Romana
864 2285 976 2310 potestate
992 2282 1042 2305 aliis
1058 2288 1134 2309 nunc,
1146 2281 1199 2308 item
1212 2281 1262 2304 aliis

415 2329 507 2345 summa
524 2322 646 2345 sacerdotii
663 2321 855 2350 praestabatur».
872 2322 895 2344 In
913 2321 980 2344 cuius
1002 2321 1036 2343 rei
1053 2321 1150 2349 gratiam
1167 2321 1262 2344 adducit

415 2361 531 2390 quaedam
553 2366 579 2384 ex
605 2361 684 2383 Flavio
708 2362 807 2389 Iosepho
832 2361 919 2389 (XVIII.
942 2360 1021 2389 Auuq.
1037 2366 1058 2383 c.
1074 2359 1114 2388 7.),
1132 2360 1178 2382 scil.
1196 2359 1261 2388 quod

417 2401 521 2423 Valerius
537 2401 633 2428 Gratus,
650 2401 713 2422 Anna
738 2399 868 2423 sacerdotio
892 2399 1029 2426 deturbato,
1054 2399 1185 2425 Ismaelem,
1207 2398 1261 2420 dein

416 2440 547 2462 Eleazarum
566 2439 645 2467 (filium
660 2439 757 2467 Annae),
770 2438 869 2461 subinde
881 2438 999 2461 Simonem
1011 2441 1033 2460 et
1044 2438 1136 2460 tandem
1149 2437 1260 2466 Caipham

416 2478 560 2507 pontificatui
576 2478 747 2506 subrogaverit.
764 2478 810 2501 Cir.
827 2478 880 2500 XX.
897 2478 973 2506 Antiq.
990 2483 1011 2500 c.
1028 2478 1070 2506 20,
1088 2476 1127 2499 ubi
1147 2477 1177 2500 de
1197 2477 1261 2499 Anna

416 2516 487 2545 (sive,
505 2519 529 2539 ut
545 2517 655 2544 Iosephus
671 2516 750 2544 ipsum
767 2517 881 2543 nominat,
893 2516 922 2539 de
934 2516 1022 2544 Anano)
1035 2518 1152 2538 narratur:
1172 2524 1184 2535 n
1195 2516 1261 2538 Hunc

416 2556 500 2577 etenim
517 2556 631 2577 seniorem
647 2556 753 2577 Ananum
771 2555 850 2577 dicunt
866 2555 936 2578 fuisse
948 2554 1261 2583 felleiss'ixnun13fiuosnani-

416 2600 462 2622 que
479 2593 607 2623 [quinque]
624 2593 716 2622 hahuit,
732 2594 773 2622 qui
790 2599 873 2616 omnes
893 2594 932 2616 Dei
958 2594 1092 2622 pontificatu
1108 2596 1161 2616 sunt
1178 2594 1260 2621 suncti,

416 2633 479 2661 quod
498 2633 551 2654 nulli
568 2633 703 2660 pontificum
723 2633 787 2660 apud
798 2639 840 2655 nos
859 2633 994 2661 provenisse
1014 2633 1187 2661 dignoscitnrn.
1203 2632 1259 2655 Ibld.

416 2677 436 2693 e.
462 2672 499 2693 22.
522 2672 600 2700 docet,
626 2672 733 2700 primitus
758 2672 780 2694 in
805 2672 939 2700 pontificatu
964 2672 1037 2694 fllium
1059 2672 1198 2694 successisse
1222 2677 1260 2699 pa-

417 2711 446 2732 tri
462 2713 566 2733 mortuo:
586 2719 598 2731 ιι
609 2712 675 2734 Unde
691 2712 820 2739 legitimum
838 2714 883 2739 est,
901 2712 990 2734 nullum
1015 2717 1084 2739 posse
1101 2711 1260 2739 pontificatum

417 2749 548 2777 percipere,
566 2750 607 2771 nisi
625 2750 654 2772 de
671 2750 785 2778 sanguine
802 2751 869 2773 suerit
890 2751 978 2779 Aar0n;
995 2757 1023 2773 ex
1039 2751 1084 2773 alio
1100 2756 1202 2779 namque
1220 2756 1261 2778 ge-

417 2794 480 2815 nere,
497 2794 572 2817 neque
589 2789 609 2811 si
625 2789 647 2811 in
664 2794 736 2817 regno
753 2790 890 2812 conatItutus
899 2790 935 2817 sit,
947 2790 1105 2818 pontificatum
1122 2792 1198 2818 potest
1214 2790 1260 2812 adi·

417 2826 474 2854 pisci
486 2835 511 2848 n.
527 2827 586 2849 Vide
603 2827 701 2855 Hieron„
718 2828 755 2850 IV.
772 2827 901 2851 Comment.
918 2829 942 2850 in
959 2829 1036 2851 Matth.
1049 2829 1090 2857 26,
1108 2828 1149 2851 57:
1163 2829 1260 2856 Moyses,

418 2865 464 2887 Deo
482 2865 584 2893 iubente,
602 2870 764 2894 praeceperat,
782 2870 806 2889 ut
822 2868 944 2895 pontifices
964 2867 1069 2896 patribus
1085 2868 1260 2890 succederent...

417 2904 495 2926 Refert
511 2905 621 2932 Iosephus
638 2905 690 2934 [ubi
697 2905 727 2935 ?],
745 2906 813 2928 istum
832 2906 946 2936 Caipham
958 2907 1027 2929 unlus
1039 2910 1127 2929 tantum
1139 2907 1193 2929 anni
1205 2913 1260 2934 pon-

418 2943 527 2965 tificatum
546 2943 575 2966 ab
592 2945 682 2967 Herode
699 2946 773 2973 pretio
790 2946 924 2968 redemisse.
942 2947 989 2969 Non
1007 2952 1064 2974 ergo
1081 2946 1166 2969 mirum
1183 2949 1228 2974 est,
1240 2946 1258 2968 si

418 2988 519 3011 nequam
536 2983 636 3010 pontifex
654 2984 731 3012 inique
748 2984 840 3007 iudicet.

1022 195 1190 224 COMMENT.
1215 195 1246 224 IN
1267 195 1413 224 IOANNEM
1435 195 1462 223 C.
1485 195 1572 223 XVIII.

1321 273 1419 309 quinto
1430 272 1451 306 ⁸,
1473 272 1547 309 quod
1569 272 1596 301 in
1617 275 1728 306 montem
1743 273 1870 302 similiter
1884 274 1973 303 Lucae
1987 277 2080 308 sexto,
2095 275 2170 312 quod

1321 319 1349 347 in
1372 319 1432 348 loeo
1453 319 1619 356 campestri.

1400 365 1426 394 3.
1449 365 1528 399 Item,
1543 365 1577 394 de
1592 366 1644 394 hoc
1665 365 1739 403 quod
1759 366 1840 395 dicit:
1858 367 1917 404 Eyo
1930 367 2034 404 palam
2055 367 2168 397 locutus

1320 420 1387 439 sum
1408 411 1536 445 mund&
1558 420 1622 440 eum
1643 412 1778 441 Dominus
1799 412 1827 441 in
1847 413 1986 449 parabolis
2011 417 2038 443 et
2058 414 2086 443 in
2108 421 2169 443 sen-

1320 458 1413 487 tentiis
1433 459 1550 488 occultis
1571 459 1749 496 loqueretur,
1772 459 1843 488 sicut
1857 460 1959 489 dicitur
1980 460 2109 489 Matthaei
2122 460 2169 490 de-

1320 506 1392 534 cimo
1414 506 1496 534 tertio
1508 506 1528 534 ⁵¹.

1402 554 1426 581 1.
1449 553 1486 581 Ad
1508 553 1630 589 primum
1649 553 1798 590 respondet
1819 553 1989 590 Augustinus
2001 554 2039 582 ¹⁰:
2065 565 2080 579 α
2094 554 2168 590 Quo-

1304 616 1306 618 *
1320 600 1408 634 niam,
1430 600 1452 628 si
1473 600 1567 637 aliqua
1580 600 1652 628 dixit
1667 600 1733 628 solis
1746 600 1906 637 discipulis,
1920 608 1976 629 non
1991 603 2083 630 tamen
2097 600 2169 629 dixit

1320 646 1348 675 in
1368 646 1491 680 occulto,
1513 646 1580 683 quia
1600 646 1647 674 illa
1660 646 1770 675 volebat
1784 654 1833 683 per
1847 654 1895 676 eos
1909 647 2081 676 innotescere
2096 647 2168 676 mul—

1320 693 1370 727 tis;
1392 692 1466 721 unde
1487 692 1615 721 Matthaei
1636 692 1757 721 decimo:
1781 693 1864 729 Quod
1893 693 1957 722 dico
1978 693 2058 722 vobis
2078 693 2110 722 in
2131 696 2168 722 te—

1320 739 1417 768 nebris
1439 740 1524 768 dicile
1555 740 1587 768 in
1614 740 1737 774 lumine,
1758 743 1783 768 et
1803 740 1881 778 quod
1901 740 1933 769 in
1960 749 2036 769 aure
2056 740 2168 770 auditis

1316 786 1488 823 praedicate
1508 794 1598 822 saper
1616 789 1696 814 tecta.
1720 802 1756 807 --
1778 786 1993 823 chrysostomus
2005 787 2028 804 ¹²
2054 794 2169 824 respon-

1319 832 1381 861 det:
1404 831 1486 861 Nihil
1506 832 1619 861 loeutus
1639 841 1707 860 sam
1728 833 1760 861 in
1780 833 1906 867 occulto,
1928 833 1995 870 quia
2026 844 2040 859 α
2054 841 2109 862 non
2131 841 2168 863 ex

1321 880 1435 913 timore,
1465 879 1508 908 vel
1535 879 1612 914 dolo,
1640 880 1712 908 sicut
1744 880 1772 908 hi
1803 880 1994 909 aestimabant.
2026 880 2169 909 solitarios

1319 926 1470 963 discipulos
1500 926 1630 961 docebat,
1662 926 1709 956 sed
1741 934 1774 955 ea
1804 935 1875 964 quae
1907 927 1952 956 alii
1983 935 2083 964 capere
2113 935 2168 956 non

1320 976 1488 1010 poterant».

2185 561 2243 589 neap.
2255 562 2272 582 nt

2216 590 2271 609 ρι-ιπιι

2277 628 2281 659 ἰ

2277 663 2282 683 i

2277 686 2282 746 l

2185 794 2271 815 Secunda.

1400 1021 1426 1048 2.
1449 1019 1485 1048 Ad
1507 1019 1583 1048 aliud
1609 1019 1774 1054 dicendum,
1798 1020 1874 1057 quod
1895 1028 2008 1057 semper
2025 1021 2169 1050 distribuit
2184 1027 2241 1053 neap.
2254 1030 2278 1048 ar

1320 1067 1356 1096 ibi
1388 1075 1440 1103 pro
1468 1067 1558 1095 tribus
1586 1067 1822 1096 solemnitatibus:
1845 1067 1963 1102 Pascha,
1996 1068 2167 1102 Pentecoste,

1320 1113 1496 1151 scenopegia,
1511 1113 1623 1150 quando
1636 1113 1757 1150 populus
1771 1113 1937 1151 generaliter
1948 1114 2128 1143 conveniebat
2136 1114 2168 1143 ¹².

1400 1160 1426 1189 3.
1449 1160 1485 1189 Ad
1506 1160 1581 1189 aliud
1602 1160 1765 1195 dicendum,
1780 1161 1855 1198 quod
1874 1161 1976 1198 palam
1991 1161 2103 1190 locutus
2117 1164 2168 1196 est,

1321 1216 1374 1237 non
1396 1216 1448 1244 pro
1468 1210 1565 1244 aperta
1585 1207 1781 1245 intelligentia,
1803 1208 1851 1237 sed
1872 1216 1923 1245 pro
1944 1208 2098 1237 multorum
2119 1216 2168 1237 au—

1320 1255 1432 1283 dientia.
1454 1254 1624 1291 Augustinus
1636 1254 1672 1283 ¹³:
1699 1266 1712 1280 «ι
1724 1254 1803 1284 Modo
1823 1255 1942 1292 quodam
1954 1255 2060 1292 palam
2073 1255 2169 1293 loque-

1320 1301 1420 1335 batur,
1442 1301 1508 1338 quia
1529 1301 1608 1330 multi
1630 1301 1791 1336 audiebant3
1813 1301 1896 1330 modo
1908 1301 2029 1339 quodam
2043 1309 2101 1331 non
2112 1310 2169 1339 pa—

1321 1348 1382 1377 lam
1403 1348 1586 1386 loquebatur,
1607 1348 1674 1385 quia
1693 1357 1748 1377 non
1770 1349 1997 1386 intelligebant».

1399 1396 1446 1424 42.
1469 1396 1579 1432 Quaest.
1601 1396 1632 1425 V.
1659 1396 1726 1425 ltem
1751 1396 1914 1433 quaeritur:
1941 1404 2005 1425 cum
2034 1396 2169 1426 Dominus

1320 1443 1449 1472 Matthaei
1470 1443 1569 1480 quinto
1581 1444 1604 1460 ¹4
1624 1443 1712 1472 dicat:
1735 1444 1768 1473 Si
1788 1443 1856 1482 quis
1882 1447 1908 1472 te
1930 1444 2109 1481 percusserit
2137 1444 2169 1473 i‘n

1320 1498 1414 1518 unam
1441 1490 1615 1524 maxillam,
1634 1490 1742 1527 praebe
1761 1490 1788 1519 ei
1807 1493 1833 1519 et
1847 1490 1990 1524 alterumn
2012 1498 2101 1531 quare
2114 1491 2169 1520 Do-

1320 1537 1414 1566 minus
1434 1545 1490 1566 non
1510 1537 1588 1571 fecit,
1610 1536 1657 1566 sed
1678 1537 1772 1574 arguit
1792 1537 1992 1574 percutientem
2015 1540 2067 1567 se?

1399 1584 1553 1621 Respondet
1573 1584 1743 1621 Augustinus
1755 1584 1791 1612 1⁵:
1818 1595 1833 1609 <c
1846 1584 2003 1619 Veraciter,
2024 1587 2168 1614 mansuete

1319 1631 1448 1668 iusteque
1469 1631 1625 1668 respondit;
1648 1633 1676 1660 et
1695 1639 1750 1660 non
1771 1631 1861 1660 solum
1887 1631 2003 1660 alteram
2025 1631 2167 1661 maxillam

1383 1811 1392 1824 ³
1410 1812 1515 1840 August„
1534 1812 1556 1834 in
1573 1813 1635 1834 Ioan.
1652 1813 1739 1840 Evang.
1758 1815 1784 1834 tr.
1804 1812 1857 1835 113.
1874 1818 1897 1835 n.
1914 1812 1940 1834 5:
1962 1812 2028 1835 «Sed
2052 1811 2118 1840 prius
2137 1812 2168 1835 ad

1319 1852 1407 1874 Annam
1426 1852 1553 1874 secundum
1571 1852 1678 1874 Ioannem
1697 1854 1810 1874 venerunt
1826 1858 1879 1874 cum
1896 1852 1934 1874 illo
1951 1850 2034 1881 [Iesu],
2050 1857 2096 1874 non
2112 1851 2168 1881 quia

1318 1891 1419 1919 collega,
1436 1891 1477 1913 sed
1494 1890 1548 1920 quia
1565 1896 1632 1914 socer
1649 1890 1700 1913 eius
1716 1893 1800 1913 erat».
1820 1889 1876 1913 lbid.
1894 1890 1963 1913 etlam
1981 1896 2029 1919 seq.
2040 1890 2099 1913 rati⁰
2116 1889 2167 1913 insl-

1319 1932 1415 1952 nuatur:
1434 1929 1475 1951 Vel
1493 1929 1561 1951 etiam
1579 1930 1662 1952 domos
1679 1936 1759 1952 eorum
1777 1928 1868 1959 [Annae
1879 1931 1902 1952 et
1920 1928 2030 1958 Caiphae]
2047 1928 2077 1952 ita
2097 1928 2168 1952 ruisse

1319 1969 1418 1996 positas,
1436 1971 1461 1991 ut
1476 1975 1523 1991 non
1548 1968 1643 1991 deberet
1667 1970 1745 1991 Annas
1768 1974 1781 1991 a
1798 1968 1972 1991 transeuntibus
1991 1968 2118 1997 praeteriri.
2136 1981 2167 1986 —

1318 2008 1362 2030 Pro
1379 2007 1592 2037 consanyuim'latis
1608 2008 1646 2030 ed.
1662 2007 1791 2037 affinitatis.

1382 2045 1392 2058 ⁶
1409 2046 1455 2069 Csr.
1472 2053 1543 2075 supra
1565 2053 1618 2075 pag.
1645 2046 1703 2074 275,
1727 2050 1781 2069 nota
1808 2047 1846 2069 11.
1867 2047 1948 2070 Glossa
1965 2046 2127 2070 interlinearis
2144 2047 2167 2069 in

1318 2086 1380 2108 Ioan.
1399 2086 1441 2114 18,
1459 2086 1501 2108 13;
1521 2086 1596 2108 Voluit
1607 2085 1638 2108 ad
1649 2085 1713 2107 illum
1731 2085 1808 2114 primo
1820 2086 1873 2108 duci
1885 2088 1910 2108 ut
1926 2086 2022 2108 minoriS
2033 2086 2115 2114 culpae
2123 2088 2167 2108 etc.

1318 2125 1363 2148 Csr.
1382 2125 1404 2147 S.
1421 2125 1512 2153 Thom.,
1530 2124 1615 2147 Catena
1633 2131 1702 2147 aurea
1721 2125 1742 2147 in
1760 2125 1820 2147 loan.
1839 2125 1877 2147 18.
1901 2131 1924 2147 n.
1942 2124 1967 2154 4,
1985 2124 2025 2147 ubi
2042 2125 2100 2147 haec
2117 2130 2166 2147 sen·

1319 2163 1389 2186 tentia
1406 2163 1482 2186 Bedae
1499 2162 1613 2185 tribuitur.

1381 2201 1390 2214 '⁵
1407 2203 1430 2225 ln
1448 2203 1510 2225 loan.
1527 2203 1606 2225 homil.
1624 2203 1660 2224 83.
1679 2202 1744 2232 (alias
1761 2202 1808 2232 82.)
1826 2209 1851 2225 n.
1867 2203 1889 2225 2.

1381 2239 1391 2253 ⁶
1409 2241 1541 2264 Secundum
1559 2241 1685 2270 chrysost„
1702 2242 1746 2265 loc.
1762 2242 1813 2265 cit.:
1829 2242 1883 2265 Ideo
1907 2248 1992 2265 nomen
2018 2244 2077 2265 tacet
2092 2248 2166 2265 suum

1318 2284 1340 2304 et
1357 2282 1448 2303 Petrum
1466 2281 1567 2309 prIorem
1586 2281 1662 2309 ponit;
1679 2282 1763 2310 suique
1780 2284 1856 2304 tamen
1873 2281 2007 2304 meminisse
2018 2283 2113 2304 coactus
2123 2283 2166 2309 est,

1318 2323 1344 2342 ut
1360 2320 1461 2348 eatscas,
1479 2327 1534 2342 eum
1558 2321 1690 2343 accuratius
1706 2326 1777 2350 quam
1794 2320 1852 2343 alios
1867 2326 1895 2343 ea
1911 2326 1972 2349 quae
1989 2320 2013 2342 in
2030 2320 2081 2344 aula
2099 2322 2163 2348 gesta

1318 2362 1384 2387 sunt,
1400 2366 1532 2388 enarrasse,
1550 2363 1629 2388 utpote
1646 2360 1686 2389 qui
1703 2360 1764 2383 intus
1781 2363 1849 2383 esset.

1381 2397 1389 2410 ⁷
1407 2398 1452 2422 Csr.
1469 2399 1557 2427 Matth.,
1576 2399 1617 2426 17,
1639 2400 1672 2421 18.
1689 2406 1768 2428 seqq.;
1785 2399 1827 2428 20,
1846 2398 1884 2421 17.
1901 2404 1980 2428 seqq.;
1998 2398 2039 2426 26,
2056 2398 2079 2421 3.
2096 2404 2163 2428 seqq.

1381 2435 1391 2449 Β
1409 2437 1474 2460 Vers.
1492 2439 1513 2460 1.
1529 2448 1561 2454 —·
1578 2438 1686 2467 Sequitur
1704 2439 1758 2460 Luc.
1776 2438 1802 2466 6,
1824 2437 1857 2460 17.

1380 2474 1390 2488 ⁹
1409 2476 1473 2499 Vera.
1490 2477 1517 2499 3:
1535 2477 1561 2499 Et
1577 2478 1667 2499 locutus
1683 2479 1718 2499 est
1734 2476 1768 2499 eis
1784 2477 1856 2499 multa
1873 2477 1896 2499 in
1914 2476 2031 2504 parabolIs
2047 2478 2091 2499 etc.

1384 2514 1405 2527 ¹⁰
1422 2516 1445 2537 In
1463 2516 1525 2538 loan.
1543 2516 1631 2544 Evang.
1649 2518 1676 2543 tr.
1694 2516 1748 2538 113.
1765 2522 1788 2538 n.
1803 2516 1825 2544 3,
1837 2515 1877 2538 ubi
1889 2518 1966 2538 tamen
1983 2518 2057 2538 textus
2068 2515 2166 2543 origina-

1317 2554 1345 2576 lis
1362 2554 1427 2582 plura
1444 2554 1563 2577 interserit.
1581 2555 1698 2582 Allegatur
1715 2555 1792 2577 Matth.
1813 2555 1852 2582 10,
1871 2555 1909 2577 27.

1381 2591 1399 2604 ¹¹
1418 2593 1440 2615 ln
1458 2593 1518 2615 Ioan.
1536 2593 1613 2615 homil.
1632 2593 1668 2615 83.
1687 2593 1751 2622 (allas
1768 2593 1815 2623 82.)
1828 2600 1850 2616 n.
1869 2594 1894 2616 3:
1912 2593 1972 2622 Quid
1989 2594 2064 2621 ergo?
2076 2593 2164 2616 Nihilne

1317 2634 1406 2654 secreto
1423 2632 1494 2654 dixit?
1512 2632 1570 2655 Dixit
1595 2633 1705 2661 quidem;
1721 2635 1744 2655 at
1768 2639 1827 2662 non,
1850 2635 1874 2656 ut
1890 2633 1922 2655 illi
1938 2632 2061 2661 putabant,
2080 2633 2164 2656 timens

1317 2673 1340 2693 et
1353 2670 1478 2693 seditiones
1494 2677 1604 2699 movens:
1620 2672 1661 2694 sed
1678 2677 1732 2694 oum
1755 2678 1782 2695 ea
1807 2678 1868 2701 quae
1885 2671 1985 2699 dicebat,
2001 2678 2073 2701 supra
2089 2672 2164 2695 multi-

1317 2710 1403 2733 tudinis
1419 2713 1513 2738 captum
1530 2714 1600 2733 erant.
1618 2722 1649 2728 -
1665 2712 1761 2734 Inferius
1777 2718 1822 2740 pro
1837 2711 1964 2735 δαίων-ἕω
1981 2711 2021 2734 ed.
2035 2717 2089 2735 cum
2107 2711 2164 2734 Gor-

1316 2755 1374 2772 rano
1390 2749 1520 2774 solitarius
1537 2752 1629 2779 autem,
1649 2752 1736 2774 omisso
1752 2750 1853 2774 subinde
1868 2750 1916 2775 sed.

1380 2788 1399 2802 ¹⁹
1416 2789 1462 2812 Csr.
1478 2790 1545 2813 Dent.
1563 2791 1605 2818 16,
1622 2791 1665 2818 16,
1683 2790 1723 2813 ubi
1740 2792 1784 2813 hae
1800 2793 1847 2813 tres
1863 2790 2018 2813 solemnitates
2034 2796 2047 2812 a
2064 2790 2162 2813 Domino

1317 2829 1480 2857 designantur,
1496 2829 1519 2851 in
1536 2829 1623 2858 quibus
1647 2830 1770 2858 quotannis
1787 2835 1857 2852 omne
1878 2830 2032 2853 masculinum
2049 2835 2163 2858 apparere

1316 2868 1418 2891 debebat
1434 2869 1456 2891 in
1473 2871 1596 2897 conspectu
1616 2869 1720 2896 Domini,
1740 2878 1751 2889 ιι
1762 2869 1786 2892 in
1799 2865 1858 2897 loco,
1869 2875 1939 2898 quem
1957 2868 2085 2897 elegerit».
2103 2868 2163 2891 Vide

1317 2907 1386 2929 Exod.
1406 2907 1447 2935 23,
1466 2906 1501 2929 15.
1519 2909 1541 2929 et
1559 2906 1601 2935 34,
1619 2907 1657 2930 23.
1673 2907 1720 2930 cfr.
1737 2907 1805 2930 etiam
1823 2913 1894 2935 supra
1911 2913 1966 2935 pag.
1983 2906 2044 2936 297,
2059 2908 2111 2929 notu
2126 2907 2161 2930 12.

1380 2944 1400 2958 ¹⁵
1417 2947 1440 2968 In
1458 2947 1517 2968 Ioan.
1536 2947 1624 2974 Evang.
1641 2949 1668 2970 tr.
1687 2947 1740 2969 113.
1756 2953 1781 2969 n.
1801 2947 1822 2970 3.

1380 2983 1400 2997 ¹⁴⁴
1418 2985 1482 3007 Vei-s.
1500 2985 1537 3008 39.
1724 2985 1744 2998 ¹⁶
1760 2987 1783 3009 ln
1801 2986 1860 3009 loen.
1877 2987 1967 3014 Evang.
1985 2988 2013 3008 tr.
2030 2985 2083 3008 113.
2099 2991 2123 3008 n.
2140 2985 2161 3009 t.

2185 1168 2242 1193 nesp.
2254 1154 2291 1188 mi«

2184 1589 2239 1615 nesp.

2276 1221 2278 1229 r

2275 1231 2278 1244 1
