2296 3316
293 520 362 542 Tertio,
377 520 400 539 de

271 549 332 568 poena
351 544 400 562 vivo-

272 573 312 586 rum
324 569 342 585 el
355 567 400 590 xigi-

271 591 348 609 inunum
356 596 401 614 qua.-

272 618 319 633 tuor.

308 848 398 866 Primum.

282 1409 398 1428 secundum.

305 1878 395 1897 Tertium.

418 158 475 186 224

417 235 553 265 laudando
582 237 636 263 tam
658 234 690 263 de
719 234 812 267 malis,
841 233 945 262 scilicet
971 240 1090 269 poenae,
1118 239 1201 268 quam
1229 230 1262 259 de

417 282 511 316 boum,
540 282 643 310 scilicet
668 281 788 318 gratiae,
816 281 859 309 vel
886 280 1029 313 fortunae,
1058 279 1101 308 vel
1128 281 1262 312 naturae;

416 332 443 360 in
466 331 606 359 Psaim01:
627 341 640 355 (ι
655 330 768 365 Semper
790 328 850 356 laus
868 327 928 356 eius
948 327 976 355 in
997 334 1045 355 ore
1067 334 1170 359 ineo»;
1192 333 1264 353 sem-

413 386 478 415 per,
500 377 527 405 id
547 379 589 405 est
609 384 664 404 nou
685 375 776 404 solum
797 375 823 402 in
846 373 1044 410 prosperitate,
1065 372 1112 400 sed
1133 372 1215 400 etiam
1237 371 1264 399 iu

417 423 590 453 adversitate.

497 468 660 499 Resonabac
679 471 777 496 antem
806 470 857 496 etc.
880 467 926 495 Hic
954 466 1076 503 tangitur
1104 473 1192 502 poena
1217 466 1264 493 Αθ-

417 517 575 555 gyptiorum
596 515 754 544 viventium
776 517 800 542 et
821 513 1026 551 viminalium,
1048 512 1152 541 scilicet
1173 512 1265 540 luctus

417 565 452 594 de
472 566 561 592 inorte
582 562 830 600 primogenitorum
857 568 990 594 suorum;
1011 562 1039 589 et
1060 559 1150 596 primo
1178 559 1265 595 tangi-

418 614 464 639 tur
485 610 611 639 materia
640 609 752 642 lucum,-
780 607 916 640 secundo,
945 606 1057 635 utilitas
1084 605 1264 643 lugentium.-

417 658 514 687 Simili
535 661 632 686 autern
653 665 762 694 poena,-
784 655 880 688 tertio,
902 662 996 682 cansa
1017 652 1264 681 uniuersalitatis:

417 705 558 734 Similiter
579 713 647 742 erqo
669 711 783 736 omnes,·
804 704 916 739 quarto,
938 699 1052 738 effectus
1074 707 1265 737 consequens:

419 752 458 780 De
479 751 614 780 omnibus
634 751 710 780 eni-m
731 753 781 779 etc.

496 799 585 834 (Vers.
613 799 675 827 10).
700 797 737 825 lta
757 796 832 829 dixi,
853 794 927 832 quod
952 794 1054 822 landes
1072 793 1191 830 patrias
1218 792 1265 821 de-

416 845 578 878 cantabant:
600 844 756 873 resonabat
777 846 885 875 aulem,
908 841 1010 870 scilicet
1031 840 1139 869 sortiter
1160 847 1210 877 per
1225 842 1266 868 to-

417 896 473 921 tam
494 895 597 920 terrani
620 890 747 927 Aegypti,
770 888 970 918 inconveniens
984 887 1171 916 inimieorum
1194 895 1263 920 νοω,

417 939 444 968 id
465 942 506 967 est
527 938 721 975 Aegyptiorum
737 945 793 965 vox
808 936 905 965 auditu
919 935 1073 969 horribilis;
1097 933 1181 962 Exodi
1196 933 1264 962 duo-

416 986 560 1014 decimo2:
587 996 600 1009 «
615 984 700 1012 Ortus
721 987 762 1012 est
787 983 891 1011 clamor
912 990 1029 1019 magnus
1050 982 1077 1010 in
1099 982 1219 1018 ⁴&egypto
1233 991 1264 1013 »;

416 1036 442 1061 et
461 1031 563 1068 flebilis
591 1030 769 1059 aiicliebatnr
794 1029 949 1067 planctus,
978 1028 1005 1057 id
1026 1031 1067 1057 est
1094 1028 1176 1056 fletus
1200 1035 1264 1055 cuin

416 1079 540 1116 planctu:
563 1080 623 1106 erat
636 1081 729 1105 autem
751 1077 863 1104 elamor
877 1076 952 1104 voris
973 1078 1000 1104 et
1014 1075 1096 1112 flectis
1117 1075 1263 1103 oculorum

417 1129 443 1155 et
455 1126 592 1163 planetus
607 1131 753 1157 manuum;
775 1123 892 1160 flebilis,
907 1123 1034 1160 inquam,
1053 1122 1191 1159 planetus
1202 1121 1265 1158 plo—

418 1177 551 1201 ratorum
582 1169 764 1207 infiziztium,
794 1170 820 1198 id
847 1173 888 1198 est
909 1169 943 1198 de
971 1169 1122 1198 infantibus
1147 1169 1189 1197 vel
1215 1176 1264 1205 pro

416 1219 579 1252 infantibus,
611 1225 681 1255 quos
709 1217 887 1254 plangebant,
920 1216 1072 1245 secundum
1101 1216 1169 1244 illud
1195 1216 1264 1244 lere-

416 1268 486 1296 1niae
517 1269 612 1295 sexto:
639 1277 652 1290 «
669 1266 784 1293 Luctum
816 1256 955 1301 unigeniti
981 1263 1022 1292 fac
1044 1263 1102 1297 tibi,
1123 1263 1264 1299 planctum

416 1322 541 1344 amarum
557 1325 583 1340 ».

495 1361 584 1396 (vers.
610 1361 675 1392 11).
699 1358 796 1388 Simili
817 1361 913 1386 aulem
932 1366 1039 1394 poena,
1065 1357 1091 1385 id
1120 1361 1161 1385 est
1182 1358 1263 1386 amis-

416 1408 492 1437 sione
513 1406 688 1444 primogeniti
712 1405 770 1438 sui,
791 1413 893 1433 seruus
915 1413 982 1432 enm
996 1404 1113 1432 domino
1135 1404 1263 1441 afflictus

416 1459 473 1488 est,
495 1455 522 1482 in
544 1462 600 1482 una
621 1453 717 1487 domo;
739 1456 764 1481 et
783 1452 940 1489 popularis
962 1450 1045 1479 homo
1066 1451 1130 1488 reyi
1152 1451 1263 1479 similia

412 1510 539 1540 passio-s,
561 1501 664 1529 scilicet
692 1501 719 1528 in
742 1502 799 1528 toto
827 1507 912 1535 regno
933 1499 1061 1535 Aegypti,
1084 1498 1169 1526 Exodi
1194 1498 1262 1526 duo-

414 1548 558 1577 decimo³:
587 1546 752 1575 «Percussit
780 1554 860 1574 omne
888 1545 1102 1582 primogenitum
1133 1545 1159 1573 in
1189 1547 1264 1573 terra

415 1595 540 1633 Aegypti,
555 1603 571 1623 a
586 1594 767 1631 primogenito
782 1593 943 1627 Pharaonis,
959 1593 1007 1630 qui
1025 1592 1136 1621 sedebat
1151 1592 1178 1620 in
1196 1592 1263 1620 solio

415 1642 490 1676 eius,
512 1650 602 1679 usque
623 1641 656 1669 ad
672 1640 886 1677 primogenitum
909 1640 1047 1677 captivae,
1069 1647 1139 1676 quae
1162 1639 1262 1668 eratin

415 1696 526 1717 carcere
542 1699 572 1721 »;
595 1688 677 1716 Isaiae
707 1687 838 1724 vigesimo
860 1689 975 1723 quarto:
1003 1698 1016 1711 «
1032 1686 1089 1714 Erit
1117 1686 1188 1714 sicut
1215 1694 1262 1722 po-

414 1736 512 1772 pulus,
535 1735 573 1763 sic
594 1738 621 1763 et
642 1734 784 1767 sacerdos;
806 1736 833 1762 et
847 1734 919 1762 siout
940 1742 1054 1767 servus,
1076 1734 1115 1762 sic
1135 1733 1263 1761 dominus

414 1782 474 1811 eius
486 1794 511 1809 ».

493 1828 581 1865 (Vers.
608 1828 672 1863 12).
696 1827 835 1856 Similiter
863 1836 931 1865 erg-o
954 1836 1066 1861 omnes,
1089 1827 1115 1855 id
1143 1821 1263 1855 est'rna-

414 1875 487 1904 iores
504 1878 531 1904 et
553 1875 673 1903 minores
688 1877 715 1903 et
735 1874 902 1908 mediocres,
924 1874 1028 1903 seilicet
1043 1882 1094 1903 rex
1118 1874 1222 1902 Pharao
1236 1877 1263 1902 et

414 1923 517 1951 domini
539 1922 583 1951 alii
605 1925 632 1951 et
653 1930 750 1951 eorum
765 1921 851 1955 servi;
875 1920 1016 1949 habebant
1031 1925 1162 1949 morinos
1176 1921 1262 1949 innu—

413 1969 579 2003 merabiles,
601 1969 798 2006 primogenitos
826 1976 938 2002 omnes,
960 1972 1111 2001 mortuos,
1134 1968 1262 2004 inquam,

414 2026 473 2045 uno
487 2016 602 2045 nomine
622 2016 741 2049 mortis,
757 2016 861 2044 scilicet
882 2024 938 2044 uno
953 2023 1066 2052 genere,
1089 2016 1154 2052 quia
1172 2015 1263 2043 divina

416 2064 501 2101 plaga.
525 2063 556 2091 Et
578 2063 646 2091 bene
674 2063 755 2091 dicit:
778 2071 891 2096 omnes,
920 2062 986 2099 quia
1011 2074 1024 2087 «
1047 2071 1101 2091 non
1130 2066 1189 2091 erat
1216 2062 1263 2091 do-

414 2118 490 2143 mm,
506 2110 533 2138 in
549 2118 604 2146 qua
618 2118 673 2137 non
691 2109 793 2137 iaceret
808 2112 937 2137 mortuus
949 2121 975 2143 »,
996 2112 1028 2137 ut
1043 2109 1161 2137 habetur
1177 2109 1261 2137 Exodi

414 2156 576 2185 duodecimo
587 2157 607 2183 4.
631 2155 687 2184 Nec
701 2156 778 2184 enim
797 2159 847 2184 etc.
864 2156 896 2184 Et
917 2155 986 2184 bene
1002 2156 1073 2184 dixi:
1093 2156 1263 2184 innumera-

415 2203 499 2236 biles;
522 2212 570 2231 nec
592 2203 668 2231 enim
697 2203 737 2231 acl
757 2203 965 2239 sepeliemlmn,
995 2203 1098 2231 scilicet
1120 2206 1262 2237 mortuos,
1291 2212 1292 2221 ¹

415 2249 474 2277 vivi
493 2249 690 2287 szcfficiebant;
713 2249 842 2277 {eremiae
862 2249 970 2277 dec-imo
991 2253 1086 2278 sexto:
1114 2262 1127 2274 «
1148 2250 1263 2278 Morien-

414 2300 461 2325 tur
482 2297 559 2333 parvi
581 2299 608 2325 et
628 2296 754 2333 grandes,
777 2299 803 2324 et
824 2304 876 2324 non
900 2296 1093 2333 sepelientur»
1113 2300 1164 2325 etc.
1189 2298 1264 2333 Ono-

414 2343 494 2371 niam
518 2352 576 2371 uno
596 2346 751 2376 momento,
774 2343 876 2371 scilicet
897 2351 953 2371 una
974 2343 1044 2371 hora
1064 2344 1167 2377 noctis,
1190 2352 1264 2382 quae

413 2394 478 2419 erac
495 2390 682 2427 praeclarior
702 2390 782 2418 natio
804 2390 936 2424 illorum,
959 2390 1048 2419 id'est
1069 2390 1263 2427 primogenito-

995 154 1165 183 COMMENT.
1188 153 1219 182 ΙΝ
1240 153 1432 183 ΞΑΡΙΕΝΤΙΛΜ
1453 154 1480 182 C.
1503 153 1590 182 xvlll.

1309 1310 1311 1315 '
1321 1310 1466 1339 concinno.

1319 239 1384 260 rum
1405 231 1585 264 universitas,
1614 231 1661 267 qui
1686 231 1817 268 dignitate
1846 231 2016 268 praecellunt
2047 231 2167 268 reliquos

1322 277 1407 312 filios;
1429 277 1623 306 emim-minata
1644 281 1700 311 est,
1720 277 1747 306 id
1768 281 1810 307 est
1830 278 1864 306 ab
1878 278 1978 314 Angelo
1999 277 2166 306 extermina-

1322 327 1380 352 tore
1401 324 1503 357 occisa,
1525 328 1556 352 ut
1578 327 1651 360 patet
1674 324 1759 353 Exodi
1777 324 1939 353 duodecimo
1949 324 1970 353 ⁶.

1400 371 1487 407 (Vers.
1514 370 1578 403 r13.).
1605 371 1643 398 De
1663 371 1797 399 omnibns
1818 371 1910 404 enim,
1932 371 2010 408 quasi
2032 371 2118 399 dicat:
2140 374 2167 398 et
2184 376 2277 406 Quarum,

1321 417 1420 446 merito
1451 418 1489 446 sic
1517 417 1714 446 occidebantur
1742 417 1937 455 primogenita:
1969 417 2003 446 de
2033 416 2167 446 omnibus

1321 464 1411 498 enim,
1433 464 1460 492 id
1481 467 1522 493 est
1549 472 1599 501 pro
1620 465 1749 493 omnibus
1770 465 1857 502 plagis
1878 464 1956 501 prius
1983 464 2080 499 illatis,
2109 472 2167 493 'non

1321 511 1478 545 credente&
1499 511 1603 540 seilicet
1623 511 1761 548 Aegyptii,
1780 515 1900 549 propter
1926 510 2062 547 beneficia
2072 511 2094 545 ⁶,
2116 510 2167 540 sci-

1323 559 1385 587 licet
1405 559 1444 587 eis
1464 558 1534 587 faeta
1562 558 1589 586 in
1611 558 1783 595 singularum
1812 558 1955 595 plagarum
1981 558 2167 592 relaxatione,

1322 609 1353 634 ut
1368 608 1442 642 patet
1463 605 1547 633 Exodi
1564 605 1694 641 septimo,
1709 608 1818 639 octavo,
1840 613 1924 639 nono,
1939 605 2085 634 decimo-et
2099 605 2166 633 duo-

1322 652 1435 680 decimo.
1465 652 1544 680 Tunc
1565 660 1632 679 cum
1652 652 1783 688 primum
1805 651 1865 689 fuit
1885 651 2091 680 exterminium
2103 651 2167 689 pri-

1321 698 1550 736 moyenilorum,
1578 698 1681 727 scilicet
1708 699 1735 727 in
1764 699 1861 727 ultima
1888 699 1982 735 plaga,
2011 698 2167 736 spoponde-

1323 748 1408 778 runt,
1428 744 1571 781 populum
1595 745 1646 773 Dei
1659 754 1688 773 se
1709 754 1783 780 esse,
1806 746 1833 774 id
1851 748 1893 774 est
1913 745 2116 782 promiserunt,
2138 753 2167 774 se

1322 792 1370 820 Dei
1392 792 1550 820 mandatum
1572 792 1677 826 facere,
1699 793 1773 829 quod
1794 796 1853 821 erat
1874 792 1907 821 de
1920 791 2078 821 dimissione
2099 792 2168 821 filio-

1322 848 1385 868 rum
1409 839 1502 873 lsrael;
1519 842 1585 867 tunc
1599 839 1672 868 enim
1687 840 1852 868 dimiserunt
1872 847 1930 873 eos,
1946 842 1977 868 ut
1991 842 2067 876 patet
2082 839 2166 868 Exodi

1321 885 1483 914 duodecimo
1495 885 1514 913 ⁷.
1531 885 1594 913 Vel:
1609 887 1828 923 spoponderunt
1842 889 1907 920 ete,
1923 885 1949 914 id
1964 888 2018 920 est,
2034 886 2168 923 promise-

1322 936 1401 967 runt,
1423 940 1451 961 se
1472 933 1529 961 Deo
1550 933 1737 962 Hebraeorum
1766 933 1891 967 credere,
1913 933 1934 962 si
1963 932 2166 967 liberarentur3

1322 980 1404 1009 Isaiae
1426 980 1558 1017 vigesimo
1579 984 1673 1009 sexto:
1700 993 1713 1006 «
1733 981 1859 1015 Domine,
1882 981 1908 1009 in
1937 980 2063 1017 angustia
2084 988 2168 1017 quae-

1321 1028 1428 1056 sierunt
1449 1031 1475 1056 te
1491 1038 1521 1062 »;
1538 1028 1564 1056 in
1587 1028 1704 1056 Psalmo:
1732 1040 1744 1053 «
1760 1028 1828 1057 Cum
1843 1027 1979 1056 occideret
2000 1035 2062 1061 eos,
2084 1035 2168 1064 quae-

1322 1075 1419 1103 rebant
1439 1082 1503 1103 eum
1518 1086 1544 1102 ».

1402 1122 1473 1150 Cum
1495 1122 1572 1150 enim
1599 1123 1727 1160 quietum
1749 1125 1799 1151 etc.
1828 1122 1974 1159 Postquam
2003 1121 2168 1150 determina·
2199 1128 2265 1164 Quartq

1322 1170 1360 1198 vit
1380 1169 1413 1198 de
1434 1169 1582 1198 afflictione
1603 1170 1774 1207 vigilantium
1793 1177 1843 1206 pro
1864 1171 1953 1198 morte
1973 1156 2269 1216 primogenito-fffirigm

1321 1225 1397 1251 rum,
1420 1217 1464 1245 hic
1485 1217 1541 1253 agit
1561 1216 1595 1245 de
1610 1216 1767 1253 affliccione
1787 1215 2010 1249 dormientium
2031 1218 2058 1244 et
2079 1215 2169 1252 primo
2183 1203 2220 1217 ’ω
2246 1203 2271 1217 ’ω’

1322 1264 1443 1300 tangitur
1470 1263 1626 1292 afflictionis
1654 1272 1765 1296 causa,-
1790 1262 1926 1296 secundo,
1949 1270 2060 1299 poena:
2089 1263 2169 1291 Tune

1400 1357 1488 1394 (Vers.
1514 1357 1557 1385 14.
1583 1358 1648 1393 15).
1665 1358 1735 1386 Bene
1749 1357 1821 1385 dixi:
1850 1357 1930 1385 Tunc
1950 1365 2018 1385 cnm
2034 1356 2168 1394 primum
2188 1348 2284 1383 rrinum'v

1319 1404 1378 1441 fail
1398 1404 1623 1437 exterminiiinm
1651 1404 1742 1438 enim,
1765 1412 1815 1441 pro
1843 1403 1920 1441 quia:
1943 1412 2011 1432 eum
2038 1403 2167 1442 quietum

1319 1451 1466 1480 silentium
1494 1451 1694 1480 continerent⁶3
1723 1452 1841 1484 omnim
1868 1450 2032 1485 silentium,
2066 1450 2169 1479 scilicet

1320 1499 1422 1531 noctis,
1445 1505 1516 1534 quae
1537 1498 1600 1525 data
1621 1501 1662 1526 est
1683 1498 1717 1526 ad
1739 1497 1949 1534 quiescendum,
1972 1497 2043 1526 sicut
2057 1497 2114 1526 dies
2134 1497 2168 1525 ad

1319 1545 1504 1582 operandum
1523 1545 1594 1573 unde
1610 1545 1714 1581 primae
1733 1545 1766 1573 ad
1786 1544 2042 1573 Thessalonicenses
2055 1545 2168 1582 quinto:

1325 1592 1403 1629 «Qui
1432 1592 1576 1620 dormiunt
1603 1596 1683 1621 nocte
1708 1592 1890 1621 dormiunt».
1915 1592 1950 1620 Ec
1970 1600 2028 1620 nox
2056 1591 2088 1620 in
2115 1600 2169 1620 suo

1319 1648 1411 1668 cursu
1433 1640 1488 1668 iter
1509 1640 1635 1668 medelum
1659 1639 1791 1674 liaberet,
1813 1639 1840 1668 id
1861 1642 1918 1673 est,
1938 1647 2003 1667 cum
2024 1642 2096 1668 esset
2111 1647 2169 1668 mt-

1319 1686 1395 1715 dium
1417 1686 1520 1720 noctis;
1548 1686 1622 1715 unde
1650 1687 1737 1715 Exodi
1759 1687 1940 1715 duodecimo:
1967 1697 1980 1711 «
1995 1686 2106 1715 Factum
2128 1689 2169 1715 est

1319 1737 1412 1762 autem
1433 1733 1459 1761 in
1483 1733 1571 1761 noctis
1592 1733 1682 1762 medio
1695 1745 1724 1768 »;
1747 1738 1774 1762 θι
1795 1734 1847 1762 hoc
1863 1736 1975 1770 propter
1996 1733 2170 1770 improvisio-

1320 1788 1391 1809 nem.
1407 1797 1445 1800 —
1462 1780 1649 1816 Omnipotens
1669 1789 1764 1809 sermo
1787 1784 1872 1813 cuns,
1898 1780 2017 1808 Domine
2028 1779 2049 1813 ⁰,
2072 1779 2099 1808 id
2127 1783 2169 1808 est

1319 1827 1455 1856 ordinatio
1478 1831 1525 1856 tua
1547 1830 1573 1856 et
1602 1828 1713 1862 iussus;
1736 1827 1810 1856 uude
1830 1827 1864 1856 ad
1892 1827 2029 1856 Hebraeos
2049 1829 2168 1864 quarto:

1324 1886 1337 1900 «
1352 1875 1439 1903 Vivus
1460 1878 1501 1903 est
1523 1882 1614 1903 sermo
1636 1875 1682 1903 Dei
1712 1878 1739 1903 et
1759 1875 1859 1903 efficax
1875 1886 1901 1909 n,
1923 1874 2027 1903 scilicet
2055 1876 2169 1911 propter

1320 1921 1464 1951 resistendi
1486 1921 1751 1957 impossibilitatem,
1773 1922 1907 1950 eaesiliens
1928 1921 1961 1950 de
1982 1921 2073 1956 caelo,
2094 1922 2169 1950 exsi-

1320 1969 1391 1997 liens
1422 1969 1488 1997 dicit
1513 1972 1627 2005 propter
1650 1969 1835 2003 velocitatem,
1857 1968 1891 1997 de
1911 1968 2002 2002 eaelo,
2024 1968 2052 1997 id
2079 1971 2121 1997 est
2140 1969 2168 1997 in

1320 2016 1420 2053 :tngelo
1440 2016 1675 2049 exterminatore,
1697 2024 1716 2044 α
1738 2016 1886 2053 regalibus
1913 2015 2043 2049 sedibus,
2065 2015 2169 2045 scilicet

1320 2063 1387 2097 tuis,
1404 2062 1430 2091 id
1445 2066 1486 2091 est
1504 2062 1539 2091 ab
1555 2063 1720 2099 Angelorum
1736 2063 1890 2097 consortio,
1906 2063 1933 2091 in
1952 2062 2056 2100 quibus
2070 2070 2169 2100 regnas

1320 2113 1345 2138 et
1367 2109 1461 2143 sedes:
1477 2109 1504 2137 in
1521 2109 1627 2138 Psalmo
1640 2109 1674 2137 10;
1695 2120 1708 2134 α
1723 2109 1774 2146 Qui
1790 2109 1868 2138 sedes
1883 2117 1967 2145 super
1988 2109 2128 2138 Cherubin
2141 2120 2168 2136 ».

1321 2157 1383 2185 Vel:
1405 2156 1540 2184 exsiliens
1561 2156 1595 2184 de
1616 2156 1710 2189 caelo,
1733 2156 1866 2185 sciliceta
1885 2158 1911 2184 te
1932 2156 2049 2190 missus,
2071 2155 2119 2192 qui
2141 2155 2168 2184 in

1320 2203 1394 2231 caelo
1415 2203 1509 2231 sedes:
1537 2202 1666 2231 «Omnes
1688 2203 1760 2231 enim
1782 2202 2007 2231 administratorii
2029 2205 2095 2231 sunt
2115 2202 2170 2239 spi-

1320 2250 1391 2278 ritus
1412 2250 1438 2277 in
1471 2249 1656 2278 ministerium
1687 2250 1761 2278 missi
1791 2253 1904 2286 propter
1932 2257 1991 2283 eos,
2019 2249 2066 2286 qui
2089 2249 2169 2278 here-

1319 2297 1431 2325 ditatem
1456 2297 1569 2333 capiunt
1591 2297 1728 2331 salutis»,
1750 2297 1783 2325 ad
1806 2296 1942 2328 Hebraeos
1962 2297 2071 2333 primo;
2093 2297 2169 2325 venii

1320 2345 1432 2378 darm,
1451 2337 1488 2371 'id
1509 2346 1551 2372 est
1578 2344 1776 2380 implacabilis,
1798 2343 1962 2378 debellator,
1991 2343 2094 2373 scilicet
2121 2343 2170 2372 Αθ-

1320 2391 1479 2428 gyptiorum
1500 2394 1613 2427 propter
1635 2399 1732 2419 eorum
1747 2391 1974 2425 obstinationem;
1997 2391 2028 2420 in
2042 2391 2170 2420 mediam

477 2598 484 2611 ¹
502 2600 586 2621 Psalm.
603 2600 644 2627 33,
663 2601 683 2621 2.

476 2637 484 2650 ²
503 2639 569 2660 vers.
587 2639 623 2660 30.
643 2652 672 2654 —
690 2639 784 2661 Inferius
800 2639 911 2666 allegatur
929 2640 969 2661 ler.
988 2640 1013 2667 6,
1032 2640 1068 2661 26.

476 2676 485 2689 ³
503 2678 568 2699 Vers.
592 2678 636 2699 29:
663 2678 776 2700 Percussit
801 2679 912 2700 Dominus
937 2684 1007 2700 omne
1032 2682 1075 2701 etc.
1097 2691 1128 2695 —
1154 2679 1263 2707 Sequitur

413 2717 463 2739 lsai.
482 2716 525 2743 24,
543 2717 564 2738 2.

475 2754 485 2767 ‘³
503 2755 568 2777 Vers.
580 2755 622 2777 30:
636 2756 714 2784 Neque
727 2756 789 2777 enirn
802 2759 850 2778 erat
862 2759 904 2778 etc.
913 2769 944 2773 -
954 2758 1007 2785 Seq.
1020 2757 1084 2779 locus
1093 2760 1127 2779 est
1136 2758 1176 2779 lor:
1191 2757 1224 2784 16,
1236 2758 1261 2779 6:

414 2795 439 2816 Et
456 2794 583 2816 morientur
600 2795 700 2822 grandes
717 2798 739 2817 et
756 2795 822 2822 parvi
840 2796 861 2817 in
880 2799 939 2817 terra
957 2796 1011 2822 ista,
1030 2802 1075 2818 non
1093 2799 1136 2818 etc.

476 2832 486 2845 ⁶
503 2834 568 2856 Vers.
586 2834 624 2855 29.

475 2871 485 2884 ὅ
502 2873 531 2895 lta
549 2873 618 2894 etiarn
636 2873 699 2895 card.
712 2874 778 2900 Hugo
791 2876 813 2895 et
824 2874 940 2902 Lyranus:
954 2874 1051 2901 Vulgata
1065 2874 1188 2904 veneficia,
1201 2881 1261 2903 quae

413 2912 481 2934 etiam
500 2912 593 2934 inferius
610 2912 675 2940 legit:
692 2914 749 2935 tnnc
763 2919 817 2935 vero
826 2919 935 2942 primum
947 2919 1001 2936 cnm
1013 2913 1208 2943 sm't...populum
1221 2913 1263 2936 Dei

414 2957 476 2979 esse,
494 2952 549 2973 dum
568 2952 630 2973 card.
648 2952 715 2979 Hugo
733 2955 755 2973 et
772 2953 875 2980 Lyranus
891 2953 998 2975 omittunt
1014 2959 1070 2975 'vero
1087 2956 1109 2975 et
1126 2953 1214 2975 addunt
1230 2959 1261 2976 se.

1386 2599 1394 2612 ⁷
1412 2601 1476 2623 Vers.
1489 2601 1527 2622 31.
1540 2613 1569 2616 —
1582 2600 1686 2622 Subinde
1697 2601 1824 2628 allegantur
1836 2600 1885 2622 lsai.
1897 2600 1938 2628 26,
1951 2600 1987 2622 46.
2000 2603 2023 2622 et
2034 2601 2069 2623 Ps.
2080 2600 2118 2627 77,
2131 2600 2170 2623 34.

1384 2638 1393 2651 ⁵
1410 2640 1474 2661 Hanc
1491 2639 1611 2661 lectionem
1630 2642 1732 2661 recenset
1749 2639 1812 2661 card.
1826 2640 1894 2667 Hugo
1911 2643 1933 2661 et
1950 2640 2054 2667 Lyranus
2070 2639 2094 2661 in
2111 2645 2169 2661 mar-

1320 2679 1388 2707 gine3
1409 2679 1504 2707 Vulgata
1523 2678 1658 2701 contineret.
1670 2691 1701 2695 —
1713 2679 1762 2701 Duo
1780 2685 1844 2707 seqq.
1859 2679 1901 2701 loci
1919 2681 1972 2701 sunt
1988 2679 2003 2701 1.
2015 2679 2095 2701 Thess.
2108 2679 2133 2707 5,
2145 2678 2169 2700 7.

1320 2722 1342 2740 et
1359 2718 1429 2741 Exod.
1451 2718 1490 2745 ¹2,
1509 2718 1546 2740 29.

1382 2756 1392 2769 ⁹
1409 2757 1515 2780 Pluribus
1541 2757 1645 2785 omissis,
1669 2758 1730 2779 hunc
1756 2763 1849 2780 versum
1874 2757 1971 2785 Vulgata
1999 2757 2031 2780 sic
2059 2756 2147 2779 exhibet
2162 2765 2168 2778 :

1321 2796 1473 2825 Omnipotens
1495 2802 1573 2819 sermo
1596 2798 1651 2820 tuus
1669 2796 1696 2819 de
1713 2796 1776 2819 caelo
1796 2802 1812 2819 a
1829 2795 1950 2825 reqalz'bus
1972 2795 2073 2824 sedibus,
2090 2795 2169 2819 durii-s·

1319 2834 1446 2858 debellator
1464 2838 1519 2862 etc.;
1537 2842 1590 2857 curn
1611 2838 1686 2858 nostra
1709 2835 1805 2857 lectione
1826 2835 1965 2857 conveniunt
1982 2835 2045 2857 card.
2061 2835 2129 2863 Hugo
2146 2838 2169 2857 et

1319 2875 1428 2902 Lyranus.
1447 2887 1478 2891 —
1495 2875 1603 2903 Sequitur
1620 2874 1690 2897 Hebr.
1711 2874 1735 2901 4,
1757 2875 1790 2896 12.

1384 2912 1402 2925 ¹⁰
1420 2914 1502 2936 Psalni.
1519 2913 1557 2940 70,
1576 2915 1598 2936 2.
1615 2926 1646 2930 —
1663 2914 1715 2942 Seq.
1733 2913 1796 2935 locus
1814 2916 1847 2935 est
1864 2912 1934 2936 Hebr.
1952 2913 1973 2940 l,
1992 2913 2028 2935 Μ.
