2296 3316
386 155 439 184 198

382 237 441 261 cata
462 234 556 260 nostra
576 230 691 267 pertulit
711 230 738 258 in
760 236 876 266 corpore
897 237 948 257 suo
967 236 1052 265 super
1073 228 1178 265 lignum
1197 239 1223 256 n.

245 286 310 304 Crucis
323 286 365 304 effe
383 279 432 307 Per
453 278 520 306 illud
542 277 646 314 lignum
660 275 743 313 facta
757 280 798 304 est
812 275 939 309 iustitia,
961 275 1026 312 quia
1045 286 1058 300 «
1074 275 1225 312 unicuique

261 312 301 327 (RES
314 314 353 327 ΕΘΚ.

249 1171 362 1190 Notandum.

235 1358 332 1382 Expositio
339 1359 368 1377 lit-

272 1382 343 1400 teralis.

259 1406 350 1424 Tertium.

268 1593 364 1616 Quaestio.

309 1780 365 1804 Resp.

382 324 520 353 redditum
539 326 580 352 est
601 322 674 360 quod
703 330 785 351 suum
807 325 906 351 erat».
937 321 1001 349 Nam
1024 329 1073 358 per
1094 321 1161 350 illud
1195 321 1224 349 li-

380 379 466 407 gnum
502 371 680 399 destructum
710 372 750 397 est
775 372 946 406 peceatum,
975 368 1129 396 secundum
1157 368 1224 396 illud

380 417 454 454 quod
478 420 570 445 cantat
601 416 762 445 Ecclesia1:
792 427 804 440 ιε
827 416 899 443 Mors
930 417 1040 442 mortua
1071 417 1137 443 tunc
1167 417 1223 448 est,

380 463 490 501 quando
517 463 544 491 iu
574 463 647 500 ligno
674 465 784 491 mortua
811 461 866 490 vita
894 461 946 489 fuit
967 471 999 494 »;
1021 461 1090 489 Osee
1117 460 1224 489 decimo

381 510 480 539 tertio:
507 522 520 535 «
540 509 563 538 O
592 518 680 544 mors,
709 517 757 538 ero
785 516 860 536 mors
888 511 963 536 tua»
989 510 1040 536 etc.
1063 507 1146 543 item„
1176 515 1224 544 per

380 557 470 594 ipsum
491 560 533 585 est
560 556 694 584 diabotus
720 556 829 588 vicem,
851 554 1003 583 secundum
1028 553 1095 582 illud
1123 554 1224 590 Grego-

380 603 429 631 rii:
455 614 469 628 «
484 603 536 639 Qui
558 610 607 640 per
629 602 734 639 lignum
759 601 885 631 vincebat
907 608 955 638 per
980 601 1084 637 lignum
1112 608 1224 637 quoque

380 650 538 678 vinceretur
552 661 579 677 n.
602 649 681 682 Item,
703 657 752 685 per
773 649 865 686 ipsum
885 651 927 676 est
948 646 1031 676 ltomo
1056 646 1225 675 reconcilia-

380 700 447 729 tzts,-
473 697 507 726 ad
535 697 708 725 Colossenses
736 695 897 724 secundo2:
924 706 937 720 α
956 694 1056 723 Delens
1083 693 1224 730 chirogra-

379 743 466 780 phum
487 743 604 777 decreti,
625 742 700 780 quod
720 745 781 771 erat
805 742 977 771 contrarium
998 741 1090 774 nobis,
1111 740 1225 776 affigens

380 789 447 818 illud
468 791 545 819 cruci
565 802 595 825 »;
624 790 689 818 item
710 789 744 817 ad
772 789 946 817 Colossenses
973 788 1076 825 primo:
1103 799 1116 812 «ι
1132 786 1226 815 Pacifi-

380 844 445 865 cans
466 844 515 873 per
530 838 692 875 sanguinem
714 836 842 865 crucis».
860 836 939 869 Item,
961 834 1097 872 infer-nus
1117 833 1224 870 spolia-

381 888 439 918 tus;
461 883 494 912 ad
516 884 690 913 Colossenses
711 882 847 912 secundo:
874 894 887 907 «
906 882 1029 918 Spolians
1055 880 1226 918 principatus

380 934 407 959 et
428 933 576 967 potestates
591 944 604 956 υ
630 934 680 960 etc.
696 931 775 963 item,
796 928 910 957 caetum
924 932 1078 965 expertium
1100 927 1173 956 unde
1188 927 1225 955 la-

380 978 451 1006 troni
474 977 579 1006 dictum
600 981 654 1007 est:
678 989 691 1003 «
707 976 788 1006 Hodie
810 983 918 1004 mecum
939 975 994 1003 eris
1015 975 1041 1003 in
1058 974 1184 1011 paradiso
1199 986 1225 1008 »,

380 1025 468 1052 Lucae
496 1024 629 1060 vigesimo
661 1024 786 1057 tertio⁵;
819 1022 900 1051 Isaiae
928 1021 1059 1058 vigesimo
1086 1020 1225 1050 secundo:

386 1070 488 1098 «Dabo
509 1070 614 1099 clavem
633 1071 733 1099 domus
754 1069 839 1098 David
854 1080 880 1096 ».
903 1068 982 1101 item,
1000 1066 1134 1095 Christus
1148 1066 1226 1095 exal-

381 1121 474 1150 tatus,-
488 1117 562 1146 unde
576 1117 610 1146 ad
633 1118 820 1154 Philippenses
841 1115 973 1144 secundo:
993 1126 1006 1139 «
1020 1114 1133 1151 Propter
1152 1113 1227 1151 quod

381 1168 407 1193 et
428 1164 502 1192 Deus
522 1164 656 1192 exaltavit
671 1165 748 1193 illuni
762 1176 775 1189 ι»
797 1166 848 1192 etc.
864 1163 933 1190 Haec
952 1161 1003 1189 fuit
1025 1161 1102 1197 virga
1117 1161 1225 1189 Assueri

381 1211 408 1239 in
436 1211 544 1247 signum
572 1211 733 1239 clementiae
758 1209 862 1239 homini
887 1212 997 1237 ostensa>
1018 1208 1060 1236 vel
1086 1210 1226 1244 porrecta,

381 1258 478 1286 Esther
502 1257 610 1286 decimo
630 1258 737 1294 quinto.

459 1304 547 1341 (Vers.
570 1304 618 1337 8.).
646 1305 677 1333 Et
704 1305 774 1333 bene
801 1304 873 1338 dixi,
902 1302 1079 1331 benedictum
1107 1309 1166 1330 esse
1195 1301 1227 1330 li-

379 1360 485 1388 quam,
507 1350 660 1379 secundum
677 1352 753 1389 quod
767 1350 800 1388 sit
820 1350 950 1382 iustitia,-
964 1352 1075 1381 autem,
1098 1356 1148 1384 pro
1167 1347 1226 1381 sed3

382 1398 505 1431 idolmn,
524 1398 601 1435 qaod
614 1397 648 1434 fit
659 1406 714 1434 per
732 1406 853 1431 marrim,
872 1397 975 1426 scilicet
991 1395 1143 1429 artificum,
1164 1403 1228 1423 ma-

382 1445 517 1473 ledictum
537 1448 588 1478 est,
609 1448 635 1473 et
655 1445 767 1482 ipsum,
789 1445 892 1473 scilicet
913 1443 1031 1476 idolum,
1053 1445 1077 1470 et
1097 1442 1149 1480 qui
1161 1440 1228 1478 feeit

383 1492 470 1526 illud,
493 1492 595 1520 scilicet
616 1492 726 1520 artifex.

461 1538 512 1567 Sed
533 1538 653 1572 idolum,
674 1546 738 1567 cum
768 1539 803 1567 sit
831 1546 876 1567 res
903 1537 1063 1570 inanimata,
1091 1535 1228 1573 quomodo

382 1585 575 1614 maledicitur?
596 1585 667 1621 Quia
687 1585 739 1613 ista
759 1585 913 1613 maledictio
934 1588 983 1612 aut
1004 1583 1166 1619 intelligitur
1185 1590 1229 1610 ra-

383 1632 456 1661 tione
477 1631 595 1668 eulpae,
618 1639 689 1668 quae
711 1631 738 1659 in
760 1631 863 1660 idolum
886 1640 940 1659 non
962 1630 1045 1664 cadit,
1061 1632 1109 1658 aut
1123 1628 1229 1657 ratione

380 1687 506 1716 poenae,
527 1686 598 1715 quae
620 1678 726 1707 ratione
747 1678 845 1715 culpae
865 1678 950 1715 infligi
973 1677 1063 1706 habet.

462 1725 629 1759 Dicendum,
651 1725 725 1762 quod
753 1725 780 1753 in
803 1725 875 1753 idolo
902 1728 943 1753 est
964 1724 1137 1753 considerare
1157 1723 1228 1757 duo,

383 1773 485 1802 scilicet
498 1772 638 1809 spiritum
649 1772 864 1809 praesidentem
885 1774 912 1800 et
925 1771 1056 1809 fiyuram
1075 1770 1154 1808 liyni.
1171 1770 1229 1807 lpse

383 1820 520 1856 malignus
540 1819 665 1856 spiritus
684 1819 846 1847 maledictus
867 1821 908 1847 est
923 1818 1112 1847 maledictione
1132 1818 1229 1854 culpae

382 1870 409 1896 et
428 1874 546 1903 poenae;
569 1866 616 1895 sed
638 1865 764 1903 liquam,
786 1865 977 1894 maledictione
998 1864 1185 1893 detestationis
1202 1866 1230 1892 et

382 1913 522 1946 infamiae,
543 1912 622 1949 quasi
644 1911 789 1940 cuiusdam
811 1919 927 1948 poenae,
949 1919 1002 1939 non
1022 1911 1087 1948 quia
1109 1911 1144 1939 sit
1164 1910 1229 1939 sub-

382 1959 484 1987 iectum
506 1958 616 1995 culpae,
633 1957 738 1986 ratione
753 1957 833 1986 cuius
854 1957 937 1985 habet
953 1957 1038 1994 infligi
1060 1965 1163 1994 poena,
1182 1956 1229 1985 sed

382 2005 447 2042 quia
478 2005 593 2033 materia
628 2004 671 2033 vel
701 2004 807 2033 occasio
838 2004 944 2041 culpae.
976 2003 1052 2032 Unde
1082 2003 1177 2032 Glossa
1194 2003 1228 2030 4:

388 2052 545 2080 «Diabolus
572 2051 644 2080 enim
672 2050 735 2079 inde
756 2051 898 2087 punietur,
920 2050 994 2087 quod
1019 2050 1069 2079 sibi
1096 2050 1228 2078 honorem

382 2099 507 2127 divinum
528 2101 661 2135 usurpat;
683 2101 710 2126 et
732 2098 830 2131 homo,
851 2097 898 2134 qui
921 2105 972 2134 pro
1000 2097 1129 2125 Creatore
1154 2104 1230 2125 crea-

383 2150 475 2174 turam
496 2145 655 2173 honorat».

463 2192 541 2228 Quia.
562 2191 607 2220 itte
621 2191 737 2229 quidem
758 2194 896 2227 operatus
911 2194 964 2223 est,
987 2189 1090 2218 scilicet
1110 2189 1229 2222 idolum,

383 2239 457 2268 unde
487 2238 586 2267 merito
616 2237 780 2266 maledictus
811 2239 870 2270 est;
903 2236 986 2264 Isaiae
1018 2235 1229 2272 quadragesimo

384 2285 524 2323 quarto-⁵³:
550 2296 563 2309 <1
580 2285 661 2317 Eece,
683 2291 778 2312 omnes
806 2283 954 2320 participes
974 2282 1035 2311 eius
1062 2281 1230 2310 confunden-

384 2337 431 2362 tur
445 2344 472 2360 υ.
494 2332 571 2361 Illud
592 2335 706 2365 autem,
727 2331 830 2360 scilicet
852 2330 970 2363 idolum,
992 2338 1059 2357 cwm
1074 2333 1145 2357 esset
1164 2327 1230 2365 fra-

382 2379 452 2418 yae,
481 2379 547 2416 quia
573 2379 607 2407 de
632 2378 721 2415 fragili
749 2377 879 2410 materia;
909 2376 980 2405 deas
1008 2376 1230 2413 coyrnomz'natas

384 2431 440 2461 est,
472 2426 575 2455 seilicet
606 2426 663 2454 sola
690 2424 911 2461 nuncupatione,
944 2431 998 2452 non
1031 2423 1069 2451 rei
1098 2422 1229 2456 veritate;

385 2476 498 2510 propter
520 2472 593 2509 quod
614 2471 713 2500 merito
735 2470 918 2499 maledicitur.

970 150 1139 179 COMMENT.
1162 150 1193 179 ΙΝ
1215 150 1405 178 ΞΑΡΙΕΝΤΙᾸΜ
1427 149 1455 178 C.
1477 150 1542 178 xlv.

1358 226 1459 250 Secundo
1476 226 1607 250 detestatur
1624 226 1685 251 idola.
1701 227 1791 258 propter
1808 227 1913 251 offensam
1929 228 2051 252 creatoris.

1360 321 1499 350 Similiter
1520 325 1618 349 autem
1631 324 1682 350 etc.
1706 322 1752 350 Hic
1776 322 1863 358 tangit
1887 322 2035 351 secundam
2059 331 2124 352 cau-

1281 376 1338 397 sam
1353 368 1540 397 detestationis
1555 368 1706 402 idolorum,
1722 371 1840 397 sumtam
1856 377 1890 397 ex
1902 372 1988 405 parte
2001 368 2125 407 offensae

1283 414 1444 447 Creator-is,-
1465 417 1492 443 et
1513 414 1603 451 primo
1625 415 1710 451 tangit
1724 415 1843 452 siynum
1863 414 2000 453 offensae,
2022 416 2125 445 scilicet

1281 461 1400 494 idolum,
1421 464 1449 490 et
1469 460 1685 489 idololatram&
1703 470 1845 498 poenam,·
1865 462 1998 496 secundo,
2016 471 2125 500 poenae

1280 507 1581 536 irremissibilitatem:
1605 508 1729 544 Propter
1757 507 1808 537 ltoe
1835 511 1906 543 etc.;
1934 510 2028 544 tertio,
2054 518 2125 538 cau-

1279 563 1346 583 sam
1367 563 1386 583 a
1410 557 1497 591 parte
1524 554 1610 583 idoli:
1634 555 1780 590 Quoniam
1810 560 1981 589 creacttrae,·
2009 560 2124 593 quarto,

1281 610 1405 629 causam
1426 609 1445 629 α
1463 604 1550 638 parte
1570 601 1805 630 idololatrantz‘s:
1834 602 1955 630 Initium
1976 603 2051 631 em'm
2072 606 2123 632 etc.

1359 648 1447 684 (Vers.
1474 648 1521 676 93.
1551 647 1621 676 Bene
1641 647 1713 682 dixi,
1735 648 1809 685 quod
1837 652 1989 686 utrumque
2014 649 2124 679 maledi-

1281 697 1356 722 ctum
1371 697 1435 728 etc.;
1457 697 1568 728 autem,
1589 702 1640 730 pro
1656 694 1734 731 quia;
1755 695 1889 725 similiter
1906 696 1971 724 odio
1985 700 2055 725 sum
2070 697 2125 726 Deo

1281 740 1411 777 impius,
1440 740 1543 769 scilicet
1570 739 1732 775 idololatra,
1760 741 1826 778 quia
1853 742 1970 779 abnegat
1997 743 2125 779 pietatem

1281 787 1365 815 divini
1387 787 1493 821 cultus,
1515 790 1540 815 et
1561 787 1695 824 impietas
1715 788 1795 822 eius,
1817 788 1843 816 id
1871 792 1912 817 est
1933 789 2048 818 materia
2075 789 2126 818 im-

1282 833 1390 869 pietatis
1411 834 1484 868 eius,
1505 834 1609 862 scilicet
1629 833 1749 868 idolum,
1771 834 1799 862 id
1819 838 1860 863 est
1887 835 2002 864 daemon
2023 837 2126 873 praesi-

1281 879 1349 908 dens
1379 880 1466 914 idolo;
1500 880 1678 909 Ecclesiastici
1710 880 1873 909 duodecimo
1887 882 1914 910 ⁶:
1944 882 2127 912 «Altissimus

1283 926 1365 955 habet
1386 926 1448 955 odio
1469 930 1626 964 peccatores
1640 939 1666 955 ».
1690 927 1721 955 Et
1742 927 1908 962 notandum,
1930 928 2003 965 quod
2032 929 2125 958 odium

1283 972 1330 1001 Dei
1357 981 1410 1001 non
1439 976 1515 1002 notat
1543 974 1584 1002 vel
1607 976 1685 1002 sonat
1705 972 1841 1011 affectum
1862 974 1890 1002 in
1911 974 1986 1011 ipso,
2015 975 2062 1004 sed
2086 975 2127 1014 ef-

1283 1018 1390 1055 fectum
1412 1019 1438 1047 in
1460 1028 1492 1048 eo
1513 1028 1596 1057 quem
1618 1020 1682 1048 odit.

1362 1066 1451 1102 (Vers.
1476 1068 1541 1102 td).
1575 1066 1684 1095 Etenim
1711 1067 1788 1105 quod
1808 1065 1923 1103 sactum
1947 1070 2003 1102 est,
2025 1067 2128 1096 scilicet

1284 1111 1403 1146 idolum,
1424 1121 1491 1141 cum
1512 1113 1560 1142 illo
1581 1113 1633 1152 qui
1652 1112 1733 1151 feeit,
1755 1113 1782 1141 id
1803 1116 1845 1142 est
1865 1121 1929 1142 curn
1950 1113 2056 1143 artifice
2070 1113 2127 1142 ido-

1284 1159 1396 1193 lolatra,
1418 1163 1561 1188 tormenta
1579 1160 1717 1197 patietur.

1363 1206 1401 1234 De
1415 1206 1558 1235 idololatra
1572 1207 1685 1243 planum
1700 1209 1757 1241 est;
1772 1206 1819 1235 sed
1833 1206 1867 1236 de
1888 1206 1972 1241 idolo,
1991 1207 2128 1244 quomodo

1284 1260 1381 1280 verum
1396 1260 1456 1281 esse
1477 1256 1580 1289 potest,
1595 1253 1698 1282 scilicet
1718 1253 1792 1282 uuod
1807 1256 1976 1282 tormentum
1997 1254 2128 1291 patiatur,

1284 1306 1347 1327 cum
1371 1299 1406 1327 sit
1426 1307 1471 1328 res
1492 1300 1659 1328 inanimata?

1362 1346 1529 1380 Dicendum,
1551 1346 1625 1383 quod
1646 1346 1680 1375 de
1708 1346 1779 1375 idolo
1800 1347 1924 1384 loquitur
1945 1347 2051 1376 ratione
2071 1356 2128 1376 ma-

1285 1391 1349 1428 ligni
1371 1392 1486 1428 spiritus
1507 1392 1533 1420 in
1555 1400 1588 1421 eo
1608 1392 1804 1429 praesidentis,
1826 1401 1880 1421 non
1901 1401 1938 1422 ex
1959 1397 2038 1430 parte
2059 1394 2129 1431 tigu—

1285 1447 1332 1467 rae
1353 1439 1395 1467 vel
1419 1439 1550 1468 materiae
1571 1439 1658 1476 ipsius
1679 1439 1752 1468 idoli.

1364 1486 1416 1513 San
1437 1493 1562 1514 CONTRA:
1590 1486 1734 1514 idololatra
1755 1494 1808 1514 non
1830 1486 1894 1515 facit
1922 1487 2050 1523 spiritum
2072 1496 2129 1516 rna-

1286 1532 1389 1569 lignum
1412 1532 1622 1569 praesidentem.

1364 1579 1528 1613 Dicendum,
1550 1579 1625 1615 quod
1646 1579 1709 1607 licet
1733 1587 1787 1607 non
1808 1579 1889 1608 faciat
1910 1580 2000 1617 ipsum
2028 1580 2056 1609 in
2084 1589 2128 1615 se,

1285 1626 1349 1655 facit
1370 1629 1477 1660 tamen,
1505 1626 1579 1663 quod
1598 1626 1625 1654 in
1654 1626 1725 1654 idolo
1746 1626 1914 1663 praesideat;
1943 1627 2014 1655 sicut
2041 1627 2128 1656 Deum

1285 1673 1405 1701 dicimur
1426 1672 1557 1701 exaltare
1584 1676 1611 1701 et
1638 1672 1848 1710 maynifieare,
1877 1681 1932 1702 non
1953 1673 1980 1702 in
2009 1681 2054 1708 se,
2082 1674 2128 1703 sed

1286 1719 1314 1747 in
1342 1719 1436 1753 nobis3
1458 1719 1486 1747 in
1507 1719 1654 1747 Psalm0⁷z
1681 1731 1694 1744 «
1712 1719 1882 1756 Magnificate
1902 1720 2050 1749 Dominum
2072 1728 2130 1749 me-

1286 1774 1349 1795 cum
1369 1778 1382 1791 »
1411 1768 1462 1795 etc.
1491 1766 1646 1803 Utrumque
1677 1774 1743 1803 ergo
1770 1767 1918 1803 punietur;
1941 1767 2128 1796 ‘Ecclesiastici

1285 1813 1391 1842 decimo
1421 1816 1537 1849 quarto:
1563 1812 1679 1841 «Omne
1709 1821 1780 1850 opus
1810 1814 1990 1851 corruptibile
2020 1814 2048 1843 in
2076 1814 2130 1842 fine

1285 1860 1407 1893 deficiet,
1436 1863 1463 1888 et
1490 1859 1537 1896 qui
1566 1863 1697 1896 operatur
1725 1860 1792 1889 illud
1821 1861 1870 1889 ibit
1896 1869 1959 1889 cum
1988 1861 2034 1889 illo
2051 1871 2083 1895 »3
2103 1864 2131 1889 et

1286 1907 1417 1943 vigesimo
1437 1906 1568 1943 septimo:
1595 1918 1608 1931 «
1623 1906 1787 1935 Conteretur
1808 1915 1871 1936 cum
1893 1907 2070 1944 delinquente
2083 1907 2131 1936 de-

1286 1954 1381 1983 lictum
1397 1966 1423 1981 n.

1364 2000 1453 2036 (Vers.
1488 2000 1553 2035 11.).
1588 2000 1712 2037 Propter
1743 1999 1811 2034 hoo,
1844 2001 1947 2029 scilicet
1977 2001 2043 2038 quia
2075 2001 2130 2030 Deo

1285 2051 1355 2076 suut
1375 2047 1457 2081 odio,
1479 2050 1514 2080 et,
1536 2046 1563 2075 id
1584 2050 1625 2075 est
1645 2047 1743 2080 etiarn,
1764 2047 1796 2075 in
1817 2047 1902 2075 idolis=
1921 2047 2090 2081 nacionum,
2104 2047 2131 2076 id

1285 2097 1333 2129 est·
1349 2094 1374 2122 in
1390 2093 1571 2122 daemonibus
1589 2093 1808 2129 praesidentibus
1829 2093 1856 2121 in
1875 2093 1953 2122 idolis
1974 2094 2130 2130 gentilium,

1285 2141 1319 2170 de
1339 2140 1442 2177 quibus
1463 2140 1490 2168 in
1513 2139 1656 2168 Psalmoss:
1677 2151 1690 2164 «
1704 2139 1806 2168 Omnes
1827 2140 1863 2168 dii
1878 2140 2001 2177 gentium
2022 2140 2131 2169 daemo—

1287 2188 1331 2217 nia
1345 2200 1359 2213 »
1385 2190 1456 2221 etc.;
1483 2195 1540 2215 non
1567 2187 1622 2215 erit
1642 2190 1803 2223 respectus,
1826 2187 1929 2216 scilicet
1954 2187 2129 2221 clementiae;

1286 2234 1360 2272 quod
1381 2237 1422 2263 est
1443 2236 1540 2264 contra
1559 2232 1720 2270 Origenem,
1742 2233 1790 2270 qui
1810 2233 1896 2266 dixit,
1918 2233 2059 2262 Christum
2080 2241 2130 2270 pro

1286 2281 1466 2310 daemonibus
1486 2280 1513 2308 in
1528 2281 1591 2308 aere
1613 2280 1640 2308 in
1662 2279 1716 2308 fine
1731 2288 1893 2316 passurum,
1911 2283 1939 2308 et
1953 2280 1991 2308 sic
2012 2288 2059 2308 eos
2072 2280 2131 2309 fore

1287 2328 1446 2362 salvandos;
1468 2330 1564 2356 contra
1584 2326 1658 2363 quod
1673 2326 1775 2355 dicitur
1796 2326 1841 2355 hic
1858 2330 1886 2355 et
1906 2326 1934 2355 in
1949 2327 2129 2355 Ecclesiastici

1288 2375 1429 2412 trigesimo
1453 2373 1560 2402 nono⁹z
1587 2373 1684 2401 «Sunt
1705 2373 1832 2410 spiritus,
1855 2373 1902 2409 qui
1927 2373 1961 2402 ad
1982 2373 2129 2402 vindictam

1288 2421 1371 2450 creati
1399 2423 1479 2455 sunt,
1508 2423 1535 2449 et
1563 2420 1590 2448 in
1619 2420 1714 2448 furore
1739 2428 1790 2448 suo
1818 2420 2054 2448 confirmaverunt
2075 2423 2131 2448 tor-

1288 2471 1380 2496 menta
1410 2475 1501 2495 sua».
1535 2466 1680 2502 Quo-niam
1701 2469 1769 2500 etc.;
1791 2469 1818 2494 et
1848 2466 1959 2499 merito,
1992 2466 2130 2503 quoniam

449 2641 456 2653 ¹
475 2642 498 2664 ln
523 2642 579 2663 festo
604 2640 742 2663 inventionis
765 2641 787 2662 S.
804 2640 883 2663 Crucis
907 2640 942 2668 (3.
963 2640 1032 2667 Maii).
1049 2651 1079 2655 —
1096 2640 1229 2668 Sequuntur

387 2681 445 2704 Osee
465 2681 503 2708 13,
524 2680 558 2708 14,
575 2683 596 2702 et
612 2680 684 2702 verba
702 2680 807 2708 Gregorii
824 2686 849 2702 ex
868 2679 1007 2701 Praefatione
1024 2678 1054 2701 de
1070 2678 1151 2701 Cruce.

449 2718 458 2731 ²
475 2720 540 2741 Vers.
562 2719 602 2746 14;
620 2719 667 2741 duo
684 2725 750 2747 seqq.
766 2718 809 2740 loci
827 2717 941 2740 habentur
958 2717 1014 2739 ibid.
1029 2717 1049 2744 l,
1062 2717 1099 2738 20.
1111 2719 1132 2738 et
1149 2717 1174 2743 2,
1186 2716 1229 2738 115:

388 2759 521 2787 Exspolians
537 2762 580 2781 etc.

450 2795 459 2808 ⁸
478 2797 541 2819 Vers.
556 2796 591 2819 43.
603 2809 633 2812 —
645 2797 778 2825 Sequuntur
796 2796 844 2818 lsai.
857 2797 899 2822 22,
912 2796 954 2822 223
966 2795 1021 2817 Phil.
1033 2795 1060 2822 2,
1073 2795 1093 2816 9.
1112 2797 1134 2816 et
1151 2795 1230 2816 Esther

390 2836 431 2863 15,
450 2836 494 2858 '152
511 2835 616 2864 Cumque
639 2836 673 2857 illa
696 2836 811 2863 reticeret,
828 2835 878 2857 tulit
895 2840 989 2857 auream
1007 2834 1098 2861 virgam
1116 2836 1138 2855 et
1154 2833 1231 2861 posuit

389 2881 459 2903 super
476 2876 558 2897 collum
576 2875 626 2897 eius
643 2878 664 2896 et
681 2875 797 2897 osculatus
813 2877 847 2896 est
864 2880 914 2896 eam
932 2876 975 2896 etc.

451 2913 460 2925 ⁴¹
477 2914 564 2941 Nempe
585 2913 710 2936 ordinaria
734 2919 760 2935 ex
786 2912 889 2935 Rabano.
906 2912 950 2935 Cfr.
968 2912 1028 2935 Alex.
1047 2912 1105 2940 Hah,
1123 2912 1145 2933 S.
1163 2917 1187 2939 p.
1204 2912 1227 2933 ll.

389 2960 412 2982 q.
429 2953 482 2975 [134.
499 2959 530 2974 m.
548 2953 568 2974 3.
586 2965 616 2969 --
634 2952 744 2980 Superius
761 2958 803 2980 pro
817 2950 990 2981 praesidentem
1008 2951 1024 2973 B
1039 2950 1204 2979 possidentem.

1349 2636 1359 2649 ⁶
1378 2638 1441 2659 Vers.
1458 2637 1497 2659 tt.

1348 2674 1358 2688 ⁶
1376 2676 1441 2698 Vers.
1458 2676 1480 2697 3.
1497 2688 1527 2692 —
1545 2675 1587 2697 Pro
1602 2674 1742 2704 praesidens
1759 2674 1775 2696 B
1788 2673 1920 2703 possidens.

1349 2714 1357 2726 ⁷
1375 2715 1457 2737 Psalm.
1467 2715 1504 2741 33,
1515 2714 1536 2737 4.
1548 2727 1578 2731 -
1588 2714 1637 2736 Duo
1646 2720 1711 2742 seqq.
1728 2713 1769 2735 loci
1782 2716 1835 2735 suut
1847 2712 1912 2735 Eccli.
1930 2712 1966 2740 44,
1979 2713 2017 2734 20.
2031 2714 2053 2734 et
2062 2711 2098 2740 Ξῖ,
2109 2712 2129 2734 3.

1352 2752 1361 2765 ⁸
1375 2754 1456 2776 psalm.
1480 2754 1522 2782 95,
1545 2753 1566 2775 5.
1589 2765 1620 2769 —
1642 2753 1674 2775 De
1698 2752 1807 2780 opinione
1831 2751 1936 2779 Origenis
1961 2752 2002 2773 cfr.
2029 2751 2130 2778 Hieron„

1287 2793 1356 2821 Epist.
1380 2793 1417 2814 96.
1441 2792 1499 2821 (sive
1521 2792 1590 2820 Epist.
1611 2791 1744 2819 Theophili,
1762 2790 1904 2813 Alexandrini
1929 2790 2035 2818 episcopi
2056 2792 2100 2811 etc.
2117 2796 2128 2811 n

1287 2833 1309 2855 S.
1327 2832 1466 2859 Hieronymo
1488 2831 1565 2853 Latine
1587 2830 1697 2859 reddita),
1716 2836 1739 2852 n.
1758 2830 1797 2857 il),
1815 2829 1855 2851 ubi
1877 2829 1945 2851 etiam
1969 2828 2004 2850 ille
2025 2828 2130 2856 Origenis

1286 2874 1417 2894 recensetur
1434 2876 1506 2897 error,
1526 2879 1537 2890 α
1549 2869 1656 2896 dicentis,
1674 2875 1727 2891 eum
1746 2867 1913 2898 [Salvatorem]
1926 2870 1947 2890 et
1959 2873 2001 2895 pro
2013 2867 2131 2889 daemoni-

1287 2910 1331 2932 bus
1347 2916 1373 2932 ac
1390 2908 1547 2937 spiritualibus
1563 2908 1669 2937 nequitiis
1681 2908 1742 2935 apud
1760 2913 1857 2935 superos
1874 2906 2016 2934 affigendum
2033 2906 2095 2928 cruci
2107 2914 2129 2928 ι».

1349 2947 1359 2961 ⁹
1377 2949 1442 2971 vers.
1459 2949 1496 2971 33.

2142 329 2214 348 Divisio
2226 330 2246 349 in
2258 326 2269 346 i*

2160 353 2251 372 membra.

2144 655 2235 674 Primum.

2144 1214 2234 1238 Quaestio
2246 1213 2263 1233 t.
2274 1218 2276 1231 l
2294 1225 2296 1230 .

2145 1355 2203 1379 Resp.

2146 1494 2236 1518 Quaestio
2247 1494 2265 1513 Ξ

2146 1588 2204 1612 uesp.

2148 2008 2261 2027 Secundum.
2278 2003 2296 2028 li<

2148 2475 2240 2494 Tei-tium.
2278 2466 2280 2475 '
2293 2471 2296 2491 i
