2296 3316
275 680 386 700 Difficultas.

262 962 344 982 Solvitur
356 966 390 984 per

286 985 391 1004 distinctio-

286 1014 336 1028 uem.

272 1055 363 1075 Iudicium
376 1054 395 1073 in

285 1079 381 1103 praesenti

270 1102 394 1127 quadruplex.

301 1126 390 1144 Primum.

277 1195 391 1215 Secundum.

300 1337 393 1355 Tertium.

297 1431 395 1455 Quartum.

277 1571 368 1590 Iudicium
381 1571 401 1590 iu

288 1596 352 1613 futuro
369 1600 391 1613 ex

282 1621 336 1643 parte
349 1618 398 1637 iudi-

289 1642 392 1660 eandm-um

304 1666 378 1689 triplex.

277 2277 304 2295 Ex
316 2277 370 2300 parte
384 2275 412 2293 iu-

293 2299 395 2319 dicantium

287 2326 315 2343 est
341 2323 402 2341 uintu-

317 2352 362 2388 μ’

333 2374 407 2392 timum.

294 2416 408 2436 Secundum.

401 177 457 205 552

401 254 469 283 fides
490 256 584 282 nostra
600 262 625 278 ».
642 250 670 278 ln
684 247 819 286 faciendo
838 247 1001 278 iusticiam
1016 244 1121 281 primae
1142 242 1250 271 loannis

402 300 539 330 secundo:
565 297 619 326 «Si
642 296 732 329 scitis,
754 293 886 331 quoniam
908 293 982 321 Deus
1006 292 1098 320 iustus
1119 292 1176 323 est,
1198 289 1250 318 sci—

402 350 474 381 tote,
496 344 625 383 quoniam
648 345 675 371 et
695 340 801 374 omnis,
816 339 863 377 qui
886 338 950 367 facit
971 337 1120 371 iustitiam,
1136 344 1172 365 ex
1191 335 1251 372 ipso

402 396 484 423 natus
505 394 546 421 est
561 402 586 418 ι).

717 487 859 512 COLLATIO
877 487 925 510 xil.

482 579 571 615 (Vers.
597 576 662 612 18.).
687 575 745 612 Qui
758 583 816 603 non
837 573 929 602 credit
945 569 1009 602 {am
1030 571 1182 600 iudicatus
1203 574 1252 599 est.

485 627 508 654 1.
524 625 550 654 Si
572 624 626 652 iam
649 622 787 652 iudicatus
801 623 858 655 est,
873 619 1012 657 quomodo
1027 618 1128 647 iterum
1150 617 1254 646 iudica-

403 674 504 702 bitur?
526 671 628 708 Quodsi
656 678 711 698 non
733 668 901 698 iudicabitur
926 666 978 705 qui
1004 674 1063 694 non
1091 664 1199 699 credit,
1228 667 1255 693 et

404 728 503 750 verum
525 722 566 748 est
587 717 662 755 quod
682 716 749 745 dicit
763 715 920 752 Scriptura,
942 713 1018 751 quod
1038 712 1091 751 qui
1110 711 1202 741 credit
1223 711 1255 740 in

405 766 502 795 Filium
526 774 585 794 non
609 764 762 793 iudicatur
779 764 806 796 ¹,-
828 764 887 790 tum
919 769 986 798 ergo
1014 767 1065 789 nec
1086 758 1255 788 iudicabitur

405 814 453 851 qui
478 812 579 846 credit,
600 819 651 840 nec
672 810 720 848 qui
742 817 797 838 non
819 808 919 838 credit:
942 807 1009 845 quid
1036 814 1103 844 ergo
1124 805 1257 835 iudicabit

406 861 451 890 ille
472 860 520 897 qui
547 871 560 884 «ι
576 862 713 888 venturus
733 859 775 886 est
796 856 919 885 iudicare
934 855 1011 883 vivos
1032 856 1060 883 et
1080 857 1206 882 mortuos
1219 855 1256 881 »Τ

485 908 511 935 2.
528 907 676 943 Propterea
697 904 730 933 ad
746 902 954 940 intelligendum
970 910 1002 930 ea
1016 909 1088 939 quae
1102 901 1168 930 dicit
1183 900 1255 929 Scri-

406 958 490 991 ptura
520 953 554 982 de
582 952 683 981 iudicio
710 951 819 984 divino,
847 949 1014 983 notandum,
1046 948 1121 985 quod
1149 950 1191 977 est
1216 947 1258 976 iu-

406 1000 509 1029 dicium
524 999 570 1028 Dei
588 999 614 1027 in
628 997 776 1036 praesenti
790 1013 828 1018 —-
843 999 870 1025 et
884 998 926 1025 est
942 995 1074 1024 iudicium
1097 994 1144 1023 Dei
1168 994 1195 1023 in
1210 993 1259 1031 fu—

409 1050 484 1075 turo.
500 1062 538 1067 —
556 1045 703 1073 Iudicium
717 1043 764 1072 Dei
787 1043 814 1071 in
833 1042 984 1080 praesenti
998 1041 1159 1078 multiplex:
1173 1049 1261 1077 prae-

407 1093 544 1122 scientiae
554 1103 564 1126 ;
580 1092 687 1121 Ioannis
702 1091 784 1120 tertio
799 1091 809 1107 2
823 1101 829 1118 :
849 1102 862 1115 «
878 1090 930 1127 Qui
946 1098 1000 1118 non
1016 1089 1104 1118 credit
1119 1089 1173 1117 iam
1190 1087 1261 1116 iudi-

409 1144 487 1169 catus
499 1143 540 1169 est
552 1151 579 1174 υ,
592 1139 618 1167 id
630 1134 681 1172 e'st,
693 1138 809 1167 iudicari
826 1137 989 1174 praescitur.
1004 1153 1040 1156 —-
1054 1135 1262 1168 mser-ettonis,-

408 1187 516 1215 Ioannis
539 1185 718 1215 duodecimo:
751 1197 764 1209 α
781 1185 858 1213 Nunc
886 1184 1019 1212 iudicium
1051 1186 1092 1212 est
1119 1182 1215 1211 mundi
1235 1194 1262 1216 n,

409 1234 436 1263 id
457 1237 498 1263 est
519 1233 658 1262 distinctio
680 1233 817 1260 bonorum
839 1240 854 1259 a
875 1231 970 1265 malis;
993 1234 1020 1259 et
1041 1230 1149 1258 Ioannis
1171 1237 1262 1258 nono:

414 1293 427 1306 <t
444 1281 498 1318 Ego
519 1281 546 1309 in
568 1280 702 1309 iudicium
718 1280 745 1308 in
761 1280 837 1308 hunc
852 1278 988 1307 mundum
1004 1278 1083 1311 veni,
1101 1280 1130 1305 ut
1145 1277 1192 1314 qui
1209 1284 1263 1305 non

410 1329 506 1358 vident
520 1328 630 1356 videant
646 1339 658 1351 >1
678 1330 729 1356 etc.
746 1343 783 1347 —
801 1325 1056 1358 Eaeaminatz'o·nis;
1072 1325 1177 1361 primae
1193 1324 1264 1352 Petri

412 1378 527 1414 quarto:
555 1386 568 1399 «
583 1375 703 1411 Tempus
727 1376 784 1407 est,
800 1376 831 1402 ut
851 1373 983 1401 iudicium
1009 1372 1122 1408 incipiat
1145 1380 1160 1399 a
1184 1371 1266 1399 domo

412 1423 461 1452 Dei
474 1435 500 1450 n.
516 1439 554 1443 —-
570 1421 797 1453 Retributionis;
814 1421 954 1449 Psalmus:
972 1431 985 1444 «
1001 1419 1145 1453 Exaltare,
1160 1418 1208 1455 qui
1223 1418 1266 1446 iu—

414 1471 489 1500 dicas
511 1473 632 1502 terram,
655 1468 738 1497 redde
761 1468 973 1497 retributionem
997 1466 1125 1503 superbis
1140 1478 1166 1494 υ.

494 1518 519 1546 3.
537 1517 670 1545 Iudicium
692 1516 723 1544 in
740 1514 845 1553 fictici-o
862 1514 1024 1550 multiplex:
1040 1522 1076 1542 ex
1093 1516 1171 1552 parte
1189 1513 1267 1541 iudi-

414 1569 549 1593 catorum
571 1568 598 1593 et
619 1571 654 1592 ex
677 1566 755 1600 parte
776 1561 983 1590 iudicantium.
1001 1577 1036 1580 ——
1054 1560 1094 1588 Ex
1121 1564 1198 1597 parte
1222 1560 1267 1588 iu-

414 1612 598 1644 dicatorum,
621 1610 753 1638 iudicium
776 1608 983 1641 discussionis;
1002 1607 1180 1636 Ecclesiastae
1199 1606 1268 1635 duo-

416 1659 522 1688 decimo
535 1658 561 1685 ³:
588 1669 601 1682 «
617 1657 737 1690 Cuncta,
760 1664 832 1693 quae
847 1656 931 1689 fiunt,
946 1655 1065 1683 adducet
1086 1655 1220 1683 Dominus
1241 1654 1269 1681 in

417 1706 549 1734 iudicium
572 1713 623 1741 pro
644 1704 717 1732 omni
740 1707 846 1736 errato,
868 1703 925 1731 sive
947 1702 1065 1735 bonum,
1087 1702 1144 1730 sive
1165 1701 1269 1729 malum

417 1752 486 1780 illud
511 1751 587 1780 sit».
605 1767 640 1771 -
658 1750 792 1779 Iudicium
812 1749 1010 1785 definitiom's;
1035 1748 1210 1784 Apocalypsis
1232 1747 1271 1775 vi-

418 1798 537 1835 gesimo:
564 1808 577 1821 «
593 1796 665 1825 Libri
688 1796 776 1833 aperti
799 1798 879 1829 sunt,
901 1798 928 1823 et
950 1794 1059 1823 iudicati
1082 1798 1147 1823 sunt
1169 1793 1270 1822 mortui

418 1853 454 1874 ex
476 1845 520 1873 his
544 1852 615 1881 quae
637 1843 740 1880 scripta
761 1846 841 1871 erant
863 1842 889 1870 in
907 1842 997 1875 libris,
1013 1841 1165 1869 secundum
1188 1849 1273 1877 opera

418 1892 544 1929 ipsorum
560 1902 586 1918 ι).
603 1907 639 1911 -
656 1889 790 1918 Iudicium
813 1888 1080 1921 condemnationis,-
1095 1887 1202 1916 Ioannis
1218 1890 1272 1915 ter-

419 1939 471 1967 tio:
499 1949 512 1962 «
527 1938 584 1966 Non
606 1937 680 1965 misit
702 1936 776 1964 Deus
797 1935 893 1963 Filium
916 1942 998 1963 suum
1022 1935 1047 1962 in
1071 1934 1225 1967 mundum,
1241 1937 1274 1961 ut

419 1985 522 2014 iudicet
544 1984 680 2013 mundum
697 1995 722 2011 n.
739 1999 775 2003 —
791 1982 924 2011 Iudicium
940 1981 1133 2009 discussionis
1148 1981 1202 2009 erit
1216 1988 1273 2009 me-

420 2032 551 2061 diocriter
573 2032 709 2060 bonorum
732 2033 759 2059 et
781 2029 957 2058 mediocriter
980 2029 1116 2057 malorum
1148 2031 1272 2061 tantum,

420 2083 452 2108 ut
486 2079 523 2108 ait
559 2079 741 2114 Hieronymus
764 2078 784 2105 4.
822 2076 954 2105 Iudicium
991 2075 1186 2104 distinotionis
1221 2074 1274 2103 erit

421 2127 545 2155 omnium
566 2126 705 2154 bonorum
727 2128 754 2153 et
775 2125 922 2153 malorum.
947 2123 1079 2151 Iudicium
1108 2122 1274 2150 danmatio-

421 2174 467 2202 iiis
489 2173 612 2202 omnium
635 2173 789 2205 malorum,
811 2171 954 2199 nullorum
976 2173 1070 2198 autem
1092 2169 1239 2198 bonorum.

500 2221 526 2249 [ι.
544 2220 584 2248 Ex
600 2222 677 2257 parte
700 2218 898 2247 iudicantium
920 2217 1054 2246 dividitur
1076 2216 1210 2245 iudicium
1232 2216 1275 2244 su—

424 2272 528 2296 turum.
552 2267 597 2295 Est
618 2266 690 2295 enim
714 2265 846 2294 iudicium
869 2264 1074 2297 auctoritatis,
1096 2265 1124 2291 et
1144 2262 1213 2291 illud
1235 2265 1276 2291 est

425 2315 477 2343 Dei
484 2325 494 2348 ;
516 2315 639 2343 psalmus
654 2314 680 2341 ⁵:
708 2325 721 2338 α
737 2313 871 2341 Dominus
897 2311 1028 2340 iudicabit
1058 2310 1215 2347 populos».
1240 2325 1275 2329 —-

426 2362 559 2390 Iudicium
587 2361 796 2394 eaeseeutiom's,
818 2362 845 2388 et
866 2359 933 2387 illud
955 2362 996 2387 est
1020 2357 1149 2390 Cliristi;
1171 2357 1278 2385 Ioannis

426 2409 538 2446 quinto:
564 2420 577 2432 «
593 2408 671 2436 Pater
693 2415 773 2435 omne
795 2406 927 2435 iudicium
949 2405 1024 2434 dedit
1042 2405 1107 2433 Filio
1123 2415 1149 2438 »;
1165 2406 1191 2433 et
1207 2403 1278 2432 infra

839 166 1064 197 COLLATIONES
1085 165 1117 194 IN
1138 164 1285 194 IOANNEM
1306 163 1374 191 CAP.
1398 162 1437 191 Ill.
1459 161 1553 190 COLL.
1576 160 1629 189 XII.
1651 160 1714 189 XIII.

1307 240 1419 270 eodem:
1446 251 1459 265 ιι
1474 240 1638 268 Potestatem
1659 238 1734 268 dedit
1755 238 1779 266 ei
1804 237 1937 266 iudicium
1967 237 2072 272 facere,
2094 237 2160 274 quia
2282 268 2283 277 ἵ

1307 288 1391 317 Filius
1411 286 1531 316 hominis
1545 289 1587 315 est
1602 297 1628 314 ι».
1645 302 1682 307 —
1698 284 1832 314 Iudicium
1847 284 2034 318 assessionis,
2050 287 2077 312 et
2092 284 2160 313 illud
2177 288 2277 310 Tertium.¹

1308 335 1361 364 erit
1377 333 1582 371 Apostolorum
1598 332 1760 370 proprium;
1776 331 1903 360 Matthaei
1923 331 2030 360 decimo
2051 339 2124 360 nono
2134 331 2159 360 ὃς

1313 394 1326 407 «
1341 380 1476 410 Sedebitis
1497 388 1582 417 super
1603 379 1681 409 sedes
1701 378 1863 413 duodecim,
1883 378 2037 407 iudicantes
2058 378 2161 407 duode-
2294 409 2296 415 ¹

1309 429 1363 457 cim
1375 427 1466 456 tribus
1477 427 1560 456 Israel
1570 437 1598 461 »;
1613 426 1787 459 iudicantes,
1803 424 1882 462 quasi
1896 425 2053 454 assessorie.
2066 442 2102 446 -—
2118 425 2161 454 lu-
2178 418 2296 468 Ουπτῑυπιζή

1309 475 1412 505 dicium
1427 473 1665 512 approbationis,
1681 476 1708 502 et
1719 472 1787 501 illud
1798 472 1852 501 erit
1863 472 1986 500 omnium
1999 472 2162 506 iustorum;
2269 473 2276 480 s

1310 522 1465 559 Sapientiae
1493 521 1590 550 tertio:
1618 520 1809 549 «Iudicabunt
1834 519 1898 548 iusti
1919 519 2044 548 nationes
2059 531 2072 545 n
2098 522 2163 554 etc.;
2273 508 2296 549 ’ἶ

1311 568 1502 602 iudicabunt,
1525 568 1551 596 id
1573 571 1630 601 est,
1653 567 1785 596 iudicium
1807 566 1855 595 Dei
1877 566 1910 595 de
1938 566 2096 595 nationibus
2116 574 2164 603 ap-

1312 616 1479 654 probabunt.
1503 632 1540 636 —
1562 615 1696 643 Iudicium
1718 613 1968 651 comparationis:
1989 616 2016 642 et
2043 613 2096 642 hoc
2123 616 2165 642 est
2181 615 2274 639 Quintum.

1314 664 1456 693 bonorum
1478 665 1606 699 respectu
1628 662 1781 695 malorum,
1803 664 1830 690 et
1844 661 1944 689 minus
1958 661 2107 690 malorum
2122 669 2165 689 ro-
2294 683 2296 692 ,

1313 714 1410 749 spectu
1427 711 1568 748 peiorum;
1584 709 1712 738 Matthaei
1728 708 1905 737 duodecimo:
1925 720 1938 734 «
1954 708 2055 745 Regina
2073 708 2165 737 Austri
2294 705 2296 728 ἶ

1314 761 1410 796 surget
1431 759 1458 787 in
1480 757 1582 786 iudicio
1603 765 1667 786 cum
1688 756 1864 794 generatione
1886 756 1937 785 hac
1953 768 1966 782 »
1989 758 2057 791 etc.;
2072 759 2100 785 et
2114 756 2167 784 Lu-

1314 814 1362 836 cae
1384 805 1543 834 undecimo:
1563 816 1577 829 «
1592 804 1650 833 Viri
1665 804 1799 832 Ninivitae
1814 806 1929 840 surgent
1944 803 1971 832 in
1987 802 2088 832 iudicio
2102 810 2166 831 cum

1315 853 1492 891 generatione
1514 852 1565 880 hac
1580 863 1593 877 »
1620 854 1687 885 etc.;
1710 851 1741 879 in
1767 851 1877 879 iudicio
1904 853 2039 888 surgent,
2061 849 2088 879 id
2109 852 2167 885 est,

1315 907 1352 928 ex
1373 899 1415 928 sui
1438 897 1651 935 comparatione·
1664 897 1824 926 iudicandos
1845 904 1905 926 esse
1925 897 2078 926 ostendent.

1659 999 1787 1021 ΑΝΝοτΑτιο
1804 998 1826 1020 7.

1398 1087 1487 1123 (Vers.
1513 1086 1578 1117 193.
1602 1085 1662 1113 Hoc
1683 1088 1724 1112 est
1741 1083 1904 1117 iudicium,
1926 1083 1998 1121 quia
2019 1083 2072 1112 lux
2093 1082 2171 1111 venit

1320 1135 1351 1163 in
1373 1134 1518 1162 nuendum
1540 1136 1591 1161 etc.
2295 1166 2296 1169 Ἰ

1400 1181 1481 1215 Nota,
1504 1180 1578 1218 quod
1601 1179 1745 1208 iudicium
1770 1178 1919 1216 aliquando
1944 1177 2101 1215 appellatur
2133 1175 2289 1219 iu-'gffgssffiig

1320 1229 1382 1258 dicii
1411 1236 1509 1261 causa,
1536 1227 1640 1256 scilicet
1667 1226 1773 1264 culpa;
1802 1226 1837 1254 ad
1866 1226 2002 1254 Romanos
2030 1224 2170 1261 quinto⁷:

1326 1275 1488 1303 «Iudicium
1518 1282 1553 1302 ex
1580 1281 1636 1301 uno
1658 1273 1685 1301 in
1713 1272 1985 1305 condemnationem,
2013 1270 2100 1307 gratia
2122 1278 2172 1299 au-

1322 1326 1378 1351 tem
1399 1330 1435 1350 ex
1457 1321 1552 1350 multis
1574 1320 1600 1349 in
1622 1320 1844 1349 iustificationem
1860 1329 1886 1352 »;
1909 1317 2071 1351 iudicium,
2090 1317 2118 1346 id
2132 1320 2174 1346 est

1323 1370 1429 1407 σαίρω·
1450 1368 1577 1397 similiter
1605 1370 1632 1396 et
1659 1367 1720 1396 hic:
1751 1367 1810 1395 Hoc
1832 1369 1930 1394 autem
1951 1368 1992 1394 est
2013 1364 2172 1399 iudicium,

1323 1417 1395 1456 quia
1417 1416 1469 1444 lit-x
1490 1415 1565 1443 vemt
1588 1414 1619 1442 in
1632 1413 1795 1447 oriundum,
1818 1416 1844 1441 et
1858 1412 2022 1440 dilexerunt
2044 1410 2173 1440 homines

1325 1464 1422 1501 magiis
1444 1462 1575 1491 tenebras
1593 1470 1683 1499 quam
1705 1461 1804 1489 lucem.
1833 1477 1867 1480 —
1893 1458 2045 1496 Aliquando
2067 1458 2175 1487 iudicis

1324 1510 1483 1543 sententiat,-
1505 1509 1613 1537 Ioannis
1633 1508 1765 1544 septimo:
1794 1519 1807 1532 α
1822 1507 1936 1535 Rectum
1952 1505 2085 1534 iudicium
2104 1505 2175 1534 iudi-

1326 1561 1385 1588 cate
1397 1570 1422 1585 ».
1436 1574 1473 1578 ——
1485 1556 1637 1593 Aliquando
1648 1554 1773 1584 iudicati
1781 1562 1889 1592 poena‚·
1901 1553 1934 1582 ad
1945 1553 2053 1582 Galatas
2065 1552 2175 1590 quinto:

1332 1605 1411 1642 «Qui
1441 1604 1589 1633 conturbat
1617 1611 1665 1632 vos
1691 1602 1813 1639 portabit
1834 1601 1983 1635 iudicium,
2005 1600 2176 1638 quicumque

1326 1655 1368 1681 est
1389 1652 1434 1680 ille
1449 1663 1475 1679 ».

1669 1753 1796 1775 Arx-wormio
1815 1753 1837 1774 8.

1409 1840 1498 1875 (Vers.
1521 1840 1589 1869 27).
1613 1838 1678 1867 Non
1706 1841 1797 1875 potest
1828 1836 1911 1866 homo
1937 1837 2068 1873 accipere
2092 1835 2176 1874 quid-

1330 1895 1430 1925 quam,
1452 1886 1512 1914 nisi
1533 1886 1637 1914 datum
1658 1884 1750 1922 fuerit
1772 1884 1798 1913 ei
1819 1884 1852 1912 de
1874 1883 1960 1912 caelo.

1410 1933 1528 1970 Require
1550 1940 1636 1969 supra
1657 1932 1779 1969 capitulo
1800 1931 1929 1968 primoss:
1952 1930 2023 1969 quid
2044 1929 2180 1966 accipitur

1330 1983 1358 2009 et
1378 1989 1397 2008 α
1419 1989 1492 2018 quo,
1521 1982 1548 2008 et
1568 1980 1620 2017 qui
1648 1979 1799 2016 accipiunt
1819 1982 1846 2007 et
1867 1978 1920 2016 qui
1947 1986 2022 2011 nori,
2045 1977 2085 2005 ad
2109 1976 2181 2015 quid

1332 2027 1441 2065 obligyat
1461 2027 1564 2063 accepti
1588 2027 1666 2054 ratio.

1649 2128 1790 2150 COLLATIO
1808 2129 1863 2151 XIII.

1413 2215 1501 2251 (Vers.
1525 2214 1592 2249 30.).
1618 2214 1702 2243 Illum
1724 2218 1833 2251 oportet
1854 2223 1994 2248 crescere,
2017 2222 2061 2242 me
2085 2202 2189 2242 autem'

1416 2310 1438 2337 1.
1464 2309 1491 2336 ln
1514 2309 1605 2337 verbis
1627 2309 1686 2337 istis
1707 2308 1763 2337 duo
1785 2311 1946 2345 tanguntur.
1970 2308 2061 2336 Primo
2083 2315 2183 2345 propo-

1334 2357 1410 2385 nitur
1432 2356 1512 2385 nobis
1535 2359 1726 2393 augimentum
1758 2355 1867 2384 Christi
1888 2356 1914 2384 in
1941 2355 2103 2392 exemplum
2124 2354 2185 2383 vir-

1336 2403 1423 2436 tutis,
1445 2406 1476 2431 ut
1496 2402 1636 2431 discamus
1657 2410 1717 2431 esse
1738 2402 1842 2430 virtute
1864 2402 1972 2439 magni,
1988 2404 2015 2431 et
2030 2402 2098 2436 hoc,
2121 2409 2183 2430 cum

2202 2306 2279 2326 Divisio.

491 2574 498 2586 ¹
517 2575 577 2596 ioan.
595 2574 621 2601 3,
642 2574 676 2595 18.
695 2573 792 2595 inferius
808 2573 936 2600 allegantur
962 2571 1034 2594 verba
1060 2571 1164 2599 Syrnboli
1183 2572 1278 2599 Aposto-

428 2614 520 2636 lorum:
538 2615 655 2636 nenturus
672 2614 707 2636 est
723 2612 830 2635 iudicare
847 2615 902 2639 etc„
921 2612 950 2634 de
967 2611 1053 2640 quibus
1070 2612 1111 2633 cfr.
1128 2612 1189 2633 loan.
1202 2610 1228 2638 5,
1241 2610 1278 2632 27.

430 2659 494 2682 seqq.
513 2656 535 2675 et
552 2653 600 2674 Act.
620 2653 661 2679 lo,
681 2652 717 2675 42.

493 2690 502 2704 ²
522 2692 586 2714 Vers.
608 2692 642 2714 18.
662 2705 688 2707 —
708 2693 842 2721 Sequuntur
860 2693 920 2714 loan.
940 2691 980 2717 12,
998 2691 1035 2713 31.
1054 2693 1076 2712 et
1093 2690 1119 2717 9,
1132 2690 1161 2712 39
1173 2697 1178 2717 ;
1191 2690 1205 2712 Ι.
1218 2689 1278 2711 Patr.

432 2731 458 2760 4,
479 2732 513 2753 17.
531 2734 553 2754 et
570 2732 605 2753 rs.
624 2732 666 2759 93,
684 2732 705 2753 2.

495 2769 503 2782 Β
522 2771 587 2793 Vers.
607 2770 642 2792 14.
659 2783 690 2787 -
707 2770 811 2793 Subinde
827 2771 957 2798 allegantur
975 2770 1046 2797 apoc.
1065 2769 1108 2796 20,
1127 2769 1164 2791 42.
1181 2771 1203 2790 et
1220 2769 1281 2790 loan.

433 2811 459 2838 3,
482 2810 515 2832 17.
534 2822 562 2825 —
581 2810 676 2832 Interius
701 2816 744 2837 pro
768 2809 910 2840 definitionis
937 2809 987 2837 (cir.
1014 2814 1084 2836 supra
1110 2807 1241 2830 Comment.
1258 2807 1282 2828 in

433 2851 493 2872 loan.
511 2856 531 2872 c.
549 2850 571 2872 5.
589 2856 612 2872 n.
640 2849 689 2878 57.)
716 2849 731 2872 C
757 2848 905 2872 discretionis
932 2849 982 2877 (cfr.
1010 2854 1081 2876 supra
1106 2847 1235 2870 Comment.
1258 2846 1280 2868 in

434 2890 534 2912 loan.'c.
556 2889 591 2911 l2.
610 2895 633 2911 n.
650 2888 707 2917 51.).

496 2927 506 2939 ⁴
524 2928 657 2950 secundum
675 2928 778 2950 Glossam
797 2926 948 2950 ordinm-iam
965 2927 988 2949 in
1005 2927 1042 2949 Ps.
1063 2927 1082 2954 1.
1101 2926 1123 2949 5.
1141 2925 1193 2954 (cfr.
1212 2931 1282 2952 supra

434 2973 490 2995 pag.
513 2967 567 2994 128,
585 2970 637 2989 nota
656 2966 699 2995 2.),
716 2973 776 2996 quae
794 2973 805 2988 a
824 2968 889 2989 Petro
907 2966 1051 2994 Lombardo,
1070 2966 1091 2988 in
1115 2967 1175 2988 hunc
1193 2965 1283 2991 locum,

1336 2569 1468 2592 attribuitur
1486 2569 1630 2599 Hieronymo
1649 2569 1698 2595 (cfr.
1719 2569 1878 2596 Breviarium,
1896 2568 1917 2591 iu
1935 2569 1970 2591 Ps.
1989 2568 2010 2594 ·1,
2028 2567 2056 2596 5,
2073 2567 2138 2597 quod
2154 2571 2189 2590 est

1336 2610 1395 2632 inter
1412 2616 1482 2637 opera
1501 2609 1604 2637 Hieron.)
1622 2612 1644 2631 et
1662 2609 1791 2637 Augustino
1811 2608 1843 2637 (in
1864 2609 1926 2631 hunc
1943 2607 2038 2637 locum).
2057 2620 2086 2623 —
2104 2608 2126 2630 ln
2144 2607 2189 2629 AB

1337 2649 1448 2671 omittitur
1474 2654 1528 2676 pars
1553 2648 1621 2676 primi
1643 2647 1742 2670 membri
1760 2650 1783 2670 et
1800 2650 1873 2670 totum
1900 2646 2030 2669 secundum
2056 2645 2188 2668 membrum

1338 2687 1467 2716 (Iudicium
1485 2687 1660 2714 distinctionis).

1401 2726 1410 2739 ⁵
1428 2727 1510 2749 Psalm.
1528 2727 1555 2753 9,
1574 2727 1595 2748 8.
1612 2739 1643 2743 -
1661 2726 1765 2749 Subinde
1782 2726 1894 2754 allegatur
1912 2726 1971 2748 ioan.
1989 2725 2016 2752 5,
2033 2725 2070 2747 22.
2089 2726 2111 2746 et
2129 2724 2167 2746 27.

1401 2764 1411 2778 ⁵
1429 2766 1494 2788 Vers.
1512 2766 1550 2788 28.
1569 2779 1597 2781 —
1616 2766 1750 2794 Sequuntur
1767 2766 1821 2793 Sap.
1839 2765 1867 2792 3,
1885 2765 1907 2786 8.
1929 2764 2038 2792 (Vulgata
2056 2763 2141 2786 omittit
2157 2762 2190 2785 iu-

1339 2804 1382 2833 sti,
1401 2811 1443 2832 pro
1458 2811 1506 2833 quo
1523 2803 1566 2827 BC
1584 2804 1677 2832 Sancti)
1687 2813 1696 2832 ,·
1714 2805 1791 2826 Matth.
1813 2805 1853 2830 12,
1872 2803 1908 2826 42.
1927 2805 1949 2826 et
1965 2804 2020 2825 Luc.
2040 2803 2076 2830 ll,
2096 2802 2133 2825 32.
2145 2801 2190 2825 Cl'r.

1340 2850 1410 2873 supra
1427 2844 1557 2866 Comment.
1575 2844 1598 2866 in
1616 2844 1676 2866 loan.
1693 2850 1713 2866 c.
1731 2843 1753 2866 5.
1771 2850 1795 2866 n.
1812 2843 1850 2866 56.

1403 2882 1411 2895 ⁷
1432 2884 1496 2905 Yers.
1515 2883 1552 2905 116.
1570 2883 1615 2906 Csr.
1640 2883 1750 2911 August„
1768 2882 1884 2905 Encliirid.
1902 2888 1921 2904 c.
1941 2882 1978 2904 50.
1996 2888 2019 2904 n.
2037 2881 2074 2903 lli.
2091 2893 2123 2897 —
2139 2880 2191 2903 Duo

1340 2929 1406 2952 seqq.
1424 2923 1465 2945 loci
1484 2926 1537 2945 sunt
1555 2923 1615 2945 ioan.
1635 2922 1662 2949 7,
1681 2922 1716 2944 24.
1735 2925 1758 2944 θῑ
1775 2922 1822 2944 Gal.
1841 2922 1865 2950 5,
1885 2922 1921 2944 40.

1404 2961 1413 2974 ⁸
1430 2962 1509 2985 Collat.
1527 2963 1560 2985 ΙΙΙ.
