2296 3316
38 309 85 329 latio
97 308 114 327 l.

34 431 83 468 ‘flauo
96 448 114 467 Ξ.

30 720 81 748 Ratio
94 727 112 746 3.

28 966 62 981 nus
73 961 114 980 imi-

27 982 89 1005 itione.

24 1148 78 1178 ‘Ratio
91 1148 108 1167 Δ.

22 1322 78 1355 illatio
89 1335 108 1354 2.

22 1616 77 1635 'Ratio
90 1615 107 1635 3.

6 2273 79 2290 :morum
86 2270 113 2289 ef-

14 2293 66 2312 'ectus
78 2293 96 2313 3.

580 175 806 205 COLLATIONES
827 176 859 204 IN
880 175 1027 205 IOANNEM
1048 175 1117 204 CAP.
1139 176 1191 204 ΧΗ.
1214 176 1307 205 COLL.
1329 176 1427 205 XLVII.
1823 179 1878 207 595

132 254 270 283 bominem
291 253 429 291 perditum
451 253 581 282 salvaret
600 262 616 282 a
636 253 763 288 miseria,
783 253 890 283 (litaret
913 262 976 291 gra-

132 301 185 335 tia,
205 300 378 329 sublimaret
398 300 425 329 in
447 300 542 337 gloria.
568 316 605 321 —
629 300 710 329 Venit
730 300 815 337 igitur
836 301 975 329 hominem

130 348 247 377 salvare
267 355 287 376 a
316 347 459 381 miseria,-
480 348 569 377 Lucae
599 347 705 377 decimo
730 349 840 376 n0n0¹:
867 360 880 373 «
896 348 976 377 Venit

130 394 214 423 Filius
234 394 353 423 hominis
373 402 509 431 quaerere
530 397 557 423 et
578 394 686 423 salvum
706 394 797 423 facere
817 394 892 431 quod
912 402 975 431 per-

130 441 240 470 ierat».
263 457 300 461 —
326 440 406 469 Venit
426 443 454 469 et
474 440 615 469 bominem
636 440 733 469 ctz'tare
751 440 872 478 qratia,
894 440 975 469 cuius

129 487 277 516 adventum
298 486 471 516 desiderabat
492 494 592 524 sponsa
611 487 640 515 in
661 487 792 521 Canticis‚
813 495 896 516 orans
922 487 975 516 sub

129 535 235 572 figura,
256 537 288 563 ut
309 534 440 563 transiret
459 534 553 571 aquilo
573 534 687 570 culpae,
708 537 736 563 et
756 534 863 563 veniret
880 537 975 563 auster

129 582 233 619 gratiae
247 581 280 610 ad
297 581 485 610 renovandum
506 583 534 610 et
554 580 760 609 fecundandum
780 581 894 609 hortum
911 588 975 609 con-

129 628 276 662 scientiae;
297 628 472 657 Canticorum
494 630 595 665 quarto
610 627 633 656 ²:
660 639 674 652 «
689 628 792 665 Surge,
816 628 923 665 aquilo,
948 630 975 657 et

128 675 203 710 veni,
224 677 331 709 auster,
359 674 447 712 perfla
467 674 581 703 hortum
608 682 715 709 meum,
743 677 770 703 et
797 674 886 704 ssuant
913 682 975 704 aro-

127 725 202 751 mata
222 722 296 751 illius
310 733 337 750 ».
359 738 398 742 —
418 722 499 750 Venit
522 721 605 751 etiam
630 721 770 750 bominem
790 721 923 750 exaltare
943 722 975 750 in

126 769 242 807 yloria:
260 769 357 806 Aggaei
379 768 517 798 secundo:
537 780 551 794 c<
564 768 661 797 Veniet
674 768 847 798 desideratus
867 768 974 798 cunctis

127 816 268 853 gentibus,
289 818 317 844 et
337 815 457 852 implebo
477 815 590 844 domum
612 815 691 844 istam
713 815 813 853 gloria,
834 815 900 845 dicit
921 816 973 844 Do-

127 862 219 891 minus
234 874 259 890 ».
282 862 336 891 Hoc
357 864 399 890 est
418 862 573 899 gratiarum
593 862 700 891 actione
720 862 843 899 dignum.

204 909 231 938 4.
254 908 306 938 Sed
320 908 411 938 adhuc
423 912 464 937 est
474 908 574 945 dignus
585 908 747 937 imitatione
757 908 893 938 adventus
903 909 972 944 eius,

126 955 148 985 si
169 955 376 985 consideremus
396 954 556 984 adveniendi
571 955 699 983 modu-m.
715 955 796 984 Venit
813 956 886 984 enim
907 964 971 985 cum

125 1001 303 1037 humilitate,
325 1010 389 1031 cum
413 1002 637 1031 mansuetudine
657 1005 685 1031 et
706 1010 769 1031 cum
787 1006 971 1040 paupertate.

127 1049 190 1078 Eius
211 1048 364 1078 humilitas
393 1048 473 1077 docet
497 1056 547 1078 nos
567 1049 689 1078 ordinari
721 1049 755 1078 ad
786 1049 890 1084 Deum;
912 1050 972 1079 eius

125 1095 329 1129 mansuetudo,
343 1095 377 1124 ad
392 1095 567 1132 proximum;
582 1096 643 1124 eius
654 1100 827 1133 paupertaS,
842 1096 875 1124 ad
891 1104 972 1125 mun-

125 1143 200 1172 dum.
213 1158 250 1163 —
262 1142 342 1171 Venit
352 1149 419 1179 ergo
429 1150 493 1171 cum
506 1142 669 1171 humilitate
676 1153 686 1176 ;
700 1143 774 1171 unde
786 1143 892 1171 loannis
903 1143 971 1172 duo-

125 1190 231 1219 decimo
242 1190 270 1218 ⁸:
287 1201 300 1215 «
312 1189 395 1224 Ecce,
411 1189 469 1218 Rex
484 1192 550 1218 tuus
566 1189 640 1219 venit
655 1189 753 1218 sedens
767 1197 852 1226 super
863 1190 970 1226 pullum

125 1237 218 1266 asinae
232 1248 258 1265 ».
282 1236 379 1273 Magna
400 1236 555 1265 humiliatio
576 1239 633 1271 est,
655 1244 747 1273 regem
763 1236 882 1271 asinare3
905 1240 972 1266 tunc

125 1287 217 1313 autem
239 1283 355 1312 asinavit
370 1283 442 1317 Rex,
464 1283 577 1320 quando
597 1283 697 1312 insedit
717 1283 794 1312 asino
815 1283 971 1312 humanita-

126 1331 161 1359 tis
174 1333 294 1359 nostrae.
310 1346 347 1351 —
362 1329 443 1359 Venit
463 1330 544 1359 etiam
564 1337 628 1358 cum
652 1329 891 1363 mansuetudine;
905 1330 971 1358 Mat—

124 1377 196 1406 thaei
219 1377 351 1414 vigesimo
372 1376 500 1413 primo4:
526 1387 539 1401 «
562 1376 644 1411 Ecce,
666 1376 724 1405 Rex
740 1379 806 1405 tuus
827 1377 902 1405 venit
922 1376 971 1405 tibi

125 1426 296 1458 mansuetus,
318 1423 415 1452 sedens
436 1431 521 1460 super
541 1423 675 1452 asinam»
700 1426 751 1452 etc.
767 1424 882 1460 Propter
904 1424 971 1453 haec

124 1470 180 1499 (luo
206 1470 272 1499 dicit
292 1470 425 1498 Dominus
453 1470 581 1498 Matthaei
612 1469 773 1498 undecimo:
799 1481 813 1495 «
834 1470 935 1499 Discite
956 1478 972 1498 a

124 1525 184 1552 me,
206 1517 272 1554 quia
290 1516 365 1546 mitis
386 1524 447 1545 sum
480 1520 507 1546 et
528 1516 642 1546 humilis
662 1516 746 1546 corde
767 1527 798 1551 »;
830 1517 909 1554 quasi
930 1517 971 1546 di-

124 1567 182 1593 cat:
211 1564 372 1601 exemplum
393 1564 615 1593 mansuetudinis
642 1566 669 1593 et
694 1563 858 1593 humilitatis
882 1572 898 1592 a
925 1572 970 1593 me

124 1611 247 1648 accipite.
270 1616 307 1632 —'
328 1610 409 1639 Venit
430 1610 511 1639 etiam
533 1618 597 1639 cum
616 1613 805 1648 paupertate‚·
827 1611 900 1640 unde
921 1611 971 1640 Za-

125 1658 235 1687 chariae
256 1666 328 1686 nono
340 1658 366 1686 ⁵:
394 1669 407 1682 c<
419 1657 499 1692 Ecce,
516 1658 574 1686 Rex
589 1660 655 1686 tuus
669 1657 759 1686 veniet
774 1657 823 1686 tibi
839 1657 929 1687 iustus
944 1661 971 1687 et

125 1705 264 1734 Salvator:
286 1705 344 1742 ipse
364 1712 471 1742 pauper
491 1707 519 1733 et
539 1704 689 1733 ascendens
710 1712 794 1741 super
815 1705 919 1734 asinam
944 1707 971 1733 et

125 1760 209 1790 super
240 1752 348 1789 pullum
380 1751 468 1780 filium
499 1751 633 1780 asinae».
660 1767 697 1772 —-
725 1751 768 1780 Sic
795 1759 861 1789 ergo
886 1752 971 1781 habes

124 1798 286 1836 exemplum
310 1797 760 1832 humilitatis,'mansuetudinis
788 1801 815 1827 et
840 1807 971 1836 pauper-

126 1846 194 1874 tatis
214 1845 242 1874 in
263 1845 372 1874 Christo
394 1844 535 1879 veniente,
557 1848 584 1873 et
605 1845 658 1874 hoc
679 1847 721 1873 est
741 1844 854 1882 dignum
880 1845 970 1874 imita-

124 1892 198 1921 tione
219 1892 247 1921 in
267 1892 377 1921 Christo
398 1892 532 1921 veniente.

457 1995 585 2017 ΑΝΝοτΑ-Πο
603 1994 641 2017 47.

203 2080 292 2115 (Vers.
327 2080 392 2116 17.).
431 2080 637 2108 Testimonium
665 2079 835 2117 perhibebat
865 2080 970 2114 turba,

124 2136 198 2166 quae
218 2130 283 2156 erat
309 2135 376 2156 eum
400 2135 446 2161 eo,
471 2127 589 2165 qua-ndo
617 2127 731 2156 vocavit
759 2127 916 2156 Lazarum
937 2128 972 2156 cle

124 2178 317 2203 monumento.

202 2221 285 2255 Nota,
306 2220 381 2258 quod
402 2220 494 2257 signa,
516 2228 588 2257 quae
602 2220 718 2249 faciebat
738 2220 881 2255 Christus,
896 2229 971 2250 com-

124 2268 262 2306 pellebant
282 2268 380 2297 turbas
400 2267 434 2296 ad
455 2267 523 2296 tria:
539 2267 573 2296 ad
594 2267 785 2302 eredendum;
807 2268 880 2297 unde
895 2267 971 2296 loan-

124 2315 167 2344 nis
181 2314 337 2344 secundo⁶:
357 2314 450 2343 «Cum
472 2317 544 2343 esset
559 2314 731 2351 [erosolymis
745 2314 772 2343 in
793 2313 875 2349 sesto,
890 2314 971 2343 multi

125 2362 303 2392 crediderunt
323 2362 350 2390 in
371 2369 449 2396 eum,
471 2361 594 2391 videntes
609 2361 699 2399 signa,
720 2369 791 2399 quae
812 2361 970 2391 faciebat».

125 2425 162 2430 —-
176 2408 214 2438 Ad
232 2408 440 2445 eonfitendum;
455 2408 528 2437 unde
542 2408 600 2437 hic:
614 2408 830 2439 >Testimonium
840 2407 971 2445 perhibe-

126 2455 175 2484 bat
187 2458 239 2485 etc.
255 2471 291 2476 --
306 2454 344 2483 Ad
357 2455 552 2493 seqztendun2;
566 2454 640 2484 unde
662 2455 769 2484 Ioannis
783 2457 875 2484 sexto:
897 2466 910 2480 «
925 2456 971 2484 Se-

125 2502 264 2540 quebatur
281 2510 345 2531 eum
359 2501 508 2531 multitudo
527 2510 643 2539 magna,
658 2502 723 2539 quia
738 2501 866 2531 videbant
880 2502 970 2539 signa,

126 2556 196 2586 quae
217 2549 332 2578 faciebat
352 2560 379 2577 ιι.

188 2733 196 2746 ¹
214 2734 280 2756 Vers.
299 2734 334 2756 lo.

187 2771 196 2785 ²
214 2773 279 2795 Vers.
297 2773 334 2795 46.
351 2785 382 2789 ——-
399 2772 507 2802 Sequitur
524 2773 583 2801 Agg.
601 2774 628 2801 2,
646 2773 668 2796 8.

187 2809 197 2823 ³
213 2812 280 2834 Vers.
297 2811 334 2834 l5.
351 2823 382 2828 —
399 2811 504 2834 Subinde
520 2818 563 2840 pro
579 2811 713 2835 humiliatio
730 2813 747 2835 A
757 2811 774 2835 C
791 2811 921 2835 humilitas.

186 2848 197 2862 ⁴
214 2850 281 2873 Vers.
293 2850 315 2872 5.
327 2862 357 2866 —
369 2850 478 2879 Sequitur
490 2850 566 2872 lllatth.
580 2850 618 2878 Η,
630 2850 667 2872 29.
847 2849 857 2862 ¹⁵
870 2850 935 2873 Vers.
947 2851 970 2873 9.

187 2887 197 2901 ⁶
214 2889 280 2912 Vers.
297 2889 334 2911 23.
351 2901 383 2906 —
400 2888 503 2911 Subinde
518 2889 630 2917 allegatur
647 2889 707 2912 loan.
724 2890 751 2918 6,
769 2890 790 2912 2.

187 2926 196 2939 ⁷
215 2928 280 2951 Vers.
298 2927 334 2950 14.
351 2939 383 2944 -
400 2928 457 2950 Tres
482 2934 548 2957 seqq.
572 2927 617 2951 loci
641 2931 694 2950 sunt
717 2928 775 2951 Phil.
796 2929 823 2957 2,
845 2929 866 2951 9.
889 2935 970 2958 seqq.;

125 2966 161 2989 rs.
179 2966 220 2995 45,
240 2967 274 2989 11.
292 2970 314 2989 ct
331 2966 373 2994 56,
391 2967 414 2990 6.

1332 254 1474 278 COLLATlO
1492 255 1578 278 XLVll.

1111 348 1200 384 (Vers.
1223 348 1291 385 32).
1316 349 1374 386 Eyo
1401 349 1429 378 si
1448 349 1594 378 exaltatus
1621 348 1707 387 fuero
1738 358 1758 378 a
1779 354 1877 385 terra,

1032 394 1132 423 omnia
1153 393 1273 424 traham
1295 396 1335 424 acl
1355 404 1400 424 me
1420 396 1526 433 ipsum.

1114 442 1138 470 1.
1157 442 1184 470 In
1203 443 1296 471 verbis
1310 443 1369 472 istis
1382 443 1438 472 duo
1453 443 1586 480 praedicit
1606 444 1751 473 Dominus:
1773 444 1877 481 primo,
1895 448 1973 468 Divisio-

1032 488 1166 524 passionis
1187 497 1254 518 suae
1275 489 1410 524 modum,
1431 498 1495 519 cum
1523 490 1604 519 dicit:
1628 490 1702 519 Cum
1730 490 1878 520 exaltatus

1031 532 1135 570 fiter05
1156 535 1289 570 secundo,
1311 536 1445 572 passionis
1460 544 1526 565 suae
1540 535 1691 574 fructum,
1713 545 1778 566 cum
1798 537 1876 566 dicit:

1035 580 1142 609 Omnia
1162 580 1282 610 traham
1303 582 1344 610 ad
1363 591 1408 611 me
1429 582 1535 620 ipsum.

1110 627 1152 656 Ait
1166 635 1245 665 ergo:
1262 628 1335 657 Cum
1350 629 1496 658 exaltatus
1509 629 1594 667 fuero
1609 639 1628 659 a
1644 634 1733 660 terra.
1746 648 1784 652 —-
1795 631 1876 666 Nota,
1894 636 1986 663 minuo

1031 674 1106 711 quod
1136 674 1284 711 multiplex
1315 678 1357 704 est
1387 676 1533 705 exaltatio.
1563 677 1608 706 Est
1638 678 1711 707 enim
1745 678 1877 707 exaltatio
1905 662 1970 679 “¹⁰⁸''

1032 720 1265 750 hominis-Christi
1292 738 1328 742 —
1353 724 1380 751 et
1410 722 1530 752 hominis
1558 723 1621 752 iusti
1644 740 1681 745 —-
1703 727 1730 753 et
1757 724 1877 753 hominis

1031 767 1103 796 mali.
1120 784 1156 789 —
1176 768 1214 797 De
1235 769 1402 798 exaltatione
1425 768 1536 799 Christi
1553 773 1632 805 nota,
1654 771 1728 808 quod
1750 771 1877 800 Christus
1913 777 1999 796 Christus

1030 814 1083 843 fuit
1103 815 1241 844 exaltatus
1262 815 1290 844 in
1305 816 1456 853 passione,
1472 816 1499 845 in
1514 818 1681 846 ascensione
1701 821 1729 846 et
1750 818 1776 846 in
1800 819 1877 855 Apo·
1890 801 2022 848 exfflfgiffl-m'

1029 861 1171 890 stolorum
1183 862 1411 899 praedieatione.
1423 880 1462 884 —-
1476 864 1505 892 In
1519 864 1645 901 passione
1665 864 1717 893 suit
1738 865 1877 895 exaltatus
1895 870 1964 890 Primo.

1030 908 1058 936 in
1075 917 1171 945 poena
1179 919 1189 942 ;
1210 908 1244 938 de
1274 918 1330 946 qua
1351 910 1410 938 hic:
1435 910 1509 939 Cum
1533 910 1680 939 exaltatus
1701 910 1787 949 fuero
1808 915 1876 947 etc.;

1029 958 1057 984 et
1071 955 1178 984 loannis
1202 956 1284 984 tertio
1301 956 1323 984 ⁷:
1354 956 1457 985 «Sicut
1482 957 1614 986 exaltavit
1639 959 1744 995 Moyses
1764 966 1877 996 serpen-

1030 1005 1085 1031 tem
1100 1002 1127 1031 in
1142 1002 1263 1037 deserto,
1285 1002 1323 1031 ita
1344 1003 1461 1032 exaltari
1476 1006 1585 1040 oportet
1599 1004 1696 1033 Filium
1716 1005 1835 1034 hominis
1849 1018 1876 1035 ».

1031 1066 1066 1070 —
1089 1049 1116 1078 ln
1138 1049 1297 1079 ascensione
1317 1050 1369 1078 fuit
1390 1050 1529 1079 exaltatus
1544 1051 1571 1079 in
1584 1050 1691 1088 gloria.
1713 1052 1789 1081 Tunc
1803 1052 1877 1081 enim
1895 1056 1988 1076 Secundo-

1033 1108 1047 1121 «
1061 1096 1136 1126 Deus
1156 1097 1289 1126 exaltavit
1309 1097 1388 1126 illum
1410 1101 1437 1126 et
1457 1097 1532 1126 dedit
1552 1098 1590 1126 illi
1612 1106 1726 1133 nomen,
1748 1099 1822 1136 quod
1836 1103 1878 1129 est

1028 1150 1113 1180 super
1140 1151 1221 1172 omne
1242 1151 1355 1178 nomen,
1377 1146 1409 1172 ut
1436 1144 1465 1173 in
1486 1144 1596 1173 nomine
1621 1145 1681 1174 lesu
1702 1153 1783 1174 omne
1804 1153 1877 1182 genu

1028 1189 1156 1218 flectatur
1181 1190 1355 1225 caelestium,
1379 1191 1553 1220 terrestrium
1574 1194 1601 1220 et
1628 1191 1822 1227 infernorum,
1850 1194 1878 1221 et

1028 1236 1117 1264 omnis
1137 1236 1231 1273 lingua
1248 1237 1428 1271 confiteatur,
1450 1237 1516 1274 quia
1530 1237 1664 1267 Dominus
1682 1238 1756 1267 lesus
1777 1239 1804 1267 in
1819 1238 1877 1276 glo-

1029 1282 1070 1311 ria
1099 1286 1141 1312 est
1170 1284 1219 1312 Dei
1251 1284 1383 1319 Patris»,
1404 1284 1438 1313 ad
1470 1285 1658 1322 Philippenses
1686 1286 1815 1315 secundo.
1838 1302 1877 1306 —

1029 1329 1057 1358 ln
1084 1330 1276 1366 Apostolorum
1304 1331 1507 1367 praedicatione
1534 1332 1587 1361 suit
1614 1333 1754 1362 exaltatus
1775 1333 1803 1361 in
1827 1332 1877 1371 fa·
1894 1337 1964 1357 Tertio-

1028 1385 1097 1410 ma,·
1117 1377 1150 1405 de
1171 1386 1227 1414 quo
1247 1378 1274 1406 in
1300 1378 1424 1407 Psalmo:
1450 1390 1463 1404 «
1486 1379 1635 1408 Exaltahor
1656 1379 1684 1408 in
1699 1380 1828 1417 gentibus
1850 1383 1878 1409 et

1028 1423 1172 1452 exaltabor
1193 1424 1219 1452 in
1242 1427 1318 1453 terra
1342 1436 1375 1459 »ς
1397 1427 1425 1453 et
1452 1425 1569 1454 iterum:
1597 1437 1610 1450 «
1634 1426 1764 1455 Exaltare
1792 1435 1876 1464 super

1029 1470 1118 1499 caelos
1138 1470 1212 1499 Deus
1226 1481 1257 1505 »3
1279 1471 1353 1508 quod
1373 1471 1477 1500 sactum
1498 1475 1540 1500 est
1560 1472 1588 1500 in
1616 1473 1790 1507 ascensione3
1817 1485 1830 1498 (ι
1850 1476 1878 1502 et

1028 1517 1055 1545 in
1077 1524 1185 1545 omnem
1208 1520 1311 1546 terram
1339 1518 1427 1555 gloria
1448 1521 1540 1551 tua»;
1563 1519 1638 1555 quod
1658 1518 1761 1548 factum
1782 1522 1825 1549 est
1848 1520 1876 1549 in

1028 1564 1165 1601 Evangelii
1186 1565 1415 1602 promulgatione.

1107 1612 1133 1640 Ξ.
1156 1612 1287 1649 Sequitur
1308 1612 1342 1641 de
1363 1612 1530 1641 exaltatione
1547 1611 1674 1641 hominis
1695 1613 1783 1648 iusti,
1805 1618 1952 1660 quae.¹25m·
1961 1618 2022 1661 319ῐῖῑο

1028 1658 1176 1694 multiplex
1198 1662 1247 1687 est.
1270 1658 1380 1687 Exaltat
1410 1658 1483 1687 enim
1505 1659 1579 1688 Deus
1607 1659 1747 1688 hominem
1771 1659 1877 1689 iustum
1887 1647 1948 1684 ¹c¹i¹t⁵e¹r¹-⁵
1969 1647 2022 1666 ‘¹⁹¹‘

1028 1705 1055 1733 in
1074 1705 1195 1742 ¹qratia,
1217 1705 1245 1733 in
1258 1705 1357 1742 yloria
1378 1705 1447 1734 etin
1468 1704 1562 1743 fama.
1578 1706 1660 1734 —In
1680 1706 1783 1744 qratia
1798 1707 1875 1736 exal·
1893 1712 1963 1731 Primo·

1028 1755 1082 1786 tat,
1104 1751 1215 1789 quando
1236 1751 1269 1781 de
1291 1752 1372 1789 culpa
1392 1752 1427 1781 ad
1448 1752 1566 1789 gratiam
1588 1756 1682 1788 vocat;
1706 1753 1778 1783 unde
1804 1754 1876 1783 Psal-

1027 1798 1128 1827 mus¹³z
1155 1810 1168 1823 «
1183 1798 1235 1835 Qui
1257 1798 1363 1827 exaltas
1384 1806 1428 1828 me
1448 1798 1482 1828 de
1504 1799 1590 1836 portis
1611 1800 1745 1829 mortis».
1768 1801 1877 1830 Portae

1028 1845 1148 1879 mortis,
1170 1845 1273 1882 quibus
1300 1845 1421 1874 intratur
1442 1846 1477 1874 ad
1504 1849 1639 1881 mortem,
1661 1850 1773 1884 peccata
1795 1851 1875 1882 sunt;

1026 1896 1129 1930 portae
1142 1900 1209 1921 vero
1223 1892 1313 1926 vitae,
1331 1892 1420 1930 gratia
1433 1896 1461 1922 et
1482 1893 1607 1922 virtutes.
1624 1894 1701 1923 Tunc
1716 1902 1782 1931 ergo
1796 1895 1876 1923 exat-

1028 1943 1110 1968 tatur
1132 1940 1215 1968 homo
1235 1939 1269 1968 de
1294 1940 1382 1976 portis
1402 1940 1515 1975 mortis,
1537 1941 1648 1978 quando
1673 1944 1820 1970 revocatur
1842 1941 1876 1971 de

1028 1988 1101 2015 statu
1122 1986 1226 2023 peccati
1247 1986 1282 2015 ad
1306 1989 1409 2015 statum
1431 1988 1544 2024 gratiae.
1567 1988 1606 2017 De
1634 1988 1685 2017 hac
1706 1988 1876 2017 exaltatione

1028 2034 1117 2062 Lucae
1137 2033 1243 2062 decimo
1263 2037 1376 2062 octavo:
1403 2046 1416 2059 «
1431 2034 1541 2069 Omnis,
1564 2035 1611 2072 qui
1630 2043 1659 2064 se
1680 2035 1801 2070 exaltat,
1823 2036 1876 2064 hu-

1027 2080 1179 2109 miliabitur
1194 2092 1221 2108 ».
1247 2097 1283 2101 —
1310 2081 1337 2109 ln
1357 2081 1456 2118 gloria
1475 2081 1595 2116 exaltat,
1616 2090 1680 2110 cum
1701 2082 1735 2111 de
1765 2082 1876 2111 miseria
1893 2086 1985 2106 Secundo-

1028 2127 1062 2156 ad
1077 2135 1193 2164 regnum
1215 2130 1307 2162 vocat,
1329 2128 1481 2157 secundum
1504 2128 1571 2157 illud
1594 2129 1691 2157 Psalmi
1704 2129 1730 2157 ⁹:
1757 2129 1880 2158 «Cornu'

1028 2174 1088 2203 eius
1108 2174 1279 2202 exaltabitur
1298 2174 1326 2202 in
1347 2174 1435 2211 gloria
1452 2186 1479 2203 ».
1501 2175 1540 2204 De
1561 2175 1613 2204 hac
1634 2175 1801 2204 exaltatione
1822 2176 1875 2204 Lu-

1028 2228 1076 2249 cae
1096 2220 1202 2249 decimo
1216 2224 1330 2257 quarto:
1357 2232 1370 2246 «
1385 2221 1496 2256 Omnis,
1517 2221 1565 2259 qui
1587 2230 1616 2251 se
1631 2222 1774 2256 humiliat,
1797 2222 1874 2250 exal-

1028 2267 1146 2304 tabitur,
1167 2270 1194 2296 et
1215 2268 1262 2305 qui
1278 2275 1307 2296 se
1328 2268 1433 2297 exaltat
1448 2269 1641 2298 humiliabitur
1652 2280 1679 2297 ».
1692 2285 1729 2290 —
1745 2269 1774 2298 In
1787 2268 1875 2306 sama
1892 2274 1963 2293 Tertio·

1028 2314 1144 2349 exaltat,
1166 2314 1277 2352 quando
1294 2315 1355 2344 eius
1375 2315 1490 2352 gloriam
1511 2315 1539 2343 in
1564 2315 1684 2344 Ecclesia
1704 2315 1873 2350 manifestat,

1028 2369 1092 2390 cum
1113 2361 1192 2396 facit,
1214 2364 1246 2390 ut
1271 2373 1284 2387 «
1299 2362 1422 2391 exaltent
1436 2370 1500 2391 eum
1516 2362 1543 2390 in
1558 2362 1673 2391 ecclesia
1693 2362 1781 2400 plebis
1801 2366 1828 2392 et
1846 2363 1874 2391 in

1029 2408 1160 2437 cathedra
1170 2408 1311 2437 seniorum
1323 2408 1436 2437 laudent
1446 2416 1510 2437 eum
1519 2421 1532 2434 »
1540 2432 1547 2443 ,
1559 2409 1711 2438 secundum
1723 2409 1798 2446 quod
1808 2409 1875 2439 dici—

1029 2458 1076 2484 tur
1090 2455 1118 2483 in
1133 2455 1239 2484 Psalmo
1251 2456 1288 2489 10;
1303 2458 1331 2484 et
1344 2455 1471 2484 Matthaei
1484 2455 1615 2493 vigesimo
1626 2456 1723 2484 tertio:
1738 2468 1751 2481 «
1762 2456 1874 2491 Omnis,

1028 2501 1076 2539 qui
1092 2509 1122 2530 se
1136 2502 1279 2536 humiliat,
1294 2502 1463 2531 exaltabitur
1477 2514 1490 2527 »
1516 2505 1584 2537 etc.;
1599 2502 1647 2531 ubi
1662 2503 1802 2539 praedicat
1822 2503 1874 2532 Do-

1029 2548 1121 2577 minus
1134 2548 1168 2577 de
1182 2557 1237 2577 non
1252 2549 1409 2586 quaerenda
1423 2549 1495 2578 sama
1509 2549 1535 2578 in
1551 2550 1688 2586 praesenti
1707 2550 1764 2579 sive
1778 2549 1873 2587 gloria.

1093 2733 1102 2746 ¹³
1119 2735 1202 2757 Psalm.
1228 2734 1254 2762 9,
1277 2734 1315 2757 45.
1335 2746 1367 2751 -
1388 2734 1483 2757 inferius
1507 2734 1618 2762 allegatur
1642 2735 1697 2757 Luc.
1720 2734 1761 2763 ¹18,
1786 2734 1822 2757 it.
1844 2747 1874 2751 —

1027 2772 1131 2796 Subinde
1147 2776 1199 2801 post
1215 2773 1303 2796 Portae
1318 2773 1335 2795 B
1352 2772 1436 2795 omittit
1452 2772 1548 2801 mortis,
1565 2775 1588 2795 et
1604 2779 1647 2801 pro
1657 2771 1685 2795 de
1694 2772 1772 2802 portis
1788 2772 1873 2796 mortis

1026 2812 1143 2835 substituit
1159 2811 1187 2835 de
1202 2811 1289 2841 portis,
1310 2810 1395 2841 quibus
1416 2811 1522 2835 intratur
1544 2810 1577 2835 ad
1597 2812 1712 2840 mortem,
1730 2817 1757 2834 ac
1778 2811 1873 2834 demum

1027 2851 1055 2875 de
1070 2852 1134 2875 stulu
1152 2850 1235 2880 culpae
1251 2857 1294 2879 pro
1311 2850 1339 2873 de
1355 2852 1419 2874 statu
1436 2850 1532 2880 peccati.

1089 2888 1099 2901 ⁹
1116 2890 1199 2912 Psalm.
1217 2890 1270 2918 lll,
1286 2890 1309 2912 9.
1325 2901 1356 2906 --
1374 2889 1482 2918 Sequitur
1500 2890 1554 2912 Luc.
1573 2889 1615 2916 it,
1633 2889 1670 2912 ll.

1090 2927 1110 2941 ¹⁰
1127 2929 1208 2951 Psalm.
1227 2929 1284 2956 2106,
1302 2929 1340 2951 32.
1359 2941 1389 2944 —
1407 2927 1510 2951 Subinde
1527 2929 1639 2957 allegatur
1656 2928 1733 2951 Malui.
1751 2929 1794 2956 23,
1813 2928 1849 2951 v¹2.
