2296 3316
220 711 321 730 Moralsser.

210 1459 324 1479 Secundum.

343 161 398 189 266

343 237 430 274 possis
458 236 607 273 cousequi3
629 235 664 264 ad
689 235 876 272 Philippenses
905 234 1027 263 tertio1:
1053 246 1067 259 <t
1082 234 1189 271 Sequor

341 286 450 317 autem,
472 283 493 311 si
516 290 571 319 quo
593 281 674 310 modo
688 280 937 318 comprehendam,
953 280 980 309 in
995 288 1052 317 quo
1067 284 1094 310 et
1115 288 1189 309 com-

341 330 496 367 prehensus
516 336 578 358 sum
593 340 619 356 ι».
642 328 674 356 Et
689 328 775 365 tangit
798 327 968 364 Evangelista
989 327 1096 361 locum,
1117 326 1189 356 unde

340 379 400 405 erat
421 375 563 412 Philippus
576 374 722 409 oriundus,
737 374 771 403 ad
786 374 917 403 maiorem
932 373 1188 403 manifestationem.

340 423 487 459 Propterea
507 421 591 450 dicit:

419 469 464 497 91.
482 468 571 504 (Vers.
586 468 655 503 44).
675 468 748 496 Erat
767 471 866 496 autem.
886 465 1044 504 Philippus
1064 475 1084 495 a
1106 465 1189 495 Beth-

338 516 442 550 saida,
470 516 585 544 civitate
613 516 749 545 Andreae
776 519 802 544 et
831 515 918 544 Petri.
949 514 987 543 Ed
1007 514 1069 543 ideo
1089 514 1190 543 intelli-

341 563 478 600 gendum,
499 562 573 600 quod
594 565 687 591 motus
707 567 750 591 est
770 562 865 599 sequi,
887 561 953 599 quia
973 561 1042 590 vidit
1065 561 1127 590 illos
1147 569 1190 590 se-

340 612 464 646 quentes.
492 609 604 638 Cortina
634 609 708 638 enim
736 609 872 638 cortinam
904 608 1003 642 trabit,
1035 608 1189 637 secundum

340 655 414 692 quod
437 655 523 684 Exodi
551 655 684 692 vigesimo
705 655 807 684 sexto²
829 655 856 684 in
878 654 1076 692 compositione
1098 654 1189 683 taher-

339 702 429 731 naculi
452 702 590 739 signatum
611 705 660 731 est.
677 718 714 723 —
729 701 880 731 Moraliter
901 710 968 731 vero
989 700 1146 739 Philippiis
1159 709 1191 730 os

339 749 472 786 lampadis
487 749 698 786 interpretatur,
711 748 870 778 Bethsaida
880 749 979 778 domus
992 752 1156 778 venatorum
1168 749 1188 777 ⁸.

339 796 389 825 Per
410 804 442 824 os
463 796 598 833 sapientia
625 799 738 825 notatur
759 796 949 833 eloquentiae,
970 796 1004 824 de
1025 803 1081 832 qua
1101 796 1190 825 Lucae

340 843 471 880 vigesimo
492 842 583 879 primo
593 843 624 870 ²:
650 854 663 868 «
680 843 735 880 Ego
750 842 820 871 dabo
835 842 914 871 vobis
927 851 958 871 os
972 845 1000 871 et
1014 841 1189 878 sapientiam,

340 890 384 919 cui
405 898 461 918 non
482 892 614 926 poterunt
635 889 764 918 resistere
785 893 813 918 et
831 889 1020 918 contradicere
1034 897 1129 918 omnes
1143 888 1190 917 ad-

342 937 454 966 versarii
470 936 554 965 vestri
570 948 596 964 ».
619 936 670 965 Per
692 936 869 974 lampadem,
892 937 1022 965 honestas
1043 943 1191 965 conversa-

340 983 437 1017 tionis,
466 982 593 1011 Matthaei
615 983 731 1020 quinto:
758 994 771 1007 «
787 983 888 1011 Luceat
910 983 961 1011 lux
982 985 1075 1011 vestra
1096 990 1190 1011 coram

342 1029 517 1063 hominibus,
538 1033 570 1058 ut
592 1029 729 1058 videant»
755 1032 806 1058 ete.
829 1030 879 1058 Per
900 1033 1060 1064 venatores,
1083 1029 1191 1066 praedi-

340 1080 462 1110 catores;
490 1076 620 1105 Ieremiae
640 1076 746 1105 decimo
768 1080 867 1105 sexto:
894 1088 907 1102 ιι
922 1077 1027 1105 Mittam
1048 1077 1087 1106 eis
1109 1084 1191 1105 vena-

341 1126 415 1152 tores
436 1124 554 1158 multos,
576 1127 603 1152 et
625 1123 803 1152 venabuntur
824 1132 871 1152 eos
886 1136 913 1152 ».
936 1124 964 1152 ln
986 1124 1128 1152 vocatione
1142 1123 1192 1160 igi-

342 1174 388 1199 tur
409 1171 525 1208 Philippi
546 1171 580 1199 de
602 1171 746 1199 Bethsaida
766 1171 955 1208 significatur,
977 1171 1051 1208 quod
1072 1171 1120 1208 qui
1149 1178 1192 1199 as-

341 1217 425 1246 sumit
453 1217 575 1246 officium
603 1217 815 1254 praedicationis
843 1217 925 1246 debet
954 1217 1057 1246 habere
1085 1217 1192 1254 sapien-

342 1265 408 1293 tiam
429 1265 602 1302 eloquentiae
622 1268 650 1293 et
671 1265 843 1293 honestatem
864 1265 951 1299 vitae,
977 1276 991 1289 α
1006 1264 1086 1301 quia,
1112 1264 1192 1293 cuius

342 1311 398 1340 vita
426 1311 593 1348 despicitur,
627 1314 726 1344 restat,
762 1314 794 1340 ut
821 1311 882 1340 eius
902 1310 1069 1348 praedicatio
1100 1314 1193 1339 conte-

343 1361 454 1387 mnatur
465 1358 476 1375 ⁵
492 1370 518 1386 ».

422 1406 467 1434 92.
491 1405 579 1440 (Vers.
602 1406 670 1439 45).
694 1405 807 1433 Invenit
822 1404 978 1442 Philippus
993 1407 1043 1433 etc.
1059 1405 1192 1441 Tangitur

343 1452 387 1481 hic
408 1452 578 1486 secundum,
600 1452 703 1480 scilicet
723 1451 835 1480 vocatio
856 1451 1015 1488 sapientis,
1037 1451 1193 1488 quaefacta

343 1502 384 1528 est
405 1499 542 1528 mediante
563 1499 688 1535 simplici.
711 1499 859 1535 Propterea
879 1498 963 1527 dicit:
989 1498 1101 1527 Invenit
1122 1497 1192 1527 Phi-

344 1545 442 1583 lippus
464 1544 636 1574 Nathanael.
660 1545 735 1574 Sicut
756 1545 815 1582 ipse
834 1545 964 1573 inventus
977 1545 1069 1574 fuerat
1083 1553 1099 1573 a
1113 1545 1193 1573 Chri-

343 1595 401 1626 sto,
422 1592 461 1621 sic
482 1595 510 1622 et
530 1592 725 1621 Nathanaelem
747 1592 869 1626 invenit;
891 1591 1003 1620 Bedass:
1030 1604 1043 1617 (ι
1058 1592 1125 1621 Vide
1147 1600 1193 1621 ve-

342 1642 467 1667 natorem
496 1639 597 1672 istum,
625 1642 761 1678 quantum
790 1638 929 1675 capiendis
953 1639 1100 1673 animabus
1121 1642 1194 1668 esset

342 1686 508 1716 intentus».
537 1685 612 1714 Unde
640 1689 667 1714 et
695 1685 841 1722 sequitur:
872 1684 907 1713 Et
934 1685 1005 1714 dicit
1032 1686 1077 1714 ei:
1102 1686 1191 1722 Quem

342 1732 462 1769 scripsit
481 1732 593 1770 Moyses
608 1732 638 1760 in
653 1733 737 1769 Leye,
753 1736 778 1760 et
793 1731 956 1769 Prophetae
966 1743 977 1766 ,·
995 1733 1109 1770 supple:
1125 1733 1193 1762 scri-

342 1782 473 1816 pserunt;
495 1779 579 1815 aliqui
603 1778 687 1807 lihri⁷
710 1778 813 1807 habent
833 1783 859 1807 et
881 1778 1051 1816 Prophetis,
1070 1782 1098 1808 et
1112 1779 1193 1808 (lebet

342 1825 465 1861 suppleri
487 1824 597 1853 littera:
626 1826 716 1860 Quem
735 1825 854 1862 scripsit
875 1825 986 1863 Moyses
1008 1825 1039 1853 in
1063 1826 1145 1862 Leye,
1168 1829 1194 1854 et

344 1871 514 1909 Prophetis:
536 1871 672 1909 scriptum
695 1874 744 1900 est.
767 1872 936 1900 Invenimus
962 1872 1074 1906 Iesum,
1097 1872 1193 1908 filiam

343 1918 444 1956 Ioseph
466 1927 485 1947 a
506 1918 668 1947 Nazareth.
685 1919 736 1948 Iste
751 1922 811 1948 erat
824 1918 968 1953 Christus,
990 1919 1038 1956 qui
1054 1927 1193 1956 praenun-

345 1967 429 1995 tiatus
449 1966 503 1995 suit
523 1974 539 1994 a
553 1966 623 2003 Lege
637 1968 664 1995 et
678 1965 841 2002 Prophetis;
856 1965 1065 1994 Deuteronomii
1087 1965 1193 1994 decimo

344 2012 481 2042 octavo⁸2
515 2024 528 2038 «
546 2012 713 2049 Prophetam
743 2012 888 2040 suscitabit
918 2011 967 2040 tibi
998 2011 1133 2040 Dominus
1160 2011 1193 2040 de

973 157 1142 186 COMMENT.
1166 157 1198 185 IN
1220 157 1365 185 lOANNEM
1387 157 1414 184 C.
1438 157 1455 185 l.

1246 237 1327 270 gente
1349 237 1397 261 tua
1412 245 1425 258 »
1450 236 1521 266 ctc.;
1544 233 1628 261 isaiae
1648 233 1783 269 septimo:
1802 244 1816 258 α
1833 233 1914 267 Ecce,
1931 233 2014 270 Virgo
2028 241 2092 261 con-

1246 280 1328 317 cipiet
1349 283 1376 308 et
1397 279 1486 316 pariet
1506 279 1594 307 [ilium
1608 291 1622 304 »
1648 282 1699 308 etc.
1722 279 1798 308 Hunc
1812 279 1920 308 dicebat
1937 278 2034 316 filiam
2048 279 2093 308 Io-

1245 326 1328 363 seph,
1350 326 1552 363 repatatione;
1574 326 1662 354 Lucae
1690 325 1790 354 tertio:
1816 337 1830 350 α
1846 326 1905 362 lpse
1932 325 2007 354 lesus
2033 329 2093 355 erat

1245 372 1380 409 incipiens
1400 372 1479 409 quasi
1501 380 1638 401 annorum
1661 372 1789 409 triginta,
1807 375 1839 400 ut
1853 372 2005 409 putabatur
2019 371 2093 401 tilius

1246 420 1343 456 loseph
1358 431 1384 447 n.
1407 419 1438 448 Et
1459 420 1512 448 hoc
1532 418 1644 456 quidem
1666 419 1738 447 dixit
1758 419 1933 453 Nathanaeli‚
1962 421 2093 456 tanquam

1246 466 1270 495 ei
1292 466 1339 503 qui
1362 466 1469 503 peritus
1489 468 1550 495 erat
1570 465 1597 494 in
1619 466 1689 503 Lege
1709 468 1737 494 et
1758 465 1910 502 Prophetis.
1932 465 1964 494 Et
1978 465 2032 494 hoc
2046 473 2093 502 pa—

1247 515 1286 542 tet
1306 521 1341 542 ex
1364 513 1452 550 ipsius
1472 512 1659 549 responsione.

1326 559 1372 588 93.
1395 559 1484 596 (Vers.
1506 559 1574 594 46).
1600 560 1634 587 Et
1652 559 1729 588 dixit
1749 559 1776 587 ei
1790 557 1976 588 Nathanael:
1992 560 2014 588 Α
2033 558 2094 588 Να-

1247 605 1352 634 zareth
1372 609 1463 643 potest
1482 605 1596 644 aliquid
1618 604 1685 634 boni
1704 614 1771 644 esse.
1794 603 1870 634 Dicit
1882 605 1909 634 ei
1921 604 2093 643 Philippus:

1255 653 1321 681 Veni
1340 657 1366 681 et
1387 652 1458 681 vide.
1481 652 1534 681 lsta
1554 652 1647 681 littera
1669 652 1769 690 legitur
1788 652 1980 687 remissive&
2001 656 2033 682 ut
2060 652 2095 682 sit

1246 707 1360 734 sensus,
1382 699 1456 737 quod
1477 698 1582 736 aliquid
1603 702 1693 736 potest
1721 707 1781 728 esse
1808 699 1872 728 boni
1900 708 1917 728 a
1943 699 2094 734 Nazareth,

1246 750 1360 783 propter
1368 746 1435 775 illud
1444 746 1518 783 quod
1530 746 1663 775 scribitur
1674 746 1800 775 Matthaei
1814 746 1935 775 secundo
1943 746 1979 775 ¹⁰:
1996 746 2096 783 «Quod

1246 794 1382 830 scriptum
1403 796 1445 822 est
1466 800 1515 830 per
1537 793 1718 830 Prophetam,
1733 793 1864 830 quoniam
1879 794 2034 823 Nazaraeus
2048 802 2096 823 vo-

1247 840 1356 869 cabitur
1370 852 1398 874 »,
1419 844 1447 869 et
1468 840 1604 877 accipitur
1618 840 1652 869 de
1667 840 1751 869 Isaiae
1765 840 1911 869 undecimo
1920 863 1927 875 ,
1942 840 2096 870 secundum

1247 887 1406 916 Hebraicam
1434 886 1598 921 veritatem;
1626 886 1674 915 uhi
1695 894 1746 915 nos
1767 886 1920 916 habemus:
1947 898 1960 912 «ι
1975 887 2036 916 Flos
2062 886 2096 915 de

1247 935 1339 964 radice
1366 934 1427 963 eius
1454 933 1625 968 ascendet»,
1647 933 1698 970 ipsi
1725 933 1845 962 habent:
1871 945 1885 959 α
1899 932 2054 964 Nazaraeos
2068 945 2094 962 ».

1249 981 1308 1010 [deo
1331 981 1381 1010 hoc
1402 980 1558 1017 intelligens
1583 980 1733 1008 Nathanael
1763 982 1893 1017 tanquam
1915 980 2023 1017 peritus
2053 988 2096 1009 as-

1247 1028 1343 1057 seruit.
1359 1045 1398 1048 —
1411 1027 1495 1056 Aliter
1511 1027 1612 1064 legitur
1626 1026 1847 1064 interroyative,
1866 1026 1946 1063 quasi
1966 1026 2097 1056 dubitans

1247 1077 1379 1112 quaerat:
1401 1075 1425 1102 A
1451 1073 1604 1103 Nazareth
1621 1077 1714 1111 potest
1734 1073 1850 1111 aliquid
1864 1073 1932 1102 boni
1950 1073 2030 1101 esse?
2045 1073 2097 1102 sci-

1249 1122 1311 1151 licet
1328 1125 1433 1150 tantum
1450 1121 1571 1155 bonum,
1586 1121 1652 1158 quia
1666 1138 1702 1141 —
1719 1120 1792 1149 sicut
1806 1120 1939 1149 scribitur
1960 1120 2097 1149 Michaeae

1248 1169 1346 1206 quinto
1360 1170 1396 1197 ¹¹:
1413 1180 1425 1193 α
1440 1169 1470 1196 Et
1492 1172 1521 1197 tu
1543 1168 1702 1197 Bethlehem
1718 1167 1852 1204 Ephrata,
1867 1167 2026 1204 parvulus»
2045 1170 2096 1196 etc.

1249 1233 1287 1236 ——
1301 1216 1335 1245 de
1350 1216 1510 1245 Bethlehem
1532 1215 1691 1244 nasciturus
1705 1217 1765 1243 erat
1779 1214 1915 1244 Christus.
1931 1214 1992 1243 Ideo
2006 1213 2098 1243 ludaei

1248 1263 1383 1292 dixerunt
1413 1263 1485 1291 infra
1505 1262 1634 1299 septimo:
1661 1273 1675 1296 ς(
1689 1261 1820 1298 Nunquid
1841 1269 1857 1290 a
1885 1261 2004 1290 Galilaea
2023 1261 2098 1289 venit

1248 1310 1376 1338 Christus
1390 1312 1429 1337 n?
1451 1309 1513 1337 Sive
1535 1309 1644 1346 legatur
1666 1308 1831 1342 remissive,
1854 1308 1912 1336 sive
1932 1307 2097 1344 inter-roya-

1250 1357 1319 1390 tive,
1341 1356 1439 1385 asserit
1470 1356 1514 1384 hic
1546 1355 1688 1392 Philippus
1715 1358 1743 1383 et
1771 1354 1915 1388 hortatur,
1937 1357 1969 1383 ut
1997 1354 2096 1383 veniat.

1249 1403 1363 1440 Propter
1385 1402 1457 1439 quod
1480 1402 1623 1439 sequitur:
1648 1401 1724 1429 Dicit
1743 1401 1770 1429 ei
1793 1399 1964 1438 Philippus:
1993 1400 2062 1429 Veni
2074 1405 2100 1429 et

1248 1450 1327 1483 vicle;
1348 1450 1564 1486 Chrysostomus
1575 1449 1614 1477 ¹2:
1642 1460 1655 1474 «
1671 1448 1814 1485 Philippus
1834 1448 1959 1482 divitias,
1973 1456 2043 1489 quas
2057 1448 2098 1476 in-

1249 1497 1336 1530 venit,
1360 1504 1407 1533 per
1429 1497 1518 1525 verba.
1534 1496 1725 1525 demonstrare
1746 1504 1800 1524 non
1822 1498 1934 1532 potens,
1949 1495 1983 1524 ad
2003 1495 2099 1524 inven-

1250 1546 1309 1572 tum
1331 1543 1408 1572 ducit
1430 1544 1593 1571 thesaurum
1616 1542 1731 1571 fratrem
1753 1550 1835 1571 suum
1850 1554 1877 1570 υ.
1893 1542 1925 1571 Et
1945 1542 2099 1580 intelligen-

1249 1591 1332 1624 dum,
1354 1590 1428 1627 quod
1450 1592 1563 1618 secutus
1584 1592 1625 1618 est
1646 1589 1811 1626 Philippum.

1329 1637 1375 1664 94.
1404 1636 1493 1671 (Vers.
1522 1636 1591 1671 47).
1632 1636 1705 1664 Vidit
1736 1636 1818 1664 Iesus
1850 1634 2017 1665 Nathanael
2046 1639 2097 1665 etc.

1250 1683 1383 1719 Tangitur
1409 1682 1454 1711 hic
1486 1682 1613 1716 tertium,
1635 1682 1739 1711 scilicet
1770 1682 1907 1710 attractio
1928 1682 2032 1711 vocati.
2053 1683 2099 1710 At-

1251 1730 1336 1757 trahit
1358 1737 1406 1766 per
1428 1728 1706 1757 commendationem
1733 1732 1760 1757 et
1782 1737 1832 1766 per
1856 1732 2034 1758 secretorum
2053 1737 2099 1758 re-

1249 1776 1427 1804 velationem.
1449 1776 1499 1804 Per
1521 1775 1816 1810 commendationem,·
1830 1775 1904 1805 unde
1918 1775 1998 1804 dicit:
2024 1776 2099 1805 Vidit

1249 1823 1331 1851 Iesus
1352 1822 1519 1851 Nathanael
1541 1823 1694 1851 venientem
1717 1822 1758 1850 ad
1784 1831 1827 1856 se,
1849 1822 1953 1851 scilicet
1980 1830 2030 1860 per
2045 1822 2099 1851 >ad-

1250 1870 1427 1899 monitionem
1450 1870 1566 1907 Philippi
1588 1870 1734 1907 simplicis;
1756 1874 1782 1899 et
1802 1870 1874 1899 dicit
1894 1870 1928 1899 de
1948 1878 1996 1899 eo:
2019 1871 2099 1905 Ecce,

1250 1925 1314 1945 vere
1336 1916 1490 1950 Israelita,
1513 1917 1543 1945 in
1563 1925 1620 1955 quo
1651 1917 1735 1945 dolas
1765 1925 1824 1945 non
1849 1920 1897 1945 est.
1931 1916 1992 1946 Ideo
2019 1916 2100 1946 dolus

1250 1972 1305 1992 non
1326 1966 1382 1998 est,
1404 1963 1485 2000 quia,
1507 1972 1571 1992 cum
1597 1964 1633 1992 sit
1654 1964 1778 2000 sapiens,
1800 1972 1855 1993 non
1886 1964 2000 1993 erubuit
2021 1964 2099 2002 sequi

1250 2011 1417 2047 simplicem;
1440 2010 1505 2047 quia
1525 2010 1598 2047 quod
1620 2010 1750 2039 credebat
1771 2011 1799 2039 in
1820 2011 1920 2046 corde,
1936 2011 1988 2040 hoc
2003 2015 2100 2049 protu—

410 2196 417 2209 ¹
437 2197 503 2219 Vers.
524 2197 561 2219 12.

408 2235 417 2248 ²
435 2236 501 2258 Vers.
513 2236 535 2258 3.
546 2242 624 2265 seqq.:
638 2236 746 2264 Quinque
757 2235 859 2258 cortinae
870 2235 914 2258 sibi
927 2236 1050 2263 iungentur
1059 2239 1140 2258 mutuo
1151 2239 1194 2258 etc.

408 2273 418 2286 ³
435 2275 522 2303 Duplex
540 2276 596 2297 haec
614 2275 755 2303 etymologia
773 2275 873 2298 occurrit
889 2275 953 2303 apud
965 2275 1069 2303 Hierum,
1086 2275 1147 2298 Libr.
1165 2275 1195 2297 de

346 2314 412 2336 Nom.
434 2313 539 2336 Hebraic.
556 2314 613 2336 novi
631 2317 679 2336 test.
698 2314 727 2336 de
745 2314 820 2336 Matth.
838 2316 861 2336 et
879 2314 953 2342 Luca3
971 2315 1011 2336 cfr.
1030 2314 1038 2336 ·1
1068 2317 1090 2336 et
1107 2315 1128 2336 2.
1146 2314 1195 2337 Ori-

347 2354 433 2381 ginian.
450 2354 549 2376 Lexicon
571 2353 691 2376 nominum
716 2352 881 2376 Hebraicorum
899 2353 931 2382 (in
949 2353 1077 2382 appendice
1094 2353 1151 2376 tomi
1173 2354 1195 2375 3.

346 2394 371 2415 S.
387 2392 497 2421 Hieron).
514 2405 545 2409 -
563 2393 641 2415 Plures
658 2392 728 2415 codd.
746 2386 888 2420 cenationi-3,
906 2393 943 2415 ed.
960 2393 1091 2416 venationis
1102 2393 1150 2416 sive
1161 2399 1195 2416 ve-

347 2433 469 2454 natorum.
910 2453 913 2456 .

409 2469 419 2482 ⁴
437 2471 503 2493 Vers.
522 2470 559 2493 15.
582 2483 614 2487 -
640 2471 690 2493 Duo
714 2477 780 2499 seqq.
805 2471 848 2493 loci
874 2473 928 2493 sunt
952 2471 1028 2493 Matth.
1053 2471 1068 2493 5
1111 2471 1148 2493 1¹6.
1173 2473 1196 2493 et

348 2511 389 2532 ler.
409 2510 451 2537 116,
470 2510 506 2531 16.

410 2546 419 2560 ⁶
436 2549 546 2576 Gregor.‚
564 2549 578 2570 l.
595 2549 677 2571 Homil.
695 2549 719 2571 in
736 2549 825 2577 Evang.
842 2549 919 2571 homil.
938 2549 975 2571 42.
992 2555 1014 2571 n.
1033 2549 1053 2571 l.

409 2586 419 2599 θ
437 2588 460 2610 ln
479 2588 538 2610 toan.
557 2588 643 2615 Evang.
663 2588 671 2609 =l
683 2605 689 2615 ,
707 2587 751 2610 44:
775 2588 875 2610 Venator
897 2591 920 2610 et
941 2588 977 2610 ille
993 2588 1046 2617 qui,
1071 2591 1194 2616 antequam

349 2627 378 2649 ad
395 2626 573 2655 praedicationis
590 2627 691 2649 officium
710 2627 855 2649 ordinaretur
871 2633 885 2649 a
902 2627 1013 2654 Domino,
1030 2630 1143 2656 quantum
1161 2633 1196 2652 ca-

348 2665 439 2694 piendis
456 2666 486 2688 ad
503 2665 574 2687 vitam
592 2665 715 2688 animabus
732 2668 792 2688 esset
809 2666 921 2694 intentus,
939 2672 991 2688 mox
1008 2668 1090 2694 sponte
1107 2665 1196 2693 praedi-

348 2703 423 2725 cando
441 2704 583 2726 monstravit.
602 2703 693 2726 Invenit
708 2703 769 2726 enim
788 2703 924 2727 Nathanael
940 2707 982 2726 etc.

411 2740 420 2754 '¹
439 2743 502 2771 Quos
519 2746 612 2765 secutus
629 2746 662 2765 est
680 2744 703 2765 S.
720 2744 822 2765 Thomas
838 2743 861 2765 in
879 2750 921 2766 suo
939 2743 1068 2766 Comment.
1090 2743 1113 2765 in
1135 2744 1196 2766 hunc

349 2781 433 2804 locum.
450 2793 480 2798 —-
497 2781 593 2803 Interius
609 2781 707 2804 vocibus
723 2782 840 2812 scriptum
858 2784 892 2805 est
908 2783 945 2805 ed.
964 2782 1090 2810 praemittit
1105 2781 1196 2812 supple.

413 2818 422 2832 ⁸
440 2821 506 2842 Vers.
526 2821 562 2843 15.
578 2820 651 2843 Ωοᾱᾱ,
676 2828 718 2849 pro
743 2821 784 2844 libi
807 2825 829 2844 et
854 2823 896 2844 tva
921 2821 1063 2844 substituunt
1086 2820 1151 2844 vobis
1175 2824 1198 2844 et

352 2861 437 2883 cestra.
453 2871 485 2875 —
501 2859 552 2881 Duo
570 2865 636 2888 seqq.
652 2860 694 2881 loci
712 2863 765 2882 sunt
782 2861 830 2883 lsai.
847 2861 875 2888 7,
894 2860 930 2882 44.
948 2863 970 2882 et
986 2861 1041 2882 Luc.
1059 2860 1086 2887 3,
1104 2860 1141 2882 23.

413 2896 423 2909 ⁹
440 2898 507 2925 Sive,
525 2900 550 2919 ut
566 2898 588 2919 S.
608 2898 710 2920 Thomas
727 2898 759 2927 (in
772 2900 833 2921 hunc
845 2899 943 2927 locum),
955 2898 1076 2922 assertive.
1087 2899 1197 2926 August,

351 2937 372 2959 in
399 2937 461 2959 loan.
485 2937 572 2964 Evang.
597 2939 623 2958 tr.
642 2936 665 2959 7.
685 2943 708 2959 n.
726 2937 767 2959 ⁴5:
785 2937 871 2960 Ambos
897 2941 974 2960 antem
999 2937 1198 2965 pronuntiationes

1252 2199 1327 2224 potest
1344 2196 1385 2218 ista
1403 2202 1448 2218 vox
1464 2196 1543 2225 sequi,
1560 2197 1610 2218 sive
1625 2196 1658 2218 sic
1670 2196 1804 2224 pronunties
1822 2199 1931 2225 tanquam
1949 2196 2100 2219 confirmans:

1251 2237 1270 2258 A
1289 2235 1412 2258 Nazareth
1427 2236 1503 2265 potest
1520 2234 1612 2264 aliquid
1629 2234 1684 2258 boni
1700 2241 1765 2263 esse,·
1783 2238 1805 2257 et
1822 2235 1858 2258 ille
1869 2234 2024 2265 [Philippuslz
2045 2235 2106 2258 Veni

1252 2276 1273 2297 et
1290 2274 1356 2303 vide,
1373 2275 1423 2297 sive
1440 2275 1473 2297 sic
1490 2274 1599 2297 dubitans
1622 2278 1644 2297 et
1666 2278 1740 2297 totum
1763 2274 1920 2302 interrogans:
1937 2275 1955 2297 Α
1979 2273 2101 2298 Nazareth

1249 2315 1327 2343 potest
1343 2313 1435 2343 aliquid
1449 2313 1504 2337 boni
1515 2315 1581 2336 esse?
1597 2313 1655 2336 Veni
1664 2315 1686 2336 et
1697 2313 1755 2338 vide.
1768 2313 1826 2336 Cum
1839 2319 1895 2341 ergo
1907 2313 1958 2336 sive
1970 2313 2007 2336 illo
2019 2313 2100 2340 modo,

1252 2353 1301 2375 sive
1319 2353 1361 2375 isto
1378 2353 1553 2380 pronuntietur,
1571 2359 1617 2375 non
1634 2356 1765 2381 repugnent
1781 2352 1853 2375 verba
1871 2352 1988 2381 sequentia
2006 2354 2048 2375 etc.

1315 2390 1334 2403 ¹⁰
1354 2392 1419 2414 Vers.
1437 2392 1480 2415 23:
1498 2392 1565 2420 Quod
1578 2392 1665 2415 dictum
1677 2394 1712 2414 est
1724 2398 1765 2420 per
1776 2392 1915 2420 Prophetas:
1933 2391 2046 2420 Quoniam
2058 2394 2101 2414 etc.

1254 2431 1327 2456 (haee
1345 2430 1411 2452 lectio
1436 2430 1465 2452 ab
1491 2431 1582 2453 Hieron.
1608 2430 1752 2458 approbatur
1766 2430 1800 2452 ·in
1820 2431 1881 2452 hunc
1904 2428 1999 2458 locum).
2015 2441 2045 2446 —
2062 2429 2102 2451 Se-

1252 2469 1331 2497 quitur
1348 2468 1398 2490 lsai.
1416 2469 1458 2495 ll,
1477 2469 1497 2490 l.
1515 2468 1561 2491 Ctr.
1578 2469 1670 2491 Hieron.
1689 2469 1711 2490 in
1732 2469 1794 2491 hunc
1818 2469 1895 2491 locum
1920 2471 1943 2490 et
1966 2467 2038 2496 Epist.
2063 2467 2100 2489 57.

1253 2508 1318 2535 (alias
1336 2507 1397 2536 l0l.)
1415 2514 1437 2530 n.
1460 2507 1488 2530 7:
1506 2508 1562 2530 Nam
1589 2509 1612 2530 in
1637 2514 1664 2530 eo
1689 2508 1751 2536 loco,
1777 2507 1817 2530 ubi
1842 2513 1884 2529 nos
1909 2507 2008 2535 legimus
2032 2508 2102 2535 atque

1253 2547 1423 2569 transtulimus:
1441 2546 1512 2570 Ecciet
1528 2546 1598 2576 virqa
1615 2546 1642 2570 de
1658 2546 1739 2570 radice
1764 2547 1837 2575 Iesse,
1855 2548 1878 2569 et
1901 2546 1945 2576 flos
1969 2545 1997 2569 de
2021 2545 2102 2569 radice

1252 2585 1302 2609 eia-s·
1327 2585 1437 2609 ascendet
1461 2586 1518 2615 (lsak
1546 2586 1588 2613 ll,
1606 2586 1654 2615 l.),
1672 2586 1694 2608 in
1719 2585 1824 2608 Hebraeo
1850 2585 1911 2608 iuxta
1933 2585 2026 2613 linguae
2043 2585 2102 2607 illius

1253 2621 1335 2654 ἰδίωμα
1350 2625 1381 2647 ita
1398 2624 1510 2653 scriptum
1528 2628 1574 2647 est:
1592 2624 1664 2648 Eoeiet
1685 2624 1755 2654 virqa
1777 2624 1805 2647 de
1826 2624 1906 2648 radice
1922 2624 1996 2652 Iesse,
2013 2624 2036 2647 et
2055 2623 2102 2647 Na-

1252 2669 1356 2687 zaraeus
1373 2663 1400 2686 de
1417 2663 1498 2687 radice
1514 2663 1564 2686 eius
1581 2665 1674 2687 crescet.

1316 2701 1334 2714 ¹¹
1354 2703 1419 2725 V-ers.
1436 2704 1458 2725 2.
1475 2715 1507 2720 —
1524 2704 1577 2732 Seq.
1594 2704 1658 2725 locus
1675 2701 1709 2725 est
1725 2703 1785 2725 loan.
1802 2703 1828 2730 7,
1847 2702 1885 2725 41.

1316 2740 1335 2754 ¹²
1353 2743 1376 2765 ln
1393 2743 1454 2765 loan.
1472 2742 1550 2765 homil.
1568 2743 1606 2765 20.
1625 2742 1688 2771 (alias
1711 2742 1758 2771 1¹9.)
1777 2748 1799 2764 n.
1817 2742 1843 2764 l:
1867 2742 1916 2764 Non
1933 2741 1982 2764 sine
1998 2741 2102 2769 periculo

1254 2782 1321 2804 tantis
1337 2781 1408 2804 rebus
1425 2785 1511 2804 temere
1529 2782 1586 2804 fides
1604 2781 1709 2804 habetur.
1726 2782 1794 2810 Quod
1811 2788 1868 2810 crgo
1890 2780 1961 2804 habes
1979 2779 2100 2810 [Philippe]

1254 2822 1434 2849 argumentum?
1447 2821 1508 2843 idem
1522 2821 1597 2849 ipsum
1606 2839 1611 2849 ,
1625 2821 1710 2850 inquit,
1722 2821 1786 2850 quod
1798 2820 1908 2843 Andreas.
1921 2820 1978 2842 Nam
1990 2820 2037 2849 ille,
2048 2825 2101 2842 cuni

1254 2860 1396 2888 thesaurum,
1408 2865 1479 2888 quem
1491 2862 1616 2888 repererat,
1628 2859 1746 2882 enuntiare
1762 2865 1807 2881 non
1825 2859 1912 2881 valeret
1928 2864 2003 2887 neque
2025 2856 2103 2880 verbis

1255 2898 1384 2926 declarare,
1402 2899 1507 2926 fratrem,
1525 2904 1595 2927 quem
1613 2899 1711 2926 reperit,
1729 2898 1765 2920 illo
1783 2897 1885 2920 adducit.
1898 2898 1934 2920 Sic
1946 2900 1968 2919 et
1980 2897 2033 2925 iste,
2044 2902 2103 2925 quo—

1255 2937 1325 2959 modo
1343 2937 1380 2959 ille
1396 2937 1425 2959 sit
1441 2936 1568 2960 Christus...
1585 2943 1631 2959 non
1648 2937 1715 2966 dicit,
1727 2937 1768 2960 sed
1780 2937 1843 2960 ducit
1854 2936 1918 2959 illum
1930 2937 1959 2959 ad
1971 2937 2046 2959 lesum
2056 2939 2100 2958 etc.

2111 658 2208 683 Expositi«)
2219 660 2236 680 1.

2114 1034 2210 1058 Expositio
2220 1034 2238 1054 2.

2118 1641 2209 1661 Tertium.

2116 1687 2208 1708 Atti-actio

2124 1712 2201 1737 duplex.

2115 1782 2185 1801 Prima.
