2296 3316
15 487 17 509 3
37 479 94 503 nesp.

0 758 103 795 §abiectum-

0 1140 1 1147 i
16 1132 38 1153 sio
49 1132 68 1151 in
81 1132 92 1151 4

14 1156 73 1176 »mhi-a.

12 1365 60 1384 uitio
67 1365 98 1384 lit-

15 1389 66 1408 iratis.

12 1412 54 1436 imo,
68 1412 91 1431 de

11 1436 91 1455 :estativa

2 1466 3 1470 ¹
14 1459 82 1478 atione.

731 112 901 141 COMMENT.
925 112 956 141 IN
978 112 1123 142 IOANNEM
1145 113 1172 142 C.
1195 114 1236 143 xt.

190 193 235 220 58.
252 192 362 228 Quaest.
378 191 418 219 lll.
434 191 499 220 Item
515 190 661 228 quaeritur
675 190 709 219 de
724 190 785 224 hoc,
800 190 874 227 quod
889 199 957 219 ora—

111 239 168 268 vit.-
189 238 255 276 quia
275 237 366 267 oravit
389 238 541 266 secundum
571 237 646 274 quod
674 237 775 271 homo;
804 240 830 266 et
859 245 958 266 secun-

110 285 177 314 dum
197 284 272 322 quod
299 283 403 318 oravit,
431 284 594 313 suscitavit:
615 291 682 320 ergo
703 283 856 312 secundum
882 284 956 321 quod

111 332 193 361 homo
214 331 374 360 suscitavit:
402 338 469 367 ergo
489 339 542 359 non
565 330 657 359 differt
677 330 776 359 modus
797 330 857 360 eius
877 339 957 360 resu-

111 378 224 407 scitandi
246 385 263 406 a
283 377 363 406 modo
385 377 456 406 Petri
469 378 487 406 ¹.

190 424 371 452 Respouosso:
394 424 470 452 Sicut
490 426 564 460 patet
585 424 613 452 in
635 423 763 458 littera2,
789 431 840 453 nec
866 425 956 454 oravit

110 478 160 500 nec
181 470 285 507 gratias
304 470 374 507 egit,
395 473 427 499 ut
448 473 609 507 potestatem
632 470 780 499 suscitandi
803 471 955 508 acciperet,

109 520 142 546 ut
161 517 222 551 alii,
244 524 294 545 nec
315 520 347 545 ut
366 524 397 545 se
411 517 546 545 minorem
562 517 641 545 Patre
655 517 729 546 credi
744 517 861 552 faceret;
877 518 954 554 quia,

109 567 141 593 ut
160 564 226 592 dicit
246 564 498 600 Chrysostomusss,
521 572 573 592 non
596 564 755 601 oportebat;
778 565 827 593 sed
848 568 878 593 ut
899 565 955 593 Deo

109 619 138 641 se
158 611 327 640 conformem
350 615 377 640 et
398 611 530 640 virtutem
552 619 629 640 suam
645 620 661 640 a
675 612 754 641 Patre
775 620 829 641 non
851 612 955 641 discor-

108 657 217 686 dantem
239 657 404 686 ostenderet.

186 703 265 740 Quod
286 711 352 740 ergo
372 703 484 733 obiicit:
513 704 671 739 suscitavit,
700 705 853 734 secundum
881 704 955 741 quod

108 750 212 784 oravit;
232 749 332 778 salsum
355 754 413 785 est;
442 751 508 788 quia
529 752 672 780 suscitavit
699 751 851 780 secundum
880 750 954 788 quod

107 797 196 831 Deus,
218 797 308 825 oravit
329 798 481 827 secundum
504 798 578 836 quod
600 799 682 827 homo
693 800 712 826 4.

258 899 316 922 Pars
332 899 431 923 secunda.
447 899 554 930 capituli,
573 899 598 923 de
616 899 663 930 ipso
679 898 798 922 miraculo.

187 987 231 1015 59.
255 987 333 1015 Haec
354 995 421 1015 cum
441 987 564 1015 dixisset
577 989 627 1014 etc.
645 986 734 1014 Posita
748 988 813 1014 sunt
828 993 954 1022 praeam-

106 1033 173 1062 bula
192 1033 226 1062 ad
247 1033 402 1062 mirabilem
425 1034 519 1062 Lazari
535 1032 758 1066 suscitationem,
780 1032 825 1060 hic
847 1040 955 1068 ponun—

107 1083 154 1109 tur
175 1080 401 1108 concomitantia
421 1082 449 1108 et
469 1079 713 1117 eonseqitcntia⁵;
734 1082 762 1107 et
782 1078 905 1114 procedit
926 1079 954 1106 in

107 1127 158 1156 hac
179 1127 316 1164 particula
337 1127 384 1155 sic.
407 1126 498 1155 Primo
520 1126 633 1162 ponitur
662 1126 749 1162 ipsius
776 1126 870 1154 Lazari
898 1126 954 1154 vir-

108 1177 187 1202 tuosa
213 1173 346 1206 vocatio;
367 1171 504 1206 secundo,
526 1172 614 1209 ipsius
635 1172 841 1206 resuscitahoe
862 1173 953 1206 tertio,

106 1220 194 1257 ipsius
214 1219 337 1252 solutio;
358 1222 468 1256 quarto,
483 1226 656 1256 consequens
671 1219 798 1247 eliorum
816 1218 954 1256 aedifica-

108 1266 162 1300 tio,
184 1265 314 1294 ciliorum
335 1274 402 1295 vero
424 1266 589 1294 destructio.

186 1312 274 1348 (Vers.
297 1312 366 1348 43.).
388 1313 481 1341 Lazari
507 1320 574 1341 vero
595 1312 758 1349 potestativa
778 1312 891 1341 vocatio
912 1313 953 1340 in-

107 1358 204 1388 nuitur
226 1359 253 1388 in
274 1360 341 1393 hoc,
357 1359 430 1396 quod
446 1368 512 1388 voce
526 1368 638 1396 inayna
652 1359 807 1388 clamauit.-
823 1360 951 1393 Lazctre,

106 1407 172 1436 veni
190 1406 276 1444 foras
284 1417 294 1440 ,·
322 1401 470 1444 imperiOse
491 1407 574 1435 dicit:
603 1407 687 1440 Veni,
709 1409 736 1435 et
756 1415 822 1434 voce
841 1414 954 1444 moytia

107 1453 232 1488 clamat,
254 1461 286 1482 eo
307 1454 381 1490 quod
402 1453 436 1482 ad
457 1462 552 1482 vocem
574 1454 633 1482 eius
655 1454 702 1482 siet
723 1453 893 1482 resurrectio
907 1461 953 1490 ge-

107 1500 217 1535 neralis,
229 1500 381 1529 secundum
393 1500 467 1537 quod
479 1500 650 1537 praedictum
662 1503 703 1529 est
714 1508 800 1536 supra
814 1500 911 1537 quinto
922 1500 932 1516 ⁶
947 1511 952 1528 :

112 1559 126 1573 «
139 1547 220 1576 Venit
235 1548 319 1582 hora,
334 1547 362 1576 in
377 1556 433 1584 qua
447 1555 557 1581 omnes,
572 1547 619 1584 qui
635 1547 661 1575 in
678 1546 864 1575 monumentis
879 1549 953 1579 sunt,

1800 118 1855 146 405

1013 191 1126 220 audient
1147 200 1241 221 vocem
1264 193 1320 221 Filii
1342 194 1407 227 Dei,
1429 196 1455 222 et
1477 194 1626 230 procedent
1647 194 1694 231 qui
1723 194 1794 223 hona
1822 195 1860 225 fe-

1013 242 1112 267 cerunt
1133 239 1161 268 in
1182 241 1414 269 resurrectionem
1440 241 1527 275 vitae,
1550 241 1598 278 qui
1619 249 1686 270 vero
1707 243 1778 271 mala
1799 250 1860 280 ege-

1013 289 1080 314 runt
1100 286 1127 314 in
1150 288 1384 316 resurrectionem
1407 288 1499 317 iudicii
1516 300 1542 316 ».

1093 334 1137 361 60.
1160 334 1250 370 (Vers.
1272 335 1340 370 Mu).
1367 336 1400 363 Et
1419 335 1518 363 statim
1530 335 1650 372 prodiit.
1666 336 1799 373 Tangitur
1815 337 1859 365 hic

1013 380 1181 414 secundum,
1210 380 1313 409 scilicet
1340 381 1373 409 ad
1396 381 1504 410 Domini
1525 382 1672 419 imperium
1695 382 1788 411 Lazari
1810 391 1860 411 su-

1012 426 1147 460 scitatio;
1168 430 1282 463 propter
1303 428 1377 464 quod
1397 428 1478 456 dicit:
1502 429 1537 457 Et
1557 429 1657 457 statim
1676 430 1790 466 prodiit
1809 430 1861 467 qui

1012 471 1114 509 fuerat
1133 476 1289 506 morlacas,-
1311 474 1338 501 in
1359 482 1415 510 quo
1436 478 1549 503 notatur
1576 475 1731 504 obedientia
1751 479 1860 504 creatu-

1013 526 1060 547 rae
1080 519 1115 547 ad
1136 519 1313 554 Creatorem3
1342 521 1424 549 Marci
1453 522 1595 558 quarto⁷:
1622 534 1635 547 «
1650 522 1733 558 Quis,
1763 525 1859 559 putas,

1012 568 1053 594 est
1073 565 1139 600 iste,
1162 566 1227 603 quia
1248 570 1348 595 ventus
1369 571 1396 596 et
1416 575 1493 596 mare
1513 568 1646 597 obediunt
1667 569 1690 597 ei
1710 572 1743 597 »?
1764 569 1860 606 Orige-

1012 619 1079 640 nes:
1103 624 1120 637 τε
1135 612 1203 641 Cum
1225 613 1317 641 omnia
1337 613 1466 642 obediant
1486 614 1625 649 Creatori,
1648 616 1705 644 sola
1720 616 1860 644 rationalis

1011 660 1141 686 creatura
1162 659 1322 687 inobediens
1343 660 1521 689 invenitur».
1544 662 1597 689 Nec
1612 661 1780 690 obstiterunt
1800 662 1859 690 vin-

1012 704 1093 738 cula3
1116 705 1190 733 unde
1211 705 1296 733 dicit:
1317 705 1440 743 Liyatus
1460 715 1570 735 manus
1590 711 1616 736 ct
1634 708 1718 744 pedes
1743 708 1858 737 institis.

1012 750 1156 788 Licates,-
1178 752 1399 787 synecdochica8
1420 756 1461 781 est
1483 755 1671 788 constructio;
1694 754 1817 788 institis,
1833 755 1858 783 id

1012 800 1054 825 est
1074 797 1265 834 ligaminibus,
1288 798 1391 835 quibus
1411 799 1624 828 involvebantur
1646 808 1746 829 manus
1766 804 1792 829 et
1814 809 1860 837 pe-

1011 844 1078 879 des;
1100 848 1125 872 ct
1145 844 1239 882 facies
1259 846 1322 874 cius
1335 846 1345 862 9
1374 850 1438 874 crat
1465 846 1558 884 ligata
1585 847 1731 881 sudario,-
1753 851 1780 876 et
1800 848 1860 877 idco

1012 899 1066 919 non
1088 891 1201 928 proprio
1222 899 1351 928 egressu,
1373 892 1421 921 sed
1441 893 1534 922 divina
1549 894 1652 922 virtute
1667 902 1796 931 egressus
1810 899 1858 923 est.

1012 938 1065 967 Hac
1080 939 1184 967 virtute
1198 947 1267 968 usus
1282 943 1323 968 est
1335 940 1463 969 Christus
1485 941 1511 969 iu
1533 944 1622 970 morte
1644 950 1709 976 sua:
1732 942 1857 971 Matthaei

1011 985 1143 1022 vigesimo
1155 987 1272 1023 septimo
1284 987 1319 1015 ¹⁰:
1333 999 1346 1011 «
1355 988 1532 1016 Monumenta
1543 992 1638 1025 aperta
1649 992 1723 1023 sunt,
1735 992 1761 1018 et
1773 989 1857 1018 multa

1011 1039 1128 1068 corpora
1149 1033 1328 1068 Sanctorum,
1350 1034 1397 1071 qui
1419 1034 1604 1069 dormierant,
1627 1039 1856 1064 surrexerunt».

1090 1079 1173 1108 Dixit
1194 1080 1234 1108 cis
1256 1081 1356 1109 lesus:
1381 1081 1483 1110 Solvite
1504 1091 1578 1110 eum.
1594 1083 1727 1119 Tangitur
1744 1082 1787 1111 liic.
1803 1086 1858 1111 ter-

1011 1126 1097 1161 tium,
1120 1127 1223 1155 scilicet
1248 1127 1333 1165 ligati
1359 1128 1471 1157 solutio.
1495 1129 1531 1157 Ad
1554 1129 1673 1157 litteram
1695 1129 1755 1157 ideo
1777 1129 1858 1157 solvi-

1011 1176 1058 1202 tur
1078 1182 1094 1202 a
1116 1174 1265 1208 ministris,
1288 1175 1354 1212 quia
1374 1175 1522 1209 Dominus,
1544 1176 1594 1204 etsi
1616 1178 1705 1204 totum
1720 1176 1806 1212 possit
1820 1176 1858 1204 fa-

1011 1228 1089 1254 cere,
1113 1221 1171 1249 vult
1194 1225 1283 1250 tamen
1298 1222 1358 1250 aliis
1373 1230 1450 1250 suam
1467 1226 1628 1258 potestatem
1644 1223 1856 1251 communicare.

1012 1266 1082 1295 Beda
1095 1268 1136 1295 ¹1:
1163 1278 1176 1292 α
1193 1268 1283 1296 Potuit
1304 1268 1453 1304 ligamenta
1481 1268 1588 1296 solvere
1610 1269 1656 1305 qui
1678 1269 1768 1305 potuit
1789 1277 1859 1296 mor-

1010 1316 1090 1341 tuum
1112 1314 1264 1348 suscitare3
1287 1314 1333 1342 sed
1359 1317 1472 1351 propter
1487 1315 1620 1343 unitatem
1643 1318 1670 1343 et
1690 1315 1858 1343 individuam

1010 1359 1153 1388 caritatem
1167 1359 1233 1388 dicit
1247 1360 1395 1389 ministris:
1413 1361 1516 1389 Solvite
1530 1369 1595 1388 eum
1606 1364 1630 1388 et
1641 1361 1725 1389 sinite
1740 1360 1821 1388 abire
1832 1372 1857 1388 ».

1010 1405 1223 1442 Chrysostomus
1237 1406 1274 1434 ¹2:
1295 1417 1308 1430 «
1320 1407 1377 1434 Non
1390 1406 1477 1434 voluit
1492 1407 1687 1435 resuscitatum
1704 1414 1797 1435 secum
1812 1407 1860 1435 du-

1010 1460 1082 1486 cere,
1104 1455 1135 1480 ut
1157 1460 1284 1489 pompam
1308 1453 1404 1481 mundi
1425 1461 1475 1481 nos
1496 1453 1601 1481 evitare
1621 1453 1732 1482 doceret
1747 1466 1774 1481 ».

1091 1499 1135 1526 61.
1158 1499 1246 1534 (Vers.
1270 1499 1337 1531 45).
1362 1500 1446 1528 Multi
1466 1508 1535 1537 erqo
1556 1509 1590 1528 ea:
1611 1500 1739 1528 Iudaeis.
1763 1501 1859 1537 Tangi-

1011 1549 1057 1574 tur
1079 1546 1124 1574 bic
1145 1549 1293 1582 quartum,
1316 1546 1419 1575 scilicet
1441 1547 1630 1585 quorundam
1653 1547 1818 1584 aedificatio
1833 1552 1858 1576 et

170 1726 178 1738 ¹
197 1726 327 1753 chrysost,
344 1726 366 1747 in
378 1726 439 1747 loan.
456 1725 535 1747 homil.
549 1724 587 1747 64.
606 1724 670 1753 (alias
687 1724 734 1753 63.)
747 1731 770 1747 n.
788 1725 815 1747 2:
832 1724 892 1753 Quid
904 1725 955 1752 plus

109 1765 178 1788 habet
195 1771 265 1794 quam
283 1764 398 1792 Apostoli,
415 1764 434 1786 si
452 1766 474 1786 et
490 1764 540 1792 ipse
557 1763 665 1792 precibus
683 1765 810 1791 operatur?

170 1802 180 1815 ²
198 1803 264 1826 Vers.
281 1803 317 1825 41.
335 1806 357 1825 et
375 1803 411 1825 42.

170 1840 180 1854 ⁸
197 1843 220 1864 lu
237 1843 298 1864 loon.
310 1842 389 1864 uomit.
406 1842 444 1864 64.
458 1841 522 1871 (alias
535 1841 582 1870 63.)
600 1848 621 1864 n.
641 1843 666 1870 2,
680 1841 719 1864 ubi
737 1841 878 1870 praemisso,
891 1842 955 1870 quod

108 1880 211 1904 Christus
228 1881 298 1903 multa
316 1881 425 1903 miracula
442 1881 491 1903 sine
503 1881 612 1909 precibus
625 1882 719 1909 fecerat,
731 1884 753 1903 et
770 1881 871 1909 Apostoli
884 1881 906 1903 in
918 1887 956 1903 no-

108 1920 170 1943 mine
187 1920 236 1943 eius
254 1920 303 1948 ipsa
329 1921 439 1948 fecerant,
456 1920 501 1942 ait:
525 1920 568 1943 Sed
590 1920 724 1949 videamus,
741 1926 801 1949 quae
822 1920 850 1943 sit
866 1921 954 1943 oratio:

108 1959 190 1987 Pater,
209 1959 301 1989 oratius
325 1965 372 1989 ayo
389 1958 442 1987 tibi,
465 1958 521 1989 quia
544 1959 634 1982 audisti
652 1965 697 1982 me.
720 1960 776 1988 Quis
798 1965 901 1988 uuquam
926 1959 954 1981 ita

108 2000 216 2027 precatus
237 1999 291 2021 est?
309 1999 446 2027 Priusquam
469 1999 527 2028 quid
549 1999 611 2021 aliud
629 1999 745 2028 loquatur,
770 1999 838 2021 dicit:
857 1998 955 2022 Grotius

108 2043 153 2067 ayo
171 2036 224 2066 tibi,
242 2037 377 2065 ostendens,
400 2044 424 2060 se
442 2037 556 2066 precibus
569 2045 615 2061 non
632 2044 708 2066 egere.
731 2038 782 2068 Eoo
802 2039 881 2061 avutam
898 2037 955 2061 scie-

109 2076 162 2101 bam
173 2096 180 2105 ‚
198 2076 254 2107 quia
271 2083 363 2106 semper
380 2083 417 2099 mc
434 2076 511 2100 aztdz's.
533 2078 581 2100 Hoc
599 2077 666 2104 dixit,
690 2084 735 2100 non
757 2078 821 2106 quod
839 2078 888 2105 ipse
907 2083 955 2099 non

108 2119 198 2145 posset,
215 2116 256 2139 sed
273 2116 337 2145 quod
354 2122 399 2138 una
417 2120 477 2139 esset
494 2117 608 2139 voluntas.
622 2116 667 2139 Cur
685 2116 795 2144 precandi
808 2118 880 2139 forma
898 2123 955 2139 usus

108 2157 160 2179 est?
177 2156 226 2178 Non
248 2162 298 2183 me,
315 2155 357 2178 sed
375 2155 437 2177 illum
455 2155 569 2178 dicentem
587 2155 654 2178 audi:
676 2156 777 2185 Propter
795 2155 955 2179 circumstan-

109 2196 155 2219 tem
173 2194 280 2223 turbam,
298 2196 326 2218 ut
342 2196 499 2224 cognoscant,
521 2194 577 2224 qvia
595 2196 620 2217 ιιι
641 2201 678 2217 me
699 2194 793 2218 misisti.
817 2195 865 2217 Non
883 2195 951 2217 dixit:

108 2234 136 2256 Ut
152 2236 303 2262 cognoscant,
318 2240 355 2256 ine
368 2233 481 2255 minorem
499 2239 561 2260 esse,
580 2239 616 2255 me
633 2239 733 2261 superna
753 2233 826 2261 gratia
844 2239 913 2261 egere
933 2236 955 2255 et

108 2272 157 2295 sine
169 2273 300 2301 precatione
311 2272 402 2300 operari
413 2278 461 2294 non
478 2278 557 2300 posse,
575 2272 616 2294 sed
627 2280 631 2293 :
651 2271 713 2299 Quin
730 2273 756 2295 itt
768 2278 804 2294 mc
815 2271 901 2295 misisti
912 2275 954 2294 etc.

170 2309 180 2323 ‘¹
196 2311 241 2334 Ctr.
259 2312 292 2334 ΙΙΙ.
309 2312 369 2334 Sent.
388 2311 409 2334 d.
429 2312 464 2333 v17.
483 2317 503 2333 a.
521 2312 542 2333 2.
559 2318 583 2340 q.
601 2312 623 2333 fl.
640 2311 663 2333 in
680 2317 745 2339 corp.

171 2349 180 2363 ⁵
197 2351 237 2373 Ed.
254 2350 453 2374 consummantia.
467 2350 570 2373 Subinde
587 2357 629 2378 pro
641 2350 675 2373 sic
690 2351 708 2372 13
724 2350 767 2374 hoc
780 2350 873 2378 ordine,
891 2351 955 2379 quod

108 2388 152 2411 CN
169 2388 312 2411 substItuunt
328 2395 371 2417 pro
388 2390 409 2412 et
422 2388 531 2418 procedit
547 2389 573 2412 in
589 2389 634 2412 huc
643 2389 767 2419 particula
783 2389 826 2413 siu.

170 2426 180 2439 ⁰
197 2428 263 2451 Vers.
281 2429 318 2450 20.
335 2435 383 2457 seq.
395 2441 426 2445 —
441 2428 485 2451 Csr.
503 2428 579 2456 Cyrill.
596 2429 717 2451 Alexandr.
736 2432 757 2451 et
776 2429 954 2457 'slieophylact.,

109 2466 133 2488 in
149 2467 211 2489 ioan.
231 2467 272 2494 ti,
290 2467 330 2495 43,
349 2467 387 2489 ubi
405 2467 494 2495 dicunt,
512 2468 576 2496 quod
597 2473 652 2491 voce
669 2473 759 2497 magma
782 2468 805 2490 in
827 2468 905 2490 Lazari
922 2474 955 2490 re-

109 2505 256 2528 suscitatione
272 2512 284 2527 a
297 2505 386 2528 Christo
403 2506 485 2528 emissa
498 2506 640 2534 significetur
657 2513 702 2529 vox
718 2507 837 2534 eiusdem,
854 2513 900 2536 qua
917 2507 955 2529 fiet

109 2544 223 2572 generalis
239 2544 384 2567 resurrectio.
401 2544 461 2567 Vide
477 2546 514 2567 lV.
533 2546 593 2567 Sent.
610 2545 633 2568 d.
651 2546 688 2567 43,
706 2552 726 2568 a.
745 2546 764 2567 i.
782 2552 805 2574 q.
823 2546 844 2567 6.

171 2581 180 2594 ⁷
198 2583 263 2605 Vers.
282 2583 317 2605 40.
337 2595 368 2599 —
385 2583 488 2612 Origen.,
505 2584 588 2606 llomil.
613 2585 635 2606 6.
657 2584 740 2607 Homil.
758 2590 785 2606 ex
807 2584 877 2607 variis
899 2585 954 2607 locis

109 2621 197 2644 collect.
215 2620 322 2650 (liabetur
339 2624 426 2644 tantuin
451 2622 473 2644 in
490 2623 589 2651 antiquis
607 2623 659 2645 edd.
677 2626 700 2645 et
721 2623 784 2651 apud
807 2623 893 2651 Migne,
916 2624 954 2645 Pa-

110 2661 161 2683 trol.
177 2661 224 2683 Lat.
247 2663 303 2683 tom.
320 2661 358 2683 95.
374 2662 417 2683 col.
441 2660 509 2684 4199.
526 2662 549 2684 in
566 2663 590 2684 ll.
613 2664 679 2690 parte
701 2669 799 2690 operum
822 2663 884 2685 l‘auli
905 2663 954 2684 Dia-

110 2700 174 2729 coni)
192 2700 215 2721 in
231 2700 307 2722 Matth.
326 2700 367 2728 18,
389 2700 428 2722 ubi
445 2701 514 2723 dicit:
537 2701 601 2723 lubet
619 2701 688 2728 mari,
705 2704 728 2724 et
744 2708 789 2724 non
812 2702 953 2729 contemnit;

108 2737 165 2761 dicit
181 2738 256 2760 ventis
272 2741 294 2760 et
310 2738 496 2766 tempestatibus,
508 2741 531 2761 et
542 2746 594 2762 mox
606 2742 797 2767 compescuntui·;
815 2738 879 2761 iubet
889 2739 953 2761 omni

109 2780 239 2806 creaturae,
256 2780 278 2800 et
294 2784 339 2800 non
355 2778 530 2806 supergreditur
546 2779 671 2801 iussionem
695 2779 750 2801 eius.
772 2779 799 2801 Et
821 2785 893 2801 unum
916 2780 953 2801 lio-

110 2817 199 2840 minum
225 2823 298 2845 genus
320 2817 383 2846 quod
406 2818 535 2840 secundum
558 2818 731 2840 similitudinem
754 2818 795 2841 Dei
817 2818 953 2841 honorifica-

110 2858 158 2878 tum
180 2858 224 2884 est,
241 2856 278 2879 cui
295 2856 394 2879 verbum
411 2860 434 2879 et
450 2857 572 2884 prudentia
595 2857 646 2879 data
670 2859 714 2884 est,
737 2857 758 2879 ni
781 2858 822 2879 soli
846 2858 952 2880 homines

108 2894 229 2922 resistunt,
254 2895 277 2917 hi
303 2898 390 2918 tantum
416 2894 573 2918 inobedientes
598 2898 661 2923 sunt,
686 2896 710 2918 lii
731 2896 772 2918 soli
790 2898 950 2923 contemnunt;

1011 1724 1111 1753 ideoque
1134 1727 1156 1746 et
1173 1724 1195 1747 ui
1218 1725 1259 1747 soli
1279 1725 1301 1748 iu
1319 1725 1403 1747 Iudicio
1421 1724 1594 1747 damnabuntur
1618 1728 1661 1747 ete.
1681 1738 1711 1742 —
1734 1725 1818 1748 Bonelli
1837 1725 1859 1747 iu

1012 1766 1064 1786 nota
1081 1764 1170 1786 adiecta
1188 1764 1253 1787 dicit:
1275 1773 1286 1784 «
1299 1765 1322 1786 ln
1340 1770 1392 1786 meo
1413 1766 1550 1792 apographo
1571 1771 1625 1787 cum
1643 1765 1680 1787 ed.
1701 1766 1797 1787 Gorrau.
1815 1765 1857 1787 col-

1011 1803 1056 1825 lato
1073 1803 1234 1833 Awastinus,
1255 1804 1321 1826 cuius
1343 1803 1415 1826 verba
1432 1804 1454 1826 in
1472 1804 1530 1826 lianc
1548 1810 1596 1826 rem
1614 1805 1697 1827 frustra
1719 1804 1858 1833 quaesivi».

1013 1842 1103 1871 Quibus
1120 1842 1198 1865 verbis
1210 1843 1370 1871 adiungimus,
1388 1843 1452 1871 quod
1464 1849 1476 1865 e
1489 1843 1555 1865 codd.
1569 1843 1652 1866 nostris
1669 1850 1711 1871 pro
1724 1843 1857 1872 Auqustiuo

1011 1884 1102 1904 notatos
1120 1881 1251 1904 invenimus
1269 1882 1401 1904 EFlKLN.
1419 1882 1465 1905 Csr.
1482 1882 1592 1910 August,
1610 1882 1633 1904 in
1650 1883 1709 1905 ioan.
1728 1883 1815 1910 Evang.
1832 1885 1858 1904 tr.

1012 1921 1034 1943 3.
1054 1927 1076 1943 n.
1096 1921 1122 1948 5,
1148 1920 1188 1943 ubi
1205 1920 1270 1949 dicit,
1296 1921 1360 1949 quod
1377 1921 1452 1943 omnis
1477 1924 1581 1943 creatura
1606 1921 1702 1949 agnovit
1726 1921 1858 1944 Creatorem

1011 1966 1080 1982 suum
1098 1963 1120 1982 et
1132 1960 1195 1982 dedit
1207 1960 1364 1983 testimonium
1381 1960 1410 1983 de
1429 1960 1491 1988 ipso:
1511 1969 1522 1980 «
1540 1960 1708 1992 Testimonium
1730 1961 1793 1983 [ledit
1810 1966 1859 1983 cae-

1011 1999 1058 2020 lum
1077 1998 1105 2020 de
1122 1999 1209 2021 stella...
1234 1999 1389 2022 testimouium
1414 1999 1526 2022 dederuut
1549 2000 1621 2027 venti,
1642 2000 1672 2021 ad
1695 2000 1744 2021 eius
1770 2000 1878 2031 iussum—

1011 2037 1173 2066 quieverunt...
1195 2038 1212 2060 si
1237 2038 1314 2060 omnia
1339 2038 1381 2061 ista
1407 2038 1562 2061 testimonium
1589 2038 1713 2066 dederunt,
1739 2038 1858 2067 quomodo

1011 2082 1064 2098 eum
1083 2077 1185 2099 muudus
1196 2083 1241 2099 non
1259 2077 1381 2104 cognovit,
1393 2077 1434 2099 nisi
1447 2077 1501 2106 quia
1513 2076 1618 2099 mundus
1636 2077 1757 2099 dilectores
1769 2077 1858 2103 mundi,

1012 2115 1083 2138 corde
1100 2115 1228 2138 habitantes
1246 2117 1359 2139 mundum
1372 2118 1402 2138 »Ξῖ

1074 2152 1083 2166 ⁸
1100 2155 1197 2183 August.
1216 2156 1248 2177 lll.
1262 2155 1291 2177 de
1308 2155 1413 2177 Doctrina
1427 2155 1561 2183 christiana,
1580 2161 1600 2176 e.
1613 2155 1650 2177 35.
1668 2161 1689 2177 n.
1708 2155 1749 2177 50:
1767 2156 1859 2183 Tropus

1011 2193 1154 2224 synecdoche
1171 2197 1210 2216 aut
1227 2201 1240 2216 a
1258 2198 1323 2222 parte
1340 2197 1411 2217 totum
1431 2197 1469 2217 aut
1483 2201 1495 2216 a
1513 2197 1559 2217 toto
1577 2194 1655 2223 [sicuti
1673 2197 1707 2216 est
1724 2196 1767 2217 lioc
1785 2194 1858 2224 ιοοο]ἶ

1011 2236 1099 2261 partem
1118 2234 1170 2256 facit
1193 2234 1294 2261 intelligi.
1313 2247 1344 2250 —
1356 2234 1452 2257 Iustiore
1469 2234 1596 2256 secundun]
1610 2235 1632 2256 S.
1650 2235 1733 2256 Tliom.
1750 2235 1781 2263 <iu
1798 2235 1859 2257 loan.

1012 2278 1030 2295 c.
1045 2273 1052 2295 l
1061 2273 1082 2295 t.
1094 2273 1143 2295 lect.
1157 2273 1179 2295 6.
1191 2279 1213 2295 n.
1225 2274 1256 2302 5.)
1270 2276 1321 2295 sunt
1333 2273 1426 2299 tasciae,
1447 2282 1458 2292 ιι
1471 2272 1557 2301 quibus
1569 2273 1655 2301 antiqui
1669 2276 1773 2296 mortuos
1789 2273 1859 2295 invol-

1013 2311 1099 2334 vebant
1110 2320 1132 2334 ι».
1149 2312 1184 2334 Du
1202 2311 1291 2339 Gange,
1308 2312 1450 2334 Glossarium
1468 2314 1523 2334 etc:
1543 2311 1638 2339 lnstita,
1656 2312 1712 2334 vitta
1730 2318 1769 2334 seu
1788 2313 1857 2334 latum

1011 2351 1144 2379 cingulum,
1162 2353 1186 2373 ut
1203 2351 1260 2373 solet
1276 2356 1327 2373 esse
1344 2350 1368 2372 id
1385 2356 1432 2379 quo
1450 2350 1516 2378 parvi
1534 2350 1557 2372 in
1576 2350 1640 2373 cunis
1656 2350 1764 2378 ligantur.
1780 2363 1812 2367 —
1828 2351 1859 2373 ln-

1012 2390 1082 2412 serius
1100 2396 1143 2417 pro
1156 2388 1308 2419 Ziqumim'bus
1325 2395 1373 2411 non
1385 2389 1452 2417 pauci
1470 2389 1538 2411 codd.
1557 2389 1708 2419 liqatz'onz'bus
1721 2390 1858 2418 (secundum

1012 2429 1046 2451 Du
1064 2428 1141 2456 Gange
1159 2428 1240 2457 liyulio
1258 2431 1291 2450 est
1309 2428 1378 2450 etiam
1396 2428 1483 2450 sunium
1502 2429 1646 2457 apparatus).

1074 2466 1084 2479 ⁹
1103 2468 1199 2495 Vulgata
1217 2467 1290 2490 illius.
1309 2480 1340 2484 —
1360 2467 1489 2495 chrysost„
1506 2467 1530 2490 in
1552 2468 1613 2490 loan.
1636 2468 1714 2490 homil.
1739 2468 1776 2490 64.
1794 2468 1858 2496 (alias

1012 2507 1060 2536 63.)
1078 2513 1099 2529 n.
1117 2507 1144 2529 3:
1162 2506 1255 2528 Prodire
1272 2507 1367 2534 ligatum
1384 2512 1430 2528 non
1448 2507 1523 2529 minus
1548 2507 1712 2529 admirandum
1736 2507 1859 2529 videbatur

1012 2552 1082 2574 quam
1100 2552 1229 2573 resurgere.
1246 2544 1291 2568 Csr.
1308 2546 1418 2573 August„
1438 2546 1459 2567 in
1477 2546 1538 2567 loan.
1555 2546 1643 2574 Evang.
1664 2549 1691 2568 tr.
1705 2544 1747 2568 ⁵49.
1765 2552 1787 2568 n.
1806 2546 1841 2569 24.

1074 2583 1093 2596 ¹⁰
1111 2585 1176 2607 Vers.
1194 2585 1231 2606 52.

1074 2622 1092 2636 ²¹
1111 2624 1133 2645 ln
1151 2624 1212 2645 loan.
1230 2623 1254 2645 ’14
1266 2641 1271 2651 ,
1289 2622 1327 2645 44.
1344 2623 1384 2645 Ed.
1402 2629 1455 2645 cum
1474 2626 1534 2646 textu
1552 2624 1658 2651 originali
1675 2627 1728 2652 post
1746 2623 1856 2647 unitatem

1012 2662 1076 2684 addit
1091 2663 1187 2684 sanctae
1209 2661 1252 2684 Dei
1274 2661 1398 2690 Ecclesiae,
1418 2665 1441 2684 et
1463 2662 1487 2685 id
1505 2664 1539 2685 cst
1559 2662 1682 2692 discipulis
1702 2662 1792 2686 Osiris-ti?
1808 2666 1858 2690 post

1011 2700 1134 2729 ministris,
1152 2707 1178 2723 ac
1197 2704 1249 2728 post
1260 2700 1326 2724 ubire
1338 2701 1433 2723 demum
1449 2701 1505 2731 qnia
1521 2701 1571 2724 sine
1583 2701 1674 2725 unitate
1693 2702 1812 2725 Ecclesiae
1824 2708 1859 2725 cct-

1010 2739 1109 2762 lltolz'cue
1125 2738 1180 2769 fidei
1196 2741 1217 2762 el
1234 2739 1333 2762 caritate
1352 2739 1522 2763 ecclesiasticae
1538 2740 1672 2763 sanctitatis
1688 2742 1786 2770 peccatu
1810 2746 1857 2763 ozon

1010 2778 1146 2802 solvuntur.

1072 2816 1091 2830 ¹¹⁴²
1110 2819 1133 2840 ln
1150 2818 1211 2840 loen.
1230 2818 1309 2840 homil.
1328 2818 1366 2840 64.
1387 2818 1451 2846 (alias
1468 2818 1516 2847 63.)
1535 2825 1557 2841 n.
1576 2819 1603 2841 3:
1621 2819 1669 2841 Non
1682 2819 1744 2841 ducit
1756 2825 1808 2841 eum
1827 2825 1859 2841 se-

1010 2863 1062 2879 cum
1081 2863 1157 2885 neque
1175 2857 1240 2885 sequi
1257 2863 1282 2879 se
1293 2856 1370 2885 iubet,
1381 2863 1409 2880 ne
1421 2857 1528 2880 videatur
1540 2864 1590 2880 sese
1602 2861 1727 2886 ostentare;
1740 2860 1799 2880 tanta
1812 2861 1858 2880 utc-

1010 2895 1079 2918 batur
1097 2896 1217 2918 modestia.

1875 342 1968 364 Secundo,
1982 342 2005 361 de

1874 366 1940 392 Lazari
1948 366 2006 385 susci-

1874 391 1951 408 tatione.

1887 1088 1957 1110 Tertio,
1972 1088 1996 1107 de

1876 1112 1934 1138 ligati
1951 1116 1996 1130 sou-

1875 1137 1932 1153 tione.

1890 1460 1968 1483 Quarto,
1983 1460 2006 1478 de

1878 1483 1958 1506 plurium
1977 1484 2006 1502 vel

1884 1506 1998 1525 aedificatio-

1877 1535 1907 1551 ne,
1922 1530 1950 1549 rel
1967 1530 1998 1549 de·

1886 1554 1995 1573 structione.
