<?xml version="1.0" encoding="UTF-8"?>
<!DOCTYPE html PUBLIC "-//W3C//DTD XHTML 1.0 Transitional//EN"
    "http://www.w3.org/TR/xhtml1/DTD/xhtml1-transitional.dtd">
<html xmlns="http://www.w3.org/1999/xhtml" xml:lang="en" lang="en">
 <head>
  <title>
</title>
<meta http-equiv="Content-Type" content="text/html;charset=utf-8" />
  <meta name='ocr-system' content='tesseract 3.04.00' />
  <meta name='ocr-capabilities' content='ocr_page ocr_carea ocr_par ocr_line ocrx_word'/>
</head>
<body>
  <div class='ocr_page' id='page_1' title='image "./doctorisseraphic06bona_0627.png"; bbox 0 0 2296 3316; ppageno 0'>
   <div class='ocr_carea' id='block_1_1' title="bbox 38 165 1410 208">
    <p class='ocr_par' dir='ltr' id='par_1_1' title="bbox 38 165 1410 208">
     <span class='ocr_line' id='line_1_1' title="bbox 38 165 1410 208; baseline 0.001 -12"><span class='ocrx_word' id='word_1_1' title='bbox 38 165 43 208; x_wconf 52' lang='lat' dir='ltr'>l</span> <span class='ocrx_word' id='word_1_2' title='bbox 633 167 858 196; x_wconf 76' lang='lat' dir='ltr'>COLLATIONES</span> <span class='ocrx_word' id='word_1_3' title='bbox 879 167 912 196; x_wconf 94' lang='lat' dir='ltr'>lN</span> <span class='ocrx_word' id='word_1_4' title='bbox 933 167 1079 195; x_wconf 80' lang='lat' dir='ltr'>lOANNEM</span> <span class='ocrx_word' id='word_1_5' title='bbox 1100 167 1168 195; x_wconf 70' lang='lat' dir='ltr'>CAP.</span> <span class='ocrx_word' id='word_1_6' title='bbox 1191 167 1221 196; x_wconf 91' lang='lat' dir='ltr'>X.</span> <span class='ocrx_word' id='word_1_7' title='bbox 1243 167 1336 196; x_wconf 88' lang='lat' dir='ltr'>COLL.</span> <span class='ocrx_word' id='word_1_8' title='bbox 1359 168 1410 197; x_wconf 86' lang='lat' dir='ltr'>XL.</span> 
     </span>
    </p>
   </div>
   <div class='ocr_carea' id='block_1_2' title="bbox 37 225 1024 283">
    <p class='ocr_par' dir='ltr' id='par_1_2' title="bbox 37 225 1024 283">
     <span class='ocr_line' id='line_1_2' title="bbox 37 225 1024 283; baseline -0.001 -8"><span class='ocrx_word' id='word_1_9' title='bbox 37 225 39 279; x_wconf 58' lang='lat' dir='ltr'>i</span> <span class='ocrx_word' id='word_1_10' title='bbox 223 247 249 275; x_wconf 86' lang='lat'>9.</span> <span class='ocrx_word' id='word_1_11' title='bbox 268 246 426 283; x_wconf 68' lang='lat' dir='ltr'>Coquosco,</span> <span class='ocrx_word' id='word_1_12' title='bbox 442 245 548 283; x_wconf 89' lang='lat' dir='ltr'>inquit,</span> <span class='ocrx_word' id='word_1_13' title='bbox 563 253 628 274; x_wconf 78' lang='lat' dir='ltr'>oues</span> <span class='ocrx_word' id='word_1_14' title='bbox 642 254 731 274; x_wconf 84' lang='lat' dir='ltr'>meas.</span> <span class='ocrx_word' id='word_1_15' title='bbox 750 246 830 280; x_wconf 85' lang='lat' dir='ltr'>Nota,</span> <span class='ocrx_word' id='word_1_16' title='bbox 852 245 927 283; x_wconf 90' lang='lat' dir='ltr'>quod</span> <span class='ocrx_word' id='word_1_17' title='bbox 948 253 993 274; x_wconf 90' lang='lat' dir='ltr'>co-</span> <span class='ocrx_word' id='word_1_18' title='bbox 1018 246 1024 254; x_wconf 83' lang='lat'><strong>&#39;</strong></span> 
     </span>
    </p>
   </div>
   <div class='ocr_carea' id='block_1_3' title="bbox 23 283 993 383">
    <p class='ocr_par' dir='ltr' id='par_1_3' title="bbox 23 283 993 383">
     <span class='ocr_line' id='line_1_3' title="bbox 37 283 992 331; baseline -0.001 -9"><span class='ocrx_word' id='word_1_19' title='bbox 37 283 128 331; x_wconf 46' lang='lat' dir='ltr'>umpa-</span> <span class='ocrx_word' id='word_1_20' title='bbox 144 293 286 330; x_wconf 87' lang='lat' dir='ltr'>gnoscitur</span> <span class='ocrx_word' id='word_1_21' title='bbox 307 292 366 321; x_wconf 86' lang='lat' dir='ltr'>ovis</span> <span class='ocrx_word' id='word_1_22' title='bbox 386 300 423 321; x_wconf 84' lang='lat' dir='ltr'>ex</span> <span class='ocrx_word' id='word_1_23' title='bbox 444 294 573 329; x_wconf 82' lang='lat' dir='ltr'>quatuor.</span> <span class='ocrx_word' id='word_1_24' title='bbox 598 292 779 329; x_wconf 82' lang='lat' dir='ltr'>Cognoscitur</span> <span class='ocrx_word' id='word_1_25' title='bbox 799 293 873 321; x_wconf 86' lang='lat' dir='ltr'>enim</span> <span class='ocrx_word' id='word_1_26' title='bbox 893 292 992 327; x_wconf 80' lang='lat' dir='ltr'>vultu,</span> 
     </span>
     <span class='ocr_line' id='line_1_4' title="bbox 23 330 993 383; baseline -0.001 -15"><span class='ocrx_word' id='word_1_27' title='bbox 23 330 130 383; x_wconf 57' lang='grc' dir='ltr'>ᾖὲἶῑῖιῗὲἳᾱ</span> <span class='ocrx_word' id='word_1_28' title='bbox 146 340 244 369; x_wconf 83' lang='lat' dir='ltr'>balatu</span> <span class='ocrx_word' id='word_1_29' title='bbox 254 362 263 373; x_wconf 88' lang='lat'><strong>,</strong></span> <span class='ocrx_word' id='word_1_30' title='bbox 278 339 378 368; x_wconf 82' lang='lat' dir='ltr'>vellere</span> <span class='ocrx_word' id='word_1_31' title='bbox 392 341 420 368; x_wconf 95' lang='lat' dir='ltr'>et</span> <span class='ocrx_word' id='word_1_32' title='bbox 432 339 525 376; x_wconf 70' lang='lat' dir='ltr'>siquo.</span> <span class='ocrx_word' id='word_1_33' title='bbox 542 355 578 359; x_wconf 91' lang='lat'>—-</span> <span class='ocrx_word' id='word_1_34' title='bbox 589 338 771 376; x_wconf 78' lang='lat' dir='ltr'>Cognoscitur</span> <span class='ocrx_word' id='word_1_35' title='bbox 785 339 882 373; x_wconf 85' lang='lat' dir='ltr'>vultu,</span> <span class='ocrx_word' id='word_1_36' title='bbox 894 347 993 368; x_wconf 89' lang='lat' dir='ltr'>secun-</span> 
     </span>
    </p>
   </div>
   <div class='ocr_carea' id='block_1_4' title="bbox 23 378 1006 422">
    <p class='ocr_par' dir='ltr' id='par_1_4' title="bbox 23 378 1006 422">
     <span class='ocr_line' id='line_1_5' title="bbox 23 378 1006 422; baseline -0.004 -5"><span class='ocrx_word' id='word_1_37' title='bbox 23 378 60 416; x_wconf 56' lang='grc' dir='ltr'>Ἥ</span> <span class='ocrx_word' id='word_1_38' title='bbox 67 400 134 419; x_wconf 67' lang='lat' dir='ltr'>eogno-</span> <span class='ocrx_word' id='word_1_39' title='bbox 145 387 212 416; x_wconf 90' lang='lat' dir='ltr'>dum</span> <span class='ocrx_word' id='word_1_40' title='bbox 233 386 302 415; x_wconf 90' lang='lat' dir='ltr'>illud</span> <span class='ocrx_word' id='word_1_41' title='bbox 323 385 535 414; x_wconf 88' lang='lat' dir='ltr'>Proverbiorum</span> <span class='ocrx_word' id='word_1_42' title='bbox 558 385 690 422; x_wconf 83' lang='lat' dir='ltr'>vigesimo</span> <span class='ocrx_word' id='word_1_43' title='bbox 714 385 872 422; x_wconf 81' lang='lat' dir='ltr'>septim01:</span> <span class='ocrx_word' id='word_1_44' title='bbox 898 397 912 411; x_wconf 87' lang='lat'>«</span> <span class='ocrx_word' id='word_1_45' title='bbox 926 385 1006 414; x_wconf 55' lang='lat' dir='ltr'>Dili-x</span> 
     </span>
    </p>
   </div>
   <div class='ocr_carea' id='block_1_5' title="bbox 23 418 992 471">
    <p class='ocr_par' dir='ltr' id='par_1_5' title="bbox 23 418 992 471">
     <span class='ocr_line' id='line_1_6' title="bbox 23 418 992 471; baseline -0.004 -8"><span class='ocrx_word' id='word_1_46' title='bbox 23 424 87 471; x_wconf 54' lang='lat' dir='ltr'>iim*</span> <span class='ocrx_word' id='word_1_47' title='bbox 94 418 132 437; x_wconf 60' lang='lat' dir='ltr'>‘ml‘</span> <span class='ocrx_word' id='word_1_48' title='bbox 143 435 239 470; x_wconf 83' lang='lat' dir='ltr'>genter</span> <span class='ocrx_word' id='word_1_49' title='bbox 253 439 370 469; x_wconf 77' lang='lat' dir='ltr'>agnosce</span> <span class='ocrx_word' id='word_1_50' title='bbox 384 431 493 460; x_wconf 83' lang='lat' dir='ltr'>vultum</span> <span class='ocrx_word' id='word_1_51' title='bbox 505 431 613 467; x_wconf 92' lang='lat' dir='ltr'>pecoris</span> <span class='ocrx_word' id='word_1_52' title='bbox 624 431 664 459; x_wconf 89' lang='lat' dir='ltr'>tui</span> <span class='ocrx_word' id='word_1_53' title='bbox 677 441 703 465; x_wconf 79' lang='lat'>»3</span> <span class='ocrx_word' id='word_1_54' title='bbox 715 431 813 459; x_wconf 76' lang='lat' dir='ltr'>vultus</span> <span class='ocrx_word' id='word_1_55' title='bbox 823 430 992 468; x_wconf 67' lang='lat' dir='ltr'>spiritualis·</span> 
     </span>
    </p>
   </div>
   <div class='ocr_carea' id='block_1_6' title="bbox 23 477 992 1545">
    <p class='ocr_par' dir='ltr' id='par_1_6' title="bbox 137 477 992 1404">
     <span class='ocr_line' id='line_1_7' title="bbox 142 477 991 515; baseline -0.002 -7"><span class='ocrx_word' id='word_1_56' title='bbox 142 482 184 508; x_wconf 90' lang='lat' dir='ltr'>est</span> <span class='ocrx_word' id='word_1_57' title='bbox 197 478 376 513; x_wconf 87' lang='lat' dir='ltr'>conscientia,</span> <span class='ocrx_word' id='word_1_58' title='bbox 388 478 421 507; x_wconf 91' lang='lat' dir='ltr'>de</span> <span class='ocrx_word' id='word_1_59' title='bbox 433 486 489 515; x_wconf 88' lang='lat' dir='ltr'>qua</span> <span class='ocrx_word' id='word_1_60' title='bbox 499 478 675 506; x_wconf 87' lang='lat' dir='ltr'>Canticorum</span> <span class='ocrx_word' id='word_1_61' title='bbox 690 477 828 506; x_wconf 87' lang='lat' dir='ltr'>secundo:</span> <span class='ocrx_word' id='word_1_62' title='bbox 843 489 858 503; x_wconf 68' lang='lat' dir='ltr'>«t</span> <span class='ocrx_word' id='word_1_63' title='bbox 872 477 991 506; x_wconf 79' lang='lat' dir='ltr'>Ostende</span> 
     </span>
     <span class='ocr_line' id='line_1_8' title="bbox 141 524 991 554; baseline -0.001 0"><span class='ocrx_word' id='word_1_64' title='bbox 141 525 210 554; x_wconf 90' lang='lat' dir='ltr'>mihi</span> <span class='ocrx_word' id='word_1_65' title='bbox 224 525 320 554; x_wconf 77' lang='lat' dir='ltr'>faciem</span> <span class='ocrx_word' id='word_1_66' title='bbox 333 527 410 553; x_wconf 87' lang='lat' dir='ltr'>tuam</span> <span class='ocrx_word' id='word_1_67' title='bbox 419 536 432 550; x_wconf 79' lang='lat'>»</span> <span class='ocrx_word' id='word_1_68' title='bbox 440 547 445 553; x_wconf 93' lang='lat'>.</span> <span class='ocrx_word' id='word_1_69' title='bbox 454 524 560 553; x_wconf 82' lang='lat' dir='ltr'>Faciem</span> <span class='ocrx_word' id='word_1_70' title='bbox 572 524 653 553; x_wconf 88' lang='lat' dir='ltr'>istam</span> <span class='ocrx_word' id='word_1_71' title='bbox 665 532 720 552; x_wconf 88' lang='lat' dir='ltr'>non</span> <span class='ocrx_word' id='word_1_72' title='bbox 732 524 899 553; x_wconf 79' lang='lat' dir='ltr'>habentibus</span> <span class='ocrx_word' id='word_1_73' title='bbox 909 532 991 553; x_wconf 89' lang='lat' dir='ltr'>mun-</span> 
     </span>
     <span class='ocr_line' id='line_1_9' title="bbox 141 570 992 607; baseline -0.002 -6"><span class='ocrx_word' id='word_1_74' title='bbox 141 571 219 601; x_wconf 89' lang='lat' dir='ltr'>danis</span> <span class='ocrx_word' id='word_1_75' title='bbox 232 571 335 600; x_wconf 89' lang='lat' dir='ltr'>dicitur</span> <span class='ocrx_word' id='word_1_76' title='bbox 349 571 478 599; x_wconf 81' lang='lat' dir='ltr'>Matthaei</span> <span class='ocrx_word' id='word_1_77' title='bbox 500 570 632 607; x_wconf 88' lang='lat' dir='ltr'>septimo:</span> <span class='ocrx_word' id='word_1_78' title='bbox 659 581 673 595; x_wconf 88' lang='lat'>«</span> <span class='ocrx_word' id='word_1_79' title='bbox 687 570 745 599; x_wconf 89' lang='lat' dir='ltr'>Non</span> <span class='ocrx_word' id='word_1_80' title='bbox 760 570 823 599; x_wconf 89' lang='lat' dir='ltr'>novi</span> <span class='ocrx_word' id='word_1_81' title='bbox 844 578 892 599; x_wconf 90' lang='lat' dir='ltr'>vos</span> <span class='ocrx_word' id='word_1_82' title='bbox 906 582 933 599; x_wconf 85' lang='grc'>».</span> <span class='ocrx_word' id='word_1_83' title='bbox 953 587 992 591; x_wconf 83' lang='lat'>—</span> 
     </span>
     <span class='ocr_line' id='line_1_10' title="bbox 141 615 991 655; baseline -0.002 -8"><span class='ocrx_word' id='word_1_84' title='bbox 141 617 321 655; x_wconf 81' lang='lat' dir='ltr'>Cognoscitur</span> <span class='ocrx_word' id='word_1_85' title='bbox 343 617 461 650; x_wconf 78' lang='lat' dir='ltr'>balutu‚·</span> <span class='ocrx_word' id='word_1_86' title='bbox 475 625 525 654; x_wconf 88' lang='lat' dir='ltr'>per</span> <span class='ocrx_word' id='word_1_87' title='bbox 547 616 680 645; x_wconf 78' lang='lat' dir='ltr'>balatum</span> <span class='ocrx_word' id='word_1_88' title='bbox 694 617 815 654; x_wconf 84' lang='lat' dir='ltr'>intellige</span> <span class='ocrx_word' id='word_1_89' title='bbox 836 615 991 654; x_wconf 76' lang='lat' dir='ltr'>confessio-</span> 
     </span>
     <span class='ocr_line' id='line_1_11' title="bbox 140 663 992 701; baseline -0.001 -8"><span class='ocrx_word' id='word_1_90' title='bbox 140 664 187 693; x_wconf 82' lang='lat' dir='ltr'>uis</span> <span class='ocrx_word' id='word_1_91' title='bbox 214 672 329 697; x_wconf 85' lang='lat' dir='ltr'>voeem;</span> <span class='ocrx_word' id='word_1_92' title='bbox 356 663 431 692; x_wconf 91' lang='lat' dir='ltr'>unde</span> <span class='ocrx_word' id='word_1_93' title='bbox 459 664 487 692; x_wconf 90' lang='lat' dir='ltr'>in</span> <span class='ocrx_word' id='word_1_94' title='bbox 516 664 663 692; x_wconf 80' lang='lat' dir='ltr'>Psalmo2:</span> <span class='ocrx_word' id='word_1_95' title='bbox 694 675 707 689; x_wconf 84' lang='lat'>«</span> <span class='ocrx_word' id='word_1_96' title='bbox 727 664 848 701; x_wconf 85' lang='lat' dir='ltr'>Populus</span> <span class='ocrx_word' id='word_1_97' title='bbox 875 664 936 692; x_wconf 88' lang='lat' dir='ltr'>eius</span> <span class='ocrx_word' id='word_1_98' title='bbox 964 666 992 692; x_wconf 88' lang='lat' dir='ltr'>et</span> 
     </span>
     <span class='ocr_line' id='line_1_12' title="bbox 140 710 991 748; baseline -0.001 -8"><span class='ocrx_word' id='word_1_99' title='bbox 140 719 206 741; x_wconf 89' lang='lat' dir='ltr'>oves</span> <span class='ocrx_word' id='word_1_100' title='bbox 233 719 352 748; x_wconf 77' lang='lat' dir='ltr'>pascuae</span> <span class='ocrx_word' id='word_1_101' title='bbox 382 711 461 745; x_wconf 89' lang='lat' dir='ltr'>eius;</span> <span class='ocrx_word' id='word_1_102' title='bbox 485 710 597 739; x_wconf 90' lang='lat' dir='ltr'>introite</span> <span class='ocrx_word' id='word_1_103' title='bbox 618 714 713 748; x_wconf 89' lang='lat' dir='ltr'>portas</span> <span class='ocrx_word' id='word_1_104' title='bbox 744 711 805 740; x_wconf 88' lang='lat' dir='ltr'>cius</span> <span class='ocrx_word' id='word_1_105' title='bbox 826 711 853 739; x_wconf 91' lang='lat' dir='ltr'>in</span> <span class='ocrx_word' id='word_1_106' title='bbox 885 710 991 740; x_wconf 88' lang='lat' dir='ltr'>confes-</span> 
     </span>
     <span class='ocr_line' id='line_1_13' title="bbox 140 758 991 788; baseline -0.001 0"><span class='ocrx_word' id='word_1_107' title='bbox 140 759 216 788; x_wconf 89' lang='lat' dir='ltr'>sione</span> <span class='ocrx_word' id='word_1_108' title='bbox 230 770 257 787; x_wconf 91' lang='lat'>».</span> <span class='ocrx_word' id='word_1_109' title='bbox 285 759 325 787; x_wconf 89' lang='lat' dir='ltr'>De</span> <span class='ocrx_word' id='word_1_110' title='bbox 346 759 399 787; x_wconf 91' lang='lat' dir='ltr'>hoc</span> <span class='ocrx_word' id='word_1_111' title='bbox 423 758 518 787; x_wconf 83' lang='lat' dir='ltr'>balatu</span> <span class='ocrx_word' id='word_1_112' title='bbox 542 758 718 787; x_wconf 86' lang='lat' dir='ltr'>Canticorum</span> <span class='ocrx_word' id='word_1_113' title='bbox 744 758 881 787; x_wconf 87' lang='lat' dir='ltr'>secundo:</span> <span class='ocrx_word' id='word_1_114' title='bbox 915 769 928 783; x_wconf 88' lang='lat'>«</span> <span class='ocrx_word' id='word_1_115' title='bbox 943 758 991 786; x_wconf 91' lang='lat' dir='ltr'>So-</span> 
     </span>
     <span class='ocr_line' id='line_1_14' title="bbox 141 804 990 842; baseline -0.001 -8"><span class='ocrx_word' id='word_1_116' title='bbox 141 808 188 834; x_wconf 88' lang='lat' dir='ltr'>net</span> <span class='ocrx_word' id='word_1_117' title='bbox 214 813 271 834; x_wconf 80' lang='lat' dir='ltr'>vox</span> <span class='ocrx_word' id='word_1_118' title='bbox 291 808 340 834; x_wconf 84' lang='lat' dir='ltr'>tua</span> <span class='ocrx_word' id='word_1_119' title='bbox 361 805 389 833; x_wconf 94' lang='lat' dir='ltr'>in</span> <span class='ocrx_word' id='word_1_120' title='bbox 409 805 526 834; x_wconf 86' lang='lat' dir='ltr'>auribus</span> <span class='ocrx_word' id='word_1_121' title='bbox 547 805 616 833; x_wconf 89' lang='lat' dir='ltr'>meis</span> <span class='ocrx_word' id='word_1_122' title='bbox 630 816 657 833; x_wconf 83' lang='lat'>».</span> <span class='ocrx_word' id='word_1_123' title='bbox 679 821 716 825; x_wconf 97' lang='lat'><strong>—</strong></span> <span class='ocrx_word' id='word_1_124' title='bbox 734 805 915 842; x_wconf 83' lang='lat' dir='ltr'>Cognoscitur</span> <span class='ocrx_word' id='word_1_125' title='bbox 934 804 990 833; x_wconf 83' lang='lat' dir='ltr'>vel—</span> 
     </span>
     <span class='ocr_line' id='line_1_15' title="bbox 141 852 991 889; baseline -0.001 -8"><span class='ocrx_word' id='word_1_126' title='bbox 141 852 217 886; x_wconf 84' lang='lat' dir='ltr'>lere,·</span> <span class='ocrx_word' id='word_1_127' title='bbox 237 852 311 881; x_wconf 92' lang='lat' dir='ltr'>unde</span> <span class='ocrx_word' id='word_1_128' title='bbox 332 852 444 889; x_wconf 88' lang='lat' dir='ltr'>quando</span> <span class='ocrx_word' id='word_1_129' title='bbox 475 852 535 881; x_wconf 84' lang='lat' dir='ltr'>ovis</span> <span class='ocrx_word' id='word_1_130' title='bbox 562 852 713 881; x_wconf 85' lang='lat' dir='ltr'>devoratur</span> <span class='ocrx_word' id='word_1_131' title='bbox 744 860 760 881; x_wconf 88' lang='lat' dir='ltr'>a</span> <span class='ocrx_word' id='word_1_132' title='bbox 790 852 893 887; x_wconf 84' lang='lat' dir='ltr'>bestia,</span> <span class='ocrx_word' id='word_1_133' title='bbox 922 852 991 881; x_wconf 90' lang='lat' dir='ltr'>solet</span> 
     </span>
     <span class='ocr_line' id='line_1_16' title="bbox 139 899 990 937; baseline 0 -9"><span class='ocrx_word' id='word_1_134' title='bbox 139 899 245 929; x_wconf 87' lang='lat' dir='ltr'>ostendi</span> <span class='ocrx_word' id='word_1_135' title='bbox 266 899 346 936; x_wconf 90' lang='lat' dir='ltr'>pellis</span> <span class='ocrx_word' id='word_1_136' title='bbox 366 900 393 928; x_wconf 92' lang='lat' dir='ltr'>in</span> <span class='ocrx_word' id='word_1_137' title='bbox 409 900 533 937; x_wconf 88' lang='lat' dir='ltr'>signum,</span> <span class='ocrx_word' id='word_1_138' title='bbox 555 899 709 928; x_wconf 87' lang='lat' dir='ltr'>secuudum</span> <span class='ocrx_word' id='word_1_139' title='bbox 724 900 793 929; x_wconf 89' lang='lat' dir='ltr'>illud</span> <span class='ocrx_word' id='word_1_140' title='bbox 814 900 926 928; x_wconf 85' lang='lat' dir='ltr'>Genesis</span> <span class='ocrx_word' id='word_1_141' title='bbox 941 899 990 928; x_wconf 92' lang='lat' dir='ltr'>tri-</span> 
     </span>
     <span class='ocr_line' id='line_1_17' title="bbox 138 946 989 983; baseline -0.002 -8"><span class='ocrx_word' id='word_1_142' title='bbox 138 946 243 983; x_wconf 86' lang='lat' dir='ltr'>gesimo</span> <span class='ocrx_word' id='word_1_143' title='bbox 258 946 348 983; x_wconf 85' lang='lat' dir='ltr'>primo</span> <span class='ocrx_word' id='word_1_144' title='bbox 360 947 384 975; x_wconf 78' lang='lat'>³:</span> <span class='ocrx_word' id='word_1_145' title='bbox 411 958 424 971; x_wconf 70' lang='grc' dir='ltr'>ε(</span> <span class='ocrx_word' id='word_1_146' title='bbox 440 946 556 983; x_wconf 86' lang='lat' dir='ltr'>Captum</span> <span class='ocrx_word' id='word_1_147' title='bbox 571 954 587 974; x_wconf 91' lang='lat' dir='ltr'>a</span> <span class='ocrx_word' id='word_1_148' title='bbox 601 946 689 975; x_wconf 82' lang='lat' dir='ltr'>bestia</span> <span class='ocrx_word' id='word_1_149' title='bbox 709 954 763 975; x_wconf 91' lang='lat' dir='ltr'>non</span> <span class='ocrx_word' id='word_1_150' title='bbox 779 946 885 975; x_wconf 87' lang='lat' dir='ltr'>ostendi</span> <span class='ocrx_word' id='word_1_151' title='bbox 901 946 950 974; x_wconf 85' lang='lat' dir='ltr'>tibi</span> <span class='ocrx_word' id='word_1_152' title='bbox 961 956 989 980; x_wconf 84' lang='lat'>»;</span> 
     </span>
     <span class='ocr_line' id='line_1_18' title="bbox 138 991 990 1031; baseline -0.002 -9"><span class='ocrx_word' id='word_1_153' title='bbox 138 993 230 1031; x_wconf 86' lang='lat' dir='ltr'>quasi:</span> <span class='ocrx_word' id='word_1_154' title='bbox 246 994 268 1023; x_wconf 92' lang='lat' dir='ltr'>si</span> <span class='ocrx_word' id='word_1_155' title='bbox 283 996 394 1031; x_wconf 85' lang='lat' dir='ltr'>captum</span> <span class='ocrx_word' id='word_1_156' title='bbox 416 993 529 1027; x_wconf 82' lang='lat' dir='ltr'>fuisse-t,</span> <span class='ocrx_word' id='word_1_157' title='bbox 551 991 731 1022; x_wconf 81' lang='lat' dir='ltr'>ostendissem</span> <span class='ocrx_word' id='word_1_158' title='bbox 754 993 812 1022; x_wconf 87' lang='lat' dir='ltr'>tibi.</span> <span class='ocrx_word' id='word_1_159' title='bbox 829 993 879 1021; x_wconf 87' lang='lat' dir='ltr'>Per</span> <span class='ocrx_word' id='word_1_160' title='bbox 900 992 990 1021; x_wconf 80' lang='lat' dir='ltr'>vellus</span> 
     </span>
     <span class='ocr_line' id='line_1_19' title="bbox 138 1039 990 1077; baseline -0.002 -8"><span class='ocrx_word' id='word_1_161' title='bbox 138 1040 260 1077; x_wconf 83' lang='lat' dir='ltr'>intellige</span> <span class='ocrx_word' id='word_1_162' title='bbox 281 1039 431 1069; x_wconf 67' lang='lat' dir='ltr'>honestam</span> <span class='ocrx_word' id='word_1_163' title='bbox 446 1040 702 1069; x_wconf 72' lang='lat' dir='ltr'>conversationem.</span> <span class='ocrx_word' id='word_1_164' title='bbox 724 1040 811 1068; x_wconf 80' lang='lat' dir='ltr'>Debet</span> <span class='ocrx_word' id='word_1_165' title='bbox 835 1040 908 1068; x_wconf 89' lang='lat' dir='ltr'>enim</span> <span class='ocrx_word' id='word_1_166' title='bbox 930 1039 990 1068; x_wconf 91' lang='lat' dir='ltr'>ovis</span> 
     </span>
     <span class='ocr_line' id='line_1_20' title="bbox 139 1087 989 1124; baseline -0.002 -8"><span class='ocrx_word' id='word_1_167' title='bbox 139 1087 291 1124; x_wconf 87' lang='lat' dir='ltr'>spiritualis</span> <span class='ocrx_word' id='word_1_168' title='bbox 305 1087 408 1116; x_wconf 86' lang='lat' dir='ltr'>habere</span> <span class='ocrx_word' id='word_1_169' title='bbox 419 1087 509 1115; x_wconf 71' lang='lat' dir='ltr'>voltus</span> <span class='ocrx_word' id='word_1_170' title='bbox 519 1087 635 1123; x_wconf 84' lang='lat' dir='ltr'>agninae</span> <span class='ocrx_word' id='word_1_171' title='bbox 646 1087 875 1120; x_wconf 84' lang='lat' dir='ltr'>conversationis,</span> <span class='ocrx_word' id='word_1_172' title='bbox 891 1093 989 1115; x_wconf 88' lang='lat' dir='ltr'>secun-</span> 
     </span>
     <span class='ocr_line' id='line_1_21' title="bbox 138 1134 989 1170; baseline -0.001 -7"><span class='ocrx_word' id='word_1_173' title='bbox 138 1134 205 1163; x_wconf 91' lang='lat' dir='ltr'>dum</span> <span class='ocrx_word' id='word_1_174' title='bbox 223 1134 292 1163; x_wconf 87' lang='lat' dir='ltr'>illud</span> <span class='ocrx_word' id='word_1_175' title='bbox 306 1134 520 1163; x_wconf 85' lang='lat' dir='ltr'>Proverbiorum</span> <span class='ocrx_word' id='word_1_176' title='bbox 536 1134 668 1170; x_wconf 89' lang='lat' dir='ltr'>vigesimo</span> <span class='ocrx_word' id='word_1_177' title='bbox 683 1134 814 1170; x_wconf 90' lang='lat' dir='ltr'>septimo:</span> <span class='ocrx_word' id='word_1_178' title='bbox 835 1145 848 1158; x_wconf 89' lang='lat'>«</span> <span class='ocrx_word' id='word_1_179' title='bbox 860 1134 920 1162; x_wconf 88' lang='lat' dir='ltr'>Sint</span> <span class='ocrx_word' id='word_1_180' title='bbox 940 1134 989 1162; x_wconf 90' lang='lat' dir='ltr'>tibi</span> 
     </span>
     <span class='ocr_line' id='line_1_22' title="bbox 138 1181 989 1219; baseline -0.001 -9"><span class='ocrx_word' id='word_1_181' title='bbox 138 1181 201 1219; x_wconf 80' lang='lat' dir='ltr'>agni</span> <span class='ocrx_word' id='word_1_182' title='bbox 225 1181 260 1210; x_wconf 77' lang='lat' dir='ltr'>ad</span> <span class='ocrx_word' id='word_1_183' title='bbox 283 1181 480 1210; x_wconf 87' lang='lat' dir='ltr'>vestimentum</span> <span class='ocrx_word' id='word_1_184' title='bbox 505 1184 585 1209; x_wconf 90' lang='lat' dir='ltr'>tuum</span> <span class='ocrx_word' id='word_1_185' title='bbox 602 1192 628 1208; x_wconf 87' lang='lat'>».</span> <span class='ocrx_word' id='word_1_186' title='bbox 645 1197 682 1201; x_wconf 97' lang='lat'><strong>—</strong></span> <span class='ocrx_word' id='word_1_187' title='bbox 704 1181 885 1218; x_wconf 81' lang='lat' dir='ltr'>Cognoscitur</span> <span class='ocrx_word' id='word_1_188' title='bbox 906 1181 989 1210; x_wconf 87' lang='lat' dir='ltr'>etiam</span> 
     </span>
     <span class='ocr_line' id='line_1_23' title="bbox 137 1227 987 1266; baseline -0.001 -9"><span class='ocrx_word' id='word_1_189' title='bbox 137 1229 230 1266; x_wconf 64' lang='lat' dir='ltr'>siquo.</span> <span class='ocrx_word' id='word_1_190' title='bbox 253 1229 303 1257; x_wconf 89' lang='lat' dir='ltr'>Per</span> <span class='ocrx_word' id='word_1_191' title='bbox 325 1228 434 1265; x_wconf 88' lang='lat' dir='ltr'>signum</span> <span class='ocrx_word' id='word_1_192' title='bbox 464 1228 586 1265; x_wconf 83' lang='lat' dir='ltr'>intellige</span> <span class='ocrx_word' id='word_1_193' title='bbox 606 1227 786 1256; x_wconf 75' lang='lat' dir='ltr'>dominicam</span> <span class='ocrx_word' id='word_1_194' title='bbox 810 1228 987 1265; x_wconf 71' lang='lat' dir='ltr'>passionem.</span> 
     </span>
     <span class='ocr_line' id='line_1_24' title="bbox 137 1272 989 1311; baseline -0.002 -8"><span class='ocrx_word' id='word_1_195' title='bbox 137 1274 224 1303; x_wconf 89' lang='lat' dir='ltr'>Debet</span> <span class='ocrx_word' id='word_1_196' title='bbox 244 1274 318 1303; x_wconf 87' lang='lat' dir='ltr'>enim</span> <span class='ocrx_word' id='word_1_197' title='bbox 340 1274 443 1311; x_wconf 86' lang='lat' dir='ltr'>signari</span> <span class='ocrx_word' id='word_1_198' title='bbox 464 1274 524 1302; x_wconf 84' lang='lat' dir='ltr'>ovis</span> <span class='ocrx_word' id='word_1_199' title='bbox 555 1273 707 1310; x_wconf 81' lang='lat' dir='ltr'>spiritualis</span> <span class='ocrx_word' id='word_1_200' title='bbox 731 1274 809 1310; x_wconf 84' lang='lat' dir='ltr'>signo</span> <span class='ocrx_word' id='word_1_201' title='bbox 836 1272 989 1302; x_wconf 84' lang='lat' dir='ltr'>dominicae</span> 
     </span>
     <span class='ocr_line' id='line_1_25' title="bbox 137 1320 989 1358; baseline -0.002 -8"><span class='ocrx_word' id='word_1_202' title='bbox 137 1321 287 1358; x_wconf 87' lang='lat' dir='ltr'>passionis;</span> <span class='ocrx_word' id='word_1_203' title='bbox 309 1321 486 1350; x_wconf 84' lang='lat' dir='ltr'>Canticorum</span> <span class='ocrx_word' id='word_1_204' title='bbox 507 1321 643 1349; x_wconf 76' lang='lat' dir='ltr'>octavo⁴z</span> <span class='ocrx_word' id='word_1_205' title='bbox 670 1320 766 1349; x_wconf 83' lang='lat' dir='ltr'>«Pone</span> <span class='ocrx_word' id='word_1_206' title='bbox 789 1323 878 1349; x_wconf 85' lang='lat' dir='ltr'>ment</span> <span class='ocrx_word' id='word_1_207' title='bbox 899 1320 989 1357; x_wconf 87' lang='lat' dir='ltr'>signa-</span> 
     </span>
     <span class='ocr_line' id='line_1_26' title="bbox 137 1368 551 1404; baseline -0.002 -8"><span class='ocrx_word' id='word_1_208' title='bbox 137 1368 233 1397; x_wconf 91' lang='lat' dir='ltr'>culum</span> <span class='ocrx_word' id='word_1_209' title='bbox 254 1375 340 1404; x_wconf 90' lang='lat' dir='ltr'>super</span> <span class='ocrx_word' id='word_1_210' title='bbox 361 1375 409 1396; x_wconf 91' lang='lat' dir='ltr'>cor</span> <span class='ocrx_word' id='word_1_211' title='bbox 430 1370 511 1396; x_wconf 90' lang='lat' dir='ltr'>tuum</span> <span class='ocrx_word' id='word_1_212' title='bbox 525 1379 551 1395; x_wconf 75' lang='lat' dir='ltr'>n.</span> 
     </span>
    </p>

    <p class='ocr_par' dir='ltr' id='par_1_7' title="bbox 219 1414 866 1451">
     <span class='ocr_line' id='line_1_27' title="bbox 219 1414 866 1451; baseline -0.002 -9"><span class='ocrx_word' id='word_1_213' title='bbox 219 1415 263 1443; x_wconf 88' lang='grc'>10.</span> <span class='ocrx_word' id='word_1_214' title='bbox 286 1414 434 1451; x_wconf 89' lang='lat' dir='ltr'>Sequitur:</span> <span class='ocrx_word' id='word_1_215' title='bbox 457 1414 493 1442; x_wconf 84' lang='lat' dir='ltr'>Et</span> <span class='ocrx_word' id='word_1_216' title='bbox 514 1416 694 1451; x_wconf 70' lang='lat' dir='ltr'>coynoscunt</span> <span class='ocrx_word' id='word_1_217' title='bbox 714 1422 757 1442; x_wconf 87' lang='lat' dir='ltr'>me</span> <span class='ocrx_word' id='word_1_218' title='bbox 778 1421 866 1442; x_wconf 80' lang='lat' dir='ltr'>meae.</span> 
     </span>
    </p>

    <p class='ocr_par' dir='ltr' id='par_1_8' title="bbox 23 1460 988 1545">
     <span class='ocr_line' id='line_1_28' title="bbox 218 1460 988 1498; baseline 0 -9"><span class='ocrx_word' id='word_1_219' title='bbox 218 1461 252 1489; x_wconf 89' lang='lat' dir='ltr'>Ut</span> <span class='ocrx_word' id='word_1_220' title='bbox 273 1461 359 1495; x_wconf 88' lang='lat' dir='ltr'>scias,</span> <span class='ocrx_word' id='word_1_221' title='bbox 375 1461 494 1498; x_wconf 80' lang='lat' dir='ltr'>qualiter</span> <span class='ocrx_word' id='word_1_222' title='bbox 509 1460 569 1489; x_wconf 90' lang='lat' dir='ltr'>ovis</span> <span class='ocrx_word' id='word_1_223' title='bbox 583 1468 612 1489; x_wconf 90' lang='lat' dir='ltr'>se</span> <span class='ocrx_word' id='word_1_224' title='bbox 625 1460 707 1489; x_wconf 89' lang='lat' dir='ltr'>debet</span> <span class='ocrx_word' id='word_1_225' title='bbox 729 1460 832 1489; x_wconf 81' lang='lat' dir='ltr'>habere</span> <span class='ocrx_word' id='word_1_226' title='bbox 846 1460 879 1488; x_wconf 82' lang='lat' dir='ltr'>ad</span> <span class='ocrx_word' id='word_1_227' title='bbox 898 1464 988 1497; x_wconf 87' lang='lat' dir='ltr'>pasto-</span> 
     </span>
     <span class='ocr_line' id='line_1_29' title="bbox 23 1507 988 1545; baseline 0 -10"><span class='ocrx_word' id='word_1_228' title='bbox 23 1521 121 1543; x_wconf 52' lang='lat' dir='ltr'>«secundo.</span> <span class='ocrx_word' id='word_1_229' title='bbox 139 1515 214 1542; x_wconf 89' lang='lat' dir='ltr'>rem,</span> <span class='ocrx_word' id='word_1_230' title='bbox 235 1511 313 1542; x_wconf 87' lang='lat' dir='ltr'>nota,</span> <span class='ocrx_word' id='word_1_231' title='bbox 335 1507 410 1545; x_wconf 86' lang='lat' dir='ltr'>quod</span> <span class='ocrx_word' id='word_1_232' title='bbox 438 1507 497 1536; x_wconf 90' lang='lat' dir='ltr'>ovis</span> <span class='ocrx_word' id='word_1_233' title='bbox 524 1507 606 1536; x_wconf 88' lang='lat' dir='ltr'>debet</span> <span class='ocrx_word' id='word_1_234' title='bbox 634 1510 774 1544; x_wconf 83' lang='lat' dir='ltr'>pastorem</span> <span class='ocrx_word' id='word_1_235' title='bbox 802 1515 988 1544; x_wconf 69' lang='lat' dir='ltr'>coynoscere,</span> 
     </span>
    </p>
   </div>
   <div class='ocr_carea' id='block_1_7' title="bbox 6 1545 989 1592">
    <p class='ocr_par' dir='ltr' id='par_1_9' title="bbox 6 1545 989 1592">
     <span class='ocr_line' id='line_1_30' title="bbox 6 1545 989 1592; baseline -0.003 -7"><span class='ocrx_word' id='word_1_236' title='bbox 6 1545 123 1587; x_wconf 60' lang='lat' dir='ltr'>..&#39;&#39;r{2⁵÷¹3n⁰2²&#39;¹a¹¹ci</span> <span class='ocrx_word' id='word_1_237' title='bbox 138 1555 172 1583; x_wconf 89' lang='lat' dir='ltr'>ad</span> <span class='ocrx_word' id='word_1_238' title='bbox 192 1557 330 1592; x_wconf 86' lang='lat' dir='ltr'>pastorem</span> <span class='ocrx_word' id='word_1_239' title='bbox 353 1554 502 1589; x_wconf 78' lang='lat' dir='ltr'>accedere,</span> <span class='ocrx_word' id='word_1_240' title='bbox 522 1557 661 1591; x_wconf 87' lang='lat' dir='ltr'>pastorem</span> <span class='ocrx_word' id='word_1_241' title='bbox 683 1554 790 1582; x_wconf 83' lang='lat' dir='ltr'>audire</span> <span class='ocrx_word' id='word_1_242' title='bbox 810 1557 838 1582; x_wconf 90' lang='lat' dir='ltr'>et</span> <span class='ocrx_word' id='word_1_243' title='bbox 858 1557 920 1590; x_wconf 87' lang='lat' dir='ltr'>post</span> <span class='ocrx_word' id='word_1_244' title='bbox 941 1562 989 1590; x_wconf 86' lang='lat' dir='ltr'>pa-</span> 
     </span>
    </p>
   </div>
   <div class='ocr_carea' id='block_1_8' title="bbox 2 1593 990 2575">
    <p class='ocr_par' dir='ltr' id='par_1_10' title="bbox 2 1593 989 2200">
     <span class='ocr_line' id='line_1_31' title="bbox 2 1593 988 1642; baseline -0.002 -11"><span class='ocrx_word' id='word_1_245' title='bbox 2 1593 241 1642; x_wconf 53' lang='lat' dir='ltr'>[fssssissss&#39;wstorem</span> <span class='ocrx_word' id='word_1_246' title='bbox 263 1601 314 1630; x_wconf 84' lang='lat' dir='ltr'>ire.</span> <span class='ocrx_word' id='word_1_247' title='bbox 336 1618 374 1622; x_wconf 81' lang='lat'>-</span> <span class='ocrx_word' id='word_1_248' title='bbox 396 1601 535 1630; x_wconf 84' lang='lat' dir='ltr'>Pastorem</span> <span class='ocrx_word' id='word_1_249' title='bbox 557 1600 703 1638; x_wconf 69' lang='lat' dir='ltr'>coynoscit</span> <span class='ocrx_word' id='word_1_250' title='bbox 723 1600 782 1629; x_wconf 89' lang='lat' dir='ltr'>ovis</span> <span class='ocrx_word' id='word_1_251' title='bbox 810 1608 860 1637; x_wconf 86' lang='lat' dir='ltr'>per</span> <span class='ocrx_word' id='word_1_252' title='bbox 884 1600 988 1637; x_wconf 79' lang='lat' dir='ltr'>sidem,</span> 
     </span>
     <span class='ocr_line' id='line_1_32' title="bbox 2 1640 987 1685; baseline -0.001 -9"><span class='ocrx_word' id='word_1_253' title='bbox 2 1640 103 1663; x_wconf 60' lang='lat'>&#39;&#39;³³⁰⁰⁵⁰¹‘&#39;</span> <span class='ocrx_word' id='word_1_254' title='bbox 137 1656 188 1685; x_wconf 91' lang='lat' dir='ltr'>per</span> <span class='ocrx_word' id='word_1_255' title='bbox 215 1648 368 1685; x_wconf 86' lang='lat' dir='ltr'>gratiarum</span> <span class='ocrx_word' id='word_1_256' title='bbox 388 1648 539 1682; x_wconf 86' lang='lat' dir='ltr'>actionem;</span> <span class='ocrx_word' id='word_1_257' title='bbox 562 1647 596 1676; x_wconf 89' lang='lat' dir='ltr'>de</span> <span class='ocrx_word' id='word_1_258' title='bbox 623 1656 680 1685; x_wconf 88' lang='lat' dir='ltr'>quo</span> <span class='ocrx_word' id='word_1_259' title='bbox 707 1647 815 1676; x_wconf 80' lang='lat' dir='ltr'>loannis</span> <span class='ocrx_word' id='word_1_260' title='bbox 836 1647 987 1676; x_wconf 89' lang='lat' dir='ltr'>decimo⁵:</span> 
     </span>
     <span class='ocr_line' id='line_1_33' title="bbox 141 1695 988 1733; baseline -0.002 -9"><span class='ocrx_word' id='word_1_261' title='bbox 141 1707 156 1721; x_wconf 75' lang='grc' dir='ltr'>«ι</span> <span class='ocrx_word' id='word_1_262' title='bbox 170 1695 309 1733; x_wconf 85' lang='lat' dir='ltr'>Cognosco</span> <span class='ocrx_word' id='word_1_263' title='bbox 330 1703 395 1724; x_wconf 90' lang='lat' dir='ltr'>oves</span> <span class='ocrx_word' id='word_1_264' title='bbox 409 1703 497 1730; x_wconf 79' lang='lat' dir='ltr'>meas,</span> <span class='ocrx_word' id='word_1_265' title='bbox 518 1698 546 1724; x_wconf 89' lang='lat' dir='ltr'>et</span> <span class='ocrx_word' id='word_1_266' title='bbox 561 1698 730 1732; x_wconf 89' lang='lat' dir='ltr'>cognoscunt</span> <span class='ocrx_word' id='word_1_267' title='bbox 750 1702 795 1723; x_wconf 90' lang='lat' dir='ltr'>me</span> <span class='ocrx_word' id='word_1_268' title='bbox 815 1702 893 1724; x_wconf 80' lang='lat' dir='ltr'>meae</span> <span class='ocrx_word' id='word_1_269' title='bbox 907 1706 934 1722; x_wconf 84' lang='lat'>».</span> <span class='ocrx_word' id='word_1_270' title='bbox 951 1710 988 1715; x_wconf 91' lang='lat'>—</span> 
     </span>
     <span class='ocr_line' id='line_1_34' title="bbox 22 1741 988 1782; baseline -0.005 -8"><span class='ocrx_word' id='word_1_271' title='bbox 22 1755 79 1782; x_wconf 66' lang='lat' dir='ltr'>tom</span> <span class='ocrx_word' id='word_1_272' title='bbox 92 1761 122 1775; x_wconf 71' lang='lat' dir='ltr'>ac.</span> <span class='ocrx_word' id='word_1_273' title='bbox 137 1743 176 1772; x_wconf 89' lang='lat' dir='ltr'>Ad</span> <span class='ocrx_word' id='word_1_274' title='bbox 196 1746 335 1780; x_wconf 82' lang='lat' dir='ltr'>pastorem</span> <span class='ocrx_word' id='word_1_275' title='bbox 350 1743 461 1772; x_wconf 82' lang='lat' dir='ltr'>aceedit</span> <span class='ocrx_word' id='word_1_276' title='bbox 473 1750 524 1780; x_wconf 87' lang='lat' dir='ltr'>per</span> <span class='ocrx_word' id='word_1_277' title='bbox 545 1743 717 1775; x_wconf 66' lang='lat' dir='ltr'>caritatem,-</span> <span class='ocrx_word' id='word_1_278' title='bbox 731 1742 805 1771; x_wconf 89' lang='lat' dir='ltr'>unde</span> <span class='ocrx_word' id='word_1_279' title='bbox 820 1742 926 1779; x_wconf 84' lang='lat' dir='ltr'>primae</span> <span class='ocrx_word' id='word_1_280' title='bbox 940 1741 988 1770; x_wconf 85' lang='lat' dir='ltr'>Pe-</span> 
     </span>
     <span class='ocr_line' id='line_1_35' title="bbox 37 1779 987 1823; baseline -0.003 -3"><span class='ocrx_word' id='word_1_281' title='bbox 37 1779 93 1798; x_wconf 51' lang='grc' dir='ltr'>ΨΜ·</span> <span class='ocrx_word' id='word_1_282' title='bbox 138 1790 175 1820; x_wconf 91' lang='lat' dir='ltr'>tri</span> <span class='ocrx_word' id='word_1_283' title='bbox 190 1790 326 1819; x_wconf 88' lang='lat' dir='ltr'>secundo:</span> <span class='ocrx_word' id='word_1_284' title='bbox 346 1801 359 1815; x_wconf 90' lang='lat'>«</span> <span class='ocrx_word' id='word_1_285' title='bbox 376 1790 463 1819; x_wconf 87' lang='lat' dir='ltr'>Eratis</span> <span class='ocrx_word' id='word_1_286' title='bbox 478 1790 550 1818; x_wconf 88' lang='lat' dir='ltr'>sicut</span> <span class='ocrx_word' id='word_1_287' title='bbox 564 1797 629 1818; x_wconf 88' lang='lat' dir='ltr'>oves</span> <span class='ocrx_word' id='word_1_288' title='bbox 643 1792 784 1823; x_wconf 83' lang='lat' dir='ltr'>errantes,</span> <span class='ocrx_word' id='word_1_289' title='bbox 800 1789 848 1817; x_wconf 90' lang='lat' dir='ltr'>sed</span> <span class='ocrx_word' id='word_1_290' title='bbox 861 1788 987 1817; x_wconf 88' lang='lat' dir='ltr'>conversi</span> 
     </span>
     <span class='ocr_line' id='line_1_36' title="bbox 138 1836 988 1873; baseline -0.002 -7"><span class='ocrx_word' id='word_1_291' title='bbox 138 1837 203 1867; x_wconf 88' lang='lat' dir='ltr'>estis</span> <span class='ocrx_word' id='word_1_292' title='bbox 223 1845 298 1866; x_wconf 90' lang='lat' dir='ltr'>nunc</span> <span class='ocrx_word' id='word_1_293' title='bbox 319 1836 354 1865; x_wconf 88' lang='lat' dir='ltr'>ad</span> <span class='ocrx_word' id='word_1_294' title='bbox 374 1839 512 1873; x_wconf 80' lang='lat' dir='ltr'>pastorem</span> <span class='ocrx_word' id='word_1_295' title='bbox 534 1839 561 1865; x_wconf 88' lang='lat' dir='ltr'>et</span> <span class='ocrx_word' id='word_1_296' title='bbox 582 1836 742 1873; x_wconf 87' lang='lat' dir='ltr'>episcopum</span> <span class='ocrx_word' id='word_1_297' title='bbox 763 1836 920 1864; x_wconf 83' lang='lat' dir='ltr'>animarum</span> <span class='ocrx_word' id='word_1_298' title='bbox 942 1843 988 1864; x_wconf 86' lang='lat' dir='ltr'>ve-</span> 
     </span>
     <span class='ocr_line' id='line_1_37' title="bbox 135 1881 988 1919; baseline -0.001 -8"><span class='ocrx_word' id='word_1_299' title='bbox 135 1885 260 1911; x_wconf 83' lang='lat' dir='ltr'>strarum</span> <span class='ocrx_word' id='word_1_300' title='bbox 274 1894 301 1910; x_wconf 83' lang='lat'>».</span> <span class='ocrx_word' id='word_1_301' title='bbox 318 1899 354 1903; x_wconf 33' lang='lat' dir='ltr'>a</span> <span class='ocrx_word' id='word_1_302' title='bbox 369 1882 508 1911; x_wconf 84' lang='lat' dir='ltr'>Oberrant</span> <span class='ocrx_word' id='word_1_303' title='bbox 522 1882 594 1911; x_wconf 90' lang='lat' dir='ltr'>enim</span> <span class='ocrx_word' id='word_1_304' title='bbox 616 1889 681 1911; x_wconf 83' lang='lat' dir='ltr'>oves</span> <span class='ocrx_word' id='word_1_305' title='bbox 695 1881 846 1919; x_wconf 84' lang='lat' dir='ltr'>peccando,</span> <span class='ocrx_word' id='word_1_306' title='bbox 862 1881 909 1910; x_wconf 88' lang='lat' dir='ltr'>sed</span> <span class='ocrx_word' id='word_1_307' title='bbox 923 1890 988 1911; x_wconf 87' lang='lat' dir='ltr'>con-</span> 
     </span>
     <span class='ocr_line' id='line_1_38' title="bbox 19 1928 988 1966; baseline -0.005 -4"><span class='ocrx_word' id='word_1_308' title='bbox 19 1942 53 1962; x_wconf 83' lang='lat' dir='ltr'>:um</span> <span class='ocrx_word' id='word_1_309' title='bbox 62 1942 121 1962; x_wconf 68' lang='lat' dir='ltr'>audit.</span> <span class='ocrx_word' id='word_1_310' title='bbox 138 1932 298 1963; x_wconf 84' lang='lat' dir='ltr'>vertuntur,</span> <span class='ocrx_word' id='word_1_311' title='bbox 309 1929 420 1966; x_wconf 90' lang='lat' dir='ltr'>quando</span> <span class='ocrx_word' id='word_1_312' title='bbox 431 1932 570 1966; x_wconf 87' lang='lat' dir='ltr'>pastorem</span> <span class='ocrx_word' id='word_1_313' title='bbox 581 1929 711 1957; x_wconf 71' lang='lat' dir='ltr'>audiunt</span> <span class='ocrx_word' id='word_1_314' title='bbox 721 1936 771 1965; x_wconf 89' lang='lat' dir='ltr'>per</span> <span class='ocrx_word' id='word_1_315' title='bbox 782 1928 988 1962; x_wconf 58' lang='lat' dir='ltr'>obedientiam</span> 
     </span>
     <span class='ocr_line' id='line_1_39' title="bbox 137 1976 987 2005; baseline -0.001 0"><span class='ocrx_word' id='word_1_316' title='bbox 137 1976 245 2005; x_wconf 88' lang='lat' dir='ltr'>Ioannis</span> <span class='ocrx_word' id='word_1_317' title='bbox 259 1976 365 2005; x_wconf 88' lang='lat' dir='ltr'>decimo</span> <span class='ocrx_word' id='word_1_318' title='bbox 376 1976 401 2004; x_wconf 78' lang='lat'>⁶:</span> <span class='ocrx_word' id='word_1_319' title='bbox 420 1987 434 2001; x_wconf 71' lang='grc' dir='ltr'>α</span> <span class='ocrx_word' id='word_1_320' title='bbox 445 1976 517 2005; x_wconf 87' lang='lat' dir='ltr'>Oves</span> <span class='ocrx_word' id='word_1_321' title='bbox 528 1983 605 2005; x_wconf 89' lang='lat' dir='ltr'>meae</span> <span class='ocrx_word' id='word_1_322' title='bbox 617 1983 711 2005; x_wconf 87' lang='lat' dir='ltr'>vocem</span> <span class='ocrx_word' id='word_1_323' title='bbox 727 1983 815 2004; x_wconf 90' lang='lat' dir='ltr'>meam</span> <span class='ocrx_word' id='word_1_324' title='bbox 831 1976 987 2005; x_wconf 86' lang='lat' dir='ltr'>audiunt».</span> 
     </span>
     <span class='ocr_line' id='line_1_40' title="bbox 18 2022 989 2061; baseline 0.001 -10"><span class='ocrx_word' id='word_1_325' title='bbox 18 2036 50 2055; x_wconf 71' lang='lat' dir='ltr'>:um</span> <span class='ocrx_word' id='word_1_326' title='bbox 62 2036 123 2060; x_wconf 53' lang='lat' dir='ltr'>sequi.</span> <span class='ocrx_word' id='word_1_327' title='bbox 139 2039 176 2043; x_wconf 97' lang='lat'><strong>—</strong></span> <span class='ocrx_word' id='word_1_328' title='bbox 191 2022 330 2061; x_wconf 72' lang='lat' dir='ltr'>Sequitur</span> <span class='ocrx_word' id='word_1_329' title='bbox 351 2025 490 2059; x_wconf 85' lang='lat' dir='ltr'>pastorem</span> <span class='ocrx_word' id='word_1_330' title='bbox 512 2030 562 2059; x_wconf 92' lang='lat' dir='ltr'>per</span> <span class='ocrx_word' id='word_1_331' title='bbox 583 2022 793 2056; x_wconf 67' lang='lat' dir='ltr'>iiiiitcttioneim</span> <span class='ocrx_word' id='word_1_332' title='bbox 814 2023 921 2051; x_wconf 83' lang='lat' dir='ltr'>loannis</span> <span class='ocrx_word' id='word_1_333' title='bbox 941 2023 989 2052; x_wconf 87' lang='lat' dir='ltr'>de-</span> 
     </span>
     <span class='ocr_line' id='line_1_41' title="bbox 43 2061 988 2106; baseline 0 -8"><span class='ocrx_word' id='word_1_334' title='bbox 43 2061 80 2078; x_wconf 76' lang='lat'>²¹¹¹&#39;</span> <span class='ocrx_word' id='word_1_335' title='bbox 138 2069 226 2098; x_wconf 88' lang='lat' dir='ltr'>cimo:</span> <span class='ocrx_word' id='word_1_336' title='bbox 253 2081 267 2095; x_wconf 86' lang='lat'>«</span> <span class='ocrx_word' id='word_1_337' title='bbox 281 2069 349 2098; x_wconf 91' lang='lat' dir='ltr'>Cum</span> <span class='ocrx_word' id='word_1_338' title='bbox 371 2069 499 2106; x_wconf 89' lang='lat' dir='ltr'>proprias</span> <span class='ocrx_word' id='word_1_339' title='bbox 519 2077 584 2098; x_wconf 90' lang='lat' dir='ltr'>oves</span> <span class='ocrx_word' id='word_1_340' title='bbox 598 2069 734 2104; x_wconf 85' lang='lat' dir='ltr'>emiserit,</span> <span class='ocrx_word' id='word_1_341' title='bbox 755 2072 820 2098; x_wconf 85' lang='lat' dir='ltr'>ante</span> <span class='ocrx_word' id='word_1_342' title='bbox 834 2077 880 2099; x_wconf 88' lang='lat' dir='ltr'>eas</span> <span class='ocrx_word' id='word_1_343' title='bbox 901 2069 988 2104; x_wconf 83' lang='lat' dir='ltr'>vadit,</span> 
     </span>
     <span class='ocr_line' id='line_1_42' title="bbox 138 2116 987 2153; baseline -0.001 -8"><span class='ocrx_word' id='word_1_344' title='bbox 138 2118 166 2145; x_wconf 88' lang='lat' dir='ltr'>et</span> <span class='ocrx_word' id='word_1_345' title='bbox 186 2124 252 2145; x_wconf 86' lang='lat' dir='ltr'>oves</span> <span class='ocrx_word' id='word_1_346' title='bbox 272 2116 351 2145; x_wconf 91' lang='lat' dir='ltr'>illum</span> <span class='ocrx_word' id='word_1_347' title='bbox 373 2118 541 2153; x_wconf 84' lang='lat' dir='ltr'>sequuntur,</span> <span class='ocrx_word' id='word_1_348' title='bbox 562 2116 629 2153; x_wconf 84' lang='lat' dir='ltr'>quia</span> <span class='ocrx_word' id='word_1_349' title='bbox 653 2116 744 2145; x_wconf 89' lang='lat' dir='ltr'>sciunt</span> <span class='ocrx_word' id='word_1_350' title='bbox 765 2118 860 2145; x_wconf 85' lang='lat' dir='ltr'>vocem</span> <span class='ocrx_word' id='word_1_351' title='bbox 882 2117 942 2145; x_wconf 86' lang='lat' dir='ltr'>eius</span> <span class='ocrx_word' id='word_1_352' title='bbox 957 2128 987 2151; x_wconf 85' lang='lat'>»;</span> 
     </span>
     <span class='ocr_line' id='line_1_43' title="bbox 138 2162 989 2200; baseline 0.001 -9"><span class='ocrx_word' id='word_1_353' title='bbox 138 2165 166 2192; x_wconf 89' lang='lat' dir='ltr'>et</span> <span class='ocrx_word' id='word_1_354' title='bbox 185 2163 258 2192; x_wconf 83' lang='lat' dir='ltr'>infra</span> <span class='ocrx_word' id='word_1_355' title='bbox 278 2163 390 2192; x_wconf 84' lang='lat' dir='ltr'>eodem:</span> <span class='ocrx_word' id='word_1_356' title='bbox 417 2174 431 2188; x_wconf 92' lang='lat'>«</span> <span class='ocrx_word' id='word_1_357' title='bbox 445 2162 585 2200; x_wconf 79' lang='lat' dir='ltr'>Cognosce</span> <span class='ocrx_word' id='word_1_358' title='bbox 599 2171 664 2192; x_wconf 90' lang='lat' dir='ltr'>oves</span> <span class='ocrx_word' id='word_1_359' title='bbox 679 2171 766 2197; x_wconf 82' lang='lat' dir='ltr'>meas,</span> <span class='ocrx_word' id='word_1_360' title='bbox 782 2166 809 2192; x_wconf 88' lang='lat' dir='ltr'>et</span> <span class='ocrx_word' id='word_1_361' title='bbox 830 2166 989 2200; x_wconf 90' lang='lat' dir='ltr'>sequuntur</span> 
     </span>
    </p>

    <p class='ocr_par' dir='ltr' id='par_1_11' title="bbox 137 2210 742 2247">
     <span class='ocr_line' id='line_1_44' title="bbox 137 2210 742 2247; baseline -0.002 -8"><span class='ocrx_word' id='word_1_362' title='bbox 137 2217 198 2244; x_wconf 87' lang='lat' dir='ltr'>me,</span> <span class='ocrx_word' id='word_1_363' title='bbox 220 2213 248 2239; x_wconf 89' lang='lat' dir='ltr'>et</span> <span class='ocrx_word' id='word_1_364' title='bbox 268 2218 318 2247; x_wconf 91' lang='lat' dir='ltr'>ego</span> <span class='ocrx_word' id='word_1_365' title='bbox 339 2210 424 2238; x_wconf 86' lang='lat' dir='ltr'>vitam</span> <span class='ocrx_word' id='word_1_366' title='bbox 445 2212 586 2238; x_wconf 88' lang='lat' dir='ltr'>aeternam</span> <span class='ocrx_word' id='word_1_367' title='bbox 606 2210 641 2238; x_wconf 90' lang='lat' dir='ltr'>do</span> <span class='ocrx_word' id='word_1_368' title='bbox 662 2210 702 2238; x_wconf 81' lang='lat' dir='ltr'>eis</span> <span class='ocrx_word' id='word_1_369' title='bbox 716 2221 742 2238; x_wconf 86' lang='lat'>».</span> 
     </span>
    </p>

    <p class='ocr_par' dir='ltr' id='par_1_12' title="bbox 220 2256 849 2293">
     <span class='ocr_line' id='line_1_45' title="bbox 220 2256 849 2293; baseline 0.002 -9"><span class='ocrx_word' id='word_1_370' title='bbox 220 2257 264 2285; x_wconf 80' lang='lat'>11.</span> <span class='ocrx_word' id='word_1_371' title='bbox 286 2256 434 2293; x_wconf 77' lang='lat' dir='ltr'>Proprias</span> <span class='ocrx_word' id='word_1_372' title='bbox 455 2264 519 2284; x_wconf 76' lang='lat' dir='ltr'>oves</span> <span class='ocrx_word' id='word_1_373' title='bbox 540 2259 623 2285; x_wconf 83' lang='lat' dir='ltr'>vocat</span> <span class='ocrx_word' id='word_1_374' title='bbox 642 2256 817 2285; x_wconf 68' lang='lat' dir='ltr'>nominatim</span> <span class='ocrx_word' id='word_1_375' title='bbox 829 2257 849 2285; x_wconf 82' lang='lat'>⁷.</span> 
     </span>
    </p>

    <p class='ocr_par' dir='ltr' id='par_1_13' title="bbox 6 2302 990 2575">
     <span class='ocr_line' id='line_1_46' title="bbox 216 2302 989 2341; baseline 0.003 -10"><span class='ocrx_word' id='word_1_376' title='bbox 216 2303 285 2331; x_wconf 87' lang='lat' dir='ltr'>Nota</span> <span class='ocrx_word' id='word_1_377' title='bbox 306 2303 351 2331; x_wconf 88' lang='lat' dir='ltr'>hic</span> <span class='ocrx_word' id='word_1_378' title='bbox 365 2302 418 2331; x_wconf 79' lang='lat' dir='ltr'>tria</span> <span class='ocrx_word' id='word_1_379' title='bbox 432 2302 466 2331; x_wconf 90' lang='lat' dir='ltr'>de</span> <span class='ocrx_word' id='word_1_380' title='bbox 477 2306 598 2340; x_wconf 81' lang='lat' dir='ltr'>pastore</span> <span class='ocrx_word' id='word_1_381' title='bbox 612 2303 692 2332; x_wconf 83' lang='lat' dir='ltr'>bono.</span> <span class='ocrx_word' id='word_1_382' title='bbox 708 2303 813 2338; x_wconf 74' lang='lat' dir='ltr'>Primo,</span> <span class='ocrx_word' id='word_1_383' title='bbox 835 2303 910 2341; x_wconf 91' lang='lat' dir='ltr'>quod</span> <span class='ocrx_word' id='word_1_384' title='bbox 923 2311 989 2333; x_wconf 83' lang='lat' dir='ltr'>oves</span> 
     </span>
     <span class='ocr_line' id='line_1_47' title="bbox 6 2349 990 2387; baseline 0.002 -10"><span class='ocrx_word' id='word_1_385' title='bbox 6 2372 7 2377; x_wconf 70' lang='grc'>,</span> <span class='ocrx_word' id='word_1_386' title='bbox 34 2362 76 2381; x_wconf 60' lang='lat'>311³</span> <span class='ocrx_word' id='word_1_387' title='bbox 87 2363 123 2382; x_wconf 53' lang='grc' dir='ltr'>«ᾗ,</span> <span class='ocrx_word' id='word_1_388' title='bbox 138 2352 224 2378; x_wconf 82' lang='lat' dir='ltr'>vocat</span> <span class='ocrx_word' id='word_1_389' title='bbox 242 2349 432 2383; x_wconf 74' lang='lat' dir='ltr'>nominatim,</span> <span class='ocrx_word' id='word_1_390' title='bbox 448 2357 512 2378; x_wconf 89' lang='lat' dir='ltr'>cum</span> <span class='ocrx_word' id='word_1_391' title='bbox 526 2349 641 2379; x_wconf 91' lang='lat' dir='ltr'>dicitur:</span> <span class='ocrx_word' id='word_1_392' title='bbox 660 2350 807 2387; x_wconf 78' lang='lat' dir='ltr'>Proprias</span> <span class='ocrx_word' id='word_1_393' title='bbox 827 2359 892 2379; x_wconf 82' lang='lat' dir='ltr'>oves</span> <span class='ocrx_word' id='word_1_394' title='bbox 906 2353 990 2379; x_wconf 86' lang='lat' dir='ltr'>vocat</span> 
     </span>
     <span class='ocr_line' id='line_1_48' title="bbox 6 2385 989 2434; baseline 0.003 -11"><span class='ocrx_word' id='word_1_395' title='bbox 6 2385 81 2428; x_wconf 57' lang='lat' dir='ltr'>lssssfl’m</span> <span class='ocrx_word' id='word_1_396' title='bbox 92 2392 124 2411; x_wconf 49' lang='grc' dir='ltr'>ΡΒ·</span> <span class='ocrx_word' id='word_1_397' title='bbox 140 2395 325 2425; x_wconf 75' lang='lat' dir='ltr'>nominatim.</span> <span class='ocrx_word' id='word_1_398' title='bbox 355 2396 493 2431; x_wconf 89' lang='lat' dir='ltr'>Secundo,</span> <span class='ocrx_word' id='word_1_399' title='bbox 523 2396 598 2434; x_wconf 90' lang='lat' dir='ltr'>quod</span> <span class='ocrx_word' id='word_1_400' title='bbox 625 2397 737 2431; x_wconf 81' lang='lat' dir='ltr'>educit,</span> <span class='ocrx_word' id='word_1_401' title='bbox 766 2405 829 2426; x_wconf 91' lang='lat' dir='ltr'>cum</span> <span class='ocrx_word' id='word_1_402' title='bbox 850 2397 989 2426; x_wconf 80' lang='lat' dir='ltr'>dicitur⁸:</span> 
     </span>
     <span class='ocr_line' id='line_1_49' title="bbox 140 2442 988 2481; baseline 0.002 -11"><span class='ocrx_word' id='word_1_403' title='bbox 140 2443 177 2470; x_wconf 79' lang='lat' dir='ltr'>Et</span> <span class='ocrx_word' id='word_1_404' title='bbox 196 2442 300 2471; x_wconf 87' lang='lat' dir='ltr'>educit.</span> <span class='ocrx_word' id='word_1_405' title='bbox 322 2443 430 2477; x_wconf 91' lang='lat' dir='ltr'>Tertio,</span> <span class='ocrx_word' id='word_1_406' title='bbox 452 2443 527 2480; x_wconf 89' lang='lat' dir='ltr'>quod</span> <span class='ocrx_word' id='word_1_407' title='bbox 547 2443 679 2478; x_wconf 81' lang='lat' dir='ltr'>deducit,</span> <span class='ocrx_word' id='word_1_408' title='bbox 701 2451 764 2472; x_wconf 90' lang='lat' dir='ltr'>cum</span> <span class='ocrx_word' id='word_1_409' title='bbox 790 2443 988 2481; x_wconf 89' lang='lat' dir='ltr'>subiungitur:</span> 
     </span>
     <span class='ocr_line' id='line_1_50' title="bbox 141 2489 989 2526; baseline 0.002 -9"><span class='ocrx_word' id='word_1_410' title='bbox 141 2489 257 2517; x_wconf 81' lang='lat' dir='ltr'>Etcum</span> <span class='ocrx_word' id='word_1_411' title='bbox 274 2489 419 2526; x_wconf 83' lang='lat' dir='ltr'>proprias</span> <span class='ocrx_word' id='word_1_412' title='bbox 440 2498 505 2518; x_wconf 80' lang='lat' dir='ltr'>oves</span> <span class='ocrx_word' id='word_1_413' title='bbox 525 2490 666 2523; x_wconf 81' lang='lat' dir='ltr'>emiserit,</span> <span class='ocrx_word' id='word_1_414' title='bbox 688 2493 755 2518; x_wconf 85' lang='lat' dir='ltr'>ante</span> <span class='ocrx_word' id='word_1_415' title='bbox 769 2498 819 2518; x_wconf 84' lang='lat' dir='ltr'>eas</span> <span class='ocrx_word' id='word_1_416' title='bbox 833 2490 923 2519; x_wconf 75' lang='lat' dir='ltr'>vadit.</span> <span class='ocrx_word' id='word_1_417' title='bbox 939 2490 989 2519; x_wconf 88' lang='lat' dir='ltr'>Bo-</span> 
     </span>
     <span class='ocr_line' id='line_1_51' title="bbox 140 2536 989 2575; baseline 0.004 -11"><span class='ocrx_word' id='word_1_418' title='bbox 140 2543 195 2565; x_wconf 88' lang='lat' dir='ltr'>nus</span> <span class='ocrx_word' id='word_1_419' title='bbox 215 2536 288 2565; x_wconf 89' lang='lat' dir='ltr'>enim</span> <span class='ocrx_word' id='word_1_420' title='bbox 308 2539 402 2573; x_wconf 85' lang='lat' dir='ltr'>pastor</span> <span class='ocrx_word' id='word_1_421' title='bbox 423 2536 505 2566; x_wconf 89' lang='lat' dir='ltr'>debet</span> <span class='ocrx_word' id='word_1_422' title='bbox 525 2545 591 2566; x_wconf 88' lang='lat' dir='ltr'>oves</span> <span class='ocrx_word' id='word_1_423' title='bbox 611 2546 717 2566; x_wconf 86' lang='lat' dir='ltr'>vocare</span> <span class='ocrx_word' id='word_1_424' title='bbox 741 2538 826 2567; x_wconf 87' lang='lat' dir='ltr'>verbo</span> <span class='ocrx_word' id='word_1_425' title='bbox 846 2538 989 2575; x_wconf 85' lang='lat' dir='ltr'>praedica-</span> 
     </span>
    </p>
   </div>
   <div class='ocr_carea' id='block_1_9' title="bbox 28 628 124 775">
    <p class='ocr_par' dir='ltr' id='par_1_14' title="bbox 28 628 124 775">
     <span class='ocr_line' id='line_1_52' title="bbox 53 628 124 648; baseline -0.028 0"><span class='ocrx_word' id='word_1_426' title='bbox 53 628 124 648; x_wconf 77' lang='lat' dir='ltr'>Balatu.</span> 
     </span>
     <span class='ocr_line' id='line_1_53' title="bbox 28 722 32 760; baseline 0 0"><span class='ocrx_word' id='word_1_427' title='bbox 28 722 32 760; x_wconf 82' lang='lat' dir='ltr'>i</span> 
     </span>
     <span class='ocr_line' id='line_1_54' title="bbox 30 764 31 775; baseline 0 0"><span class='ocrx_word' id='word_1_428' title='bbox 30 764 31 775; x_wconf 85' lang='lat' dir='ltr'>l</span> 
     </span>
    </p>
   </div>
   <div class='ocr_carea' id='block_1_10' title="bbox 29 819 124 856">
    <p class='ocr_par' dir='ltr' id='par_1_15' title="bbox 29 819 124 856">
     <span class='ocr_line' id='line_1_55' title="bbox 29 819 124 856; baseline -0.021 -16"><span class='ocrx_word' id='word_1_429' title='bbox 29 842 30 856; x_wconf 20' lang='grc' dir='ltr'><strong>χ</strong></span> <span class='ocrx_word' id='word_1_430' title='bbox 43 819 124 840; x_wconf 81' lang='lat' dir='ltr'>Vellere.</span> 
     </span>
    </p>
   </div>
   <div class='ocr_carea' id='block_1_11' title="bbox 59 1194 122 1218">
    <p class='ocr_par' dir='ltr' id='par_1_16' title="bbox 59 1194 122 1218">
     <span class='ocr_line' id='line_1_56' title="bbox 59 1194 122 1218; baseline -0.016 -5"><span class='ocrx_word' id='word_1_431' title='bbox 59 1194 122 1218; x_wconf 76' lang='lat' dir='ltr'>Signo.</span> 
     </span>
    </p>
   </div>
   <div class='ocr_carea' id='block_1_12' title="bbox 18 803 32 1540">
    <p class='ocr_par' dir='ltr' id='par_1_17' title="bbox 18 803 32 1540">
     <span class='ocr_line' id='line_1_57' title="bbox 18 803 32 1540; baseline 0 0"><span class='ocrx_word' id='word_1_432' title='bbox 18 803 32 1540; x_wconf 95' lang='lat' dir='ltr'> </span> 
     </span>
    </p>
   </div>
   <div class='ocr_carea' id='block_1_13' title="bbox 142 2719 988 2947">
    <p class='ocr_par' dir='ltr' id='par_1_18' title="bbox 142 2719 988 2947">
     <span class='ocr_line' id='line_1_58' title="bbox 142 2719 314 2747; baseline 0.006 -6"><span class='ocrx_word' id='word_1_433' title='bbox 142 2719 220 2742; x_wconf 80' lang='lat' dir='ltr'>Matth.</span> <span class='ocrx_word' id='word_1_434' title='bbox 236 2720 259 2747; x_wconf 90' lang='lat'>7,</span> <span class='ocrx_word' id='word_1_435' title='bbox 276 2720 314 2742; x_wconf 79' lang='lat'>23.</span> 
     </span>
     <span class='ocr_line' id='line_1_59' title="bbox 204 2757 864 2790; baseline 0.005 -9"><span class='ocrx_word' id='word_1_436' title='bbox 204 2757 213 2771; x_wconf 78' lang='lat'><strong>²</strong></span> <span class='ocrx_word' id='word_1_437' title='bbox 231 2759 314 2781; x_wconf 81' lang='lat' dir='ltr'>Psalm.</span> <span class='ocrx_word' id='word_1_438' title='bbox 331 2759 372 2788; x_wconf 83' lang='lat'>99,</span> <span class='ocrx_word' id='word_1_439' title='bbox 390 2759 412 2781; x_wconf 89' lang='grc'>3.</span> <span class='ocrx_word' id='word_1_440' title='bbox 429 2761 451 2781; x_wconf 89' lang='lat' dir='ltr'>ct</span> <span class='ocrx_word' id='word_1_441' title='bbox 468 2759 491 2782; x_wconf 78' lang='lat'>4.</span> <span class='ocrx_word' id='word_1_442' title='bbox 507 2772 538 2777; x_wconf 91' lang='lat'>—</span> <span class='ocrx_word' id='word_1_443' title='bbox 555 2760 663 2789; x_wconf 86' lang='lat' dir='ltr'>Sequitur</span> <span class='ocrx_word' id='word_1_444' title='bbox 679 2760 764 2784; x_wconf 89' lang='lat' dir='ltr'>Cantic.</span> <span class='ocrx_word' id='word_1_445' title='bbox 783 2762 809 2790; x_wconf 82' lang='lat'>2,</span> <span class='ocrx_word' id='word_1_446' title='bbox 828 2762 864 2784; x_wconf 76' lang='grc'>14.</span> 
     </span>
     <span class='ocr_line' id='line_1_60' title="bbox 204 2795 847 2829; baseline 0.006 -10"><span class='ocrx_word' id='word_1_447' title='bbox 204 2795 214 2809; x_wconf 72' lang='lat'><strong>²</strong></span> <span class='ocrx_word' id='word_1_448' title='bbox 232 2798 299 2820; x_wconf 88' lang='lat' dir='ltr'>Vers.</span> <span class='ocrx_word' id='word_1_449' title='bbox 315 2798 354 2820; x_wconf 83' lang='lat'>39.</span> <span class='ocrx_word' id='word_1_450' title='bbox 369 2809 402 2814; x_wconf 91' lang='lat'>—</span> <span class='ocrx_word' id='word_1_451' title='bbox 417 2797 523 2821; x_wconf 86' lang='lat' dir='ltr'>Subinde</span> <span class='ocrx_word' id='word_1_452' title='bbox 539 2799 652 2827; x_wconf 81' lang='lat' dir='ltr'>allegatur</span> <span class='ocrx_word' id='word_1_453' title='bbox 668 2800 736 2822; x_wconf 87' lang='lat' dir='ltr'>Prov.</span> <span class='ocrx_word' id='word_1_454' title='bbox 754 2800 791 2829; x_wconf 79' lang='lat'>27,</span> <span class='ocrx_word' id='word_1_455' title='bbox 809 2801 847 2823; x_wconf 77' lang='lat'>26.</span> 
     </span>
     <span class='ocr_line' id='line_1_61' title="bbox 204 2836 335 2860; baseline 0 -1"><span class='ocrx_word' id='word_1_456' title='bbox 204 2836 215 2849; x_wconf 70' lang='lat'><strong>⁴</strong></span> <span class='ocrx_word' id='word_1_457' title='bbox 232 2837 297 2860; x_wconf 81' lang='lat' dir='ltr'>Vers.</span> <span class='ocrx_word' id='word_1_458' title='bbox 314 2838 335 2859; x_wconf 86' lang='grc'>6.</span> 
     </span>
     <span class='ocr_line' id='line_1_62' title="bbox 204 2874 734 2906; baseline 0.004 -7"><span class='ocrx_word' id='word_1_459' title='bbox 204 2874 215 2888; x_wconf 81' lang='lat'><strong>⁶</strong></span> <span class='ocrx_word' id='word_1_460' title='bbox 231 2876 297 2899; x_wconf 88' lang='lat' dir='ltr'>Vers.</span> <span class='ocrx_word' id='word_1_461' title='bbox 316 2876 353 2899; x_wconf 73' lang='lat'>44.</span> <span class='ocrx_word' id='word_1_462' title='bbox 370 2889 401 2894; x_wconf 89' lang='lat'>—</span> <span class='ocrx_word' id='word_1_463' title='bbox 418 2877 527 2906; x_wconf 86' lang='lat' dir='ltr'>Sequitur</span> <span class='ocrx_word' id='word_1_464' title='bbox 540 2877 558 2899; x_wconf 78' lang='lat' dir='ltr'>l.</span> <span class='ocrx_word' id='word_1_465' title='bbox 575 2878 634 2900; x_wconf 85' lang='lat' dir='ltr'>Petr.</span> <span class='ocrx_word' id='word_1_466' title='bbox 652 2879 679 2905; x_wconf 75' lang='lat'>2,</span> <span class='ocrx_word' id='word_1_467' title='bbox 696 2878 734 2901; x_wconf 76' lang='lat'>25.</span> 
     </span>
     <span class='ocr_line' id='line_1_63' title="bbox 205 2913 988 2947; baseline 0.005 -10"><span class='ocrx_word' id='word_1_468' title='bbox 205 2913 216 2927; x_wconf 80' lang='lat'>⁶</span> <span class='ocrx_word' id='word_1_469' title='bbox 233 2915 298 2938; x_wconf 81' lang='lat' dir='ltr'>Vei-s.</span> <span class='ocrx_word' id='word_1_470' title='bbox 311 2915 353 2944; x_wconf 75' lang='lat'>27,</span> <span class='ocrx_word' id='word_1_471' title='bbox 366 2915 423 2938; x_wconf 89' lang='lat' dir='ltr'>ibid.</span> <span class='ocrx_word' id='word_1_472' title='bbox 434 2922 458 2938; x_wconf 92' lang='lat' dir='ltr'>v.</span> <span class='ocrx_word' id='word_1_473' title='bbox 471 2915 491 2938; x_wconf 81' lang='lat'>4.</span> <span class='ocrx_word' id='word_1_474' title='bbox 504 2918 527 2938; x_wconf 88' lang='lat' dir='ltr'>et</span> <span class='ocrx_word' id='word_1_475' title='bbox 538 2922 562 2939; x_wconf 89' lang='lat' dir='ltr'>v.</span> <span class='ocrx_word' id='word_1_476' title='bbox 574 2916 612 2939; x_wconf 81' lang='lat'>27.</span> <span class='ocrx_word' id='word_1_477' title='bbox 624 2917 662 2940; x_wconf 82' lang='lat'>28.</span> <span class='ocrx_word' id='word_1_478' title='bbox 674 2916 788 2940; x_wconf 79' lang='lat' dir='ltr'>habentur</span> <span class='ocrx_word' id='word_1_479' title='bbox 800 2918 847 2941; x_wconf 90' lang='lat' dir='ltr'>duo</span> <span class='ocrx_word' id='word_1_480' title='bbox 859 2924 925 2947; x_wconf 86' lang='lat' dir='ltr'>seqq.</span> <span class='ocrx_word' id='word_1_481' title='bbox 937 2918 988 2941; x_wconf 89' lang='lat' dir='ltr'>loci.</span> 
     </span>
    </p>
   </div>
   <div class='ocr_carea' id='block_1_14' title="bbox 0 2541 991 2977">
    <p class='ocr_par' dir='ltr' id='par_1_19' title="bbox 0 2541 991 2956">
     <span class='ocr_line' id='line_1_64' title="bbox 4 2541 5 2561; baseline 0 0"><span class='ocrx_word' id='word_1_482' title='bbox 4 2541 5 2561; x_wconf 83' lang='lat' dir='ltr'>l</span> 
     </span>
     <span class='ocr_line' id='line_1_65' title="bbox 4 2566 5 2584; baseline 0 0"><span class='ocrx_word' id='word_1_483' title='bbox 4 2566 5 2584; x_wconf 79' lang='lat' dir='ltr'>l</span> 
     </span>
     <span class='ocr_line' id='line_1_66' title="bbox 3 2600 5 2625; baseline 0 0"><span class='ocrx_word' id='word_1_484' title='bbox 3 2600 5 2625; x_wconf 81' lang='lat' dir='ltr'>l</span> 
     </span>
     <span class='ocr_line' id='line_1_67' title="bbox 0 2647 4 2662; baseline 0 0"><span class='ocrx_word' id='word_1_485' title='bbox 0 2647 4 2662; x_wconf 76' lang='lat' dir='ltr'>l</span> 
     </span>
     <span class='ocr_line' id='line_1_68' title="bbox 205 2680 991 2712; baseline 0.004 -8.173"><span class='ocrx_word' id='word_1_486' title='bbox 205 2680 213 2694; x_wconf 89' lang='lat'>¹</span> <span class='ocrx_word' id='word_1_487' title='bbox 232 2682 297 2704; x_wconf 89' lang='lat' dir='ltr'>Vers.</span> <span class='ocrx_word' id='word_1_488' title='bbox 320 2682 357 2704; x_wconf 76' lang='lat'>23.</span> <span class='ocrx_word' id='word_1_489' title='bbox 378 2693 409 2698; x_wconf 94' lang='lat'><strong>—</strong></span> <span class='ocrx_word' id='word_1_490' title='bbox 430 2682 481 2705; x_wconf 90' lang='lat' dir='ltr'>Duo</span> <span class='ocrx_word' id='word_1_491' title='bbox 506 2688 572 2712; x_wconf 83' lang='lat' dir='ltr'>seqq.</span> <span class='ocrx_word' id='word_1_492' title='bbox 595 2682 640 2705; x_wconf 85' lang='lat' dir='ltr'>loci</span> <span class='ocrx_word' id='word_1_493' title='bbox 664 2686 718 2706; x_wconf 85' lang='lat' dir='ltr'>sunt</span> <span class='ocrx_word' id='word_1_494' title='bbox 741 2683 828 2707; x_wconf 86' lang='lat' dir='ltr'>Cantic.</span> <span class='ocrx_word' id='word_1_495' title='bbox 853 2685 880 2712; x_wconf 77' lang='lat'>2,</span> <span class='ocrx_word' id='word_1_496' title='bbox 906 2684 944 2707; x_wconf 75' lang='lat'>¹14.</span> <span class='ocrx_word' id='word_1_497' title='bbox 968 2687 991 2707; x_wconf 89' lang='lat' dir='ltr'>et</span> 
     </span>
    </p>

    <p class='ocr_par' dir='ltr' id='par_1_20' title="bbox 204 2952 338 2977">
     <span class='ocr_line' id='line_1_69' title="bbox 204 2952 338 2977; baseline 0.007 -1"><span class='ocrx_word' id='word_1_498' title='bbox 204 2952 214 2965; x_wconf 88' lang='lat'>⁷</span> <span class='ocrx_word' id='word_1_499' title='bbox 232 2954 298 2977; x_wconf 83' lang='lat' dir='ltr'>Vers.</span> <span class='ocrx_word' id='word_1_500' title='bbox 315 2955 338 2977; x_wconf 88' lang='lat'>3.</span> 
     </span>
    </p>
   </div>
   <div class='ocr_carea' id='block_1_15' title="bbox 1015 604 1021 2498">
    <p class='ocr_par' dir='ltr' id='par_1_21' title="bbox 1015 604 1021 2498">
     <span class='ocr_line' id='line_1_70' title="bbox 1015 604 1021 2498; baseline 0 0"><span class='ocrx_word' id='word_1_501' title='bbox 1015 604 1021 2498; x_wconf 95' lang='lat' dir='ltr'> </span> 
     </span>
    </p>
   </div>
   <div class='ocr_carea' id='block_1_16' title="bbox 1015 2848 1019 2986">
    <p class='ocr_par' dir='ltr' id='par_1_22' title="bbox 1015 2848 1019 2986">
     <span class='ocr_line' id='line_1_71' title="bbox 1015 2848 1019 2986; baseline 0 330"><span class='ocrx_word' id='word_1_502' title='bbox 1015 2848 1019 2986; x_wconf 95' lang='lat' dir='ltr'> </span> 
     </span>
    </p>
   </div>
   <div class='ocr_carea' id='block_1_17' title="bbox 1841 170 1897 200">
    <p class='ocr_par' dir='ltr' id='par_1_23' title="bbox 1841 170 1897 200">
     <span class='ocr_line' id='line_1_72' title="bbox 1841 170 1897 200; baseline 0.018 -1"><span class='ocrx_word' id='word_1_503' title='bbox 1841 170 1897 200; x_wconf 82' lang='lat'>583</span> 
     </span>
    </p>
   </div>
   <div class='ocr_carea' id='block_1_18' title="bbox 1047 245 1899 833">
    <p class='ocr_par' dir='ltr' id='par_1_24' title="bbox 1049 245 1899 329">
     <span class='ocr_line' id='line_1_73' title="bbox 1050 245 1899 277; baseline 0.005 -4"><span class='ocrx_word' id='word_1_504' title='bbox 1050 245 1132 274; x_wconf 89' lang='lat' dir='ltr'>tionis</span> <span class='ocrx_word' id='word_1_505' title='bbox 1159 248 1187 274; x_wconf 84' lang='lat' dir='ltr'>et</span> <span class='ocrx_word' id='word_1_506' title='bbox 1206 245 1325 274; x_wconf 81' lang='lat' dir='ltr'>educere</span> <span class='ocrx_word' id='word_1_507' title='bbox 1350 246 1527 275; x_wconf 85' lang='lat' dir='ltr'>Sacramento</span> <span class='ocrx_word' id='word_1_508' title='bbox 1554 247 1732 276; x_wconf 87' lang='lat' dir='ltr'>confessionis</span> <span class='ocrx_word' id='word_1_509' title='bbox 1756 251 1783 276; x_wconf 91' lang='lat' dir='ltr'>et</span> <span class='ocrx_word' id='word_1_510' title='bbox 1810 248 1899 277; x_wconf 83' lang='lat' dir='ltr'>dedu-</span> 
     </span>
     <span class='ocr_line' id='line_1_74' title="bbox 1049 292 1636 329; baseline 0.003 -9"><span class='ocrx_word' id='word_1_511' title='bbox 1049 300 1112 321; x_wconf 87' lang='lat' dir='ltr'>cere</span> <span class='ocrx_word' id='word_1_512' title='bbox 1131 292 1260 329; x_wconf 85' lang='lat' dir='ltr'>exemplo</span> <span class='ocrx_word' id='word_1_513' title='bbox 1281 296 1391 322; x_wconf 84' lang='lat' dir='ltr'>sanctae</span> <span class='ocrx_word' id='word_1_514' title='bbox 1412 294 1636 323; x_wconf 87' lang='lat' dir='ltr'>conversationis.</span> 
     </span>
    </p>

    <p class='ocr_par' dir='ltr' id='par_1_25' title="bbox 1047 339 1899 833">
     <span class='ocr_line' id='line_1_75' title="bbox 1131 339 1898 370; baseline 0.004 -3"><span class='ocrx_word' id='word_1_515' title='bbox 1131 339 1175 367; x_wconf 69' lang='lat'>12.</span> <span class='ocrx_word' id='word_1_516' title='bbox 1197 339 1265 367; x_wconf 88' lang='lat' dir='ltr'>Nota</span> <span class='ocrx_word' id='word_1_517' title='bbox 1278 339 1359 367; x_wconf 82' lang='lat' dir='ltr'>iuxta</span> <span class='ocrx_word' id='word_1_518' title='bbox 1380 339 1432 368; x_wconf 89' lang='lat' dir='ltr'>hoc</span> <span class='ocrx_word' id='word_1_519' title='bbox 1447 340 1500 368; x_wconf 91' lang='lat' dir='ltr'>tria</span> <span class='ocrx_word' id='word_1_520' title='bbox 1514 340 1547 368; x_wconf 91' lang='lat' dir='ltr'>de</span> <span class='ocrx_word' id='word_1_521' title='bbox 1563 340 1638 369; x_wconf 76' lang='lat' dir='ltr'>bona</span> <span class='ocrx_word' id='word_1_522' title='bbox 1652 349 1709 369; x_wconf 79' lang='lat' dir='ltr'>ove.</span> <span class='ocrx_word' id='word_1_523' title='bbox 1725 340 1812 369; x_wconf 85' lang='lat' dir='ltr'>Debet</span> <span class='ocrx_word' id='word_1_524' title='bbox 1825 341 1898 370; x_wconf 88' lang='lat' dir='ltr'>enim</span> 
     </span>
     <span class='ocr_line' id='line_1_76' title="bbox 1048 384 1898 423; baseline 0.004 -10"><span class='ocrx_word' id='word_1_525' title='bbox 1048 385 1108 414; x_wconf 88' lang='lat' dir='ltr'>ovis</span> <span class='ocrx_word' id='word_1_526' title='bbox 1135 393 1195 414; x_wconf 87' lang='lat' dir='ltr'>esse</span> <span class='ocrx_word' id='word_1_527' title='bbox 1222 384 1359 420; x_wconf 75' lang='lat' dir='ltr'>humitis,</span> <span class='ocrx_word' id='word_1_528' title='bbox 1388 389 1420 414; x_wconf 94' lang='lat' dir='ltr'>ut</span> <span class='ocrx_word' id='word_1_529' title='bbox 1447 387 1549 423; x_wconf 84' lang='lat' dir='ltr'>pastori</span> <span class='ocrx_word' id='word_1_530' title='bbox 1577 386 1704 422; x_wconf 82' lang='lat' dir='ltr'>obediat;</span> <span class='ocrx_word' id='word_1_531' title='bbox 1732 387 1814 416; x_wconf 89' lang='lat' dir='ltr'>debet</span> <span class='ocrx_word' id='word_1_532' title='bbox 1839 395 1898 416; x_wconf 89' lang='lat' dir='ltr'>esse</span> 
     </span>
     <span class='ocr_line' id='line_1_77' title="bbox 1048 431 1899 471; baseline 0.002 -11"><span class='ocrx_word' id='word_1_533' title='bbox 1048 431 1145 465; x_wconf 77' lang='lat' dir='ltr'>mitis,</span> <span class='ocrx_word' id='word_1_534' title='bbox 1173 439 1208 460; x_wconf 92' lang='lat' dir='ltr'>ne</span> <span class='ocrx_word' id='word_1_535' title='bbox 1234 440 1347 469; x_wconf 86' lang='lat' dir='ltr'>gregem</span> <span class='ocrx_word' id='word_1_536' title='bbox 1368 432 1507 466; x_wconf 80' lang='lat' dir='ltr'>offendat;</span> <span class='ocrx_word' id='word_1_537' title='bbox 1535 432 1617 461; x_wconf 87' lang='lat' dir='ltr'>debet</span> <span class='ocrx_word' id='word_1_538' title='bbox 1637 441 1697 462; x_wconf 90' lang='lat' dir='ltr'>esse</span> <span class='ocrx_word' id='word_1_539' title='bbox 1717 432 1844 471; x_wconf 84' lang='lat' dir='ltr'>foetosa,</span> <span class='ocrx_word' id='word_1_540' title='bbox 1866 436 1899 462; x_wconf 93' lang='lat' dir='ltr'>ut</span> 
     </span>
     <span class='ocr_line' id='line_1_78' title="bbox 1048 477 1898 516; baseline 0.005 -11"><span class='ocrx_word' id='word_1_541' title='bbox 1048 477 1239 514; x_wconf 83' lang='lat' dir='ltr'>patrifamilias</span> <span class='ocrx_word' id='word_1_542' title='bbox 1259 478 1383 507; x_wconf 79' lang='lat' dir='ltr'>fructum</span> <span class='ocrx_word' id='word_1_543' title='bbox 1404 478 1508 507; x_wconf 80' lang='lat' dir='ltr'>afferat.</span> <span class='ocrx_word' id='word_1_544' title='bbox 1527 495 1567 500; x_wconf 79' lang='lat'>—</span> <span class='ocrx_word' id='word_1_545' title='bbox 1580 479 1667 508; x_wconf 85' lang='lat' dir='ltr'>Debet</span> <span class='ocrx_word' id='word_1_546' title='bbox 1680 487 1747 516; x_wconf 87' lang='lat' dir='ltr'>ergo</span> <span class='ocrx_word' id='word_1_547' title='bbox 1767 487 1830 509; x_wconf 90' lang='lat' dir='ltr'>esse</span> <span class='ocrx_word' id='word_1_548' title='bbox 1844 479 1898 508; x_wconf 79' lang='lat' dir='ltr'>ltu-</span> 
     </span>
     <span class='ocr_line' id='line_1_79' title="bbox 1048 524 1898 561; baseline 0.005 -9"><span class='ocrx_word' id='word_1_549' title='bbox 1048 524 1127 552; x_wconf 79' lang='lat' dir='ltr'>milis</span> <span class='ocrx_word' id='word_1_550' title='bbox 1141 532 1191 561; x_wconf 86' lang='lat' dir='ltr'>per</span> <span class='ocrx_word' id='word_1_551' title='bbox 1212 524 1411 559; x_wconf 87' lang='lat' dir='ltr'>obedientiam;</span> <span class='ocrx_word' id='word_1_552' title='bbox 1437 525 1511 554; x_wconf 91' lang='lat' dir='ltr'>unde</span> <span class='ocrx_word' id='word_1_553' title='bbox 1534 525 1563 554; x_wconf 92' lang='lat' dir='ltr'>in</span> <span class='ocrx_word' id='word_1_554' title='bbox 1587 526 1728 555; x_wconf 79' lang='lat' dir='ltr'>Psalm0⁹:</span> <span class='ocrx_word' id='word_1_555' title='bbox 1755 527 1898 556; x_wconf 82' lang='lat' dir='ltr'>«Deducis</span> 
     </span>
     <span class='ocr_line' id='line_1_80' title="bbox 1049 571 1898 608; baseline 0.004 -9"><span class='ocrx_word' id='word_1_556' title='bbox 1049 571 1125 599; x_wconf 85' lang='lat' dir='ltr'>velut</span> <span class='ocrx_word' id='word_1_557' title='bbox 1145 579 1225 600; x_wconf 88' lang='lat' dir='ltr'>ovem</span> <span class='ocrx_word' id='word_1_558' title='bbox 1246 571 1342 608; x_wconf 88' lang='lat' dir='ltr'>loseph</span> <span class='ocrx_word' id='word_1_559' title='bbox 1358 583 1389 606; x_wconf 86' lang='lat'>»;</span> <span class='ocrx_word' id='word_1_560' title='bbox 1412 572 1489 601; x_wconf 83' lang='lat' dir='ltr'>velut</span> <span class='ocrx_word' id='word_1_561' title='bbox 1509 573 1569 601; x_wconf 91' lang='lat' dir='ltr'>ovis</span> <span class='ocrx_word' id='word_1_562' title='bbox 1589 572 1670 602; x_wconf 90' lang='lat' dir='ltr'>debet</span> <span class='ocrx_word' id='word_1_563' title='bbox 1691 581 1752 602; x_wconf 89' lang='lat' dir='ltr'>esse</span> <span class='ocrx_word' id='word_1_564' title='bbox 1769 573 1898 603; x_wconf 85' lang='lat' dir='ltr'>ducibilis</span> 
     </span>
     <span class='ocr_line' id='line_1_81' title="bbox 1048 617 1898 658; baseline 0.005 -13"><span class='ocrx_word' id='word_1_565' title='bbox 1048 617 1145 654; x_wconf 87' lang='lat' dir='ltr'>loseph</span> <span class='ocrx_word' id='word_1_566' title='bbox 1158 628 1164 645; x_wconf 89' lang='lat'><strong>:</strong></span> <span class='ocrx_word' id='word_1_567' title='bbox 1179 617 1327 654; x_wconf 86' lang='lat' dir='ltr'>aliquando</span> <span class='ocrx_word' id='word_1_568' title='bbox 1341 618 1429 656; x_wconf 66' lang='lat' dir='ltr'>virqa</span> <span class='ocrx_word' id='word_1_569' title='bbox 1443 619 1641 656; x_wconf 87' lang='lat' dir='ltr'>correptionis,</span> <span class='ocrx_word' id='word_1_570' title='bbox 1656 620 1804 657; x_wconf 84' lang='lat' dir='ltr'>aliquando</span> <span class='ocrx_word' id='word_1_571' title='bbox 1819 629 1898 658; x_wconf 76' lang='lat' dir='ltr'>pauc</span> 
     </span>
     <span class='ocr_line' id='line_1_82' title="bbox 1047 664 1898 702; baseline 0.005 -10"><span class='ocrx_word' id='word_1_572' title='bbox 1047 664 1256 698; x_wconf 81' lang='lat' dir='ltr'>consolationis,</span> <span class='ocrx_word' id='word_1_573' title='bbox 1284 665 1433 702; x_wconf 90' lang='lat' dir='ltr'>aliquando</span> <span class='ocrx_word' id='word_1_574' title='bbox 1460 674 1532 694; x_wconf 80' lang='lat' dir='ltr'>caue</span> <span class='ocrx_word' id='word_1_575' title='bbox 1561 666 1726 695; x_wconf 79' lang='lat' dir='ltr'>tentationis.</span> <span class='ocrx_word' id='word_1_576' title='bbox 1752 683 1789 689; x_wconf 93' lang='lat'>--</span> <span class='ocrx_word' id='word_1_577' title='bbox 1810 667 1898 696; x_wconf 88' lang='lat' dir='ltr'>Debet</span> 
     </span>
     <span class='ocr_line' id='line_1_83' title="bbox 1047 711 1897 748; baseline 0.006 -10"><span class='ocrx_word' id='word_1_578' title='bbox 1047 718 1107 739; x_wconf 87' lang='lat' dir='ltr'>esse</span> <span class='ocrx_word' id='word_1_579' title='bbox 1127 711 1208 739; x_wconf 81' lang='lat' dir='ltr'>mitis</span> <span class='ocrx_word' id='word_1_580' title='bbox 1228 719 1278 748; x_wconf 85' lang='lat' dir='ltr'>per</span> <span class='ocrx_word' id='word_1_581' title='bbox 1302 711 1503 746; x_wconf 86' lang='lat' dir='ltr'>innocentiam,</span> <span class='ocrx_word' id='word_1_582' title='bbox 1525 712 1605 741; x_wconf 81' lang='lat' dir='ltr'>iuxta</span> <span class='ocrx_word' id='word_1_583' title='bbox 1624 713 1693 741; x_wconf 91' lang='lat' dir='ltr'>illud</span> <span class='ocrx_word' id='word_1_584' title='bbox 1712 714 1825 743; x_wconf 89' lang='lat' dir='ltr'>secundi</span> <span class='ocrx_word' id='word_1_585' title='bbox 1847 715 1897 743; x_wconf 85' lang='lat' dir='ltr'>Re-</span> 
     </span>
     <span class='ocr_line' id='line_1_84' title="bbox 1047 757 1897 797; baseline 0.005 -12"><span class='ocrx_word' id='word_1_586' title='bbox 1047 765 1114 794; x_wconf 87' lang='lat' dir='ltr'>gum</span> <span class='ocrx_word' id='word_1_587' title='bbox 1129 757 1227 786; x_wconf 90' lang='lat' dir='ltr'>ultimo</span> <span class='ocrx_word' id='word_1_588' title='bbox 1240 758 1278 786; x_wconf 89' lang='lat'>¹⁰:</span> <span class='ocrx_word' id='word_1_589' title='bbox 1306 769 1319 783; x_wconf 71' lang='lat'>&lt;1</span> <span class='ocrx_word' id='word_1_590' title='bbox 1334 758 1379 787; x_wconf 90' lang='lat' dir='ltr'>Isti</span> <span class='ocrx_word' id='word_1_591' title='bbox 1394 759 1442 796; x_wconf 93' lang='lat' dir='ltr'>qui</span> <span class='ocrx_word' id='word_1_592' title='bbox 1456 767 1522 788; x_wconf 87' lang='lat' dir='ltr'>oves</span> <span class='ocrx_word' id='word_1_593' title='bbox 1543 763 1624 794; x_wconf 86' lang='lat' dir='ltr'>sunt,</span> <span class='ocrx_word' id='word_1_594' title='bbox 1646 760 1713 797; x_wconf 90' lang='lat' dir='ltr'>quid</span> <span class='ocrx_word' id='word_1_595' title='bbox 1727 760 1853 790; x_wconf 87' lang='lat' dir='ltr'>fecerunt</span> <span class='ocrx_word' id='word_1_596' title='bbox 1864 764 1897 789; x_wconf 67' lang='grc'>»2)</span> 
     </span>
     <span class='ocr_line' id='line_1_85' title="bbox 1047 804 1225 833; baseline 0 0"><span class='ocrx_word' id='word_1_597' title='bbox 1047 804 1123 833; x_wconf 82' lang='lat' dir='ltr'>Unde</span> <span class='ocrx_word' id='word_1_598' title='bbox 1144 805 1225 833; x_wconf 88' lang='lat' dir='ltr'>illud:</span> 
     </span>
    </p>
   </div>
   <div class='ocr_carea' id='block_1_19' title="bbox 1914 348 2044 392">
    <p class='ocr_par' dir='ltr' id='par_1_26' title="bbox 1914 348 2044 392">
     <span class='ocr_line' id='line_1_86' title="bbox 1914 348 2044 370; baseline 0.008 -3"><span class='ocrx_word' id='word_1_599' title='bbox 1914 348 1967 370; x_wconf 84' lang='lat' dir='ltr'>Item,</span> <span class='ocrx_word' id='word_1_600' title='bbox 1977 349 2001 367; x_wconf 81' lang='lat' dir='ltr'>de</span> <span class='ocrx_word' id='word_1_601' title='bbox 2010 349 2044 368; x_wconf 81' lang='lat' dir='ltr'>bo·</span> 
     </span>
     <span class='ocr_line' id='line_1_87' title="bbox 1931 377 2016 392; baseline 0.012 -2"><span class='ocrx_word' id='word_1_602' title='bbox 1931 377 1956 391; x_wconf 74' lang='lat' dir='ltr'>na</span> <span class='ocrx_word' id='word_1_603' title='bbox 1975 377 2016 392; x_wconf 70' lang='lat' dir='ltr'>ove.</span> 
     </span>
    </p>
   </div>
   <div class='ocr_carea' id='block_1_20' title="bbox 1111 882 1818 914">
    <p class='ocr_par' dir='ltr' id='par_1_27' title="bbox 1111 882 1818 914">
     <span class='ocr_line' id='line_1_88' title="bbox 1111 882 1818 914; baseline 0.006 -10"><span class='ocrx_word' id='word_1_604' title='bbox 1111 882 1175 910; x_wconf 83' lang='lat' dir='ltr'>Quae</span> <span class='ocrx_word' id='word_1_605' title='bbox 1193 883 1321 911; x_wconf 85' lang='lat' dir='ltr'>meruistis,</span> <span class='ocrx_word' id='word_1_606' title='bbox 1338 889 1405 912; x_wconf 82' lang='lat' dir='ltr'>oves,</span> <span class='ocrx_word' id='word_1_607' title='bbox 1423 884 1508 907; x_wconf 78' lang='lat' dir='ltr'>animal</span> <span class='ocrx_word' id='word_1_608' title='bbox 1525 884 1573 907; x_wconf 85' lang='lat' dir='ltr'>sinc</span> <span class='ocrx_word' id='word_1_609' title='bbox 1591 884 1672 907; x_wconf 77' lang='lat' dir='ltr'>fraude</span> <span class='ocrx_word' id='word_1_610' title='bbox 1689 885 1818 914; x_wconf 80' lang='lat' dir='ltr'>dolisque?</span> 
     </span>
    </p>
   </div>
   <div class='ocr_carea' id='block_1_21' title="bbox 1046 944 1897 1161">
    <p class='ocr_par' dir='ltr' id='par_1_28' title="bbox 1046 944 1897 1161">
     <span class='ocr_line' id='line_1_89' title="bbox 1047 944 1897 984; baseline 0.005 -11"><span class='ocrx_word' id='word_1_611' title='bbox 1047 944 1133 973; x_wconf 89' lang='lat' dir='ltr'>Debet</span> <span class='ocrx_word' id='word_1_612' title='bbox 1161 952 1221 974; x_wconf 91' lang='lat' dir='ltr'>esse</span> <span class='ocrx_word' id='word_1_613' title='bbox 1245 944 1357 982; x_wconf 75' lang='lat' dir='ltr'>foetosa</span> <span class='ocrx_word' id='word_1_614' title='bbox 1378 954 1427 983; x_wconf 84' lang='lat' dir='ltr'>per</span> <span class='ocrx_word' id='word_1_615' title='bbox 1452 946 1591 976; x_wconf 89' lang='lat' dir='ltr'>bonorum</span> <span class='ocrx_word' id='word_1_616' title='bbox 1612 955 1728 984; x_wconf 89' lang='lat' dir='ltr'>operum</span> <span class='ocrx_word' id='word_1_617' title='bbox 1753 947 1897 977; x_wconf 86' lang='lat' dir='ltr'>abundan-</span> 
     </span>
     <span class='ocr_line' id='line_1_90' title="bbox 1047 991 1895 1029; baseline 0.006 -10"><span class='ocrx_word' id='word_1_618' title='bbox 1047 991 1129 1025; x_wconf 85' lang='lat' dir='ltr'>tiam,</span> <span class='ocrx_word' id='word_1_619' title='bbox 1151 991 1232 1020; x_wconf 83' lang='lat' dir='ltr'>iuxta</span> <span class='ocrx_word' id='word_1_620' title='bbox 1252 992 1321 1021; x_wconf 89' lang='lat' dir='ltr'>illud</span> <span class='ocrx_word' id='word_1_621' title='bbox 1342 993 1440 1022; x_wconf 84' lang='lat' dir='ltr'>Psalmi</span> <span class='ocrx_word' id='word_1_622' title='bbox 1453 995 1493 1022; x_wconf 89' lang='lat'>¹¹:</span> <span class='ocrx_word' id='word_1_623' title='bbox 1519 1005 1533 1019; x_wconf 89' lang='lat'>«</span> <span class='ocrx_word' id='word_1_624' title='bbox 1548 993 1620 1022; x_wconf 84' lang='lat' dir='ltr'>Oves</span> <span class='ocrx_word' id='word_1_625' title='bbox 1640 1002 1737 1023; x_wconf 86' lang='lat' dir='ltr'>eorum</span> <span class='ocrx_word' id='word_1_626' title='bbox 1762 994 1895 1029; x_wconf 81' lang='lat' dir='ltr'>foetosae,</span> 
     </span>
     <span class='ocr_line' id='line_1_91' title="bbox 1046 1038 1894 1077; baseline 0.006 -11"><span class='ocrx_word' id='word_1_627' title='bbox 1046 1038 1219 1067; x_wconf 82' lang='lat' dir='ltr'>abundantes</span> <span class='ocrx_word' id='word_1_628' title='bbox 1254 1039 1281 1067; x_wconf 91' lang='lat' dir='ltr'>in</span> <span class='ocrx_word' id='word_1_629' title='bbox 1317 1040 1475 1077; x_wconf 85' lang='lat' dir='ltr'>egressibus</span> <span class='ocrx_word' id='word_1_630' title='bbox 1506 1041 1564 1069; x_wconf 90' lang='lat' dir='ltr'>suis</span> <span class='ocrx_word' id='word_1_631' title='bbox 1588 1051 1622 1075; x_wconf 78' lang='lat'>»3</span> <span class='ocrx_word' id='word_1_632' title='bbox 1657 1045 1684 1070; x_wconf 88' lang='lat' dir='ltr'>et</span> <span class='ocrx_word' id='word_1_633' title='bbox 1718 1041 1894 1071; x_wconf 83' lang='lat' dir='ltr'>Canticorum</span> 
     </span>
     <span class='ocr_line' id='line_1_92' title="bbox 1046 1085 1896 1124; baseline 0.006 -11"><span class='ocrx_word' id='word_1_634' title='bbox 1046 1088 1163 1122; x_wconf 85' lang='lat' dir='ltr'>quarto:</span> <span class='ocrx_word' id='word_1_635' title='bbox 1189 1097 1202 1110; x_wconf 87' lang='lat'>«</span> <span class='ocrx_word' id='word_1_636' title='bbox 1225 1085 1327 1115; x_wconf 80' lang='lat' dir='ltr'>Omnes</span> <span class='ocrx_word' id='word_1_637' title='bbox 1355 1087 1479 1124; x_wconf 83' lang='lat' dir='ltr'>gemellis</span> <span class='ocrx_word' id='word_1_638' title='bbox 1499 1087 1634 1122; x_wconf 74' lang='lat' dir='ltr'>foetibus,</span> <span class='ocrx_word' id='word_1_639' title='bbox 1656 1092 1683 1116; x_wconf 89' lang='lat' dir='ltr'>et</span> <span class='ocrx_word' id='word_1_640' title='bbox 1711 1089 1814 1118; x_wconf 86' lang='lat' dir='ltr'>sterilis</span> <span class='ocrx_word' id='word_1_641' title='bbox 1841 1097 1896 1118; x_wconf 91' lang='lat' dir='ltr'>non</span> 
     </span>
     <span class='ocr_line' id='line_1_93' title="bbox 1046 1132 1289 1161; baseline 0.004 -1"><span class='ocrx_word' id='word_1_642' title='bbox 1046 1134 1089 1160; x_wconf 86' lang='lat' dir='ltr'>est</span> <span class='ocrx_word' id='word_1_643' title='bbox 1109 1132 1181 1160; x_wconf 83' lang='lat' dir='ltr'>inter</span> <span class='ocrx_word' id='word_1_644' title='bbox 1202 1140 1248 1161; x_wconf 81' lang='lat' dir='ltr'>eas</span> <span class='ocrx_word' id='word_1_645' title='bbox 1263 1144 1289 1161; x_wconf 69' lang='grc' dir='ltr'>υ.</span> 
     </span>
    </p>
   </div>
   <div class='ocr_carea' id='block_1_22' title="bbox 1361 1235 1567 1260">
    <p class='ocr_par' dir='ltr' id='par_1_29' title="bbox 1361 1235 1567 1260">
     <span class='ocr_line' id='line_1_94' title="bbox 1361 1235 1567 1260; baseline 0 -1"><span class='ocrx_word' id='word_1_646' title='bbox 1361 1235 1503 1259; x_wconf 81' lang='lat' dir='ltr'>COLLATlO</span> <span class='ocrx_word' id='word_1_647' title='bbox 1521 1238 1567 1260; x_wconf 81' lang='lat' dir='ltr'>XL.</span> 
     </span>
    </p>
   </div>
   <div class='ocr_carea' id='block_1_23' title="bbox 1045 1320 2040 2484">
    <p class='ocr_par' dir='ltr' id='par_1_30' title="bbox 1045 1320 1895 1404">
     <span class='ocr_line' id='line_1_95' title="bbox 1125 1320 1895 1362; baseline 0.006 -14"><span class='ocrx_word' id='word_1_648' title='bbox 1125 1320 1214 1356; x_wconf 84' lang='lat' dir='ltr'>(Vers.</span> <span class='ocrx_word' id='word_1_649' title='bbox 1238 1322 1283 1349; x_wconf 67' lang='lat'>27.</span> <span class='ocrx_word' id='word_1_650' title='bbox 1306 1322 1374 1357; x_wconf 59' lang='lat'>28).</span> <span class='ocrx_word' id='word_1_651' title='bbox 1399 1322 1470 1351; x_wconf 74' lang='lat' dir='ltr'>Oves</span> <span class='ocrx_word' id='word_1_652' title='bbox 1490 1331 1570 1351; x_wconf 84' lang='lat' dir='ltr'>meae</span> <span class='ocrx_word' id='word_1_653' title='bbox 1594 1327 1759 1362; x_wconf 79' lang='lat' dir='ltr'>sequuntur</span> <span class='ocrx_word' id='word_1_654' title='bbox 1786 1332 1849 1357; x_wconf 83' lang='lat' dir='ltr'>me,·</span> <span class='ocrx_word' id='word_1_655' title='bbox 1869 1328 1895 1353; x_wconf 88' lang='lat' dir='ltr'>et</span> 
     </span>
     <span class='ocr_line' id='line_1_96' title="bbox 1045 1367 1508 1404; baseline 0.004 -9"><span class='ocrx_word' id='word_1_656' title='bbox 1045 1375 1096 1404; x_wconf 65' lang='lat' dir='ltr'>ego</span> <span class='ocrx_word' id='word_1_657' title='bbox 1117 1367 1209 1395; x_wconf 79' lang='lat' dir='ltr'>vitam</span> <span class='ocrx_word' id='word_1_658' title='bbox 1231 1373 1381 1396; x_wconf 76' lang='lat' dir='ltr'>aeteruum</span> <span class='ocrx_word' id='word_1_659' title='bbox 1402 1369 1438 1397; x_wconf 88' lang='lat' dir='ltr'>do</span> <span class='ocrx_word' id='word_1_660' title='bbox 1459 1369 1508 1397; x_wconf 81' lang='lat' dir='ltr'>eis.</span> 
     </span>
    </p>

    <p class='ocr_par' dir='ltr' id='par_1_31' title="bbox 1045 1414 1895 1593">
     <span class='ocr_line' id='line_1_97' title="bbox 1128 1414 1895 1454; baseline 0.005 -12"><span class='ocrx_word' id='word_1_661' title='bbox 1128 1415 1151 1442; x_wconf 85' lang='lat'>1.</span> <span class='ocrx_word' id='word_1_662' title='bbox 1175 1414 1202 1442; x_wconf 89' lang='lat' dir='ltr'>ln</span> <span class='ocrx_word' id='word_1_663' title='bbox 1224 1415 1318 1444; x_wconf 83' lang='lat' dir='ltr'>verbis</span> <span class='ocrx_word' id='word_1_664' title='bbox 1338 1415 1398 1444; x_wconf 90' lang='lat' dir='ltr'>istis</span> <span class='ocrx_word' id='word_1_665' title='bbox 1419 1416 1571 1452; x_wconf 85' lang='lat' dir='ltr'>praemittit</span> <span class='ocrx_word' id='word_1_666' title='bbox 1588 1416 1723 1445; x_wconf 91' lang='lat' dir='ltr'>Dominus</span> <span class='ocrx_word' id='word_1_667' title='bbox 1740 1417 1800 1446; x_wconf 88' lang='lat' dir='ltr'>ovis</span> <span class='ocrx_word' id='word_1_668' title='bbox 1814 1417 1895 1454; x_wconf 87' lang='lat' dir='ltr'>spiri-</span> 
     </span>
     <span class='ocr_line' id='line_1_98' title="bbox 1046 1460 1894 1497; baseline 0.006 -9"><span class='ocrx_word' id='word_1_669' title='bbox 1046 1460 1144 1495; x_wconf 87' lang='lat' dir='ltr'>tualis,</span> <span class='ocrx_word' id='word_1_670' title='bbox 1166 1461 1193 1489; x_wconf 91' lang='lat' dir='ltr'>id</span> <span class='ocrx_word' id='word_1_671' title='bbox 1215 1464 1257 1490; x_wconf 87' lang='lat' dir='ltr'>est</span> <span class='ocrx_word' id='word_1_672' title='bbox 1277 1462 1385 1491; x_wconf 85' lang='lat' dir='ltr'>animae</span> <span class='ocrx_word' id='word_1_673' title='bbox 1406 1462 1510 1497; x_wconf 89' lang='lat' dir='ltr'>fidelis,</span> <span class='ocrx_word' id='word_1_674' title='bbox 1537 1463 1692 1497; x_wconf 81' lang='lat' dir='ltr'>meritum,</span> <span class='ocrx_word' id='word_1_675' title='bbox 1718 1471 1782 1492; x_wconf 90' lang='lat' dir='ltr'>cum</span> <span class='ocrx_word' id='word_1_676' title='bbox 1810 1464 1894 1493; x_wconf 85' lang='lat' dir='ltr'>dicit:</span> 
     </span>
     <span class='ocr_line' id='line_1_99' title="bbox 1048 1509 1894 1547; baseline 0.004 -11"><span class='ocrx_word' id='word_1_677' title='bbox 1048 1509 1120 1537; x_wconf 77' lang='lat' dir='ltr'>Oves</span> <span class='ocrx_word' id='word_1_678' title='bbox 1133 1517 1214 1537; x_wconf 81' lang='lat' dir='ltr'>meae</span> <span class='ocrx_word' id='word_1_679' title='bbox 1227 1512 1392 1547; x_wconf 78' lang='lat' dir='ltr'>sequuntur</span> <span class='ocrx_word' id='word_1_680' title='bbox 1407 1518 1451 1538; x_wconf 88' lang='lat' dir='ltr'>me</span> <span class='ocrx_word' id='word_1_681' title='bbox 1462 1526 1498 1530; x_wconf 97' lang='lat'><strong>—</strong></span> <span class='ocrx_word' id='word_1_682' title='bbox 1514 1513 1541 1539; x_wconf 89' lang='lat' dir='ltr'>et</span> <span class='ocrx_word' id='word_1_683' title='bbox 1561 1510 1699 1547; x_wconf 90' lang='lat' dir='ltr'>promittit</span> <span class='ocrx_word' id='word_1_684' title='bbox 1710 1511 1894 1547; x_wconf 81' lang='lat' dir='ltr'>praemium,</span> 
     </span>
     <span class='ocr_line' id='line_1_100' title="bbox 1045 1555 1811 1593; baseline 0.004 -10"><span class='ocrx_word' id='word_1_685' title='bbox 1045 1563 1109 1584; x_wconf 93' lang='lat' dir='ltr'>cum</span> <span class='ocrx_word' id='word_1_686' title='bbox 1131 1555 1270 1592; x_wconf 88' lang='lat' dir='ltr'>adiungit:</span> <span class='ocrx_word' id='word_1_687' title='bbox 1296 1557 1329 1584; x_wconf 85' lang='lat' dir='ltr'>Et</span> <span class='ocrx_word' id='word_1_688' title='bbox 1349 1564 1399 1593; x_wconf 75' lang='lat' dir='ltr'>eyo</span> <span class='ocrx_word' id='word_1_689' title='bbox 1421 1557 1512 1585; x_wconf 79' lang='lat' dir='ltr'>vitam</span> <span class='ocrx_word' id='word_1_690' title='bbox 1532 1561 1682 1585; x_wconf 76' lang='lat' dir='ltr'>aeternam</span> <span class='ocrx_word' id='word_1_691' title='bbox 1705 1558 1741 1586; x_wconf 80' lang='lat' dir='ltr'>do</span> <span class='ocrx_word' id='word_1_692' title='bbox 1762 1558 1811 1586; x_wconf 80' lang='lat' dir='ltr'>eis.</span> 
     </span>
    </p>

    <p class='ocr_par' dir='ltr' id='par_1_32' title="bbox 1045 1603 1896 2436">
     <span class='ocr_line' id='line_1_101' title="bbox 1125 1603 1893 1644; baseline 0.005 -13"><span class='ocrx_word' id='word_1_693' title='bbox 1125 1603 1306 1632; x_wconf 87' lang='lat' dir='ltr'>Praemittens</span> <span class='ocrx_word' id='word_1_694' title='bbox 1320 1611 1386 1640; x_wconf 87' lang='lat' dir='ltr'>crgo</span> <span class='ocrx_word' id='word_1_695' title='bbox 1397 1604 1550 1639; x_wconf 82' lang='lat' dir='ltr'>meritum,</span> <span class='ocrx_word' id='word_1_696' title='bbox 1565 1604 1643 1634; x_wconf 90' lang='lat' dir='ltr'>dicit:</span> <span class='ocrx_word' id='word_1_697' title='bbox 1656 1605 1826 1644; x_wconf 81' lang='lat' dir='ltr'>Sequuntur</span> <span class='ocrx_word' id='word_1_698' title='bbox 1840 1615 1893 1635; x_wconf 85' lang='lat' dir='ltr'>me.</span> 
     </span>
     <span class='ocr_line' id='line_1_102' title="bbox 1046 1649 1895 1689; baseline 0.004 -11"><span class='ocrx_word' id='word_1_699' title='bbox 1046 1649 1126 1684; x_wconf 89' lang='lat' dir='ltr'>Nota,</span> <span class='ocrx_word' id='word_1_700' title='bbox 1148 1650 1222 1687; x_wconf 88' lang='lat' dir='ltr'>quod</span> <span class='ocrx_word' id='word_1_701' title='bbox 1243 1654 1402 1687; x_wconf 89' lang='lat' dir='ltr'>sequuntur</span> <span class='ocrx_word' id='word_1_702' title='bbox 1427 1651 1539 1688; x_wconf 90' lang='lat' dir='ltr'>quidam</span> <span class='ocrx_word' id='word_1_703' title='bbox 1564 1659 1614 1688; x_wconf 90' lang='lat' dir='ltr'>per</span> <span class='ocrx_word' id='word_1_704' title='bbox 1635 1652 1789 1689; x_wconf 80' lang='lat' dir='ltr'>planitiem</span> <span class='ocrx_word' id='word_1_705' title='bbox 1810 1661 1895 1681; x_wconf 80' lang='lat' dir='ltr'>man-</span> 
     </span>
     <span class='ocr_line' id='line_1_103' title="bbox 1045 1696 1894 1736; baseline 0.004 -12"><span class='ocrx_word' id='word_1_706' title='bbox 1045 1696 1200 1731; x_wconf 85' lang='lat' dir='ltr'>datorum,</span> <span class='ocrx_word' id='word_1_707' title='bbox 1216 1696 1328 1734; x_wconf 85' lang='lat' dir='ltr'>quidam</span> <span class='ocrx_word' id='word_1_708' title='bbox 1343 1705 1393 1734; x_wconf 85' lang='lat' dir='ltr'>per</span> <span class='ocrx_word' id='word_1_709' title='bbox 1404 1701 1547 1726; x_wconf 78' lang='lat' dir='ltr'>montana</span> <span class='ocrx_word' id='word_1_710' title='bbox 1561 1698 1765 1733; x_wconf 78' lang='lat' dir='ltr'>consiliorum,</span> <span class='ocrx_word' id='word_1_711' title='bbox 1781 1699 1894 1736; x_wconf 90' lang='lat' dir='ltr'>quidam</span> 
     </span>
     <span class='ocr_line' id='line_1_104' title="bbox 1045 1743 1895 1782; baseline 0.002 -9"><span class='ocrx_word' id='word_1_712' title='bbox 1045 1751 1095 1780; x_wconf 86' lang='lat' dir='ltr'>per</span> <span class='ocrx_word' id='word_1_713' title='bbox 1115 1743 1227 1772; x_wconf 69' lang='lat' dir='ltr'>excelsa</span> <span class='ocrx_word' id='word_1_714' title='bbox 1251 1744 1562 1781; x_wconf 75' lang='lat' dir='ltr'>supe1·e›·09atz·onum;</span> <span class='ocrx_word' id='word_1_715' title='bbox 1586 1745 1661 1782; x_wconf 88' lang='lat' dir='ltr'>quod</span> <span class='ocrx_word' id='word_1_716' title='bbox 1681 1746 1833 1782; x_wconf 86' lang='lat' dir='ltr'>figuratum</span> <span class='ocrx_word' id='word_1_717' title='bbox 1853 1749 1895 1775; x_wconf 89' lang='lat' dir='ltr'>est</span> 
     </span>
     <span class='ocr_line' id='line_1_105' title="bbox 1045 1790 1895 1829; baseline 0.004 -11"><span class='ocrx_word' id='word_1_718' title='bbox 1045 1790 1073 1818; x_wconf 90' lang='lat' dir='ltr'>in</span> <span class='ocrx_word' id='word_1_719' title='bbox 1099 1790 1244 1827; x_wconf 76' lang='lat' dir='ltr'>Evangelio</span> <span class='ocrx_word' id='word_1_720' title='bbox 1268 1790 1296 1819; x_wconf 89' lang='lat' dir='ltr'>in</span> <span class='ocrx_word' id='word_1_721' title='bbox 1319 1790 1408 1819; x_wconf 89' lang='lat' dir='ltr'>tribus</span> <span class='ocrx_word' id='word_1_722' title='bbox 1432 1791 1580 1828; x_wconf 81' lang='lat' dir='ltr'>generibus</span> <span class='ocrx_word' id='word_1_723' title='bbox 1604 1792 1780 1829; x_wconf 91' lang='lat' dir='ltr'>sequentium</span> <span class='ocrx_word' id='word_1_724' title='bbox 1803 1792 1895 1821; x_wconf 87' lang='lat' dir='ltr'>Domi—</span> 
     </span>
     <span class='ocr_line' id='line_1_106' title="bbox 1045 1837 1893 1876; baseline 0.004 -11"><span class='ocrx_word' id='word_1_725' title='bbox 1045 1845 1122 1866; x_wconf 89' lang='lat' dir='ltr'>num.</span> <span class='ocrx_word' id='word_1_726' title='bbox 1145 1837 1308 1874; x_wconf 88' lang='lat' dir='ltr'>Sequuntur</span> <span class='ocrx_word' id='word_1_727' title='bbox 1331 1838 1478 1866; x_wconf 89' lang='lat' dir='ltr'>Dominum</span> <span class='ocrx_word' id='word_1_728' title='bbox 1500 1838 1651 1867; x_wconf 84' lang='lat' dir='ltr'>turbae—</span> <span class='ocrx_word' id='word_1_729' title='bbox 1666 1839 1893 1876; x_wconf 77' lang='lat' dir='ltr'>discipuli—et</span> 
     </span>
     <span class='ocr_line' id='line_1_107' title="bbox 1046 1883 1895 1921; baseline 0.004 -9"><span class='ocrx_word' id='word_1_730' title='bbox 1046 1883 1191 1921; x_wconf 85' lang='lat' dir='ltr'>Apostoli:</span> <span class='ocrx_word' id='word_1_731' title='bbox 1214 1884 1318 1913; x_wconf 81' lang='lat' dir='ltr'>turbae</span> <span class='ocrx_word' id='word_1_732' title='bbox 1338 1892 1388 1921; x_wconf 91' lang='lat' dir='ltr'>per</span> <span class='ocrx_word' id='word_1_733' title='bbox 1405 1884 1498 1921; x_wconf 74' lang='lat' dir='ltr'>plana</span> <span class='ocrx_word' id='word_1_734' title='bbox 1518 1885 1745 1919; x_wconf 61' lang='lat' dir='ltr'>maudatoruriu</span> <span class='ocrx_word' id='word_1_735' title='bbox 1766 1886 1895 1915; x_wconf 88' lang='lat' dir='ltr'>Matthaei</span> 
     </span>
     <span class='ocr_line' id='line_1_108' title="bbox 1045 1930 1896 1966; baseline 0.004 -8"><span class='ocrx_word' id='word_1_736' title='bbox 1045 1932 1143 1958; x_wconf 88' lang='lat' dir='ltr'>octavo</span> <span class='ocrx_word' id='word_1_737' title='bbox 1155 1930 1191 1958; x_wconf 80' lang='lat'>¹²:</span> <span class='ocrx_word' id='word_1_738' title='bbox 1211 1941 1225 1955; x_wconf 74' lang='lat' dir='ltr'><em>a</em></span> <span class='ocrx_word' id='word_1_739' title='bbox 1240 1930 1309 1959; x_wconf 89' lang='lat' dir='ltr'>Cum</span> <span class='ocrx_word' id='word_1_740' title='bbox 1324 1930 1510 1960; x_wconf 88' lang='lat' dir='ltr'>descendisset</span> <span class='ocrx_word' id='word_1_741' title='bbox 1524 1931 1600 1960; x_wconf 88' lang='lat' dir='ltr'>lesus</span> <span class='ocrx_word' id='word_1_742' title='bbox 1613 1931 1647 1960; x_wconf 91' lang='lat' dir='ltr'>de</span> <span class='ocrx_word' id='word_1_743' title='bbox 1662 1935 1767 1966; x_wconf 90' lang='lat' dir='ltr'>monte,</span> <span class='ocrx_word' id='word_1_744' title='bbox 1786 1935 1896 1961; x_wconf 83' lang='lat' dir='ltr'>secutae</span> 
     </span>
     <span class='ocr_line' id='line_1_109' title="bbox 1046 1976 1896 2015; baseline 0.002 -10"><span class='ocrx_word' id='word_1_745' title='bbox 1046 1979 1112 2005; x_wconf 88' lang='lat' dir='ltr'>sunt</span> <span class='ocrx_word' id='word_1_746' title='bbox 1126 1984 1190 2005; x_wconf 89' lang='lat' dir='ltr'>eum</span> <span class='ocrx_word' id='word_1_747' title='bbox 1209 1976 1308 2005; x_wconf 85' lang='lat' dir='ltr'>turbae</span> <span class='ocrx_word' id='word_1_748' title='bbox 1324 1978 1427 2006; x_wconf 86' lang='lat' dir='ltr'>multae</span> <span class='ocrx_word' id='word_1_749' title='bbox 1438 1989 1465 2005; x_wconf 91' lang='lat'>».</span> <span class='ocrx_word' id='word_1_750' title='bbox 1478 1994 1515 1998; x_wconf 97' lang='lat'><strong>—</strong></span> <span class='ocrx_word' id='word_1_751' title='bbox 1527 1978 1659 2015; x_wconf 84' lang='lat' dir='ltr'>Discipuli</span> <span class='ocrx_word' id='word_1_752' title='bbox 1674 1986 1724 2015; x_wconf 90' lang='lat' dir='ltr'>per</span> <span class='ocrx_word' id='word_1_753' title='bbox 1738 1982 1896 2012; x_wconf 65' lang='lat' dir='ltr'>montana,-</span> 
     </span>
     <span class='ocr_line' id='line_1_110' title="bbox 1046 2024 1895 2061; baseline 0.004 -9"><span class='ocrx_word' id='word_1_754' title='bbox 1046 2025 1135 2052; x_wconf 85' lang='lat' dir='ltr'>Lucae</span> <span class='ocrx_word' id='word_1_755' title='bbox 1150 2024 1282 2060; x_wconf 84' lang='lat' dir='ltr'>vigesimo</span> <span class='ocrx_word' id='word_1_756' title='bbox 1296 2024 1432 2053; x_wconf 86' lang='lat' dir='ltr'>secundo:</span> <span class='ocrx_word' id='word_1_757' title='bbox 1455 2036 1469 2050; x_wconf 74' lang='lat' dir='ltr'>&lt;c</span> <span class='ocrx_word' id='word_1_758' title='bbox 1482 2025 1615 2061; x_wconf 87' lang='lat' dir='ltr'>Egressus</span> <span class='ocrx_word' id='word_1_759' title='bbox 1629 2025 1705 2054; x_wconf 89' lang='lat' dir='ltr'>Iesus</span> <span class='ocrx_word' id='word_1_760' title='bbox 1726 2025 1783 2054; x_wconf 87' lang='lat' dir='ltr'>ibat</span> <span class='ocrx_word' id='word_1_761' title='bbox 1796 2033 1895 2055; x_wconf 89' lang='lat' dir='ltr'>secun-</span> 
     </span>
     <span class='ocr_line' id='line_1_111' title="bbox 1045 2070 1896 2107; baseline 0.005 -9"><span class='ocrx_word' id='word_1_762' title='bbox 1045 2070 1112 2099; x_wconf 89' lang='lat' dir='ltr'>dum</span> <span class='ocrx_word' id='word_1_763' title='bbox 1134 2070 1362 2100; x_wconf 79' lang='lat' dir='ltr'>consuetudinem</span> <span class='ocrx_word' id='word_1_764' title='bbox 1383 2079 1463 2100; x_wconf 85' lang='lat' dir='ltr'>suam</span> <span class='ocrx_word' id='word_1_765' title='bbox 1484 2071 1512 2100; x_wconf 89' lang='lat' dir='ltr'>in</span> <span class='ocrx_word' id='word_1_766' title='bbox 1528 2074 1649 2101; x_wconf 86' lang='lat' dir='ltr'>montem</span> <span class='ocrx_word' id='word_1_767' title='bbox 1672 2071 1831 2107; x_wconf 86' lang='lat' dir='ltr'>Olivarum;</span> <span class='ocrx_word' id='word_1_768' title='bbox 1853 2080 1896 2102; x_wconf 86' lang='lat' dir='ltr'>se-</span> 
     </span>
     <span class='ocr_line' id='line_1_112' title="bbox 1046 2118 1896 2156; baseline 0.002 -10"><span class='ocrx_word' id='word_1_769' title='bbox 1046 2118 1102 2146; x_wconf 90' lang='lat' dir='ltr'>cuti</span> <span class='ocrx_word' id='word_1_770' title='bbox 1118 2120 1184 2146; x_wconf 89' lang='lat' dir='ltr'>sunt</span> <span class='ocrx_word' id='word_1_771' title='bbox 1197 2121 1290 2147; x_wconf 78' lang='lat' dir='ltr'>autem</span> <span class='ocrx_word' id='word_1_772' title='bbox 1307 2126 1372 2147; x_wconf 90' lang='lat' dir='ltr'>eum</span> <span class='ocrx_word' id='word_1_773' title='bbox 1393 2118 1519 2155; x_wconf 89' lang='lat' dir='ltr'>discipuli</span> <span class='ocrx_word' id='word_1_774' title='bbox 1541 2119 1601 2147; x_wconf 90' lang='lat' dir='ltr'>eius</span> <span class='ocrx_word' id='word_1_775' title='bbox 1613 2131 1639 2147; x_wconf 89' lang='lat'>».</span> <span class='ocrx_word' id='word_1_776' title='bbox 1652 2135 1689 2140; x_wconf 93' lang='lat'>—</span> <span class='ocrx_word' id='word_1_777' title='bbox 1704 2119 1822 2156; x_wconf 88' lang='lat' dir='ltr'>Apostoli</span> <span class='ocrx_word' id='word_1_778' title='bbox 1846 2127 1896 2156; x_wconf 90' lang='lat' dir='ltr'>per</span> 
     </span>
     <span class='ocr_line' id='line_1_113' title="bbox 1045 2164 1896 2202; baseline 0.002 -10"><span class='ocrx_word' id='word_1_779' title='bbox 1045 2164 1157 2193; x_wconf 73' lang='lat' dir='ltr'>excelsa</span> <span class='ocrx_word' id='word_1_780' title='bbox 1176 2164 1485 2202; x_wconf 64' lang='lat' dir='ltr'>supereroqationum:</span> <span class='ocrx_word' id='word_1_781' title='bbox 1506 2165 1633 2194; x_wconf 83' lang='lat' dir='ltr'>Matthaei</span> <span class='ocrx_word' id='word_1_782' title='bbox 1655 2165 1761 2194; x_wconf 87' lang='lat' dir='ltr'>decimo</span> <span class='ocrx_word' id='word_1_783' title='bbox 1782 2174 1855 2195; x_wconf 90' lang='lat' dir='ltr'>nono</span> <span class='ocrx_word' id='word_1_784' title='bbox 1868 2169 1896 2195; x_wconf 89' lang='lat' dir='ltr'>et</span> 
     </span>
     <span class='ocr_line' id='line_1_114' title="bbox 1046 2211 1896 2247; baseline 0.002 -8"><span class='ocrx_word' id='word_1_785' title='bbox 1046 2211 1128 2240; x_wconf 87' lang='lat' dir='ltr'>Marci</span> <span class='ocrx_word' id='word_1_786' title='bbox 1153 2211 1259 2240; x_wconf 89' lang='lat' dir='ltr'>decimo</span> <span class='ocrx_word' id='word_1_787' title='bbox 1284 2215 1311 2240; x_wconf 88' lang='lat' dir='ltr'>et</span> <span class='ocrx_word' id='word_1_788' title='bbox 1335 2212 1424 2241; x_wconf 85' lang='lat' dir='ltr'>Lucae</span> <span class='ocrx_word' id='word_1_789' title='bbox 1447 2212 1553 2241; x_wconf 90' lang='lat' dir='ltr'>decimo</span> <span class='ocrx_word' id='word_1_790' title='bbox 1577 2215 1685 2241; x_wconf 86' lang='lat' dir='ltr'>octavo:</span> <span class='ocrx_word' id='word_1_791' title='bbox 1715 2213 1824 2247; x_wconf 79' lang='lat' dir='ltr'>«Ecce,</span> <span class='ocrx_word' id='word_1_792' title='bbox 1845 2220 1896 2242; x_wconf 89' lang='lat' dir='ltr'>nos</span> 
     </span>
     <span class='ocr_line' id='line_1_115' title="bbox 1046 2258 1895 2295; baseline 0.002 -9"><span class='ocrx_word' id='word_1_793' title='bbox 1046 2258 1213 2295; x_wconf 91' lang='lat' dir='ltr'>reliquimus</span> <span class='ocrx_word' id='word_1_794' title='bbox 1233 2258 1326 2287; x_wconf 85' lang='lat' dir='ltr'>omnia</span> <span class='ocrx_word' id='word_1_795' title='bbox 1352 2262 1379 2287; x_wconf 89' lang='lat' dir='ltr'>et</span> <span class='ocrx_word' id='word_1_796' title='bbox 1400 2259 1485 2287; x_wconf 88' lang='lat' dir='ltr'>secuti</span> <span class='ocrx_word' id='word_1_797' title='bbox 1509 2267 1607 2288; x_wconf 90' lang='lat' dir='ltr'>sumus</span> <span class='ocrx_word' id='word_1_798' title='bbox 1628 2262 1654 2288; x_wconf 93' lang='lat' dir='ltr'>te</span> <span class='ocrx_word' id='word_1_799' title='bbox 1674 2271 1700 2287; x_wconf 82' lang='lat'>».</span> <span class='ocrx_word' id='word_1_800' title='bbox 1730 2259 1829 2293; x_wconf 88' lang='lat' dir='ltr'>Primi,</span> <span class='ocrx_word' id='word_1_801' title='bbox 1851 2260 1895 2288; x_wconf 82' lang='lat' dir='ltr'>iu-</span> 
     </span>
     <span class='ocr_line' id='line_1_116' title="bbox 1046 2305 1895 2343; baseline 0.002 -10"><span class='ocrx_word' id='word_1_802' title='bbox 1046 2305 1198 2342; x_wconf 65' lang='lat' dir='ltr'>cipimus,-</span> <span class='ocrx_word' id='word_1_803' title='bbox 1212 2305 1342 2339; x_wconf 89' lang='lat' dir='ltr'>secundi,</span> <span class='ocrx_word' id='word_1_804' title='bbox 1354 2305 1553 2343; x_wconf 71' lang='lat' dir='ltr'>proficientes;</span> <span class='ocrx_word' id='word_1_805' title='bbox 1568 2306 1653 2340; x_wconf 88' lang='lat' dir='ltr'>tertii,</span> <span class='ocrx_word' id='word_1_806' title='bbox 1664 2305 1795 2343; x_wconf 81' lang='lat' dir='ltr'>perfecti.</span> <span class='ocrx_word' id='word_1_807' title='bbox 1812 2306 1895 2335; x_wconf 87' lang='lat' dir='ltr'>Primi</span> 
     </span>
     <span class='ocr_line' id='line_1_117' title="bbox 1046 2352 1894 2390; baseline 0.001 -9"><span class='ocrx_word' id='word_1_808' title='bbox 1046 2355 1205 2389; x_wconf 88' lang='lat' dir='ltr'>sequuntur</span> <span class='ocrx_word' id='word_1_809' title='bbox 1219 2353 1298 2390; x_wconf 88' lang='lat' dir='ltr'>quasi</span> <span class='ocrx_word' id='word_1_810' title='bbox 1319 2360 1369 2389; x_wconf 89' lang='lat' dir='ltr'>per</span> <span class='ocrx_word' id='word_1_811' title='bbox 1384 2353 1482 2386; x_wconf 79' lang='lat' dir='ltr'>viam;</span> <span class='ocrx_word' id='word_1_812' title='bbox 1497 2352 1624 2386; x_wconf 90' lang='lat' dir='ltr'>secundi,</span> <span class='ocrx_word' id='word_1_813' title='bbox 1645 2352 1725 2390; x_wconf 86' lang='lat' dir='ltr'>quasi</span> <span class='ocrx_word' id='word_1_814' title='bbox 1741 2360 1790 2389; x_wconf 90' lang='lat' dir='ltr'>per</span> <span class='ocrx_word' id='word_1_815' title='bbox 1810 2353 1894 2382; x_wconf 77' lang='lat' dir='ltr'>semi-</span> 
     </span>
     <span class='ocr_line' id='line_1_118' title="bbox 1047 2398 1640 2436; baseline 0 -9"><span class='ocrx_word' id='word_1_816' title='bbox 1047 2402 1126 2432; x_wconf 72' lang='lat' dir='ltr'>tam5</span> <span class='ocrx_word' id='word_1_817' title='bbox 1148 2399 1235 2433; x_wconf 90' lang='lat' dir='ltr'>tertii,</span> <span class='ocrx_word' id='word_1_818' title='bbox 1257 2399 1335 2436; x_wconf 81' lang='lat' dir='ltr'>quasi</span> <span class='ocrx_word' id='word_1_819' title='bbox 1357 2407 1407 2436; x_wconf 90' lang='lat' dir='ltr'>per</span> <span class='ocrx_word' id='word_1_820' title='bbox 1428 2398 1640 2435; x_wconf 83' lang='lat' dir='ltr'>compendium.</span> 
     </span>
    </p>

    <p class='ocr_par' dir='ltr' id='par_1_33' title="bbox 1125 2445 2040 2484">
     <span class='ocr_line' id='line_1_119' title="bbox 1125 2445 2040 2484; baseline 0.001 -11"><span class='ocrx_word' id='word_1_821' title='bbox 1125 2447 1151 2474; x_wconf 73' lang='lat'>⁶2.</span> <span class='ocrx_word' id='word_1_822' title='bbox 1174 2445 1245 2474; x_wconf 91' lang='lat' dir='ltr'>Dicit</span> <span class='ocrx_word' id='word_1_823' title='bbox 1265 2453 1347 2482; x_wconf 87' lang='lat' dir='ltr'>ergo:</span> <span class='ocrx_word' id='word_1_824' title='bbox 1376 2445 1546 2483; x_wconf 83' lang='lat' dir='ltr'>Sequuntur</span> <span class='ocrx_word' id='word_1_825' title='bbox 1566 2454 1611 2474; x_wconf 78' lang='lat' dir='ltr'>me</span> <span class='ocrx_word' id='word_1_826' title='bbox 1631 2454 1695 2475; x_wconf 91' lang='lat' dir='ltr'>cum</span> <span class='ocrx_word' id='word_1_827' title='bbox 1722 2446 1818 2475; x_wconf 71' lang='lat' dir='ltr'>turbis</span> <span class='ocrx_word' id='word_1_828' title='bbox 1845 2455 1895 2484; x_wconf 90' lang='lat' dir='ltr'>per</span> <span class='ocrx_word' id='word_1_829' title='bbox 1932 2452 2040 2479; x_wconf 58' lang='lat' dir='ltr'>Derrima,</span> 
     </span>
    </p>
   </div>
   <div class='ocr_carea' id='block_1_24' title="bbox 1914 2476 2042 2494">
    <p class='ocr_par' dir='ltr' id='par_1_34' title="bbox 1914 2476 2042 2494">
     <span class='ocr_line' id='line_1_120' title="bbox 1914 2476 2042 2494; baseline 0 0"><span class='ocrx_word' id='word_1_830' title='bbox 1914 2476 1933 2494; x_wconf 89' lang='lat' dir='ltr'>in</span> <span class='ocrx_word' id='word_1_831' title='bbox 1946 2481 1977 2494; x_wconf 71' lang='lat' dir='ltr'>via</span> <span class='ocrx_word' id='word_1_832' title='bbox 1989 2481 2042 2494; x_wconf 81' lang='lat' dir='ltr'>rnan-</span> 
     </span>
    </p>
   </div>
   <div class='ocr_carea' id='block_1_25' title="bbox 1045 2492 2043 2541">
    <p class='ocr_par' dir='ltr' id='par_1_35' title="bbox 1045 2492 2043 2541">
     <span class='ocr_line' id='line_1_121' title="bbox 1045 2492 2043 2541; baseline 0.002 -21"><span class='ocrx_word' id='word_1_833' title='bbox 1045 2492 1186 2529; x_wconf 83' lang='lat' dir='ltr'>planitiem</span> <span class='ocrx_word' id='word_1_834' title='bbox 1207 2492 1414 2527; x_wconf 83' lang='lat' dir='ltr'>mandatorum,</span> <span class='ocrx_word' id='word_1_835' title='bbox 1435 2495 1464 2521; x_wconf 87' lang='lat' dir='ltr'>et</span> <span class='ocrx_word' id='word_1_836' title='bbox 1484 2493 1537 2521; x_wconf 88' lang='lat' dir='ltr'>hoc</span> <span class='ocrx_word' id='word_1_837' title='bbox 1557 2492 1718 2530; x_wconf 87' lang='lat' dir='ltr'>tripliciter:</span> <span class='ocrx_word' id='word_1_838' title='bbox 1740 2501 1790 2530; x_wconf 91' lang='lat' dir='ltr'>per</span> <span class='ocrx_word' id='word_1_839' title='bbox 1807 2493 1895 2530; x_wconf 81' lang='lat' dir='ltr'>fidem</span> <span class='ocrx_word' id='word_1_840' title='bbox 1913 2499 2043 2541; x_wconf 53' lang='lat' dir='ltr'>diississff¹‘i&#39;</span> 
     </span>
    </p>
   </div>
   <div class='ocr_carea' id='block_1_26' title="bbox 1046 2528 1982 2576">
    <p class='ocr_par' dir='ltr' id='par_1_36' title="bbox 1046 2528 1982 2576">
     <span class='ocr_line' id='line_1_122' title="bbox 1046 2528 1982 2576; baseline 0.002 -9"><span class='ocrx_word' id='word_1_841' title='bbox 1046 2538 1073 2567; x_wconf 90' lang='lat' dir='ltr'>in</span> <span class='ocrx_word' id='word_1_842' title='bbox 1088 2538 1242 2573; x_wconf 89' lang='lat' dir='ltr'>intellectu;</span> <span class='ocrx_word' id='word_1_843' title='bbox 1255 2539 1329 2568; x_wconf 88' lang='lat' dir='ltr'>tertii</span> <span class='ocrx_word' id='word_1_844' title='bbox 1341 2539 1446 2576; x_wconf 89' lang='lat' dir='ltr'>Regum</span> <span class='ocrx_word' id='word_1_845' title='bbox 1455 2539 1562 2568; x_wconf 89' lang='lat' dir='ltr'>decimo</span> <span class='ocrx_word' id='word_1_846' title='bbox 1576 2542 1673 2568; x_wconf 83' lang='lat' dir='ltr'>octavo</span> <span class='ocrx_word' id='word_1_847' title='bbox 1683 2540 1715 2575; x_wconf 84' lang='lat'>¹³,</span> <span class='ocrx_word' id='word_1_848' title='bbox 1726 2540 1811 2569; x_wconf 79' lang='lat' dir='ltr'>verba</span> <span class='ocrx_word' id='word_1_849' title='bbox 1823 2541 1894 2570; x_wconf 82' lang='lat' dir='ltr'>Eliae</span> <span class='ocrx_word' id='word_1_850' title='bbox 1912 2528 1982 2565; x_wconf 69' lang='lat' dir='ltr'>f’rimo.</span> 
     </span>
    </p>
   </div>
   <div class='ocr_carea' id='block_1_27' title="bbox 1917 1423 1997 1442">
    <p class='ocr_par' dir='ltr' id='par_1_37' title="bbox 1917 1423 1997 1442">
     <span class='ocr_line' id='line_1_123' title="bbox 1917 1423 1997 1442; baseline 0 0"><span class='ocrx_word' id='word_1_851' title='bbox 1917 1423 1997 1442; x_wconf 75' lang='lat' dir='ltr'>Divisio.</span> 
     </span>
    </p>
   </div>
   <div class='ocr_carea' id='block_1_28' title="bbox 1912 1610 2036 1700">
    <p class='ocr_par' dir='ltr' id='par_1_38' title="bbox 1918 1610 2030 1629">
     <span class='ocr_line' id='line_1_124' title="bbox 1918 1610 2030 1629; baseline -0.009 0"><span class='ocrx_word' id='word_1_852' title='bbox 1918 1610 1965 1629; x_wconf 76' lang='lat' dir='ltr'>Pars</span> <span class='ocrx_word' id='word_1_853' title='bbox 1978 1610 1992 1629; x_wconf 89' lang='lat' dir='ltr'>l.</span> <span class='ocrx_word' id='word_1_854' title='bbox 2005 1610 2030 1629; x_wconf 79' lang='lat' dir='ltr'>de</span> 
     </span>
    </p>

    <p class='ocr_par' dir='ltr' id='par_1_39' title="bbox 1912 1634 2036 1658">
     <span class='ocr_line' id='line_1_125' title="bbox 1912 1634 2036 1658; baseline 0 -6"><span class='ocrx_word' id='word_1_855' title='bbox 1912 1634 1984 1658; x_wconf 81' lang='lat' dir='ltr'>triplici</span> <span class='ocrx_word' id='word_1_856' title='bbox 1997 1639 2036 1652; x_wconf 88' lang='lat' dir='ltr'>me·</span> 
     </span>
    </p>

    <p class='ocr_par' dir='ltr' id='par_1_40' title="bbox 1918 1657 2029 1700">
     <span class='ocr_line' id='line_1_126' title="bbox 1918 1657 2029 1676; baseline 0 0"><span class='ocrx_word' id='word_1_857' title='bbox 1918 1658 1955 1676; x_wconf 82' lang='lat' dir='ltr'>rito</span> <span class='ocrx_word' id='word_1_858' title='bbox 1968 1657 2029 1676; x_wconf 83' lang='lat' dir='ltr'>bonae</span> 
     </span>
     <span class='ocr_line' id='line_1_127' title="bbox 1947 1681 1996 1700; baseline -0.02 0"><span class='ocrx_word' id='word_1_859' title='bbox 1947 1681 1996 1700; x_wconf 72' lang='lat' dir='ltr'>ovis.</span> 
     </span>
    </p>
   </div>
   <div class='ocr_carea' id='block_1_29' title="bbox 1911 1751 2030 1798">
    <p class='ocr_par' dir='ltr' id='par_1_41' title="bbox 1911 1751 2030 1798">
     <span class='ocr_line' id='line_1_128' title="bbox 1911 1751 2030 1774; baseline 0 -5"><span class='ocrx_word' id='word_1_860' title='bbox 1911 1751 1991 1774; x_wconf 83' lang='lat' dir='ltr'>Figurae</span> <span class='ocrx_word' id='word_1_861' title='bbox 2010 1751 2030 1769; x_wconf 88' lang='lat' dir='ltr'>in</span> 
     </span>
     <span class='ocr_line' id='line_1_129' title="bbox 1916 1774 2025 1798; baseline 0 -5"><span class='ocrx_word' id='word_1_862' title='bbox 1916 1774 2025 1798; x_wconf 74' lang='lat' dir='ltr'>Evangelio.</span> 
     </span>
    </p>
   </div>
   <div class='ocr_carea' id='block_1_30' title="bbox 1048 2683 1893 2948">
    <p class='ocr_par' dir='ltr' id='par_1_42' title="bbox 1109 2683 1446 2714">
     <span class='ocr_line' id='line_1_130' title="bbox 1109 2683 1446 2714; baseline 0 -7"><span class='ocrx_word' id='word_1_863' title='bbox 1109 2683 1119 2697; x_wconf 76' lang='lat'>⁸</span> <span class='ocrx_word' id='word_1_864' title='bbox 1137 2685 1201 2708; x_wconf 89' lang='lat' dir='ltr'>Vers.</span> <span class='ocrx_word' id='word_1_865' title='bbox 1219 2685 1245 2713; x_wconf 88' lang='lat'>3;</span> <span class='ocrx_word' id='word_1_866' title='bbox 1263 2684 1367 2714; x_wconf 88' lang='lat' dir='ltr'>sequitur</span> <span class='ocrx_word' id='word_1_867' title='bbox 1384 2691 1406 2707; x_wconf 86' lang='lat' dir='ltr'>v.</span> <span class='ocrx_word' id='word_1_868' title='bbox 1425 2684 1446 2707; x_wconf 75' lang='lat'>4.</span> 
     </span>
    </p>

    <p class='ocr_par' dir='ltr' id='par_1_43' title="bbox 1110 2722 1317 2751">
     <span class='ocr_line' id='line_1_131' title="bbox 1110 2722 1317 2751; baseline 0 -5"><span class='ocrx_word' id='word_1_869' title='bbox 1110 2722 1120 2736; x_wconf 82' lang='lat'>⁹</span> <span class='ocrx_word' id='word_1_870' title='bbox 1136 2724 1218 2747; x_wconf 80' lang='lat' dir='ltr'>psalm.</span> <span class='ocrx_word' id='word_1_871' title='bbox 1234 2724 1277 2751; x_wconf 84' lang='lat'>79,</span> <span class='ocrx_word' id='word_1_872' title='bbox 1296 2724 1317 2746; x_wconf 72' lang='grc'>1.</span> 
     </span>
    </p>

    <p class='ocr_par' dir='ltr' id='par_1_44' title="bbox 1110 2761 1269 2785">
     <span class='ocr_line' id='line_1_132' title="bbox 1110 2761 1269 2785; baseline -0.006 0"><span class='ocrx_word' id='word_1_873' title='bbox 1110 2761 1130 2775; x_wconf 86' lang='lat'>¹⁰</span> <span class='ocrx_word' id='word_1_874' title='bbox 1148 2763 1213 2785; x_wconf 81' lang='lat' dir='ltr'>Vers.</span> <span class='ocrx_word' id='word_1_875' title='bbox 1232 2762 1269 2785; x_wconf 70' lang='lat'>⁴7.</span> 
     </span>
    </p>

    <p class='ocr_par' dir='ltr' id='par_1_45' title="bbox 1110 2800 1724 2830">
     <span class='ocr_line' id='line_1_133' title="bbox 1110 2800 1724 2830; baseline 0.003 -7"><span class='ocrx_word' id='word_1_876' title='bbox 1110 2800 1128 2814; x_wconf 77' lang='lat'>¹²</span> <span class='ocrx_word' id='word_1_877' title='bbox 1147 2801 1230 2824; x_wconf 81' lang='lat' dir='ltr'>Psalm.</span> <span class='ocrx_word' id='word_1_878' title='bbox 1248 2800 1305 2828; x_wconf 52' lang='lat'><strong>1143,</strong></span> <span class='ocrx_word' id='word_1_879' title='bbox 1324 2801 1362 2824; x_wconf 67' lang='lat'>⁴3.</span> <span class='ocrx_word' id='word_1_880' title='bbox 1377 2813 1408 2818; x_wconf 91' lang='lat'><strong>—</strong></span> <span class='ocrx_word' id='word_1_881' title='bbox 1425 2801 1534 2830; x_wconf 87' lang='lat' dir='ltr'>Sequitur</span> <span class='ocrx_word' id='word_1_882' title='bbox 1551 2801 1638 2825; x_wconf 85' lang='lat' dir='ltr'>Cantic.</span> <span class='ocrx_word' id='word_1_883' title='bbox 1656 2802 1683 2830; x_wconf 81' lang='lat'>4,</span> <span class='ocrx_word' id='word_1_884' title='bbox 1701 2803 1724 2825; x_wconf 77' lang='lat'>2.</span> 
     </span>
    </p>

    <p class='ocr_par' dir='ltr' id='par_1_46' title="bbox 1048 2838 1893 2909">
     <span class='ocr_line' id='line_1_134' title="bbox 1110 2838 1893 2871; baseline 0.003 -9"><span class='ocrx_word' id='word_1_885' title='bbox 1110 2838 1129 2852; x_wconf 74' lang='lat'>¹²</span> <span class='ocrx_word' id='word_1_886' title='bbox 1148 2840 1212 2863; x_wconf 83' lang='lat' dir='ltr'>Vcrs.</span> <span class='ocrx_word' id='word_1_887' title='bbox 1226 2840 1246 2862; x_wconf 80' lang='lat' dir='ltr'>l.</span> <span class='ocrx_word' id='word_1_888' title='bbox 1259 2852 1290 2857; x_wconf 91' lang='lat'>—</span> <span class='ocrx_word' id='word_1_889' title='bbox 1302 2840 1406 2868; x_wconf 76' lang='lat' dir='ltr'>Quatuor</span> <span class='ocrx_word' id='word_1_890' title='bbox 1418 2847 1483 2869; x_wconf 86' lang='lat' dir='ltr'>seqq.</span> <span class='ocrx_word' id='word_1_891' title='bbox 1495 2840 1538 2863; x_wconf 90' lang='lat' dir='ltr'>loci</span> <span class='ocrx_word' id='word_1_892' title='bbox 1555 2843 1608 2863; x_wconf 86' lang='lat' dir='ltr'>sunt</span> <span class='ocrx_word' id='word_1_893' title='bbox 1624 2842 1680 2864; x_wconf 86' lang='lat' dir='ltr'>Luc.</span> <span class='ocrx_word' id='word_1_894' title='bbox 1697 2842 1740 2869; x_wconf 76' lang='lat'>22,</span> <span class='ocrx_word' id='word_1_895' title='bbox 1758 2842 1799 2871; x_wconf 78' lang='lat'>393</span> <span class='ocrx_word' id='word_1_896' title='bbox 1818 2842 1893 2865; x_wconf 84' lang='lat' dir='ltr'>Matth.</span> 
     </span>
     <span class='ocr_line' id='line_1_135' title="bbox 1048 2879 1580 2909; baseline 0.002 -8"><span class='ocrx_word' id='word_1_897' title='bbox 1048 2880 1088 2909; x_wconf 55' lang='lat'>1¹9,</span> <span class='ocrx_word' id='word_1_898' title='bbox 1106 2879 1151 2907; x_wconf 79' lang='lat'>273</span> <span class='ocrx_word' id='word_1_899' title='bbox 1168 2880 1237 2902; x_wconf 82' lang='lat' dir='ltr'>Marc.</span> <span class='ocrx_word' id='word_1_900' title='bbox 1258 2880 1298 2906; x_wconf 71' lang='grc'>10,</span> <span class='ocrx_word' id='word_1_901' title='bbox 1315 2880 1354 2901; x_wconf 75' lang='lat'>28.</span> <span class='ocrx_word' id='word_1_902' title='bbox 1371 2882 1393 2902; x_wconf 85' lang='lat' dir='ltr'>et</span> <span class='ocrx_word' id='word_1_903' title='bbox 1410 2880 1464 2902; x_wconf 89' lang='lat' dir='ltr'>Luc.</span> <span class='ocrx_word' id='word_1_904' title='bbox 1483 2880 1525 2907; x_wconf 69' lang='grc'>48,</span> <span class='ocrx_word' id='word_1_905' title='bbox 1542 2880 1580 2902; x_wconf 76' lang='grc'>28.</span> 
     </span>
    </p>

    <p class='ocr_par' dir='ltr' id='par_1_47' title="bbox 1110 2915 1651 2948">
     <span class='ocr_line' id='line_1_136' title="bbox 1110 2915 1651 2948; baseline 0.004 -8"><span class='ocrx_word' id='word_1_906' title='bbox 1110 2915 1129 2930; x_wconf 74' lang='lat'>¹⁸</span> <span class='ocrx_word' id='word_1_907' title='bbox 1146 2918 1212 2941; x_wconf 85' lang='lat' dir='ltr'>Vers.</span> <span class='ocrx_word' id='word_1_908' title='bbox 1231 2918 1272 2946; x_wconf 80' lang='lat' dir='ltr'>2l;</span> <span class='ocrx_word' id='word_1_909' title='bbox 1290 2917 1345 2941; x_wconf 91' lang='lat' dir='ltr'>ibid.</span> <span class='ocrx_word' id='word_1_910' title='bbox 1364 2918 1405 2946; x_wconf 73' lang='lat'>⁴4,</span> <span class='ocrx_word' id='word_1_911' title='bbox 1424 2919 1446 2941; x_wconf 78' lang='grc' dir='ltr'>Β.</span> <span class='ocrx_word' id='word_1_912' title='bbox 1463 2921 1497 2941; x_wconf 88' lang='lat' dir='ltr'>est</span> <span class='ocrx_word' id='word_1_913' title='bbox 1513 2925 1562 2948; x_wconf 86' lang='lat' dir='ltr'>seq.</span> <span class='ocrx_word' id='word_1_914' title='bbox 1579 2919 1651 2942; x_wconf 85' lang='lat' dir='ltr'>locus.</span> 
     </span>
    </p>
   </div>
  </div>
 </body>
</html>
