2296 3316
0 409 13 1454 ⁴2⁴-KQ†0⁸tvqs-·wr—=-=oessssemamnemfl=——vwv
5 298 11 320 -.,
13 262 16 281 ..
11 203 13 219 .„
11 172 17 187 χ

900 144 1142 175 PROLEGOMENA
1164 147 1192 174 C.
1214 147 1232 175 I.
1914 154 1936 182 V

183 223 304 252 quodque,
317 222 357 246 ubi
368 225 449 246 auctor
465 222 598 251 praedictae
615 222 731 246 Summae
742 222 904 252 Euposilionis
922 222 947 245 in
965 222 1031 246 Psal-

183 269 270 293 tem‘um
286 276 337 298 cap.
356 271 377 292 8.
396 276 457 293 vers.
473 269 496 292 7.
514 270 584 297 legit:
604 269 723 299 Sprevisti
745 275 827 293 omnes
852 269 994 293 discedentes
1016 276 1031 293 a

182 316 275 340 iudiicis
292 317 351 345 tuis,
369 319 449 340 auctor
466 317 620 345 Expositionis
645 317 714 340 huius
737 317 857 345 amplioris
880 316 904 339 in
929 316 1030 339 eundem

181 364 297 387 Psalmum
324 365 376 386 118.
402 370 453 392 cap.
477 365 504 392 8,
529 370 590 387 vers.
608 364 629 392 6,
647 363 748 387 habeta
764 363 859 387 iustitiz's
876 363 936 391 tuis,
958 363 1031 386 intulit

181 414 252 440 atque
268 411 438 439 pronuntiavit,
456 412 515 433 hanc
531 411 641 433 fusiorem
657 411 829 439 Expositionem
851 416 897 433 non
914 416 965 433 esse
981 416 1031 432 san-

182 458 211 480 cti
228 458 416 486 Bonaventurae,
443 457 485 480 sed
502 457 591 480 loannis
613 457 787 480 Lemovicensis
810 457 918 479 monachi
940 456 1031 479 Clarae-

182 505 301 534 vallensis,
317 511 344 527 ex
361 511 404 528 ms.
421 505 501 528 codice
518 504 671 527 bibliothecae
693 505 716 527 S.
733 504 802 527 Marci
819 504 913 532 Veneti,
930 504 970 533 qui
988 505 1030 526 lor-

181 558 220 575 san
239 552 258 575 is
274 555 320 580 est,
337 552 378 581 qui
404 555 509 580 tempore
528 552 651 574 Innocentii
669 551 744 580 quarti
763 552 836 573 tactus
853 551 970 579 minorita,
993 556 1030 572 an.

182 599 241 621 ⁴245
258 602 307 621 erat
323 599 374 622 eius
391 599 579 621 Poenitentiarius
596 604 622 621 ex
640 598 697 621 actis
713 597 809 620 Conciiii
825 597 996 625 Lugdunensis,
1007 599 1030 619 et

181 645 230 668 eius
247 645 352 668 meminit
369 645 517 673 Waddingus
534 645 564 668 ad
581 651 617 667 an.
639 645 692 667 125⁴
714 651 777 667 num.
796 645 825 666 68
838 653 859 666 ι,

244 691 311 720 Quod
328 691 415 714 Boneiii
436 694 499 714 recte
518 691 668 718 iudicaverit,
685 693 774 714 certum
791 693 825 713 est
842 692 864 713 et
880 690 1030 713 confirmatur

180 738 314 761 auctoritate
331 738 452 766 codicum,
469 745 570 767 quorum
587 744 673 761 novem
689 741 742 760 sunt
758 737 880 766 anonymi,
897 737 944 760 duo
963 737 994 766 (u.
1007 736 1028 759 7.

179 788 202 808 et
219 786 264 814 ⁴2.)
283 789 401 808 auctorem
419 786 539 808 nominant
549 787 657 808 Ioannem
669 786 872 812 Lemovicensem,
888 785 1028 807 monachum

179 833 209 855 de
225 832 364 861 Ciaravalie,
381 839 441 855 unus
458 833 490 862 (n.
509 833 556 862 ⁴0.)
574 839 630 855 vero
647 833 682 855 Fr.
700 833 839 855 Gulielmum
857 832 887 855 de
903 831 1029 860 Lacea(?),

179 880 243 909 quod
259 880 343 908 legitur
360 880 382 902 in
400 880 447 902 tine
464 880 582 908 opusculi;
600 886 648 909 quo
666 882 742 902 tamen
759 879 853 902 nomine
871 880 966 902 sortasse
982 885 1029 901 non

179 929 271 954 auctor,
288 927 329 950 sed
347 927 445 955 scriptor
462 927 584 950 indicatur.
596 927 646 950 Non
662 929 697 949 est
711 927 808 949 alicuius
825 926 947 953 momenti,
964 926 1028 954 quod

179 980 261 997 manus
277 975 393 997 recentior
409 975 432 997 in
450 974 564 1003 principio
582 974 714 1002 inscripsit:
730 973 816 997 Sancti
831 973 1005 996 Bonaventure.

242 1022 262 1044 ⁴.
275 1021 399 1051 Erlanqen
416 1022 438 1044 in
457 1021 561 1049 Bavaria,
574 1020 714 1044 bibliotheca
727 1020 899 1049 Universitatis,
912 1020 963 1042 cod.
975 1020 1027 1042 191.

178 1068 277 1092 membr.
294 1069 317 1091 in
336 1069 373 1091 toi.
389 1074 450 1091 saec.
474 1069 530 1091 Xiii.
547 1071 638 1091 exeunt.
656 1068 737 1096 incipit
754 1068 790 1091 tol.
809 1069 829 1090 ⁴.
847 1074 865 1090 r.
884 1068 927 1090 col.
945 1068 953 1090 -i
968 1075 973 1089 2
991 1066 1028 1090 At-

179 1115 263 1144 zetula,
282 1115 336 1139 laus
353 1118 375 1140 et
390 1115 470 1146 yloria
486 1118 530 1139 etc.
548 1116 635 1139 Desinit
651 1116 705 1138 tolio
722 1115 760 1138 87.
779 1122 799 1138 r.
817 1116 861 1138 col.
874 1116 882 1138 ⁴
894 1123 899 1137 :
910 1114 1027 1145 Diquetm·

179 1162 259 1187 beatus
271 1164 292 1187 et
304 1163 474 1187 immaculatus
485 1162 603 1186 Dominus
615 1162 687 1186 beatis
698 1164 720 1186 et
731 1162 893 1186 immaculatis
904 1161 1027 1192 spiritibus

177 1216 318 1240 ayareyare.
335 1211 419 1234 Amen.
430 1211 539 1239 Sequitur
556 1210 633 1233 tabula
650 1216 729 1232 rerum
746 1209 890 1238 alphabetice
908 1209 1026 1238 disposita.

241 1259 263 1280 2.
282 1257 429 1286 Florentiae,
447 1257 587 1280 bibliotheca
604 1257 880 1284 Mediceo-Laurentiana,
906 1257 963 1279 Plut.
989 1257 1027 1279 tx.

177 1305 237 1328 dext.
255 1305 306 1327 cod.
326 1305 363 1327 ⁴0.
380 1304 480 1327 membr.
498 1305 520 1327 in
538 1305 576 1327 soi.
595 1310 655 1327 saec.
673 1304 734 1327 XlV.
752 1304 839 1327 ineunt.
855 1304 1026 1327 Commentario

177 1353 355 1380 praemittuntur
373 1353 429 1375 haec
446 1351 534 1374 verba:
551 1352 597 1375 Iste
614 1351 672 1375 liber
688 1351 736 1382 fuit
745 1351 778 1375 ad
788 1358 860 1375 usum
871 1351 958 1381 fratris
972 1351 1027 1375 The-

177 1398 242 1423 baldi
261 1399 288 1423 de
305 1399 379 1428 Casa,
403 1405 473 1429 quem
489 1399 569 1423 vivens
586 1399 720 1429 assignavit
734 1399 844 1422 armario
860 1399 968 1429 fratrum
985 1399 1027 1422 mi-

177 1452 266 1470 norum
283 1446 311 1470 de
327 1446 462 1474 Florentia,
479 1452 544 1469 anno
561 1445 659 1469 Domini
675 1444 752 1469 «1406.
769 1446 857 1469 Desinit
879 1446 916 1469 tol.
935 1446 988 1468 ⁴08.
1004 1452 1023 1469 r.

176 1496 218 1518 col.
237 1495 259 1517 ⁴.
275 1495 332 1517 Hinc
349 1494 447 1518 habetur
463 1495 531 1517 index
548 1497 573 1517 ut
589 1494 613 1517 in
629 1494 681 1517 cod.
699 1500 777 1522 praec.
793 1493 838 1516 sub
855 1495 898 1516 hac
915 1493 1024 1517 rubrica:

178 1542 326 1572 Quicumque
349 1542 401 1566 vult
424 1542 530 1566 invenire
546 1538 661 1565 notabilia
674 1543 804 1571 prenotata
820 1541 931 1571 requirat
947 1541 970 1564 in
989 1543 1025 1565 ta-

177 1589 232 1613 bula
248 1588 385 1613 subnotata.
401 1588 564 1612 Abominatus.

239 1636 260 1658 3.
278 1635 389 1664 Parisiis,
410 1635 548 1658 bibliotheca
565 1635 689 1658 Nationalis
707 1635 770 1664 (olim
789 1636 812 1658 S.
830 1635 947 1664 Victoris),
971 1635 1023 1658 cod.

176 1683 261 1706 ⁴4427.
279 1683 377 1705 membr.
389 1683 412 1705 in
429 1683 467 1705 sol.
484 1688 544 1705 saec.
562 1682 622 1704 XlV.
639 1682 743 1710 Scriptor
759 1682 874 1710 posterior
891 1682 1023 1710 praemisit:

178 1730 304 1754 Tractatus
321 1729 432 1753 notabilis
448 1735 521 1759 super
538 1728 606 1752 Beati
616 1728 773 1752 immaculati.
785 1729 873 1751 Desinit
885 1729 922 1751 soi.
936 1729 988 1751 ⁴34.
1001 1735 1023 1751 v.

176 1777 284 1806 Sequitur
309 1776 386 1799 tabula
406 1776 451 1799 sub
468 1777 512 1799 hoc
529 1776 611 1799 titulo:
630 1775 722 1799 Tabula
738 1774 770 1798 ad
787 1774 955 1798 inveniendum
972 1774 1024 1799 leci-

176 1826 211 1848 ter
228 1824 394 1855 quodcumque
417 1823 520 1848 notabile
542 1824 679 1847 contentum
695 1822 720 1845 in
736 1822 852 1852 prelibato
870 1828 946 1852 opere.
963 1822 1024 1846 Abo-

175 1871 289 1895 minatus.

239 1918 259 1941 4.
277 1918 377 1945 Ibidem,
396 1918 418 1940 in
435 1918 518 1941 eadem
536 1917 688 1944 bibliotheca,
705 1917 757 1940 cod.
776 1917 860 1940 ⁴4869.
879 1916 978 1939 membr.
1001 1917 1022 1939 in

175 1966 212 1989 tol.
229 1972 316 1994 parvo,
333 1971 393 1988 saec.
412 1965 472 1988 XiV.
489 1964 595 1987 ineuntis.
608 1964 688 1992 incipit
700 1965 737 1986 sol.
751 1964 901 1991 ⁴26„desinit
913 1964 950 1986 tol.
963 1963 1023 1990 2495

175 2013 283 2036 additur:
301 2011 407 2042 Eaeplicit
421 2018 518 2036 summa
535 2011 597 2035 beati
612 2010 774 2040 immaculati,
792 2013 814 2034 et
829 2011 934 2040 sequitur
946 2010 1023 2033 tabula

175 2063 200 2083 ut
216 2060 239 2083 in
255 2060 415 2088 praecedente.

238 2107 259 2130 5.
276 2106 377 2134 Ibidem,
396 2106 547 2129 Collectionrs
563 2105 653 2134 variae,
671 2105 724 2128 cod.
736 2105 820 2127 16496.
838 2105 937 2128 membr.
951 2105 973 2128 in
985 2105 1022 2143 t’ol.

174 2154 263 2176 minore
279 2160 339 2176 saec.
358 2153 418 2176 XiV.
436 2153 622 2176 Commentarius
638 2155 673 2175 est
689 2152 757 2174 vaide
773 2151 924 2174 abbreviatus
935 2158 962 2174 ac
975 2150 1023 2174 mu·

174 2201 241 2228 tilus;
254 2201 354 2223 excurrit
362 2200 424 2223 enim
433 2207 445 2223 a
455 2201 494 2223 t'ol.
503 2200 541 2222 88.
553 2207 572 2223 r.
581 2200 624 2223 col.
636 2200 656 2222 ⁴.
669 2199 698 2222 ad
711 2200 748 2222 tol.
760 2199 798 2221 9⁴.
809 2205 831 2222 v.
845 2199 886 2222 col.
899 2200 921 2222 2.
934 2199 957 2221 in
969 2199 1022 2222 stne.

238 2248 259 2270 6.
271 2247 356 2271 Sancti
367 2247 512 2275 Audomari,
525 2246 662 2270 bibliotheca
674 2246 785 2274 civitatis,
794 2247 846 2269 cod.
858 2247 911 2269 622.
924 2246 1023 2269 membr.

174 2295 196 2317 in
214 2295 252 2318 sol.
272 2301 341 2318 saec..
350 2295 411 2317 XiV.
429 2294 532 2317 Tabulae
545 2294 699 2322 praemittitur
711 2293 773 2316 idem
786 2294 876 2322 titulus,
888 2300 958 2323 quem
972 2300 1023 2322 pro-

173 2343 216 2364 fert
232 2341 285 2364 cod.
301 2343 464 2369 supranotatus
481 2340 525 2364 sub
542 2347 565 2363 n.
583 2341 604 2363 2.

236 2388 258 2410 7.
279 2388 357 2411 Trecis
374 2388 397 2410 in
414 2388 485 2410 Gallia
494 2405 500 2415 ,
513 2387 652 2410 bibliotheca
664 2386 779 2414 Civitatis,
792 2387 843 2409 cod.
857 2387 911 2409 556.
923 2387 1021 2410 membr.

175 2435 198 2457 in
215 2436 252 2457 sol.
270 2441 331 2457 saec.
348 2435 409 2458 XlV.
426 2435 532 2458 ineuntis.
550 2434 627 2458 Codex
645 2437 680 2457 est
696 2440 839 2462 anonymuS,
851 2434 910 2457 sicut
921 2437 974 2457 sunt
985 2435 1021 2457 alii

174 2481 295 2510 hucusque
312 2481 434 2510 descripti,
451 2482 493 2504 sed
514 2487 595 2504 recens
620 2483 754 2509 compactor
777 2481 894 2509 impressit
911 2481 934 2503 in
951 2482 1022 2504 dorso

173 2527 299 2550 voluminis
316 2528 392 2550 aureis
409 2528 504 2551 litteris:
522 2527 601 2558 Opera
617 2527 713 2551 loannis
726 2527 896 2551 Lemovicensis
912 2528 953 2551 Pr.
971 2528 1022 2551 Cla-

174 2573 279 2597 revallis.
296 2574 494 2597 commentarium
511 2575 616 2604 sequitur
633 2574 723 2602 tabula,
736 2581 796 2604 quae
813 2574 896 2597 desinit
913 2575 949 2597 tol.
969 2575 1021 2597 ⁴38.

174 2627 193 2643 r.
211 2621 247 2644 his
263 2621 358 2644 verbis:
377 2623 404 2644 In
420 2621 467 2645 ista
483 2621 566 2645 tabula
583 2621 730 2652 colliguntur
755 2621 870 2645 notabilia
894 2622 1021 2651 universa,

174 2674 235 2698 quae
251 2667 350 2692 diversis
367 2668 491 2699 capitulis,
508 2669 645 2698 versiculis,
663 2669 773 2693 articulis
789 2671 848 2693 sunt
863 2669 985 2700 disposita.

236 2716 258 2738 8.
275 2715 375 2744 Ibidem,
401 2716 452 2738 cod.
479 2716 547 2738 ⁴624.
565 2715 664 2739 membr.
682 2716 703 2738 in
721 2716 758 2739 tol.
777 2716 867 2739 minore
882 2722 943 2739 saec.
961 2717 1020 2740 XiV.

173 2761 337 2790 Complectitur
353 2762 547 2785 commentarium
564 2764 587 2785 et
603 2762 705 2785 tabulam
722 2766 747 2786 ut
763 2763 906 2792 praecedens
922 2764 972 2786 sine
983 2770 1022 2786 no-

173 2809 236 2831 mine
252 2810 361 2832 auctoris.

236 2856 258 2878 9.
275 2855 376 2884 Ibidem,
393 2857 444 2879 cod.
464 2856 534 2879 1534.
553 2855 653 2879 membr.
677 2857 699 2879 in
725 2857 763 2880 sol.
782 2861 869 2886 parvo,
886 2864 945 2880 saec.
964 2858 1021 2881 Xlll.

173 2902 358 2925 Commentarius
375 2909 388 2925 a
406 2903 443 2925 toi.
462 2904 483 2925 ⁴.
499 2909 518 2925 r.
536 2903 635 2926 excurrit
650 2910 725 2933 usque
741 2905 772 2927 ad
790 2905 827 2927 soi.
841 2906 848 2926 ⁴
857 2905 893 2927 ⁴7.
905 2911 927 2927 v.
939 2907 964 2928 ut
976 2906 1020 2928 aiii.

173 2949 261 2972 Deinde
278 2949 398 2973 subiicitur
416 2949 496 2973 tabula>
509 2950 654 2974 notabilium.

1153 225 1189 246 ⁴0.
1207 224 1307 253 Ibidem,
1326 226 1378 248 cod.
1396 226 1464 249 ⁴7⁴4.
1488 228 1586 251 membr.
1610 229 1633 251 in
1658 229 1678 252 4.
1704 236 1765 253 saec.
1786 231 1847 253 XIV.
1868 232 1935 254 Plura

1088 277 1115 293 ac
1124 271 1225 299 plurium
1238 275 1359 295 auctorum
1369 279 1440 301 opera
1451 275 1558 298 continet.
1568 275 1740 299 Commentario
1752 277 1774 299 in
1786 278 1869 300 Psalm.
1883 279 1934 301 ⁴⁴8.

1088 322 1169 339 recens
1185 323 1268 340 manus
1293 325 1354 341 saec.
1376 320 1427 341 XV.
1445 321 1548 343 exeuntis
1565 319 1698 349 praemisit:
1715 323 1799 347 Sancti
1814 322 1934 347 Bonaven-

1088 364 1148 386 ture.
1166 364 1189 386 ln
1207 364 1252 386 tine
1276 366 1436 388 commentarii
1459 367 1496 389 toi.
1514 367 1568 389 404.
1588 374 1606 390 r.
1633 372 1699 396 post:
1716 370 1791 392 Amen
1815 371 1933 399 sequitur:

1087 410 1157 433 Hunc
1174 410 1263 434 librum
1280 411 1377 441 scripsit
1391 412 1422 442 fr.
1442 413 1584 437 Guillelmus
1597 414 1624 437 de
1643 415 1716 438 Lacca
1730 416 1833 445 (Lanicea
1841 418 1868 446 5⁹).
1888 417 1935 445 Qui

1088 456 1148 480 liber
1164 459 1198 480 est
1213 458 1346 488 superioris
1371 461 1452 482 sancte
1473 460 1549 483 Mai-ie
1566 461 1713 485 clarevallis.
1732 463 1840 492 Sequitur
1857 463 1934 486 tabula

1087 504 1152 527 solita
1170 511 1256 527 rerum.

1151 552 1189 574 ⁴⁴.
1206 551 1306 580 Ibidem,
1325 553 1376 576 cod.
1400 554 1469 576 ⁴857.
1487 554 1587 577 membr.
1607 555 1628 577 in
1647 555 1684 578 sol.
1700 562 1760 578 saec.
1778 556 1838 579 XlV.
1856 557 1934 580 ineun-

1087 599 1122 621 tis.
1140 598 1305 627 Complectitur
1323 603 1396 623 totum
1421 602 1614 624 commentarium
1641 608 1694 625 cum
1720 602 1798 625 tabula
1823 606 1845 626 et
1868 604 1933 627 solita

1087 646 1295 669 animadversione.

1151 694 1158 715 ⁴
1166 694 1187 715 2.
1209 693 1320 722 Venetiis,
1346 694 1485 718 bibliotheca
1510 696 1583 718 sancti
1608 697 1689 725 Marci,
1711 698 1777 720 class.
1794 698 1810 720 1.
1827 696 1879 720 cod.
1896 698 1933 721 59.

1088 739 1187 762 membr.
1207 740 1229 762 in
1247 741 1268 763 4.
1286 747 1347 763 saec.
1364 741 1425 764 XlV.
1443 742 1503 764 circa
1526 742 1680 765 medietatem.
1698 744 1759 766 Folio
1781 745 1798 766 i.
1816 750 1834 766 r.
1851 745 1894 767 col.
1913 746 1933 767 ⁴.

1086 786 1185 814 legitur:
1203 787 1288 817 Incipit
1306 788 1433 811 Tractatus
1458 788 1572 818 maqislri
1587 788 1684 813 Ioannis
1701 790 1870 814 Lemovicensis
1887 797 1934 814 mo-

1085 833 1158 857 nachi
1173 834 1200 860 cte
1218 834 1291 858 Clara
1307 835 1369 858 valle
1385 842 1457 865 super
1475 835 1536 860 beati
1551 836 1706 861 immaculati.
1725 838 1804 861 Manus
1821 839 1934 867 posterior

1086 881 1165 904 addit:
1182 882 1212 904 Et
1226 882 1307 911 primo
1329 882 1431 912 ponitur
1459 883 1559 907 Titulus.
1584 883 1688 907 Alleluia
1710 888 1752 907 etc.
1770 885 1857 908 Desinit
1873 892 1935 908 com-

1086 929 1214 951 mentarius
1230 930 1269 952 sol.
1289 929 1342 952 147.
1364 937 1387 952 ν.
1410 931 1452 953 col.
1471 931 1500 952 2:
1517 930 1623 960 Explicit
1642 931 1768 955 Tractatus
1784 938 1857 962 super
1874 932 1936 956 beati

1085 974 1242 998 immaculati.
1260 976 1308 998 Alia
1326 982 1409 999 manus
1436 978 1599 1006 prosequitur:
1624 978 1738 1001 Iohannis
1763 978 1933 1003 Lemovicensis

1085 1022 1198 1046 monachi
1221 1022 1248 1045 de
1273 1023 1341 1046 clara
1363 1023 1433 1047 calle.
1453 1024 1559 1047 Tandem
1577 1025 1652 1053 prima
1670 1032 1768 1048 manus:
1785 1025 1852 1049 Finis
1867 1025 1934 1050 adest

1085 1069 1176 1099 operis,
1199 1070 1332 1094 mercedem
1345 1077 1419 1101 posco
1437 1070 1533 1095 laboris.
1551 1072 1661 1101 Sequitur
1677 1072 1745 1095 index
1762 1078 1814 1095 cum
1833 1074 1876 1095 hac
1898 1079 1934 1096 ru-

1084 1117 1163 1140 brica:
1180 1117 1300 1147 Incipiunt
1316 1118 1483 1142 concordantia
1499 1119 1616 1148 sequentis
1633 1119 1719 1148 operis.
1736 1119 1915 1144 Abhominatus.

1148 1165 1213 1194 Quae
1229 1172 1282 1188 cum
1300 1166 1329 1188 ita
1354 1166 1410 1193 sint,
1435 1167 1574 1194 opusculum
1599 1167 1774 1190 Bonaventurae
1798 1167 1933 1191 abiudicari-

1085 1212 1141 1235 dum
1159 1216 1193 1235 est
1210 1216 1232 1235 ct
1249 1212 1399 1240 probabiliter
1416 1214 1493 1236 loanni
1510 1214 1671 1237 Lemoviceusi
1689 1213 1845 1237 tribuendum.

1147 1259 1161 1288 ζ)
1178 1259 1200 1282 5.
1217 1259 1247 1282 De
1263 1259 1410 1289 Expositione
1427 1259 1451 1282 in
1469 1259 1620 1290 Evangelium
1636 1260 1735 1284 Ioannis.

1147 1307 1239 1335 incipit:
1265 1307 1381 1337 Numquid
1404 1307 1437 1330 ad
1452 1309 1592 1337 preceptum
1617 1309 1694 1332 tuum.
1720 1309 1780 1332 Cum
1796 1309 1858 1333 inter
1877 1316 1932 1340 qua-

1082 1356 1140 1378 tuor
1157 1356 1242 1378 sancta
1258 1354 1382 1377 animalia.

1146 1403 1219 1425 Huius
1236 1402 1396 1424 commentarii
1413 1402 1436 1424 in
1453 1403 1562 1425 loannem
1579 1403 1615 1425 alii
1632 1403 1734 1431 genuino
1746 1410 1868 1432 perperam
1881 1404 1932 1427 sub-

1070 1449 1154 1471 ·stituti
1178 1449 1249 1472 editio
1273 1449 1348 1477 prima
1371 1450 1429 1472 tacta
1452 1451 1486 1472 est
1502 1456 1514 1472 a
1532 1450 1588 1472 viris
1605 1450 1692 1477 doctis,
1710 1451 1750 1479 qui
1768 1450 1929 1474 Collectionem

1082 1497 1217 1519 Vaticanam
1235 1499 1375 1519 curaverunt
1393 1496 1459 1525 (tom.
1477 1496 1498 1518 il.
1517 1502 1571 1524 pag.
1589 1496 1710 1525 3⁴⁴·466).
1723 1497 1756 1519 De
1768 1497 1858 1525 orIgine
1870 1497 1931 1520 eius-

1081 1543 1135 1567 dem
1153 1544 1197 1572 ipsi
1215 1543 1316 1566 editores
1332 1544 1445 1566 rationem
1462 1543 1564 1566 reddunt
1580 1543 1683 1572 quodam
1695 1544 1760 1572 operi
1773 1544 1874 1572 praefixo
1887 1545 1931 1568 Αν-

1081 1592 1205 1620 yumcnto‚
1226 1597 1252 1613 ex
1270 1596 1318 1619 quo
1335 1590 1481 1619 excerpimus
1497 1597 1557 1620 quae
1573 1593 1710 1620 sequuntur.

1148 1638 1261 1661 «Constat
1285 1639 1332 1660 sere
1356 1638 1414 1660 inter
1431 1626 1512 1660 omnes
1536 1637 1677 1666 antiquitatis
1701 1638 1869 1661 ecclesiasticae
1886 1645 1931 1662 usu

1082 1686 1181 1714 peritos,
1199 1686 1221 1708 in
1239 1685 1390 1713 Evangelium
1407 1686 1430 1708 S.
1444 1685 1533 1707 ioannis
1549 1685 1659 1708 eximium
1677 1686 1791 1708 Ecclesiae
1808 1686 1930 1708 Ductorem

1081 1733 1230 1760 seraphicum
1247 1733 1447 1760 Bonaventuram,
1465 1732 1542 1755 virum
1560 1732 1583 1754 in
1600 1720 1683 1761 primis
1699 1732 1760 1755 vitae
1777 1733 1930 1755 sanctimonia

1081 1780 1245 1808 doctrinaeque
1261 1779 1330 1802 laude
1345 1779 1511 1808 clarissimum,
1529 1780 1656 1802 luculenter
1672 1779 1794 1807 scripsisse
1814 1785 1930 1802 commen-

1081 1827 1136 1849 taria
1153 1833 1228 1855 eaque
1245 1826 1390 1849 distribuisse
1406 1827 1431 1849 in
1448 1826 1551 1854 postillas
1568 1829 1590 1848 et
1607 1826 1739 1848 collationes
1751 1834 1773 1848 n.
1791 1826 1878 1848 Deinde
1895 1832 1928 1849 re-

1081 1875 1163 1901 tertur,
1181 1875 1237 1896 haec
1254 1873 1420 1896 commentaria
1437 1873 1478 1896 diu
1495 1873 1625 1896 desiderata
1642 1873 1735 1895 tandem
1761 1873 1851 1895 inventa
1875 1879 1927 1896 esse

1079 1921 1187 1944 Coloniae
1198 1920 1311 1943 Ubiorum
1323 1921 1345 1943 in
1357 1922 1472 1943 conventu
1483 1921 1506 1943 S.
1518 1920 1633 1942 Francisci
1645 1920 1699 1943 Ord.
1712 1920 1777 1949 Min.,
1791 1921 1926 1943 Summum-

1080 1974 1126 1996 que
1142 1967 1276 1989 Pontificem
1294 1967 1381 1990 Sixtum
1399 1966 1526 1989 V.‘Nuntio
1543 1966 1674 1994 Apostolico
1691 1966 1715 1988 in
1731 1966 1853 1989 Germania
1874 1967 1927 1989 inse-

1080 2015 1135 2037 riori
1152 2014 1248 2037 Octavio
1273 2014 1351 2041 Mirto,
1369 2014 1479 2042 episcopo
1496 2013 1613 2036 Caiacensi
1630 2013 1653 2035 id
1670 2013 1757 2041 negotii
1774 2013 1878 2042 dedisse,-
1902 2016 1926 2036 ut

1080 2066 1107 2082 ea
1123 2066 1194 2089 quam
1211 2060 1314 2088 primum
1331 2062 1393 2082 recte
1410 2059 1563 2082 describenda
1579 2062 1671 2082 curaret
1695 2060 1841 2089 Romamque
1858 2060 1929 2082 mitte-

1079 2108 1121 2128 ret.
1138 2106 1158 2128 Is
1175 2106 1291 2128 pontificis
1302 2105 1437 2128 mandatum
1455 2109 1588 2135 exsecutus,
1606 2106 1759 2135 Expositionis
1777 2106 1836 2129 iilius
1852 2112 1929 2129 exom-

1079 2154 1144 2182 pium
1160 2156 1222 2176 recte
1239 2154 1355 2182 eleganter
1376 2154 1516 2182 exscriptum
1535 2154 1564 2177 ad
1582 2153 1667 2177 Urbem
1693 2155 1755 2177 misit
1772 2161 1825 2177 cum
1850 2154 1930 2177 litteris

1079 2202 1175 2224 huiusce
1192 2201 1316 2224 testimonii
1334 2201 1356 2223 in
1373 2202 1436 2224 calce
1452 2201 1505 2224 libri
1522 2207 1592 2224 manu
1617 2202 1701 2224 notarii
1725 2202 1847 2230 adscripti,
1864 2201 1929 2230 quod

1079 2249 1207 2277 posteritati
1224 2249 1284 2278 typis
1301 2248 1449 2277 prodendum
1467 2249 1601 2272 censuimus
1617 2248 1647 2271 ad
1664 2251 1803 2277 perpetuum
1822 2248 1880 2271 illius
1896 2250 1929 2270 te-

1079 2296 1222 2319 stificationis
1240 2296 1410 2319 monimentum
1422 2305 1444 2318 n.
1466 2296 1599 2325 Sequuntur
1616 2296 1665 2324 ipsa
1683 2295 1756 2318 verba
1773 2296 1843 2318 huius
1860 2295 1928 2318 docu-

1080 2344 1162 2371 menti,
1180 2344 1202 2378 in
1219 2350 1266 2372 quo
1284 2344 1386 2366 notarius
1403 2343 1473 2366 fldem
1492 2343 1556 2372 tacit,
1574 2343 1642 2365 istam
1654 2343 1770 2371 postillam
1787 2342 1928 2371 descriptam

1079 2397 1130 2413 esse
1147 2397 1173 2413 ex
1190 2394 1269 2413 vetere
1285 2391 1409 2419 exemplari
1427 2390 1538 2419 praedicti
1555 2392 1697 2421 conventus,
1721 2390 1786 2419 quod
1803 2389 1834 2412 ibi
1851 2390 1928 2412 adhuc

1079 2437 1177 2460 fideliter
1193 2440 1306 2459 servetur.

1142 2485 1174 2507 Dc
1191 2485 1273 2507 eodem
1291 2485 1441 2512 apographo,
1459 2484 1522 2513 quod
1539 2490 1601 2506 nunc
1618 2485 1653 2506 est
1670 2483 1693 2505 in
1710 2482 1849 2505 bibliotheca
1868 2482 1927 2504 Vati-

1079 2538 1136 2554 cana
1153 2532 1206 2554 cod.
1223 2538 1244 2554 n.
1262 2532 1337 2559 7723,
1353 2531 1454 2560 loquitur
1471 2531 1556 2554 Bonelli
1574 2531 1664 2560 (Prodr.
1681 2531 1724 2553 col.
1741 2530 1794 2553 458.
1805 2537 1828 2553 n.
1842 2530 1890 2559 43.)
1903 2530 1927 2552 in

1078 2579 1213 2601 recensione
1230 2578 1338 2601 codicum
1356 2577 1509 2600 bibliothecae
1526 2577 1710 2600 Aracaelitanae:
1728 2576 1827 2600 Postilla
1843 2575 1869 2599 S.
1886 2576 1927 2599 Bo-

1078 2626 1227 2648 naventurae
1255 2624 1279 2648 in
1305 2626 1426 2648 loannem.
1450 2624 1550 2653 incipit:
1576 2623 1692 2654 Nunquid
1716 2623 1748 2647 ad
1769 2625 1908 2653 preceptum
1918 2632 1926 2652 ς

1078 2672 1130 2694 cod.
1148 2673 1220 2694 chart.
1237 2672 1261 2693 in
1279 2671 1343 2699 solio,
1366 2678 1414 2700 quo
1431 2677 1501 2694 manu
1519 2670 1605 2699 publici
1623 2670 1703 2693 notarii
1721 2670 1810 2692 munito
1826 2669 1926 2693 Colonia-

1078 2725 1125 2747 que
1141 2719 1240 2741 Romam
1257 2718 1356 2741 advecto
1374 2719 1408 2741 usi
1426 2720 1480 2741 sunt
1496 2717 1597 2740 editores
1615 2717 1701 2740 Sixtini.
1719 2717 1763 2739 Sed
1783 2717 1927 2740 animadver-

1078 2766 1187 2793 tendum,
1204 2766 1267 2795 quod
1285 2766 1306 2793 ly
1324 2764 1350 2788 S.
1368 2765 1550 2788 Bonaventurae
1567 2767 1614 2787 tam
1630 2765 1653 2787 in
1670 2764 1750 2787 codice
1766 2770 1838 2793 quam
1855 2764 1878 2786 in
1894 2764 1926 2786 iit-

1078 2813 1132 2836 teris
1149 2813 1230 2836 notarii
1248 2813 1398 2836 substitutum
1417 2813 1458 2835 ruit
1482 2818 1552 2835 manu
1574 2812 1714 2840 recentiore,
1733 2811 1809 2839 primo
1833 2810 1926 2834 nomine

1078 2860 1160 2883 deleto.
1178 2861 1236 2883 Hinc
1253 2860 1400 2888 Waddingus
1419 2860 1457 2889 (de
1475 2859 1631 2887 Scriptoribus
1656 2858 1710 2881 Ord.
1730 2858 1781 2880 Min.
1803 2864 1857 2886 pag.
1879 2858 1920 2880 211

1078 2907 1120 2930 coi.
1140 2906 1169 2935 ⁴.)
1189 2907 1274 2936 inquit:
1295 2916 1305 2927 ‹
1317 2908 1409 2929 Exstant
1427 2907 1449 2929 in
1467 2906 1605 2929 bibliotheca
1617 2908 1694 2929 nostra
1705 2905 1807 2928 Aracaeli
1825 2905 1848 2927 in
1864 2904 1926 2927 Urbe

1078 2953 1125 2976 duo
1143 2953 1219 2981 Opera
1235 2960 1281 2976 non
1299 2953 1468 2976 contemnenda
1480 2952 1525 2976 sub
1536 2952 1601 2975 titulo
1612 2952 1702 2975 loannis
1713 2951 1839 2979 Gualensis,
1851 2957 1923 2974 unum
