2296 3316
885 385 1241 430 PROOEMIUM

539 512 987 571 COMMENTARH
1023 512 1092 570 IN
1131 511 1592 572 ECOLESIASTEN

425 990 607 1018 INTRODUCTlo
629 996 790 1017 GENERALIS.

264 1087 289 1113 sl.
312 1085 420 1114 Beatus
441 1085 505 1118 vir,
527 1084 613 1112 cuius
634 1087 676 1112 est
702 1091 806 1112 nomen
829 1083 949 1112 Domini
968 1091 1033 1120 spes

184 1133 260 1167 eius,
281 1135 307 1161 et
326 1140 384 1161 non
405 1132 533 1169 respeaeit
552 1131 585 1159 in
605 1131 750 1159 vanitates
771 1134 797 1159 et
817 1131 954 1159 insanias
974 1129 1033 1167 fal-

184 1188 235 1209 sas
246 1180 265 1207 ¹.
286 1179 371 1213 Cuni,
393 1179 464 1207 sicut
485 1178 545 1207 vult
566 1178 663 1207 beatus
684 1177 847 1214 Dionysius,
873 1177 977 1206 bonum
999 1177 1034 1206 sit

57 1235 126 1258 Duplex
138 1234 169 1252 bo·
185 1226 305 1263 primum
326 1224 489 1262 appetibile;
512 1224 616 1253 bonum
637 1227 730 1253 autem
759 1224 794 1253 sit
820 1223 942 1261 duplex,
965 1226 1034 1252 tem—

86 1263 135 1276 Μ’
183 1272 277 1310 porale
298 1272 401 1301 scilicet
421 1275 448 1300 et
469 1274 630 1306 aeternum,
652 1271 732 1300 iuxta
753 1270 821 1300 illud
843 1270 979 1300 secundae
1000 1271 1034 1299 ad

184 1319 339 1348 Corinthios
360 1322 460 1356 quarto
473 1319 496 1346 ²:
514 1319 595 1354 Quae
608 1318 745 1347 videntur
760 1317 934 1355 temporalia
948 1321 1033 1352 sunt,

184 1374 258 1405 quae
278 1369 375 1395 autem
389 1374 448 1394 non
460 1365 610 1399 videntur,
632 1368 768 1393 aeterna:
789 1363 928 1401 duplicem
943 1363 971 1392 in
986 1371 1034 1391 no-

68 1421 136 1445 Duplex
150 1425 169 1439 a·
185 1413 227 1442 bis
247 1415 360 1450 generat
380 1420 503 1441 amorem
525 1412 582 1441 sive
596 1412 765 1449 appetitum,
781 1411 884 1440 scilicet
898 1411 1034 1440 caritatis

89 1449 134 1463 Μ’
184 1463 212 1490 et
232 1460 376 1494 libidinis,
399 1463 430 1488 ut
451 1460 552 1489 caritas
572 1459 608 1488 sit
628 1467 705 1488 amor
727 1458 836 1487 rediens
857 1458 891 1487 ad
913 1460 1034 1492 aeterna,

184 1507 266 1537 libido
287 1507 321 1536 ad
343 1511 460 1536 terrena.
485 1507 515 1536 Et
536 1506 602 1544 quia
623 1506 843 1535 convenientiam
864 1508 891 1534 et
905 1505 1034 1534 differen-

184 1555 250 1583 tiam
271 1554 452 1592 appetituum
484 1553 611 1591 sequitur
632 1553 824 1582 convenientia
845 1556 872 1581 et
893 1552 1035 1581 disconve-

184 1601 286 1631 nientia
306 1610 441 1632 morum:
462 1604 490 1630 et
511 1600 665 1630 secundum
685 1599 904 1629 convenientiam
920 1600 948 1628 iu
970 1599 1034 1636 legi-

184 1650 237 1679 bus
257 1652 284 1678 et
311 1649 437 1677 moribus
468 1648 592 1677 consistit
622 1647 724 1676 unitas
755 1640 905 1676 civitatis-:¹
923 1655 960 1675 ex
981 1647 1033 1675 boc

47 1702 169 1745 Durlgeivi-
183 1696 286 1733 duplici
306 1703 401 1724 amore
422 1695 527 1732 duplex
558 1694 649 1723 oritur
671 1694 791 1728 civitas,
813 1694 910 1723 civitas
931 1694 1034 1723 scilicet

113 1731 128 1745 ⁵'
185 1750 321 1781 supernae
353 1742 501 1771 Ierusalem
529 1745 557 1771 et
584 1741 680 1770 civitas
708 1741 853 1778 Babylonis
872 1741 891 1769 ³.
928 1741 1034 1769 Primae

183 1789 395 1819 fundamentum
416 1792 457 1817 est
485 1788 585 1817 caritas
605 1787 747 1821 ordinata,
776 1787 928 1821 secundae,
952 1787 1034 1816 libido

186 1844 324 1873 perversa.
347 1836 473 1873 Superna
495 1835 580 1872 igitur
601 1834 712 1869 civitas,
735 1834 800 1871 quia
821 1834 935 1863 fundata
950 1834 1033 1862 estin

47 1889 169 1933 ffiffidssffl·
185 1883 313 1918 caritate,
335 1891 407 1921 quae
427 1883 509 1920 erigit
529 1882 562 1911 ad
576 1885 711 1916 aeterna,
734 1882 760 1910 in
782 1881 903 1910 aeternis
917 1881 1034 1918 quiescit

140 1927 145 1932 “
185 1933 212 1960 et
232 1930 260 1959 in
280 1930 320 1959 eis
340 1929 539 1959 beatitudinem
559 1929 645 1966 ponit.
669 1928 814 1966 Babylonis
835 1936 901 1957 vero
922 1928 1033 1961 civitas,

185 1985 256 2014 quae
283 1985 333 2014 per
362 1976 502 2005 libidinem
531 1976 698 2013 deprimitur
726 1975 760 2004 ad
786 1978 911 2009 terrena,
934 1975 961 2003 in
991 1975 1034 2003 liis

185 2023 303 2053 terrenis
323 2023 521 2052 beatitudinem
542 2023 627 2060 ponit.
643 2039 680 2044 —-
696 2022 728 2050 Et
746 2022 784 2051 sic
806 2022 975 2059 relinquitur
996 2029 1033 2050 ex

184 2070 346 2108 praedictis,
367 2070 442 2108 quod
463 2071 534 2099 sicut
561 2070 667 2107 duplex
693 2073 735 2098 est
766 2069 886 2103 bonum,
915 2069 954 2098 sic
981 2069 1033 2097 du—

184 2118 250 2155 plex
270 2120 312 2146 est
332 2125 431 2151 amor,
453 2118 492 2146 sic
512 2117 618 2154 duplex
639 2116 760 2150 civitas,
786 2116 824 2145 sic
842 2116 925 2145 etiam
945 2115 1033 2145 beati-

185 2164 253 2193 tudo
273 2164 394 2202 duplex,
417 2172 482 2194 vera
503 2165 606 2193 scilicet
626 2164 654 2193 in
675 2164 811 2198 aeternis,
826 2163 893 2192 falsa
914 2163 942 2191 in
964 2166 1032 2192 tem-

184 2211 326 2249 poralibus
346 2215 374 2241 et
400 2211 526 2246 caducis;
552 2212 715 2241 Psalmus-4:
742 2211 866 2239 Beatum
892 2210 1032 2239 diluerunt

181 2257 340 2296 populum,
369 2258 420 2287 eui
432 2257 516 2286 'llaec
543 2262 614 2287 sunt
639 2260 690 2287 etc.
724 2273 760 2278 -
792 2257 824 2286 Et
852 2257 924 2286 sicut
952 2265 1030 2287 amor

57 2312 169 2356 *titi-552&
185 2305 306 2334 caritatis
326 2309 354 2334 et
375 2304 494 2334 libidinis
516 2305 554 2334 sic
575 2305 687 2334 obviant
708 2304 775 2339 sibi,
800 2307 832 2333 ut
860 2304 944 2333 simul
971 2312 1031 2334 esse

162 2350 239 2380 'non
269 2352 392 2389 possint;
426 2351 465 2381 sic
493 2351 544 2380 hae
572 2351 643 2380 duae
670 2351 873 2385 beatitudines;
902 2350 1030 2379 Matthaei

1091 991 1186 1017 sexto:
1209 988 1298 1017 Nemo
1316 992 1408 1025 potest
1435 988 1548 1017 duobus
1570 989 1696 1018 dominis
1716 991 1834 1019 servire.
1862 991 1938 1025 Ideo,

1091 1036 1112 1064 si
1134 1035 1197 1072 quis
1218 1035 1278 1064 vult
1298 1043 1357 1065 esse
1379 1035 1491 1070 beatus,
1512 1044 1624 1065 necesse
1645 1039 1698 1071 est,
1714 1040 1746 1065 ut
1759 1037 1855 1066 futura
1868 1038 1940 1067 bona

1089 1082 1184 1119 diligat
1205 1086 1232 1111 et
1253 1086 1410 1111 contemnat
1430 1083 1592 1120 praesentia.
1615 1083 1676 1112 Ideo
1691 1084 1809 1121 Spiritus
1827 1088 1938 1114 sanctus

1091 1136 1140 1166 per
1161 1129 1332 1158 psalmistam
1354 1129 1446 1158 virum
1476 1130 1587 1158 beatum
1614 1130 1649 1159 ab
1677 1130 1729 1159 hoc
1750 1130 1851 1168 duplici
1874 1134 1937 1161 actu
1956 1134 2044 1176 Sffigffgr
2052 1135 2084 1176 ‘103

1089 1175 1236 1204 describit:
1258 1184 1275 1204 a
1295 1183 1482 1212 supernorum
1497 1176 1655 1211 dilectione,
1670 1185 1741 1214 quae
1756 1177 1860 1207 faciunt
1874 1178 1938 1207 bea·
1956 1181 2025 1204 duplici
2033 1183 2082 1199 actu-

1092 1225 1170 1256 tum,
1192 1230 1256 1251 cum
1277 1222 1357 1251 dicit:
1382 1223 1488 1251 Beatus
1508 1223 1571 1257 vir,
1593 1224 1678 1252 cuius
1699 1228 1740 1252 est
1760 1233 1862 1253 nomen
1884 1225 1939 1254 Do-

1090 1269 1167 1298 mini
1186 1278 1250 1306 spes
1270 1270 1351 1303 eius,·
1372 1272 1399 1298 et
1419 1278 1435 1298 a
1456 1273 1632 1299 terrenorum
1646 1272 1853 1308 aspernatione,
1868 1280 1939 1309 quae

1091 1316 1196 1345 faciunt
1215 1325 1343 1350 vanum,
1365 1324 1430 1345 cum
1451 1316 1530 1345 dicit:
1554 1317 1589 1345 Et
1607 1326 1667 1346 non
1691 1318 1817 1355 respexit
1836 1318 1868 1346 in
1888 1327 1939 1347 va—

1091 1364 1196 1392 nitates
1217 1368 1242 1392 et
1262 1364 1398 1392 insanias
1419 1363 1523 1401 falsas.
1548 1364 1617 1393 Vere
1638 1363 1738 1393 beatus
1768 1365 1832 1399 vir,
1854 1365 1940 1394 euius

1091 1414 1132 1439 est
1147 1419 1255 1439 nomen
1279 1411 1397 1439 Domini
1416 1419 1480 1447 spes
1501 1411 1572 1440 eius.

1171 1459 1197 1486 2.
1220 1457 1301 1486 Solus
1321 1461 1415 1486 autem
1430 1458 1565 1487 Dominus
1580 1458 1729 1493 beatificat,
1745 1467 1795 1488 nec
1810 1463 1851 1488 est
1865 1460 1939 1488 aliud
1956 1461 1983 1480 De
1998 1462 2014 1480 1·
2028 1464 2077 1481 aetu-

1092 1512 1191 1533 nomen
1213 1504 1265 1532 sub
1286 1504 1376 1538 caelo,
1399 1504 1473 1541 quod
1494 1505 1637 1533 beatificet.
1661 1506 1740 1534 Solus
1754 1506 1827 1534 enim
1848 1506 1939 1535 Domi—

1090 1559 1145 1581 nus
1165 1555 1206 1580 est
1226 1551 1325 1580 beatus
1338 1560 1391 1588 per
1405 1552 1575 1586 essentiam
1591 1552 1695 1588 primae
1710 1552 1744 1581 ad
1762 1553 1938 1582 Timotheum
1956 1556 2010 1575 Ratio
2024 1556 2040 1574 1-

1091 1598 1210 1627 sext0⁵:
1234 1598 1334 1627 Servos
1360 1598 1537 1627 mandatum
1565 1599 1627 1627 sine
1651 1599 1787 1634 macula,
1813 1600 1939 1637 irrepre-

1092 1644 1243 1679 hensibile,
1266 1654 1357 1684 usqae
1383 1646 1416 1674 in
1436 1646 1594 1674 adventum
1616 1646 1734 1675 Domini
1758 1647 1853 1675 nostri
1874 1647 1940 1676 Iesu

1093 1690 1215 1726 Christi,
1238 1701 1319 1730 quem
1349 1693 1413 1721 suis
1442 1692 1618 1729 temporibus
1649 1693 1773 1722 ostendet
1794 1693 1894 1722 beatus
1915 1699 1939 1723 et

1090 1739 1171 1767 solus
1189 1743 1289 1776 potens
1312 1740 1370 1768 Rex
1391 1747 1493 1777 regum
1516 1744 1540 1768 et
1556 1740 1698 1768 Dominus
1712 1740 1936 1769 dominantium.

1092 1786 1129 1814 illi
1151 1794 1217 1823 ergo
1239 1786 1289 1814 soli
1310 1786 1380 1814 inest
1411 1786 1551 1815 beatitudo
1583 1790 1610 1815 et
1635 1787 1756 1823 potentia
1777 1795 1826 1824 per
1847 1795 1938 1817 essen-

1092 1833 1170 1867 tiam,
1185 1832 1326 1861 beatitudo
1337 1836 1430 1861 autem
1446 1836 1540 1862 nostra
1554 1837 1595 1861 est
1604 1842 1657 1870 per
1665 1832 1920 1871 participationem
1928 1846 1938 1868 ,-

1091 1879 1244 1910 secundum
1266 1879 1340 1917 quod
1361 1883 1403 1908 est
1417 1887 1466 1916 per
1482 1880 1732 1916 participationem,
1748 1884 1840 1908 ortum
1856 1880 1939 1909 habet

1090 1927 1125 1956 ab
1147 1927 1193 1955 illo
1224 1927 1298 1964 quod
1330 1931 1371 1955 est
1393 1934 1442 1964 per
1463 1927 1625 1955 essentiam:
1647 1935 1713 1963 ergo
1741 1927 1811 1955 beati
1840 1935 1938 1956 sumus

1090 1974 1286 2011 participantes
1308 1973 1410 2002 sontem
1433 1973 1623 2007 beatitudinis,
1645 1973 1692 2010 qui
1714 1977 1755 2002 est
1774 1973 1855 2002 Deus.
1878 1973 1938 2002 Ideo

1091 2020 1265 2057 Apocalypsis
1289 2020 1395 2049 decimo
1423 2020 1532 2049 non0⁰t
1558 2020 1655 2054 Beati,
1677 2020 1729 2058 qui
1755 2020 1796 2048 ad
1820 2024 1941 2048 coenam

1089 2068 1266 2104 nuptiarum
1288 2067 1369 2105 Ayni
1387 2067 1484 2095 vocati
1503 2071 1579 2095 sunt.
1602 2067 1691 2095 Primo
1712 2067 1785 2095 enim
1800 2067 1874 2096 Deus
1888 2074 1937 2104 per

1089 2114 1327 2151 desponsationem
1353 2113 1550 2142 beatitudinem
1573 2113 1758 2143 communicat
1780 2115 1867 2150 Agno,
1889 2121 1938 2150 pei·

1089 2169 1261 2199 consequens
1283 2161 1325 2190 his
1346 2161 1394 2198 qui
1415 2161 1450 2189 ab
1472 2162 1545 2197 Aguo
1566 2164 1631 2189 sunt
1653 2161 1748 2189 vocati.

1169 2208 1194 2237 3.
1217 2208 1296 2237 Solus
1317 2208 1399 2237 etiam
1423 2208 1505 2237 habet
1526 2207 1728 2245 affluentiam;
1750 2208 1815 2245 quia
1836 2208 1870 2236 de
1891 2208 1938 2236 Sa-
1956 2210 2010 2228 flam
2024 2210 2041 2228 2-

1089 2256 1204 2293 pientia,
1219 2263 1290 2293 quae
1305 2255 1379 2284 Deus
1393 2258 1450 2289 est,
1464 2255 1566 2284 dicitur
1581 2255 1758 2292 singulariter
1778 2255 1938 2284 Proverbio-

1089 2310 1152 2331 rum
1168 2303 1249 2331 tertio
1261 2303 1271 2319 ⁷
1285 2313 1290 2330 :
1306 2302 1468 2331 Pretiosior
1482 2306 1522 2330 est
1536 2302 1649 2331 eunctis
1659 2301 1772 2339 opibus,
1788 2305 1812 2330 et
1827 2302 1936 2333 omnia,

1087 2358 1162 2388 quae
1192 2349 1412 2383 desiderantum,
1445 2348 1513 2378 huie
1544 2358 1602 2377 non
1626 2348 1724 2377 valent
1754 2349 1935 2386 comparari.

247 2520 255 2533 ¹
274 2522 356 2544 Psalm.
367 2522 409 2549 39,
422 2523 442 2544 5.
454 2534 484 2538 —
494 2522 612 2544 Sententia.
621 2522 716 2550 Dionys.
727 2522 856 2544 insinuatur
866 2522 895 2544 de
908 2522 959 2544 Div.
968 2522 1033 2544 Nom.

185 2566 206 2584 c.
223 2561 243 2583 4.
261 2559 274 2589 S
291 2561 313 2583 4.
331 2561 368 2583 40.
386 2564 408 2583 et
425 2561 462 2583 31.

246 2598 256 2612 ²
273 2600 339 2622 Vei-s.
357 2600 395 2623 48.
411 2612 442 2617 -
459 2600 491 2622 De
508 2600 595 2628 duplici
607 2601 686 2623 ainore
698 2600 752 2623 vide
764 2600 872 2628 August.,
886 2600 924 2622 Xl.
936 2599 965 2622 de
977 2599 1033 2621 Gen.

185 2639 215 2662 ad
230 2639 261 2662 lit.
279 2646 299 2662 c.
317 2639 354 2662 ⁴5.
371 2646 394 2662 n.
412 2640 449 2662 49.
466 2645 526 2668 seq.;
545 2639 574 2661 83
591 2639 636 2668 Qq.
651 2646 674 2668 q.
693 2639 730 2662 36.
748 2646 770 2661 n.
791 2639 810 2661 l.
826 2642 849 2661 et
866 2639 925 2661 XlV.
942 2638 972 2661 de
984 2638 1034 2661 Civ.

186 2678 238 2706 Dei,
255 2684 274 2701 c.
293 2679 331 2702 28.
348 2678 443 2706 Libido,
460 2685 521 2708 quae
537 2679 607 2701 etiam
625 2678 739 2706 cupiditas
759 2677 789 2700 ab
812 2679 910 2706 August.
931 2678 1034 2700 nomina-

186 2720 229 2745 tur,
245 2717 275 2740 ab
291 2718 343 2746 ipso
360 2719 382 2740 in
399 2718 438 2740 lib.
456 2718 486 2740 de
503 2718 634 2745 Mendacio,
651 2724 672 2740 c.
687 2717 710 2740 7.
728 2724 750 2740 n.
769 2718 805 2740 lo.
822 2717 944 2740 definitur:
960 2717 1033 2744 Appe-

186 2756 239 2779 titus
255 2757 339 2784 animi,
355 2763 403 2786 quo
420 2756 518 2779 aeternis
536 2755 603 2779 bonis
614 2756 730 2786 quaelibet
741 2755 876 2784 temporalia
889 2761 1033 2784 praeponun-

186 2798 229 2819 tur.
240 2807 272 2812 -
280 2796 375 2819 Inferius
387 2802 430 2824 pro
442 2795 534 2819 rediens
546 2796 562 2818 F
572 2795 695 2819 reducens.
707 2796 753 2818 Sed
765 2796 801 2818 liic
813 2796 865 2818 cod.
877 2797 1033 2823 repraesentat

186 2837 271 2857 textum
283 2840 295 2857 a
307 2835 342 2857 Fr.
355 2835 401 2858 Nic.
410 2835 514 2857 Gorrano
524 2834 550 2857 Ο.
562 2835 586 2858 P.
599 2835 761 2863 interpolatum
773 2837 795 2857 et
807 2835 893 2863 passim
906 2836 1032 2862 mutantium

186 2873 250 2903 quod
260 2873 338 2903 aliquo
355 2874 426 2896 modo
444 2874 513 2896 etiam
529 2874 559 2897 de
575 2875 594 2896 A
610 2873 736 2897 dicendum
753 2877 795 2896 est.
810 2874 867 2896 Hinc
878 2873 964 2902 passim
977 2873 1033 2895 omi-

186 2913 259 2936 simus
275 2913 299 2936 in
315 2913 465 2943 sequentihus
487 2916 567 2936 notare
584 2914 633 2936 illas
649 2914 734 2936 horum
751 2913 852 2936 duorum
869 2912 976 2936 codicum
995 2918 1033 2935 va-

186 2952 269 2975 riantes
286 2952 406 2981 lectiones,
423 2958 484 2981 quae
501 2952 612 2975 recedunt
629 2958 642 2974 a
660 2952 756 2975 lectione
773 2952 878 2975 alioruin.

1154 2519 1163 2532 ⁸
1180 2520 1225 2543 Csr.
1242 2520 1350 2548 August.‚
1369 2520 1468 2542 Enarrat.
1489 2520 1508 2541 in
1527 2519 1562 2541 Ρς.
1580 2519 1617 2541 64.
1634 2525 1657 2541 n.
1679 2519 1697 2540 l.
1710 2524 1770 2547 seq.;
1784 2518 1833 2540 XV.
1846 2518 1875 2540 de
1887 2517 1936 2540 civ.

1092 2560 1146 2587 Dei,
1163 2566 1181 2582 c.
1202 2560 1222 2582 1.
1240 2566 1289 2588 seq.

1153 2597 1163 2610 ⁴
1181 2598 1262 2620 Psalm.
1281 2597 1338 2626 143,
1357 2598 1397 2625 l5;
1415 2597 1498 2619 deiude
1516 2597 1591 2619 Matth.
1610 2597 1636 2623 6,
1654 2596 1690 2618 ⁶24.

1154 2636 1163 2650 ⁶
1182 2638 1245 2660 Vers.
1264 2637 1301 2660 14.
1318 2643 1368 2665 seq.
1387 2649 1418 2653 —
1435 2637 1504 2658 Paulo
1521 2636 1628 2664 superius
1644 2635 1764 2664 respicitur
1782 2636 1830 2657 Act.
1848 2635 1874 2663 4,
1896 2635 1935 2657 12:

1091 2677 1135 2699 Nec
1152 2677 1214 2700 enim
1231 2676 1292 2698 aliud
1310 2682 1393 2698 nomen
1410 2678 1442 2697 est
1461 2674 1505 2697 sub
1522 2675 1584 2697 caelo
1601 2674 1680 2697 datum
1699 2673 1842 2701 horninibus,
1855 2673 1877 2695 in
1889 2679 1936 2701 quo

1091 2719 1196 2744 oporteat
1212 2722 1254 2738 nos
1270 2716 1347 2737 salvos
1364 2715 1419 2736 lieri.

1153 2753 1163 2766 ‘³
1180 2755 1246 2777 Vers.
1263 2754 1433 2776 9.—1nse1·ius
1451 2759 1492 2781 pro
1509 2752 1712 2781 desponsationem
1729 2752 1776 2773 sola
1794 2751 1845 2773 Val.
1862 2750 1935 2779 dispo-

1090 2792 1270 2817 sitionem.lllud
1287 2791 1387 2814 verbum
1404 2791 1530 2819 respondet
1547 2790 1634 2820 nuptiis
1651 2790 1721 2819 Ayni.

1152 2830 1160 2844 ⁷
1180 2832 1245 2855 Vers.
1264 2831 1300 2853 45.
1317 2831 1359 2858 'ffi;
1377 2830 1462 2853 deinde
1479 2837 1502 2853 v.
1518 2830 1561 2857 48;
1579 2829 1679 2858 denique
1696 2829 1750 2856 Sap.
1769 2828 1795 2855 7,
1814 2828 1850 2849 tl.
1868 2839 1897 2843 —-
1912 2827 1933 2849 ln

1090 2878 1156 2900 seqq.
1173 2870 1295 2898 respicitur
1312 2869 1414 2892 definitio
1426 2868 1573 2891 beatitudinis
1584 2868 1637 2890 data
1649 2874 1662 2890 a
1674 2867 1779 2893 Boethio,
1793 2866 1825 2889 lll.
1836 2866 1865 2888 de
1876 2865 1934 2888 Con-

1090 2910 1132 2933 sol.
1149 2915 1218 2938 prosa
1235 2910 1262 2932 2:
1279 2908 1399 2931 Beatitudo
1416 2911 1450 2930 est
1467 2910 1538 2932 status
1556 2907 1670 2929 bonorum
1687 2906 1791 2928 omnium
1808 2909 1933 2932 congrega-

1090 2950 1151 2972 none
1169 2950 1291 2977 perfectus.
