2296 3316
236 1021 293 1045 Resp.
310 1026 352 1039 eum

230 1044 357 1063 distinctione.

297 1776 354 1801 Resp.

371 182 426 211 598

369 259 437 288 illud
459 258 574 287 Psalmi:
601 269 613 282 α
629 257 697 294 Quis
717 258 759 285 est
780 256 875 289 homo,
898 255 946 293 qui
967 254 1041 284 vivet
1062 257 1090 283 et
1104 263 1159 283 non
1181 255 1222 284 vi-

368 306 443 335 debit
464 308 581 334 mortem
596 316 624 332 ».
650 304 683 332 Et
710 311 768 332 'non
790 302 887 331 diaeit¹
916 302 1007 331 Iesus.
1032 302 1080 330 Hic
1107 302 1221 339 ponitur

368 354 443 383 illius
468 352 622 385 eorrectio,
647 351 713 388 quia
740 351 793 379 hoc
815 358 870 379 non
901 349 974 378 dixit
994 349 1086 384 Iesus,
1118 349 1223 378 scilicet

368 400 435 438 quia
455 407 510 428 non
533 398 668 431 moritur;
689 405 748 426 non
769 397 865 426 dixit:
887 396 952 425 Non
974 395 1118 430 moritur,
1140 395 1221 433 quia,

368 447 440 477 sicut
460 446 563 475 dicitur
578 444 757 473 Ecclesiastae
771 452 858 478 nono,
883 455 897 469 «
912 451 994 473 nemo
1014 446 1069 477 est,
1084 443 1132 480 qui
1148 450 1220 472 sem-

368 502 418 532 per
440 493 514 522 vivat
529 503 560 527 »;
581 492 648 521 sect.-
672 492 719 520 Sic
739 500 806 520 eum
827 491 890 520 volo
910 499 1045 525 manere,
1067 490 1157 519 donec
1176 499 1222 519 ve-

368 542 451 570 niam
459 551 469 574 ,·
489 540 561 579 quid
582 540 622 569 ad
644 539 689 568 te?
712 539 861 568 Remissive
883 542 925 568 est
950 538 1098 576 legendum
1119 540 1147 567 et
1171 546 1222 567 ex-

368 588 527 626 ponendum
548 590 580 616 ut
601 595 688 624 supra
699 587 719 615 2.

691 682 894 718 Quassrlonns.

448 777 494 806 48.
517 777 628 814 Quaest.
650 776 668 804 l.
691 775 743 804 Sed
764 775 910 812 quaeritur
939 774 984 803 hic
1005 774 1039 803 de
1067 774 1119 803 hoc
1147 774 1221 812 quod

368 824 449 853 dicit:
474 824 560 853 Alius
581 823 674 861 cinyet
696 826 720 851 te
740 826 766 851 et
787 822 885 856 ducet,
907 830 964 860 quo
986 825 1017 850 tu
1038 830 1097 851 non
1116 822 1168 850 vis.
1185 838 1221 843 —

368 871 485 900 Videtur
506 879 543 900 ex
565 871 631 904 hoe,
652 869 726 907 quod
748 869 839 906 passio
861 869 933 898 Petri
955 869 1040 898 suerit
1065 869 1222 898 involunta-

369 919 426 948 ria:
448 927 516 956 ergo
537 926 591 947 non
613 918 665 946 fuit
686 917 838 945 meritoria.

448 966 626 995 Raseounao:
658 964 769 1001 Duplex
801 967 843 993 est
868 965 1013 994 voluntas.-
1041 965 1169 993 rationis
1195 969 1223 994 et

368 1017 512 1045 natzar-ae,-
532 1012 630 1041 volens
650 1019 749 1049 passus
770 1014 812 1040 est
834 1012 976 1041 voluntate
1002 1012 1146 1046 rationis,
1175 1012 1223 1041 sed

369 1060 467 1089 nolens
489 1060 631 1088 voluntate
652 1062 781 1087 natm-ae
802 1059 845 1087 vel
874 1059 1068 1088 sensualitatis.
1095 1059 1149 1088 Nec
1172 1059 1223 1087 mi-

370 1115 449 1141 rum,
465 1106 531 1144 quia
552 1106 591 1134 sic
606 1106 658 1134 fuit
680 1105 707 1134 in
723 1106 827 1142 capite;
849 1106 923 1134 unde
938 1105 1066 1134 Matthaei
1088 1105 1223 1142 vigesimo

370 1157 450 1183 sexto
462 1154 488 1181 ³:
512 1153 614 1186 Pater,
629 1153 657 1181 st
675 1152 743 1190 fieri
753 1156 863 1190 potest,
885 1156 1019 1181 tremeat
1039 1160 1059 1181 α
1077 1161 1122 1181 me
1143 1152 1223 1181 calix

371 1201 438 1234 iste;
455 1204 654 1229 verumtamen
669 1208 744 1235 non,
767 1200 844 1229 sicut
857 1209 907 1237 eyo
928 1199 1005 1233 volo,
1019 1200 1069 1228 secl
1089 1199 1166 1228 sieut
1181 1203 1221 1228 tu.

369 1248 445 1277 Unde
466 1247 652 1284 Augustinus:
679 1259 692 1272 α
708 1248 805 1276 Petrus
826 1247 924 1276 nolens
944 1246 978 1275 ad
993 1250 1112 1275 mortem
1134 1247 1222 1282 venit,

370 1294 466 1323 volens
487 1297 604 1322 mortem
628 1294 693 1323 vicit
713 1298 740 1323 et
761 1294 874 1331 reliquit
896 1294 971 1322 hunc
992 1293 1163 1323 infirmitatis
1184 1294 1223 1323 af-

370 1340 485 1374 fectum,
507 1348 564 1377 quo
591 1348 672 1369 nemo
701 1341 761 1369 vult
789 1340 872 1374 mori,
900 1347 990 1377 usque
1018 1339 1087 1368 adeo
1108 1343 1222 1369 natura-

370 1388 439 1422 lem,
460 1391 493 1416 ut
514 1396 577 1417 eum
600 1388 680 1417 beato
705 1388 785 1416 Petro
806 1395 855 1417 nec
877 1390 1005 1416 senectus
1033 1387 1145 1416 auferre
1174 1395 1222 1424 po-

371 1435 498 1464 tuerit».

450 1483 496 1511 49.
520 1483 630 1519 Quaest.
654 1483 683 1511 ΙΙ.
707 1483 771 1511 item
794 1483 940 1520 quaeritur
961 1482 994 1511 de
1015 1482 1068 1510 hoc
1089 1482 1165 1519 quod
1182 1482 1222 1511 di-

371 1530 426 1559 cit:
460 1530 655 1568 SionificanS,
685 1539 745 1568 qua
772 1534 864 1558 morte
895 1529 1121 1566 clarificaturus
1152 1533 1223 1558 esset

373 1579 482 1612 Deum,
505 1578 570 1615 quia
591 1586 677 1614 supra
698 1578 834 1615 quinto⁴z
858 1578 917 1615 Epo
939 1577 1102 1606 claritatem
1122 1576 1158 1606 ab
1174 1576 1223 1606 lio-

371 1625 502 1654 minibas
522 1634 580 1653 non
603 1625 732 1662 accipio:
754 1632 821 1662 ergo
835 1632 899 1653 cum
916 1625 1014 1653 Petrus
1028 1627 1100 1653 esset
1122 1624 1222 1659 homo,

371 1680 426 1701 non
448 1671 609 1701 clarificavit
631 1672 728 1700 Deum.

451 1719 627 1748 Rssspoxnso:
649 1719 818 1753 Dicendum,
841 1719 914 1756 quod
936 1719 986 1748 etsi
1002 1719 1077 1747 Deus
1098 1727 1153 1747 non
1168 1719 1222 1747 cla-

372 1766 498 1795 rificetur
519 1766 551 1794 in
571 1774 617 1800 se,
646 1765 815 1794 clarificatur
837 1769 928 1794 tamen
956 1765 1040 1794 nobis
1060 1766 1087 1793 in
1117 1765 1222 1793 Sanctis

371 1813 429 1842 suis
450 1813 620 1849 patientibus
640 1812 673 1841 ad
695 1813 756 1841 eius
773 1813 902 1849 gloriam;
918 1812 984 1849 quia
1005 1820 1055 1849 per
1070 1813 1122 1841 hoc
1144 1812 1223 1840 nobis

371 1859 532 1894 innotescit,
565 1863 668 1897 quanta
700 1867 751 1897 pro
782 1868 877 1888 amore
909 1860 956 1888 Dei
989 1860 1068 1888 nobis
1096 1859 1221 1896 patienda

372 1910 437 1936 sunt
457 1908 587 1944 exemplo
608 1908 771 1936 Sanctorum
783 1907 803 1935 ⁵.

451 1955 496 1983 50.
519 1954 630 1991 Quaest.
646 1954 685 1982 Ill.
708 1954 774 1983 Item
789 1954 936 1991 quaeritur
950 1954 984 1983 de
998 1954 1065 1988 hoc,
1080 1954 1154 1991 quod
1170 1954 1223 1982 Do-

371 2001 464 2030 minus
485 2001 641 2038 specialiter
662 2001 728 2029 dicit
741 2001 837 2029 Petro:
866 2001 909 2029 Tu
930 2009 975 2029 me
989 2009 1121 2039 sequere;
1143 2001 1221 2038 quia,

371 2048 394 2077 si
415 2048 580 2086 intelligitur
601 2056 651 2085 per
672 2048 744 2077 viam
763 2047 967 2085 perfeetionis,
989 2048 1069 2076 multi
1090 2048 1135 2076 alii
1157 2051 1223 2077 sunt

435 2238 442 2251 ¹
461 2239 560 2267 Vulgata
578 2238 643 2261 addit
659 2238 687 2262 ei.
703 2250 735 2255 —
752 2239 861 2268 Sequitur
878 2239 951 2261 Eccle.
969 2239 994 2267 9,
1013 2239 1034 2262 4.

433 2276 443 2290 2
462 2278 527 2300 Vers.
545 2278 584 2300 22.
600 2284 623 2300 n.
641 2278 677 2301 46.
695 2290 727 2295 -
744 2279 777 2300 De
793 2277 915 2301 remissive
934 2279 973 2300 cfr.
994 2284 1065 2306 supra
1090 2285 1145 2307 pag.
1163 2279 1222 2306 266,

371 2320 424 2340 noia
441 2317 464 2339 9.
480 2329 512 2334 —
527 2317 569 2339 Ed.
586 2317 655 2345 legit:
674 2316 737 2345 Ouid
753 2317 785 2340 ad
801 2318 839 2341 te?
857 2316 885 2340 Id
901 2318 934 2340 est
947 2317 1056 2347 pet-time.
1075 2317 1222 2347 Increpatioe

372 2355 480 2387 loquitur
502 2355 544 2386 [ita
567 2356 631 2379 card.
649 2357 730 2384 Hugo,
747 2357 771 2378 in
794 2357 855 2379 ioan.
872 2357 909 2385 2⁴,
927 2356 988 2385 ΞΜ,
1005 2357 1027 2379 et
1049 2357 1084 2379 est
1104 2362 1222 2386 exponen-

372 2395 444 2418 dum:
464 2396 498 2418 Tu
515 2401 553 2418 me
569 2401 678 2425 sequere,
696 2397 724 2418 ut
738 2401 822 2425 supra.

434 2433 444 2446 ³
463 2435 528 2457 Vers.
545 2435 582 2457 39.
602 2447 632 2450 ——
649 2435 682 2457 De
706 2435 794 2463 duplici
818 2435 937 2458 voluntate
964 2435 1102 2463 (secundum
1125 2435 1186 2463 Hug.
1209 2441 1222 2457 a

373 2475 396 2496 S.
416 2474 484 2503 Vict.)
502 2475 544 2496 csr.
560 2474 576 2496 1.
596 2474 657 2496 Sent.
675 2474 699 2496 d.
717 2473 755 2496 48.
771 2480 791 2496 al
811 2475 834 2496 2.
850 2480 874 2503 q.
891 2475 912 2496 2.
931 2474 953 2497 in
977 2479 1041 2502 corp.
1064 2477 1086 2496 et
1107 2474 1142 2496 lll.
1161 2474 1221 2496 Sem„

372 2513 396 2535 d.
416 2513 452 2535 ¹7.
468 2519 489 2535 a.
509 2513 527 2534 l.
545 2519 568 2541 q.
586 2513 608 2535 2.
625 2513 649 2535 in
666 2519 729 2541 corp.
741 2525 773 2530 —
784 2512 861 2536 verba
879 2514 978 2541 August.
991 2513 1105 2536 habentur
1122 2513 1144 2535 in
1161 2514 1222 2536 loan.

372 2553 461 2580 Evang.
478 2554 507 2574 tr.
523 2552 577 2574 ⁴23.
594 2558 617 2574 n.
635 2552 656 2574 ὅ.

435 2589 445 2603 ⁴¹
462 2591 529 2613 Vers.
549 2591 587 2613 41.

435 2627 445 2641 ⁵
462 2629 508 2652 Csr.
527 2635 597 2657 supra
620 2635 640 2652 c.
658 2630 679 2653 ὅ.
702 2636 723 2652 n.
741 2630 778 2652 80.
796 2629 921 2658 chrysost.⁷
947 2630 969 2653 in
995 2630 1057 2653 ioan.
1081 2631 1161 2653 homil.
1184 2631 1222 2653 88.

374 2669 440 2697 (alias
457 2669 504 2697 87.)
522 2675 544 2691 n.
563 2669 584 2691 i.
602 2669 625 2691 in
642 2669 703 2692 fine:
720 2670 770 2692 Non
788 2670 857 2692 dixit:
876 2670 1002 2693 moriturus
1024 2673 1096 2699 esset,
1113 2671 1155 2693 sed
1171 2670 1222 2694 ela—

373 2707 515 2738 rificaturies·
534 2709 594 2730 esset
612 2707 699 2736 Deum,
717 2711 742 2731 ut
764 2709 852 2737 discas,
869 2709 916 2737 pati
941 2715 984 2738 pro
1009 2709 1099 2732 Christo
1125 2710 1222 2738 gloriam

373 2752 424 2769 esse
442 2749 464 2768 et
480 2747 602 2768 honorem.

436 2783 446 2797 ⁶
463 2786 524 2808 Haec
549 2786 653 2814 quaestio
679 2786 808 2809 insinuatur
832 2787 862 2809 ab
884 2788 990 2816 August.¹
1010 2787 1034 2810 in
1055 2788 1117 2810 ioan.
1134 2788 1222 2815 Evang.

374 2827 401 2846 tr.
423 2824 474 2846 ¹24.
490 2831 512 2846 n.
531 2825 552 2846 ¹i.

436 2861 445 2874 ⁷
463 2862 507 2885 Cir.
525 2869 596 2891 supra
613 2870 667 2892 pag.
685 2864 744 2891 344,
761 2868 814 2887 nota
833 2866 870 2888 15.

436 2900 446 2914 ‘³
463 2901 589 2930 chrysost..
606 2903 629 2925 in
652 2904 712 2926 ioan.
732 2905 811 2927 homil.
829 2905 867 2927 88.
887 2905 951 2934 (alias
973 2905 1020 2935 87.)
1038 2911 1061 2927 n.
1079 2906 1100 2928 i.
1117 2905 1140 2927 in
1163 2905 1222 2928 tine:

374 2940 477 2970 Sequere
497 2947 540 2964 me.
558 2942 599 2964 Hic
622 2943 721 2965 ostendit
745 2949 825 2966 curam
851 2947 872 2966 et
897 2945 1004 2967 affectum
1030 2951 1142 2973 magnum
1167 2951 1222 2973 erga

374 2980 460 3007 ipsum.
477 2981 545 3009 Quod
562 2981 580 3004 si
597 2982 650 3010 quis
666 2982 762 3005 dixerit:
779 2982 825 3005 Cur
842 2990 898 3011 ergo
917 2983 1013 3006 lacobus
1030 2985 1223 3012 ierosolymorum

987 175 1158 205 COMMENT.
1181 177 1214 205 lN
1235 176 1382 205 IOANNEM
1403 176 1432 204 C.
1453 176 1519 205 XXI.

1280 254 1383 289 secuti;
1405 255 1428 284 si
1449 262 1500 292 per
1521 255 1594 284 viam
1616 254 1783 292 passionis,
1804 255 1947 290 similiter;
1969 255 1991 284 si
2013 263 2064 293 per
2083 264 2131 294 ye-

1279 310 1337 330 nus
1357 302 1478 337 mortiS,
1501 304 1614 331 secutus
1635 304 1677 331 est
1697 302 1780 331 etiam
1802 302 1923 331 Andreas
1934 302 1955 331 ⁶.

1360 349 1391 377 Et
1406 348 1591 386 respondetur
1606 349 1651 378 hic
1672 349 1826 378 secundum
1843 349 1967 387 aliquos,
1989 350 2063 387 quod
2078 353 2110 379 tu
2121 351 2132 369 '⁸

1279 404 1334 425 non
1355 395 1421 425 dicit
1442 395 1479 424 ibi
1501 395 1695 426 discretionem
1717 396 1892 434 simpliciter,
1914 397 1962 426 sed
1976 397 2066 426 solum
2089 405 2133 427 re-

1279 446 1376 480 spectu
1392 443 1512 478 loannis,
1533 443 1567 472 de
1581 451 1638 481 quo
1652 447 1712 473 erat
1733 452 1834 473 sermo.
1851 460 1888 465 —
1903 444 1952 473 Vel
1970 444 2132 480 dicendum,

1278 490 1354 527 quod
1376 493 1407 518 tu
1428 490 1494 519 dicit
1515 490 1551 519 ibi
1574 490 1662 528 magis
1691 490 1902 528 significantiam
1923 498 2008 528 quam
2028 491 2132 521 discre-

1279 537 1398 571 tionem;
1420 537 1487 574 quia
1514 536 1588 566 enim
1616 537 1715 566 Petrus
1735 540 1796 566 erat
1817 540 1916 567 vertex
1942 538 2078 568 Ecclesiae
2105 542 2133 568 et

1280 585 1448 622 praecipuus
1479 584 1640 622 praelatus3
1672 585 1744 613 sicut
1778 585 1933 614 excellebat
1963 585 1991 615 in
2025 586 2132 623 praela-

1279 632 1369 666 tione,
1392 632 1431 660 sic
1452 632 1534 661 etiam
1555 631 1674 660 debebat
1694 632 1832 661 excellere
1853 632 1881 661 in
1896 632 2047 663 imitatione
2058 634 2078 663 ⁸.

1359 680 1404 708 51.
1427 679 1538 716 Quaest.
1561 679 1603 707 1V.
1626 679 1693 708 ltem
1714 674 1861 716 quaeritur
1881 680 1915 709 de
1929 680 1983 710 hoc
2003 681 2078 719 quod
2091 681 2133 711 di-

1279 727 1330 757 cit:
1355 727 1525 764 Discipulus
1545 726 1605 762 iile,
1627 735 1711 765 quern
1732 726 1870 765 ditigebat
1891 728 1980 757 lesus.

1361 776 1384 803 l.
1413 774 1557 811 Quomodo
1578 774 1630 803 suit
1644 774 1697 803 hoo
1718 782 1804 803 ausus
1818 772 2007 809 dicere‚‘cum
2021 775 2132 806 dicatur

1279 821 1459 850 Ecclesiastae
1480 821 1589 850 n0n0⁹z
1619 820 1708 850 Nemo
1732 821 1801 856 seit,
1816 825 1920 850 utrum
1948 830 2063 858 amore,
2092 832 2133 853 an

1279 867 1345 896 odio
1366 867 1476 905 diynua
1496 867 1560 896 sit?

1358 917 1385 944 Ξ).
1408 915 1486 949 item,
1509 923 1573 944 cum
1595 915 1723 945 Christus
1744 923 1840 945 omnes
1853 916 1995 953 diligeret,
2018 919 2133 954 propter

1279 963 1347 1000 quid
1369 963 1483 992 loannes
1504 963 1556 992 hoc
1571 963 1622 992 sibi
1638 963 1820 998 attribuebat,
1837 964 1940 993 scilicet
1955 964 2030 1001 quod
2045 965 2133 1002 magis

1279 1010 1472 1048 diligebatur?
1497 1026 1534 1031 -—-
1560 1010 1676 1038 Videtur
1697 1010 1816 1039 falsum:
1839 1010 1906 1047 quia
1926 1011 2025 1040 Petrus
2045 1011 2133 1049 magis

1279 1057 1411 1094 diligebat
1422 1057 1460 1085 ¹⁰:
1483 1064 1550 1094 ergo
1571 1056 1669 1085 melior
1690 1059 1766 1091 erat;
1782 1056 1830 1085 sed
1844 1056 1919 1085 Deus
1936 1056 2024 1094 magis
2044 1057 2133 1095 diligit

1279 1104 1424 1132 meliores:
1440 1111 1507 1140 ergo
1522 1103 1610 1140 magis
1623 1103 1754 1140 diligebat
1769 1103 1881 1132 Petrum
1896 1111 1979 1141 quam
1995 1103 2133 1133 loannem.

1358 1150 1396 1179 Ad
1418 1151 1471 1179 hoc
1487 1150 1648 1188 responderi
1670 1153 1775 1188 potest,
1797 1150 1872 1188 quod
1890 1151 2004 1180 loannes
2023 1151 2133 1180 revela-

1280 1199 1370 1233 tione,
1393 1198 1436 1227 vel
1457 1198 1541 1227 certis
1554 1199 1576 1215 11
1597 1198 1682 1236 signis
1704 1201 1832 1233 noverat,
1854 1206 1884 1228 se
1905 1199 2000 1228 amari.

1359 1247 1385 1274 9..
1408 1245 1446 1274 Ad
1474 1245 1642 1280 secundum,
1671 1245 1782 1274 videtur
1803 1245 1895 1275 dicere
1916 1246 2088 1283 Augustinus
2100 1246 2133 1281 ¹2,

1280 1293 1354 1330 quod
1370 1293 1484 1322 loannes
1505 1293 1593 1330 magis
1606 1292 1787 1330 diligebatur,
1809 1293 1857 1322 sed
1872 1293 1970 1322 Petrus
1991 1293 2079 1331 magis
2092 1293 2133 1322 di-

1280 1341 1397 1378 ligebat;
1419 1343 1447 1370 et
1467 1340 1528 1369 ideo
1549 1340 1676 1377 quaerit,
1697 1340 1761 1377 quis
1789 1340 1888 1369 melior
1909 1342 1984 1374 erat;
2003 1343 2031 1369 et
2051 1340 2133 1375 dicit,

1280 1387 1354 1425 quod
1375 1388 1474 1416 Petrus
1494 1387 1606 1421 melior,
1628 1386 1676 1416 sed
1698 1386 1811 1415 loannes
1839 1386 1960 1422 felicior3
1989 1390 2016 1416 et
2045 1389 2134 1417 retor-

1280 1437 1347 1472 quet
1368 1434 1453 1463 verha
1485 1434 1553 1463 haec
1574 1433 1608 1462 ad
1636 1434 1812 1471 allegoriam,
1844 1433 1954 1469 dicens,
1987 1434 2053 1472 quia
2083 1443 2134 1473 per

1281 1483 1407 1511 loannem
1430 1481 1666 1518 contemplativa,
1691 1488 1740 1518 per
1762 1481 1875 1510 Petrum
1896 1481 1995 1510 activa
2019 1481 2077 1511 vita
2097 1482 2134 1512 si-

1279 1529 1436 1567 gnificatur.
1453 1545 1490 1550 —-
1505 1528 1557 1557 Sed
1572 1529 1625 1557 hoc
1640 1528 1727 1565 magis
1741 1531 1825 1566 auget
1839 1529 2044 1566 quaestionem
2059 1529 2134 1559 unde

1278 1577 1337 1614 ipse
1359 1576 1530 1613 Augustinus
1542 1575 1564 1592 ¹⁵
1592 1575 1672 1610 dicit,
1701 1575 1776 1612 quod
1802 1576 1868 1605 latet
1889 1576 1934 1605 hic
1955 1576 2076 1611 iustitia,
2105 1580 2133 1606 et

1279 1626 1394 1661 apparet
1415 1622 1615 1652 misericordia.

1359 1671 1508 1707 Propterea
1528 1670 1691 1705 dicendum,
1718 1670 1792 1707 quod
1820 1670 1919 1708 maqis
1939 1670 2060 1709 diliyere
2081 1671 2133 1701 hoc

1279 1721 1321 1747 est
1341 1717 1504 1755 dupliciter:
1528 1717 1571 1746 vel
1593 1717 1660 1754 quia
1674 1717 1714 1746 ad
1734 1717 1835 1745 maius
1846 1717 2032 1754 praemium;
2053 1717 2134 1747 etsie

1279 1765 1366 1802 magis
1393 1764 1524 1801 diligebat
1546 1765 1621 1793 lesus
1650 1764 1778 1798 Petrum,
1802 1765 1854 1793 hoc
1882 1764 2037 1799 intellecto,
2059 1765 2134 1802 quod

1279 1820 1388 1849 semper
1409 1812 1496 1849 magis
1517 1812 1649 1841 dilexerit
1670 1812 1770 1841 Petrus
1790 1812 1950 1841 Dominum.
1973 1813 2031 1842 Alio
2051 1812 2133 1842 modo

1278 1859 1376 1896 mayis
1391 1858 1512 1896 diligere
1532 1862 1574 1887 est
1596 1861 1732 1896 quantum
1755 1859 1796 1887 ad
1816 1859 1961 1888 maiorem
1982 1859 2133 1889 exhibitio—

1279 1914 1360 1940 nem,
1382 1905 1448 1943 quia
1470 1906 1734 1942 pluraostendebat
1759 1906 1837 1943 signa
1857 1907 2024 1941 dilectionis;
2046 1910 2074 1936 et
2094 1907 2134 1936 sic

1279 1953 1367 1990 magis
1387 1953 1519 1990 diligebat
1536 1954 1664 1982 loannem
1677 1954 1709 1982 ¹4.

1359 2001 1404 2029 52.
1427 2001 1538 2037 Quaest.
1562 2001 1591 2029 V.
1615 2001 1667 2030 Sed
1688 2004 1755 2030 tunc
1781 2004 1822 2031 est
1849 2001 1970 2031 ulterius
1990 2001 2132 2039 quaestio:

1279 2056 1367 2085 quare
1388 2048 1477 2085 magis
1497 2056 1527 2077 se
1547 2048 1700 2077 exhibebat
1722 2049 1830 2083 loanni,
1851 2057 1888 2077 ex
1910 2057 1967 2086 quo
1987 2049 2051 2086 plus
2072 2049 2133 2078 dili-

1280 2240 1388 2262 thronum
1411 2239 1518 2268 accepit?
1536 2238 1699 2267 respondebo,
1717 2240 1809 2262 Petrum
1831 2245 1877 2262 non
1899 2239 1975 2262 throni
1992 2240 2074 2267 huius,
2092 2240 2134 2263 sed

1279 2279 1349 2302 totius
1373 2278 1437 2301 orbis
1463 2279 1583 2301 doctorem
1609 2285 1622 2301 a
1647 2278 1737 2302 Christo
1763 2281 1874 2301 statutum
1900 2279 1976 2302 fuisse.
1994 2278 2040 2302 Cir.
2062 2285 2131 2307 supra

1279 2325 1301 2340 n.
1320 2318 1356 2340 36.
1379 2317 1456 2346 Cyrill.
1479 2318 1608 2345 Alexandr.,
1633 2318 1657 2341 in
1682 2319 1745 2341 ioan.
1762 2319 1800 2345 211,
1818 2318 1860 2340 ⁴9:
1878 2318 1982 2348 Sequere
2003 2324 2052 2347 me,
2072 2324 2134 2348 quae

1279 2357 1364 2385 verba,
1381 2358 1399 2380 si
1417 2363 1567 2380 communem
1584 2357 1721 2380 sententiam
1739 2358 1868 2387 sequimur,
1885 2358 1916 2381 do
1932 2358 2083 2380 assectatione
2100 2358 2133 2381 di-

1279 2395 1422 2423 scipulorum
1440 2398 1538 2424 possunt
1555 2396 1662 2425 intelligi,
1679 2396 1721 2418 sed
1738 2396 1903 2424 aenigmatice,
1915 2398 1940 2419 ut
1956 2396 2055 2425 videtur,
2069 2396 2132 2419 allud

1276 2435 1334 2457 nihil
1351 2435 1495 2457 subinnuunt
1517 2435 1576 2458 nisi:
1602 2435 1704 2463 Vestigia
1723 2441 1829 2458 meorum
1846 2436 2004 2464 periculorum
2021 2441 2132 2465 sequere,

1280 2474 1428 2503 eandemque
1444 2475 1507 2497 viam
1525 2474 1629 2504 quodam
1652 2475 1723 2497 modo
1746 2475 1866 2502 insistens,
1884 2474 2006 2504 verboque
2023 2477 2046 2498 et
2062 2479 2133 2503 opere

1280 2517 1416 2537 vocatorum
1434 2514 1464 2537 ad
1482 2514 1552 2537 fldem
1570 2513 1660 2537 animas
1676 2514 1791 2537 adiuvans
1808 2516 1852 2537 etc.

1342 2551 1352 2564 ⁹
1371 2553 1436 2576 Vers.
1457 2554 1475 2575 i.

1344 2591 1364 2605 ¹⁰
1381 2592 1514 2615 Secundum
1532 2593 1638 2621 August„
1655 2593 1686 2615 de
1702 2599 1749 2622 quo
1766 2593 1821 2615 vide
1838 2593 1907 2621 paulo
1925 2592 2027 2616 inferius.
2044 2605 2075 2610 —
2093 2594 2133 2616 Su-

1280 2632 1359 2660 perius
1377 2638 1419 2660 pro
1436 2631 1592 2660 attribuebat,
1610 2631 1698 2655 scilicet
1715 2631 1779 2662 quod
1792 2632 1829 2655 ed.
1846 2631 2006 2656 attribuebat?
2023 2631 2052 2656 Si
2067 2631 2131 2662 quia.

1343 2669 1361 2682 ¹¹
1381 2671 1422 2693 Ed.
1447 2670 1537 2694 ceteris.
1563 2670 1608 2693 Csr.
1635 2677 1706 2699 supra
1724 2670 1854 2694 Comment.
1878 2671 1900 2693 in
1926 2671 1998 2694 Eccie.
2019 2671 2045 2700 9,
2067 2671 2089 2694 i.
2111 2674 2133 2693 et

1280 2712 1368 2739 quaest.
1387 2710 1410 2732 ΙΙ.
1428 2709 1484 2732 ibid.

1344 2748 1363 2762 ¹²
1382 2750 1405 2772 ln
1424 2750 1485 2772 ioan.
1502 2750 1590 2777 Evang.
1609 2752 1636 2773 tr.
1654 2749 1708 2772 1124.
1727 2756 1750 2772 n.
1770 2749 1791 2772 4.
1808 2755 1858 2779 seq.

1344 2787 1363 2800 ¹³
1380 2789 1434 2811 Loe.
1451 2789 1488 2811 cit.
1505 2795 1526 2811 n.
1545 2789 1573 2811 5:
1591 2789 1721 2817 Aggrediar
1739 2789 1808 2817 igitur
1825 2789 1849 2811 ln
1866 2789 1917 2811 eius
1933 2788 2054 2811 manifest-1
2066 2788 2132 2811 mise-

1280 2828 1393 2855 ricordia,
1410 2828 1476 2851 cuius
1493 2831 1528 2851 est
1545 2829 1633 2851 occulta
1652 2828 1748 2857 iustitia,
1761 2829 1791 2851 de
1805 2828 1916 2851 solvenda
1933 2828 2069 2857 quaestione
2085 2830 2132 2851 tam

1281 2866 1391 2895 ingenti...
1409 2866 1527 2894 disputare
1544 2870 1587 2889 ete.
1604 2866 1650 2890 Cir.
1668 2867 1748 2890 Glossa
1768 2866 1895 2890 ordinaria
1916 2867 1940 2889 in
1965 2867 2026 2889 hune
2045 2867 2132 2889 locum.

1344 2905 1364 2918 ¹⁴
1380 2905 1424 2929 Cir.
1444 2906 1476 2928 lll.
1494 2907 1558 2929 Sent.
1574 2906 1597 2929 d.
1615 2907 1653 2929 32.
1670 2913 1694 2936 q.
1711 2907 1738 2934 6,
1755 2906 1797 2929 uhi
1814 2906 1837 2929 in
1860 2912 1924 2935 corp.
1949 2907 2030 2934 triplex
2048 2906 2133 2929 modus

1280 2945 1385 2968 solvendi
1410 2946 1470 2967 hanc
1494 2946 1656 2974 quaestionem
1673 2947 1774 2968 affertur.
1790 2958 1822 2963 -
1839 2946 1951 2974 Superius
1968 2945 2066 2968 vocibus
2082 2951 2131 2969 ma-

1281 2984 1356 3007 iorem
1373 2984 1541 3008 exhibitionem
1560 2986 1597 3008 ed.
1614 2992 1667 3008 cum
1685 2986 1789 3008 Gorrano
1805 2985 1921 3008 interserit
1937 2984 2120 3015 familiaritatis.

2149 356 2206 381 Resp.
2220 356 2237 376 1.

2150 449 2208 474 Resp.
2220 449 2238 470 ².

2150 1154 2207 1178 Resp-

2150 1248 2181 1267 Ad
2193 1248 2211 1267 Ξ.
2224 1248 2265 1268 solu-

2181 1272 2207 1291 tio
2219 1272 2237 1291 1.

2150 1530 2165 1550 N
2169 1535 2194 1550 on
2202 1535 2222 1549 su
2225 1529 2264 1550 ffleit

2276 473 2285 719 ψ-

2284 1345 2296 1435 l.

2285 1439 2289 1515 ἱ

2273 1531 2296 1602 :t

2155 1672 2211 1696 Resp.
2223 1671 2241 1690 2.
2278 1676 2279 1698 3
