2296 3316
416 152 473 180 364

412 228 573 265 gustinus¹2
599 237 612 250 «
628 225 650 254 O
670 223 833 253 miserabilis
854 222 989 251 servitus!
1011 222 1114 249 Servus
1135 219 1255 249 hominis

413 273 572 310 aliquande,
593 271 636 300 sui
660 270 762 300 domini
790 268 868 298 duris
888 267 1011 305 imperiis
1038 267 1184 303 fatigatus,
1212 265 1256 294 su-

411 319 509 357 giendo
531 317 690 355 requiescit;
712 323 810 345 servus
824 323 891 344 vero
912 313 1017 351 peceati
1030 321 1086 350 quo
1106 313 1195 349 fugit?
1209 313 1257 341 Se-

412 374 476 396 cum
488 365 572 394 trahit
583 364 682 392 malam
694 361 901 394 conscientiam,
916 367 1096 397 quocumque
1109 362 1165 393 eat;
1181 358 1256 396 quia,

271 424 332 450 mm.
347 421 395 449 quoti
412 418 588 450 quocumque
609 409 698 443 vadit,
719 417 736 437 a
756 416 785 437 se
805 416 860 436 non
882 406 1026 436 recedit».
1043 422 1080 426 -
1102 405 1145 434 Sic
1166 408 1256 442 patet,

269 446 397 488 ἒῖῗέἇῗέἓὲ.““
412 467 458 489 eos
479 466 539 487 esse
559 464 673 490 servos;
695 458 722 484 et
748 462 785 483 ex
806 454 859 482 hoe
886 453 1002 490 probat,
1026 452 1101 489 quod
1128 451 1258 489 indiyent

414 505 593 537 liberatione,
615 503 662 532 tali
683 501 804 530 ratione:
826 500 875 537 qui
896 507 951 528 non
971 501 1064 528 manet
1084 498 1113 526 in
1134 498 1215 527 domo
1229 497 1258 526 in

412 554 556 581 aeternum
578 549 680 585 indiget
708 547 820 577 liberari
841 546 876 575 ab
897 553 929 574 eo
949 545 997 582 qui
1026 547 1135 578 manet,
1161 547 1189 573 et
1208 551 1258 580 per

413 605 476 627 eum
497 598 587 633 potest
614 594 742 628 liberari;
767 593 815 622 sed
842 600 941 622 servus
961 599 1017 620 nou
1044 593 1154 625 manet,
1175 590 1259 618 Filius

415 647 507 673 autem
528 645 634 671 manet:
656 649 723 678 ergo
744 647 842 670 servus
856 647 906 676 per
920 638 1019 667 Filium
1040 637 1144 674 indiget
1158 640 1185 666 et
1199 639 1259 674 pot-

414 694 455 720 est
476 689 596 718 liberari.
619 688 670 717 Sed
692 696 739 716 vos
770 686 835 715 estis
862 685 951 719 servi,
972 687 1005 713 ut
1025 684 1133 721 supra2
1154 684 1260 712 dictum

413 741 468 767 est:
496 748 509 761 (ε
524 736 546 765 si
567 743 632 772 ergo
653 742 702 763 vos
722 733 806 762 Filius
825 732 997 765 liberaverit,
1019 738 1085 759 vere
1106 730 1185 759 liberi
1206 730 1261 758 eri-

414 785 449 814 tis
464 796 489 812 n.
513 783 617 812 Primae
638 781 752 810 rationis
773 780 850 817 ponit
869 778 1013 808 minorem
1033 777 1260 814 propositionem,

417 839 480 860 cuni
501 830 577 859 dicit:

495 878 539 906 50.
562 876 651 912 (Vers.
674 874 741 909 35).
764 873 871 902 Servus
891 880 951 901 non.
963 874 1062 899 manet
1082 870 1113 898 in
1131 870 1215 899 domo
1230 869 1261 898 in

417 929 585 957 aeternnm,
607 922 702 951 Filius
714 921 725 937 ³
746 922 843 949 manet
863 919 895 947 in
915 921 1077 946 aeternum.
1091 916 1262 953 Augustinus

417 971 545 1008 exponit:
565 969 616 1006 Qui
638 971 679 998 est
698 974 796 996 servus
817 965 921 1002 peceati
942 972 996 993 non
1019 966 1112 992 manet
1132 963 1161 992 in
1181 962 1263 991 domo

417 1018 445 1046 in
466 1020 625 1049 aeternum,
647 1014 674 1043 id
695 1017 736 1043 est
757 1013 888 1046 finaliter,
909 1011 1036 1049 quamvis
1057 1010 1143 1047 possit
1157 1017 1216 1038 esse
1229 1009 1263 1037 de

417 1063 554 1101 praesenti
578 1061 695 1091 Ecclesia
716 1062 851 1097 quantum
865 1058 900 1087 ad
914 1065 1072 1087 numerum.
1088 1057 1166 1085 Tales
1181 1055 1263 1089 servi,

419 1110 469 1139 etsi
490 1110 545 1138 sint
565 1109 593 1137 in
614 1108 696 1136 domo
716 1115 780 1135 euin
802 1106 896 1139 bonis,
918 1108 1009 1134 tamen
1024 1112 1078 1133 non
1100 1103 1204 1132 habent
1218 1110 1264 1131 ve-

418 1161 488 1186 stem
509 1156 676 1193 nuptialem;
691 1154 751 1183 ideo
766 1153 927 1186 eiiciuntur,
949 1151 1102 1180 seeundum
1117 1149 1185 1179 illud
1199 1150 1265 1178 Mat-

421 1203 492 1232 thaei
522 1202 655 1239 vigesimo
682 1199 840 1229 secundo‘2:
876 1198 1011 1232 «Amice,
1042 1196 1181 1235 quomodo
1209 1196 1265 1224 hue

419 1248 540 1282 intrasti,
556 1256 610 1276 nou
625 1247 730 1276 habens
751 1249 855 1275 vestem
869 1245 1022 1282 nuptialem
1033 1246 1063 1272 n?
1079 1244 1110 1272 Et
1125 1245 1186 1280 post
1200 1242 1266 1271 sub-

420 1295 511 1324 ditur:
538 1306 551 1319 «
568 1294 692 1323 Proiieite
712 1302 776 1322 eum
798 1293 826 1321 in
846 1291 974 1322 tenebras
994 1291 1149 1320 exteriores
1161 1302 1186 1317 n.

501 1343 546 1370 51.
559 1342 647 1378 (Vers.
657 1341 724 1376 36.)
738 1340 771 1369 Si
780 1348 847 1377 eryo
860 1340 885 1367 F
885 1338 954 1367 ilius
960 1347 1011 1367 vos
1019 1337 1194 1371 liberaverit,
1202 1344 1267 1364 vere

424 1389 507 1420 liberi
520 1389 615 1422 erilis,
631 1388 691 1421 ille,
707 1387 829 1424 inquam,
844 1385 927 1414 Filius
942 1385 1018 1414 solus
1039 1387 1080 1413 est
1100 1384 1186 1417 liber,
1202 1383 1268 1420 quia

424 1437 499 1465 solus
520 1435 578 1464 sine
597 1437 724 1471 peceat0;
746 1433 819 1462 unde
841 1433 867 1460 in
891 1431 1033 1460 Psalm05:
1060 1442 1073 1455 «
1087 1431 1185 1459 Factus
1206 1437 1267 1458 sum

424 1483 495 1513 sieut
516 1482 598 1510 homo
619 1481 677 1510 sine
698 1480 848 1513 adiutorio,
870 1480 942 1507 inter
964 1481 1090 1506 mortuos
1110 1477 1179 1505 liber
1194 1487 1221 1503 ».
1237 1476 1269 1503 Et

424 1530 495 1559 ratio
523 1528 648 1558 redditur
677 1528 748 1556 infra
774 1527 879 1555 decimo
907 1528 1023 1562 quarto:
1054 1523 1162 1552 «Venit
1192 1522 1269 1559 prin-

426 1584 490 1613 ceps
510 1575 606 1603 mundi
628 1574 712 1603 huius
736 1577 761 1602 et
784 1574 812 1602 in
832 1580 876 1601 me
897 1580 953 1601 non
972 1571 1056 1600 habet
1079 1570 1268 1607 quidquam».

282 1633 417 1676 ugnfibqemrffi:
428 1623 479 1652 Iste
500 1622 583 1650 Filius
614 1621 697 1654 liber,
729 1623 761 1649 ut
790 1628 840 1648 nos
871 1619 1016 1652 liberaret,
1041 1617 1130 1646 faetus
1157 1618 1198 1645 est
1220 1624 1270 1652 pro

428 1669 506 1698 nobis
527 1668 605 1705 quasi
628 1675 739 1701 servus3
760 1666 795 1695 ad
816 1666 1003 1703 Philippenses
1027 1664 1162 1693 secundo:
1189 1675 1202 1688 «
1216 1663 1271 1691 Hu-

427 1715 543 1745 miliavit
564 1714 758 1750 semetipsum,
779 1713 897 1742 sormam
928 1712 1001 1741 servi
1030 1711 1193 1748 accipiens»
1219 1712 1270 1739 etc.

428 1763 474 1791 Hic
495 1762 580 1798 igitur
601 1768 650 1789 nos
672 1760 806 1788 liberavit
825 1759 1009 1792 redimendo;
1030 1758 1113 1787 Isaiae
1134 1757 1271 1794 quinqua-

430 1808 533 1846 gesimo
555 1807 713 1836 secundoss:
741 1818 755 1831 «τ
769 1806 859 1835 Gratis
890 1805 1039 1834 venundati
1067 1805 1144 1838 estis,
1166 1807 1193 1832 et
1214 1804 1273 1833 sine

428 1858 542 1892 argento
563 1853 735 1882 redimemini
750 1863 777 1886 »;
799 1853 881 1889 quia,
903 1852 975 1880 sicut
987 1852 1089 1880 dicitur
1103 1851 1208 1888 primae
1226 1851 1274 1879 Pe-

429 1902 465 1931 tri
486 1901 592 1938 primo,
619 1908 701 1928 «non
732 1899 962 1936 corruptibilibus
989 1906 1059 1927 auro
1086 1898 1129 1926 vel
1160 1900 1274 1934 argento

429 1947 563 1983 redempti
584 1946 658 1980 estis,
679 1945 726 1974 sed
748 1945 869 1982 pretioso
890 1945 1023 1981 sanguine
1044 1944 1121 1981 quasi
1144 1944 1210 1980 Agni
1224 1944 1274 1971 im-

430 1993 558 2022 maculati
579 1996 606 2021 et
627 1992 850 2025 incontaminati,
882 1991 983 2019 Christi
1015 1991 1075 2019 lesu
1093 2002 1119 2018 ».
1142 1991 1212 2024 Non,
1234 1990 1275 2018 in-

431 2049 530 2078 quam,
552 2043 582 2068 ut
603 2040 705 2068 iterum
736 2039 823 2067 simus
844 2038 933 2072 servi,
955 2038 1002 2066 sed
1034 2038 1125 2071 liberi;
1148 2037 1221 2065 unde
1242 2037 1275 2065 ad

432 2087 538 2115 Galatas
559 2086 670 2123 quinto:
697 2097 710 2110 «
725 2086 795 2119 Vos,
818 2085 923 2121 inquit,
946 2084 1062 2119 fratres,
1078 2084 1106 2112 in
1121 2084 1276 2113 libertatem

432 2133 520 2161 vocati
541 2132 620 2166 estis,
642 2134 750 2160 tantum
771 2139 805 2160 ne
826 2131 982 2160 libertatem
1003 2131 1031 2159 in
1045 2130 1216 2159 occasionem
1229 2130 1276 2159 de-

498 2335 505 2348 ¹
525 2337 547 2358 In
564 2337 625 2358 ioan.
652 2337 737 2363 Evang.
760 2338 786 2358 tr.
805 2336 841 2358 41.
859 2343 883 2358 n.
901 2336 926 2364 4,
945 2335 984 2358 ubi
1002 2338 1075 2358 textus
1092 2336 1210 2364 originalis
1227 2338 1280 2363 post

438 2374 456 2397 O
473 2374 613 2397 miserabilis
630 2374 731 2397 serviliis
748 2375 815 2402 plura
839 2375 904 2397 addit
929 2377 951 2397 et
975 2375 1078 2397 ultimam
1098 2374 1279 2402 propositionem

437 2413 468 2435 sic
485 2412 590 2435 exhibet:
607 2413 693 2437 Secum
709 2420 733 2436 se
750 2413 835 2442 trahit,
861 2420 1009 2443 quocumque
1034 2413 1130 2443 superii.
1147 2413 1200 2436 Non
1217 2412 1280 2443 [πρῖε

438 2458 462 2474 se
480 2451 555 2480 ipsam
566 2451 630 2474 mala
643 2451 796 2480 conscientia,
810 2458 859 2475 non
873 2454 964 2482 estque
977 2454 1025 2480 eat,
1037 2452 1144 2482 sequitur
1156 2458 1190 2480 se,
1206 2452 1278 2474 imino

438 2496 485 2512 non
502 2490 586 2513 recedit
603 2496 616 2512 α
634 2496 676 2518 se,
691 2492 815 2519 peccalum
832 2491 908 2519 enim,
926 2490 989 2520 quod
999 2490 1069 2520 facit,
1092 2490 1156 2513 inlus
1177 2492 1218 2513 est.
1235 2491 1278 2512 Pro

439 2528 527 2551 Servus
540 2528 641 2552 hominis
658 2529 800 2558 aliquando,
817 2530 857 2553 sui
872 2529 964 2553 domini
979 2530 1086 2558 permulti
1103 2530 1172 2552 codd.
1189 2529 1278 2552 Servus

439 2568 531 2595 autem,
551 2567 618 2589 CEN
644 2568 732 2591 Servus
749 2568 886 2597 aliquando,
906 2571 928 2590 et
944 2568 1044 2591 subinde
1061 2575 1103 2596 pro
1120 2567 1186 2591 vadit
1201 2569 1279 2596 plures

439 2605 507 2627 codd.
525 2604 603 2628 vadat.

501 2643 510 2655 ²
527 2645 549 2665 ln
568 2645 707 2672 expositione
724 2646 792 2668 huius
810 2646 867 2674 (34.)
884 2652 944 2668 vers.
961 2659 993 2663 —
1010 2646 1116 2675 Sequitur
1133 2652 1157 2668 v.
1173 2646 1211 2668 36.

501 2681 510 2694 ⁸
528 2684 623 2710 Vulgata
642 2686 689 2705 tum
707 2687 758 2711 post
774 2684 864 2707 Servus
881 2687 929 2707 tum
948 2688 1000 2712 post
1015 2684 1091 2708 Filius
1108 2685 1173 2707 addit
1191 2686 1279 2707 aulem.

441 2733 470 2736 »-
487 2721 595 2748 August„
613 2722 635 2743 in
653 2722 711 2744 toan.
729 2723 815 2750 Evang.
833 2726 861 2745 tr.
878 2723 914 2745 41.
933 2730 955 2746 n.
972 2724 1001 2745 8:
1018 2724 1117 2746 Ecclesia
1134 2726 1168 2746 est
1184 2723 1279 2749 domus,

441 2765 521 2781 servus
539 2762 644 2787 peccator
661 2763 701 2782 est.
718 2761 801 2783 intrant
818 2762 882 2783 multi
899 2762 921 2783 in
938 2762 1063 2784 Ecclesiam
1079 2764 1219 2789 peccatores.
1231 2762 1279 2783 Non

441 2803 497 2825 ergo
515 2798 581 2819 dixit:
598 2804 681 2821 servus
697 2805 741 2820 non
754 2800 822 2821 estin
839 2800 922 2827 domo,
939 2800 993 2823 sed:
1009 2806 1057 2823 non
1074 2801 1155 2823 manet
1170 2800 1195 2822 in
1212 2800 1281 2823 domo

441 2835 464 2858 in
482 2838 613 2859 ueternum.
629 2849 659 2853 —
676 2838 770 2860 Inferius
786 2841 838 2866 post
854 2838 879 2861 id
894 2840 927 2861 esl
943 2839 981 2861 ed.
998 2839 1052 2867 legit
1062 2839 1087 2861 in
1099 2839 1204 2862 Ecclesia
1220 2839 1282 2869 fina-

443 2874 504 2902 liter,
523 2874 629 2903 quamtis
647 2878 688 2897 ete.

504 2912 513 2924 '¹
533 2914 595 2935 Vers.
614 2915 650 2936 12.
668 2921 715 2943 seq.

1019 143 1188 173 COMMENT.
1211 143 1243 171 ΙΝ
1265 141 1410 171 ΙΟΑΝΝΕΜ
1431 140 1459 169 C.
1482 139 1547 169 V111.

1312 219 1348 247 tis
1368 218 1475 249 carnis,
1506 216 1555 246 sed
1583 223 1633 253 per
1664 215 1806 245 caritatem
1838 215 1953 253 spiritus
1983 214 2086 244 servite
2116 214 2158 243 in-

1313 272 1400 294 vicem
1417 276 1443 292 ».

1634 355 1835 392 QuAEsTmNEs.

1394 451 1438 478 52.
1461 450 1571 485 Quaest.
1594 449 1612 476 Ι.
1635 448 1687 477 Sed
1714 447 1860 485 quaeritur
1888 448 1934 477 hic
1954 448 1988 476 de
2013 448 2065 477 hoc
2087 448 2161 485 quod

1314 496 1422 525 dieunt:
1445 496 1546 525 Semen
1568 493 1707 523 Abrahae
1726 503 1831 524 sumus
1856 497 1881 523 et
1900 493 2012 523 nemini
2040 494 2162 523 servivi-

1314 552 1382 571 mus
1402 550 1544 580 unquam.

1394 589 1523 618 Commi:
1548 589 1571 616 1.
1594 587 1757 618 Servierunt
1785 587 1935 625 Aegyptiis;
1967 587 2041 616 unde
2061 587 2162 617 Deute-

1316 636 1434 665 ronomii
1455 637 1535 664 sexto
1547 634 1574 663 ⁷:
1596 634 1707 663 Eduxit
1727 643 1777 663 vos
1800 634 1942 663 Dominus
1956 634 1991 662 de
2004 633 2088 662 domo
2102 642 2162 662 ser-

1315 683 1426 712 vitulis.

1396 730 1422 758 2.
1447 729 1528 763 item,
1549 727 1708 757 servierunt
1727 727 1980 757 Nabuchodonosor
2001 727 2029 756 in
2049 726 2164 764 captivi-

1317 778 1373 805 tate
1394 775 1557 812 Babylonica
1578 782 1627 811 per
1647 774 1822 810 septuaginta
1835 781 1922 803 annos
1930 773 1949 802 ⁸.
1965 790 2004 795 —
2018 773 2053 802 Si
2065 773 2163 808 dieas,

1318 822 1392 860 quod
1413 822 1464 859 ipsi
1486 820 1671 858 loquebantur
1692 820 1726 849 de
1747 827 1792 854 se,
1812 828 1867 848 non
1889 819 1923 848 de
1936 819 2079 857 patribus3
2094 818 2165 848 obii-

1318 869 1413 898 citur.-
1435 869 1501 906 quia
1521 868 1603 897 etiam
1618 870 1684 896 tunc
1699 866 1837 895 tributum
1858 866 2010 896 reddebant
2023 866 2151 896 Romanis
2157 877 2164 902 ;

1318 916 1393 945 unde
1413 915 1594 953 quaesierunt
1618 914 1746 942 Matthaei
1774 913 1906 950 vigesimo
1937 913 2096 943 secundo⁰:
2118 913 2165 943 Li-

1319 966 1396 992 cetne
1416 962 1561 991 tribucum
1581 961 1653 990 dare
1676 960 1816 994 Caesari,
1837 968 1879 988 an
1898 959 1978 989 non?

1398 1009 1437 1038 Ad
1458 1009 1510 1037 hoc
1531 1010 1572 1037 est
1602 1016 1659 1036 una
1686 1006 1844 1043 responsio,
1872 1006 1947 1043 quod
1977 1007 2029 1043 ipsi
2058 1007 2166 1036 mentiti

1320 1058 1399 1090 sunt,
1421 1055 1493 1084 sicut
1513 1062 1595 1092 saepe
1615 1053 1756 1088 solebant,
1770 1056 1798 1081 et
1812 1052 2011 1081 beneficiorum
2025 1053 2075 1082 Dei
2089 1052 2166 1082 obliti

1320 1106 1414 1137 erant;
1429 1102 1503 1131 unde
1517 1101 1687 1138 Augustinus
1699 1101 1737 1128 ¹⁰:
1764 1111 1778 1126 <t
1792 1099 1814 1128 Ο
1835 1100 1915 1137 pellis
1929 1099 2035 1128 inflata!
2057 1108 2112 1128 non
2126 1102 2168 1129 est

1321 1150 1374 1179 ista
1395 1148 1570 1186 magnitudo,
1593 1147 1640 1177 sed
1667 1149 1769 1176 tumor.
1801 1146 1944 1183 Quomodo
1974 1154 2073 1175 verum
2094 1146 2167 1175 dixi—

1321 1197 1392 1226 stis?
1413 1196 1510 1233 loseph
1531 1194 1706 1224 venundatus
1726 1196 1781 1228 est,
1803 1193 1955 1230 Prophetae
1975 1193 2005 1221 in
2025 1193 2168 1230 captivita-

1323 1246 1377 1273 tem
1398 1243 1489 1277 ducti,
1511 1242 1631 1279 populus
1650 1241 1679 1269 in
1699 1241 1820 1278 Aegypto
1841 1239 1869 1268 in
1889 1239 1948 1268 luto
1962 1241 1990 1268 et
2010 1239 2096 1268 latere
2110 1247 2168 1268 ser-

1322 1290 1428 1325 viebat,
1450 1298 1499 1318 vos
1520 1289 1571 1326 ipsi
1592 1289 1675 1317 etiam
1696 1288 1802 1316 tributa
1822 1286 1969 1316 solvebatis
1982 1297 2011 1314 ».

1402 1337 1485 1365 Aliter
1519 1335 1703 1372 respondetur
1716 1357 1723 1368 ,
1758 1333 1833 1371 quod
1866 1333 1935 1362 illud
1968 1333 2170 1362 intellexerunt

1324 1386 1459 1421 quantum
1481 1382 1514 1411 ad
1536 1389 1655 1416 morem,
1677 1389 1760 1418 quem
1787 1380 1927 1410 habebant
1947 1380 2019 1409 inter
2040 1387 2070 1409 se
2090 1387 2170 1417 prae-

1325 1433 1404 1467 cepto
1432 1429 1521 1466 Legis;
1550 1428 1661 1458 Levitici
1682 1428 1815 1465 vigesimo
1835 1427 1933 1464 quinto
1945 1427 1981 1455 1¹:
2011 1427 2119 1456 Servus
2145 1430 2171 1455 el

1325 1476 1434 1505 aneilla
1454 1476 1513 1504 sint
1533 1475 1612 1504 vobis
1633 1476 1667 1504 de
1686 1474 1873 1509 nationibus,
1895 1482 1970 1512 quae
1991 1474 2021 1502 in
2042 1473 2171 1502 circuilu

1324 1526 1419 1552 vestro
1439 1526 1517 1551 sunl.

1405 1569 1454 1598 Vel
1474 1569 1554 1597 aliter
1575 1568 1733 1603 dic-endum,
1755 1569 1830 1606 quod
1850 1571 1892 1597 est
1915 1568 2041 1597 servitus
2073 1567 2171 1596 eondi-

1327 1616 1414 1645 tionis
1432 1624 1486 1652 per
1517 1615 1677 1652 oriyinem,
1699 1615 1772 1644 sicut
1797 1615 1872 1644 filius
1900 1614 1974 1643 servi
1994 1617 2036 1643 est
2057 1621 2171 1648 servus,

1326 1666 1354 1692 et
1375 1663 1413 1691 sic
1434 1662 1636 1698 intelligebant,
1651 1664 1677 1691 et
1692 1662 1737 1690 isti
1752 1661 1884 1690 dicuntur
1897 1661 1976 1690 servi
1989 1661 2023 1689 de
2037 1669 2172 1698 eorpore;

1327 1712 1355 1738 et
1375 1711 1417 1737 est
1436 1707 1562 1736 servitus
1583 1707 1779 1745 oppressionis
1796 1716 1851 1744 per
1871 1707 2035 1736 dontinium
2048 1707 2081 1741 ¹2,
2099 1709 2127 1736 et
2139 1706 2174 1736 de

1328 1756 1380 1785 hae
1400 1763 1455 1784 non
1476 1755 1672 1792 intelligebant.

1408 1802 1453 1831 53.
1476 1802 1585 1838 Quaest.
1608 1802 1636 1829 ΙΙ.
1659 1801 1711 1830 Sed
1731 1801 1893 1838 quaeritur:
1909 1809 1972 1830 cum
1993 1803 2121 1838 peccator
2135 1800 2175 1829 fa-

1330 1850 1384 1878 ciat
1403 1857 1499 1883 omne,
1522 1848 1596 1886 quod
1617 1849 1678 1877 vult
1686 1871 1693 1889 ,
1714 1848 1806 1877 iustus
1825 1851 1919 1877 autem
1940 1856 2011 1882 non;
2037 1847 2175 1885 quomodo

1330 1900 1458 1933 peccator
1479 1896 1581 1924 dicitur
1601 1898 1723 1924 servus?

1410 1943 1577 1977 Dicendum,
1599 1942 1673 1979 quod
1694 1945 1822 1979 peccator
1851 1945 1925 1971 recte
1945 1942 2047 1971 dicitur
2073 1950 2176 1970 servus

1328 1990 1457 2027 peceati,
1479 1990 1545 2026 quia
1566 1997 1665 2026 magna
1692 1989 1812 2017 servitus
1833 1992 1874 2018 est
1894 1989 1976 2027 sequi
1995 1989 2108 2017 malam
2128 1997 2176 2017 vo-

1333 2037 1489 2070 luntalem;
1511 2039 1538 2065 et
1559 2039 1673 2073 propter
1705 2036 1881 2064 conditiones
1901 2035 2033 2070 serviles,
2056 2043 2128 2072 quae
2148 2035 2177 2064 in

1332 2086 1476 2120 peccatore
1507 2082 1703 2119 reperiuntur,
1735 2086 1849 2118 propter
1880 2089 1950 2118 quas
1979 2090 2082 2110 servus
2103 2084 2178 2110 recte

1332 2130 1443 2158 dicitur.
1468 2145 1506 2150 ——
1530 2130 1633 2158 Servus
1653 2128 1726 2157 enim
1758 2128 1824 2157 vilis
1844 2131 1900 2163 est,
1922 2128 1961 2157 sic
1982 2131 2009 2157 et
2034 2130 2177 2165 peccator;

1397 2333 1407 2347 ⁶
1424 2335 1506 2357 Psalm.
1524 2333 1567 2361 87,
1584 2333 1606 2356 5.
1624 2336 1646 2356 et
1662 2333 1684 2356 6.
1703 2345 1734 2350 —
1750 2333 1801 2355 Duo
1813 2338 1885 2370 seqq.
1919 2332 1939 2354 ci
1950 2331 2076 2354 suntloan.
2090 2330 2127 2358 114,
2139 2330 2177 2353 30.

1335 2376 1357 2396 et
1373 2373 1428 2396 pun.
1447 2374 1473 2400 2,
1491 2373 1512 2394 8.

1397 2410 1407 2424 ⁶
1425 2412 1490 2434 Vers.
1507 2412 1527 2434 3.
1547 2424 1577 2427 —
1594 2410 1697 2433 Subinde
1722 2410 1849 2439 allegantur
1874 2410 1890 2432 1.
1914 2410 1974 2432 Petr.
1999 2410 2021 2437 1,
2039 2409 2076 2431 18.
2092 2414 2140 2437 seq.
2158 2410 2181 2430 et

1335 2451 1383 2473 Gal.
1401 2452 1427 2478 5,
1446 2451 1482 2473 13.

1397 2488 1406 2501 ⁷
1426 2490 1490 2512 Vers.
1510 2489 1547 2511 13.

1398 2527 1408 2540 ⁸
1425 2528 1470 2551 Csr.
1487 2529 1511 2551 11.
1529 2528 1626 2556 Paralip.
1645 2528 1687 2555 36,
1705 2528 1730 2550 21
1745 2535 1750 2556 ;
1768 2528 1810 2550 ler.
1827 2527 1869 2554 25,
1888 2527 1924 2549 12.
1941 2529 1964 2549 et
1980 2527 2023 2553 29,
2041 2525 2078 2548 10.

1399 2566 1408 2579 ⁹
1427 2568 1493 2589 Vers.
1511 2566 1547 2589 17.

1399 2604 1419 2618 ¹⁰
1437 2607 1460 2628 ln
1477 2607 1537 2628 loan.
1555 2606 1642 2633 Evang.
1659 2608 1686 2627 tr.
1705 2605 1742 2627 41,
1759 2612 1781 2628 n.
1794 2606 1815 2627 2.
1826 2604 1955 2632 Respicitur
1971 2604 2001 2626 ad
2018 2604 2074 2626 Gen.
2091 2603 2129 2630 37,
2142 2603 2179 2625 28.

1338 2644 1377 2673 (de
1394 2645 1500 2673 loseph);
1519 2645 1555 2666 lV.
1573 2645 1629 2672 Reg.
1648 2644 1690 2673 24,
1710 2643 1746 2666 14.
1763 2650 1827 2672 seqq.
1845 2646 1868 2665 et
1883 2643 1955 2665 Exod.
1975 2643 1996 2670 1,
2015 2643 2022 2664 t
2030 2642 2050 2664 4.

1400 2683 1418 2696 ¹¹
1438 2684 1502 2706 Vers.
1520 2683 1557 2705 44.

1401 2721 1419 2735 ¹²
1438 2722 1563 2749 iustinian.‚
1580 2723 1596 2744 1.
1614 2722 1710 2744 institut.
1729 2721 1840 2749 imperial.
1857 2721 1887 2743 de
1903 2721 1953 2743 iure
1969 2726 2061 2748 person.
2084 2720 2125 2749 (tit.
2148 2719 2180 2748 3.)

1337 2761 1350 2789 5²,
1369 2760 1439 2784 Servi
1454 2762 1533 2783 autent
1544 2762 1588 2783 aul
1597 2761 1744 2788 nascuntur,
1762 2761 1806 2782 aut
1820 2759 1889 2789 fiunt.
1906 2759 2034 2781 Nascuntur
2050 2764 2078 2781 ex
2094 2757 2182 2780 ancillis

1338 2799 1435 2827 nostris;
1453 2799 1510 2822 flunt
1526 2804 1566 2821 aut
1582 2799 1632 2821 iure
1648 2799 1764 2826 gentium,
1782 2798 1805 2820 id
1822 2800 1856 2820 est
1873 2804 1899 2820 ex
1916 2797 2060 2825 captivitate,
2076 2798 2116 2819 aut
2132 2796 2182 2819 iure

1339 2839 1411 2866 civili,
1427 2844 1481 2860 eum
1498 2838 1555 2860 liber
1571 2839 1640 2860 homo
1658 2838 1731 2860 maior
1747 2837 1828 2865 viginti
1845 2836 1911 2859 annis
1928 2836 1957 2859 ad
1974 2836 2074 2864 pretium
2092 2834 2182 2863 partiei-

1338 2877 1442 2905 pandum
1459 2883 1510 2899 sese
1530 2877 1657 2899 venundari
1675 2882 1757 2904 passus
1774 2878 1814 2898 est.
1839 2875 1884 2898 cfr.
1901 2876 1925 2898 ll.
1943 2876 2005 2897 Sent.
2026 2875 2049 2897 d.
2067 2874 2104 2897 44.
2121 2880 2141 2897 a.
2160 2874 2182 2896 3.

1339 2922 1362 2945 q.
1381 2916 1401 2938 1.
1419 2916 1441 2938 in
1458 2921 1521 2944 corp.
1539 2917 1561 2938 et
1577 2916 1614 2938 lV.
1632 2916 1693 2938 Sent.
1711 2915 1734 2938 d.
1752 2915 1790 2937 36.
1806 2921 1827 2937 a.
1846 2915 1867 2937 1.
1884 2921 1907 2943 q.
1925 2914 1945 2937 3.

2182 1011 2239 1036 Resp.
2252 1011 2257 1030 l

2187 1571 2245 1596 Resp.
2258 1572 2262 1590 ἔ
2274 1549 2276 1558 >

2193 1945 2250 1969 Resp.

2194 2039 2214 2057 ln
2223 2043 2270 2062 pecc
2280 2033 2293 2056 're

2204 2063 2245 2081 octo
2257 2066 2268 2080 v
2280 2063 2284 2079 ’.
