2296 3316
336 445 428 464 Secundo.

357 677 427 696 Tertio.

312 1051 425 1071 Notandum.

299 1239 351 1260 Item,
360 1243 381 1256 ex
389 1243 431 1262 par-

335 1264 353 1281 te
366 1262 409 1280 loci.

299 1331 388 1350 Defectus
394 1332 431 1355 pri-

341 1360 389 1373 mus.

321 1565 425 1584 Secundus.

345 1940 426 1959 Tertius.

310 2174 424 2193 Notandum.

296 2455 349 2477 Item,
358 2460 379 2473 ex
398 2459 428 2481 ¹ai·-

321 2480 339 2497 te
352 2483 370 2496 m
397 2484 410 2496 ι.

298 2532 387 2552 Defectus
393 2533 430 2557 pri·

341 2561 389 2575 mus.

449 177 504 204 572

447 261 513 289 ergo
527 255 553 281 et
575 259 628 279 non
650 250 794 279 inveniunt
808 248 855 286 qui
874 256 928 276 non
950 250 1090 285 quaerunt
1104 247 1138 275 de
1157 247 1203 275 a'ie
1219 254 1291 283 yra-

447 299 520 332 ct'ae‚
542 298 589 327 sed
608 297 634 325 in
650 300 730 325 nocte
751 296 863 331 culpae;
886 294 959 323 unde
973 294 1150 322 Canticorum
1173 293 1290 322 tertio¹:

452 356 464 369 ιι
480 345 530 372 Per
551 346 644 371 noctes
665 342 787 379 quaesivi
810 349 892 378 quem
915 340 1003 376 diligit
1023 339 1114 367 anima
1137 347 1196 368 mea
1211 349 1242 372 »;
1264 342 1292 367 et

447 390 586 426 sequitur:
606 400 619 414 α
630 387 757 424 Quaesivi
773 391 800 415 et
815 395 868 415 non
885 386 975 415 inveni
988 398 1014 414 ν.
1030 386 1083 414 Nec
1095 385 1211 418 mirum,
1226 385 1292 422 quia

446 435 581 472 quaesivit
596 435 715 463 obscuro
731 438 864 470 tempore.
880 449 918 453 —
933 433 1078 469 Quaerunt
1098 435 1125 460 et
1140 439 1194 459 non
1216 431 1291 459 inve-

448 483 526 511 niunt
551 481 598 518 qui
627 483 766 518 quaerunt
787 480 964 516 interrupte,
987 486 1050 507 cum
1072 479 1130 515 ipse
1151 478 1187 507 sit
1207 485 1291 515 quae-

447 529 548 558 rendus
569 528 719 560 concinam
740 527 813 556 unde
835 527 861 555 in
885 527 1005 555 Psalmo:
1026 537 1039 550 <x
1054 525 1184 561 Quaerite
1199 525 1291 553 Domi-

447 584 513 604 num
533 578 560 603 et
582 574 798 608 confirmaniini3
818 574 943 610 quaerite
958 573 1054 601 l’aciem
1069 572 1129 600 eius
1144 579 1253 608 semper
1264 583 1290 600 ν.

446 623 512 650 Nota
533 621 654 650 fabulam
675 620 709 649 de
730 620 838 653 vetula,
860 627 931 656 quae
952 619 1075 648 dicebat:
1097 618 1205 654 Quaere
1230 618 1291 655 pul-

446 676 525 697 crum
547 667 688 696 maritum.
713 683 752 687 —
776 667 920 703 Quaerunt
941 669 968 694 et
989 673 1042 693 non
1070 664 1215 693 inveniunt
1242 664 1290 701 qui

445 722 498 742 non
520 717 660 751 quaerunt
681 713 854 750 tempestive..
876 713 947 741 sicut
963 712 1023 745 illa,
1045 711 1079 740 de
1093 719 1149 748 qua
1166 710 1290 740 Cantico-

446 769 507 790 rum
529 761 664 798 quint02:
691 772 704 785 «
726 760 868 789 pessulum
897 759 958 788 ostii
983 759 1036 787 mei
1067 766 1164 795 aperu.
1192 766 1289 787 unm:

445 816 520 842 meo;
542 811 570 836 at
584 808 629 836 ille
643 807 828 836 declinaverat
847 810 930 843 atque
946 805 1135 839 transierat»;
1150 808 1178 834 et
1199 805 1290 842 sequi-

445 857 506 883 tur:
543 865 556 879 «
578 854 704 891 Quaesivi
726 856 753 882 et
774 862 828 883 non
859 852 950 881 inveni
983 852 1060 880 illum
1082 863 1114 885 »;
1136 854 1163 880 et
1184 851 1291 880 loannis

444 902 560 939 septimo
573 901 691 930 dicitur:
711 913 724 926 «ι
740 901 834 929 Adhuc
856 900 996 929 modicum
1013 902 1125 936 tempus
1146 899 1289 928 vobiscum

445 958 520 983 sum,
535 953 562 978 et
578 949 646 977 vado
666 949 700 977 ad
721 956 785 977 eum
807 948 855 985 qui
877 955 922 976 nie
942 947 1017 976 misit
1032 958 1062 980 »ς
1078 950 1105 976 et
1125 947 1289 983 subiungit:

447 996 597 1031 Quaerens
617 1003 662 1023 me
686 998 712 1023 et
738 1003 797 1023 non
821 994 988 1027 invenietis;
1010 993 1088 1030 quasi
1110 993 1198 1022 dicat:
1225 993 1291 1029 quia

444 1042 521 1071 tarde
542 1041 683 1079 quaeritis.
709 1057 745 1062 —-
772 1041 886 1077 Propter
907 1041 975 1069 haec
996 1040 1050 1068 tria
1077 1040 1179 1068 dicitur
1208 1039 1290 1067 Isaiae

443 1089 672 1126 quinquagesimo
700 1089 812 1125 quinto:
840 1100 853 1113 «
873 1087 1004 1124 Quaerite
1032 1087 1195 1120 Dominum,
1222 1086 1289 1114 dum

444 1136 559 1166 inveniri
581 1138 712 1172 potest».

521 1182 547 1211 3.
570 1183 729 1220 Quaerunt,
745 1190 798 1211 non
814 1182 866 1210 ubi
886 1181 1003 1210 inveniri
1020 1183 1125 1218 potest,
1141 1180 1188 1217 qui
1204 1187 1290 1217 quae-

444 1232 510 1259 runt
530 1230 557 1259 in
586 1230 653 1259 lecto
675 1229 808 1258 earnalis
834 1228 1010 1266 voluptatis,
1032 1228 1076 1257 vel
1097 1227 1145 1264 qui
1174 1227 1201 1256 in
1223 1225 1289 1264 foro

443 1277 611 1306 mundanae
631 1276 853 1314 neyoa'atz'onm
875 1276 918 1304 vel
939 1275 988 1312 qui
1010 1275 1037 1303 in
1055 1273 1144 1314 choro
1164 1281 1290 1311 pompae

442 1324 614 1353 saecularis.
633 1340 668 1344 —
683 1323 833 1359 Quaeritur
854 1330 920 1359 ergo
941 1322 968 1350 in
990 1321 1059 1349 lecto
1079 1320 1213 1349 carnalis
1241 1328 1289 1347 vo-

442 1371 578 1408 luptatis,-
593 1370 770 1399 Canticornm
786 1369 867 1398 tertio
878 1369 902 1397 ³:
928 1380 942 1394 α
958 1369 986 1397 ln
1002 1368 1102 1397 lectulo
1121 1375 1183 1396 meo
1204 1374 1289 1404 quae-

442 1418 493 1446 sivi
514 1425 597 1455 quem
619 1417 707 1454 diligit
732 1417 824 1445 anima
845 1424 905 1445 mea
920 1427 950 1449 »;
979 1415 1027 1444 sed
1047 1423 1102 1443 non
1130 1414 1288 1448 invenitur,

443 1465 508 1502 quia
522 1465 664 1502 sequitur:
685 1476 697 1489 «
713 1464 839 1501 Quaesivi
856 1464 934 1492 illum
949 1466 975 1492 et
990 1471 1045 1491 non
1061 1462 1151 1491 inveni
1166 1472 1199 1495 »;
1214 1461 1288 1490 unde

445 1512 489 1541 lob
510 1512 642 1549 vigesimo
662 1514 773 1540 octavo:
788 1523 813 1540 ,α
828 1511 885 1539 Non
908 1510 1048 1538 invenitur
1070 1509 1099 1537 in
1120 1511 1195 1537 terra
1223 1515 1288 1536 sua-

445 1559 685 1588 viter-viventium
702 1571 728 1587 »,
748 1575 784 1579 -
806 1558 956 1594 Quaeritur
978 1557 1003 1585 in
1029 1555 1096 1593 foro
1118 1555 1289 1583 mundanae

442 1606 664 1643 neyotiationis;
685 1606 860 1634 Canticorum
883 1604 999 1633 tertio‘:
1026 1614 1039 1627 α
1055 1603 1172 1639 Surgam
1186 1605 1213 1630 et
1234 1601 1288 1630 cir-

442 1653 523 1682 cuibo
544 1653 694 1686 civitatem;
717 1660 766 1689 per
787 1652 862 1680 vicos
883 1654 910 1679 et
931 1651 1035 1688 plateas
1055 1657 1187 1686 quaeram
1203 1656 1287 1685 quem

442 1699 529 1736 diligit
556 1699 646 1728 anima
667 1706 728 1727 mea
747 1710 772 1726 u.
804 1698 916 1735 Expone
936 1697 970 1726 de
991 1696 1101 1726 civitate
1123 1695 1232 1730 mundi,
1254 1695 1288 1724 de

443 1795 469 1823 in
491 1794 600 1823 civitate
615 1805 641 1821 1».
664 1793 715 1822 Sed
736 1800 786 1821 nec
807 1792 844 1820 ibi
866 1791 1022 1823 invenitur;
1045 1790 1119 1819 unde
1140 1790 1287 1826 sequitur:

448 1841 602 1878 «Quaesivi
630 1840 709 1869 illum
737 1843 763 1868 et
784 1847 839 1867 non
867 1838 958 1867 inveni
974 1848 1005 1871 »;
1028 1837 1097 1866 Osee
1125 1836 1287 1864 undecimo:

449 1900 461 1913 α
485 1888 514 1916 ln
544 1888 634 1917 medio
662 1887 702 1916 tui
731 1887 859 1919 Sanctus,
891 1889 918 1914 et
947 1893 1000 1913 non
1029 1883 1168 1921 ingrediar
1194 1882 1288 1911 civita-

443 1939 499 1964 tem
513 1946 543 1969 »;
565 1935 689 1971 loquitur
703 1933 737 1962 de
758 1941 787 1962 se
802 1933 861 1969 ipso
882 1932 1024 1960 Dominus.
1040 1947 1079 1951 —
1093 1930 1244 1967 Quaeritur
1261 1929 1287 1957 in

443 1982 530 2011 choro
549 1990 674 2019 pompae
693 1979 859 2009 saecularis
866 1990 876 2013 ;
896 1980 985 2007 Lucae
1006 1977 1166 2007 secund0⁵:
1195 1988 1208 2002 a
1225 1976 1288 2004 Exi-

442 2029 596 2062 stimantes‚
618 2028 696 2056 illum
718 2035 777 2055 esse
799 2027 825 2054 in
841 2026 987 2058 comitatu,
1010 2027 1147 2053 venerunt
1168 2023 1220 2052 iter
1235 2022 1287 2051 diei

442 2077 538 2109 unius,
560 2079 587 2104 et
608 2074 787 2111 requirebant
801 2081 865 2101 eum
880 2073 952 2101 inter
973 2074 1103 2108 cognatos
1117 2073 1145 2099 et
1165 2074 1245 2099 notos
1258 2080 1287 2103 »;

442 2123 489 2152 sed
510 2130 560 2151 nec
582 2122 618 2150 ibi
640 2121 796 2154 invenitur;
819 2119 892 2148 unde
914 2118 1055 2155 sequitur:
1083 2129 1096 2142 ι(
1112 2117 1143 2145 Et
1164 2125 1218 2145 non
1247 2116 1287 2144 in-

444 2170 583 2199 venientes
611 2168 729 2205 regressi
751 2170 817 2195 sunt
844 2166 870 2194 in
892 2165 1042 2194 Ierusalem
1057 2177 1083 2192 ».
1110 2180 1146 2185 ——-
1173 2164 1287 2200 Propter

443 2218 510 2246 haec
531 2216 585 2245 tria
606 2215 722 2252 corripit
742 2214 876 2242 Dominus
897 2215 1064 2249 quaerentes
1085 2219 1114 2240 se
1136 2212 1224 2239 Lucae
1245 2218 1288 2239 se-

442 2263 546 2292 cundo:
574 2274 587 2287 «
606 2261 677 2298 Quid
705 2264 761 2295 est,
791 2260 864 2297 quod
892 2267 937 2288 me
965 2258 1159 2296 quaerebatis?
1180 2257 1287 2286 Nescie-

441 2310 530 2343 batis,
561 2309 627 2346 quia
657 2308 684 2336 in
716 2308 759 2336 his
793 2314 864 2344 quae
895 2306 983 2334 Patris
1013 2305 1065 2334 mei
1092 2308 1158 2333 sunt
1178 2307 1288 2341 oportet

443 2365 485 2386 me
507 2364 566 2386 esse
581 2369 594 2381 2»
607 2359 618 2383 ἳ

519 2404 546 2432 lt.
565 2404 710 2440 Quaerunt
724 2406 751 2431 et
766 2410 819 2430 non
836 2401 980 2429 inveniunt
1001 2399 1049 2436 qui
1064 2407 1118 2428 non
1133 2402 1287 2435 quaerunt,

441 2450 565 2489 qualiter
586 2449 703 2478 inveniri
724 2451 829 2485 potest,
852 2450 883 2475 ut
904 2447 931 2475 in
953 2446 1056 2484 quibus
1083 2449 1126 2475 est
1153 2445 1287 2483 evaqacio

443 2498 584 2531 rationis,
614 2497 657 2525 vel
685 2495 840 2534 obliquitas
868 2494 1051 2527 intentionis,
1080 2493 1122 2521 vel
1154 2492 1287 2521 remissio

442 2545 546 2582 operis.
563 2560 599 2565 —-
614 2544 672 2572 Non
693 2542 838 2571 inveniunt
859 2541 886 2570 in
907 2541 1010 2578 quibus
1028 2543 1069 2569 est
1090 2539 1222 2576 emanatio
1238 2547 1287 2567 ra-

507 2721 514 2733 ¹
533 2722 598 2743 Vers.
619 2722 637 2742 l.
657 2733 683 2736 —
702 2720 810 2749 Sequitur
828 2720 863 2742 Ps.
881 2719 938 2746 1¹04,
957 2719 978 2741 4.

506 2758 515 2772 2
533 2760 597 2782 Vers.
623 2760 645 2781 6.
662 2771 692 2776 -
714 2758 818 2781 Subinde
842 2759 970 2786 allegantur
995 2758 1057 2780 loan.
1084 2756 1106 2784 7,
1132 2757 1170 2779 33.
1195 2759 1217 2778 et
1242 2756 1286 2783 345

445 2799 493 2821 lsai.
511 2798 553 2825 55,
571 2798 591 2820 6.

506 2835 516 2849 ³
533 2837 598 2859 Vers.
617 2838 638 2859 sl.
656 2848 687 2853 —
705 2836 812 2865 Sequitur
830 2835 869 2858 lob
886 2836 929 2862 28,
948 2836 984 2857 la.

507 2875 516 2888 ⁴
535 2877 599 2898 Vers.
616 2877 636 2898 ·2.
655 2888 686 2892 —
703 2876 760 2898 Tres
776 2882 840 2904 seqq.
857 2876 900 2897 ioci
918 2878 970 2897 sunt
982 2875 1017 2897 ΡΞ.
1030 2874 1072 2902 54,
1086 2874 1126 2900 Ἰ10;
1144 2874 1208 2896 Cant.
1226 2873 1252 2900 3,
1267 2873 1287 2895 l.

444 2918 466 2937 et
482 2915 540 2938 Osee
558 2915 594 2942 ll,
612 2915 633 2937 9.

506 2953 516 2966 ⁵
533 2955 599 2976 Vers.
620 2953 656 2976 44.
674 2957 695 2976 et
714 2954 750 2976 45.
770 2960 795 2976 ac
813 2954 906 2976 inferius
923 2960 945 2975 v.
965 2953 1001 2975 49.

898 170 1125 199 COLLATIONES
1147 170 1177 198 IN
1200 169 1345 198 IOANNEM
1367 168 1435 197 CM).
1459 168 1510 197 Vll.
1533 167 1626 197 COLL.
1650 168 1750 197 XXXII.

1348 246 1451 279 tionis,
1472 245 1506 274 de
1528 246 1631 283 quibus
1652 246 1722 276 Osee
1743 246 1876 283 quinto⁶:
1903 258 1916 272 α
1936 247 1964 275 ln
1985 247 2117 284 gregibus
2138 247 2196 276 suis

1347 292 1423 320 etin
1451 292 1584 321 armentis
1609 292 1667 321 suis
1696 292 1795 321 vadent
1823 292 1856 321 ad
1884 293 2076 329 quaerendum
2104 293 2195 322 Domi-

1347 346 1415 367 num
1431 349 1462 372 »;
1485 339 1598 375 supple:
1614 347 1663 376 per
1685 339 1824 368 curiosam
1839 339 2048 376 cogitationem;
2075 351 2089 364 α
2100 342 2127 368 et
2141 348 2195 369 non

1348 385 1504 418 invenient;
1533 385 1643 415 ablatus
1669 389 1711 415 est
1738 386 1773 414 ab
1793 386 1879 420 eis»;
1908 386 2063 423 Sapientiae
2084 386 2194 423 primo:

1352 444 1365 457 «
1382 432 1409 461 ln
1432 432 1606 469 simplicitate
1627 433 1718 462 cordis
1732 433 1858 470 quaerite
1879 433 2043 467 Dominum,
2065 433 2195 470 quoniam

1348 479 1489 509 invenitur
1514 480 1549 508 ab
1571 480 1615 508 his
1641 480 1690 517 qui
1718 488 1771 508 non
1802 482 1909 508 tentant
1928 479 2006 509 illum
2019 491 2044 508 ι».
2061 497 2099 501 -
2113 480 2196 515 item,
2213 488 2295 509 Secunda

1349 535 1403 555 non
1425 527 1565 556 invenitur
1579 527 1614 556 ab
1630 527 1686 560 his,
1702 527 1729 555 in
1750 526 1854 563 quibus
1874 530 1914 555 est
1929 526 2085 565 obliquitas
2106 527 2196 556 imen-

1349 573 1450 608 tionis,
1473 574 1530 603 sive
1562 574 1597 602 sit
1628 573 1744 602 intentio
1775 573 1923 611 maligna,
1955 574 2065 611 qualem
2100 574 2197 603 habuit

1349 620 1483 655 Herodes;
1506 620 1634 649 Matthaei
1655 620 1776 649 secundo
1788 620 1812 648 ⁷:
1831 631 1844 645 α
1855 620 1991 649 Futurum
2007 624 2049 649 est
2063 621 2150 656 enim,
2165 624 2197 650 ut

1348 667 1468 696 Herodes
1488 670 1604 704 quaerat
1618 674 1738 704 puerum
1760 666 1794 695 ad
1819 667 1990 703 perdendum
2011 675 2076 696 eum
2091 678 2121 700 »ς
2138 667 2196 696 sive

1348 714 1383 743 sit
1404 714 1520 743 intentio
1544 713 1694 747 earnalis,
1717 714 1826 751 qualem
1853 713 1992 743 habebant
2019 714 2133 748 turbae;
2156 714 2196 742 lo-

1348 761 1427 790 annis
1447 764 1543 789 sexto:
1569 772 1582 785 «
1598 760 1736 796 Quaeritis
1750 768 1807 794 me,
1830 768 1884 789 non
1899 760 1965 797 quia
1985 760 2092 789 vidistis
2106 760 2196 797 signa,

1348 807 1395 836 sed
1416 807 1483 844 quia
1496 807 1530 835 de
1544 806 1662 843 panibus
1677 806 1864 835 manducastis
1879 817 1909 841 »;
1931 807 1989 835 sive
2003 807 2039 835 sit
2059 806 2193 840 curiosa,

1347 854 1458 891 qualem
1482 853 1619 882 habebant
1640 853 1792 887 Pharisaei,
1815 853 1922 882 loannis
1942 853 2101 888 undecimo,
2121 865 2135 879 α
2147 853 2196 891 qui

1348 901 1519 938 quaerebant
1546 901 1633 929 lesum
1654 903 1682 929 et
1709 900 1940 937 colloquebantur
1961 900 1995 929 ad
2024 900 2140 929 invicem
2168 900 2195 929 in

1348 949 1451 985 templo
1472 951 1590 977 slantes:
1613 947 1684 984 Quid
1699 947 1815 984 putatis,
1838 947 1904 984 quia
1918 955 1973 976 non
1987 947 2062 976 venit
2076 947 2110 976 ad
2124 947 2196 976 diem

1347 996 1448 1025 festum
1461 998 1494 1023 »¹2
1506 1011 1542 1016 -—
1554 995 1637 1028 Item,
1653 1002 1706 1023 non
1722 994 1863 1023 invenitur
1877 994 1912 1023 ab
1927 994 1979 1029 his,
1995 994 2023 1023 in
2037 994 2141 1031 quibus
2155 997 2197 1023 est
2213 1001 2288 1021 rernm.

1348 1042 1481 1071 remissio
1502 1041 1616 1079 operi&
1636 1044 1751 1078 propter
1766 1041 1839 1077 quod
1861 1040 1963 1069 dicitur
1981 1041 2070 1070 Lucae
2090 1040 2197 1069 decimo

1348 1090 1430 1119 tertio
1444 1089 1471 1117 ⁸:
1497 1100 1511 1114 «
1526 1088 1687 1117 Contendite
1709 1088 1814 1116 intrare
1835 1096 1885 1124 per
1905 1090 2050 1125 angustam
2071 1090 2195 1124 portam,

1347 1137 1413 1174 quia
1434 1136 1495 1165 dico
1516 1136 1606 1169 vobis,
1627 1135 1708 1164 multi
1726 1137 1862 1172 quaerent
1882 1135 1988 1164 intrare
2008 1137 2036 1164 et
2056 1143 2111 1163 non
2136 1137 2196 1172 pot-

1347 1186 1431 1212 erunt
1445 1195 1472 1211 ».
1495 1183 1609 1219 Propter
1630 1182 1682 1210 hoc
1703 1182 1806 1210 dicitur
1827 1181 1910 1210 Isaiae
1932 1181 2064 1218 vigesimo
2091 1181 2195 1218 primo:

1353 1230 1406 1258 «Si
1428 1229 1577 1267 quaeritis,
1599 1228 1741 1266 quaerite;
1764 1228 1957 1257 convertimini
1978 1231 2005 1257 et
2026 1228 2155 1257 venite».

1680 1330 1810 1352 ΑΝΝοτΑτιο
1828 1330 1865 1352 28.

1426 1418 1515 1455 (Vers.
1541 1416 1607 1452 16.).
1632 1416 1773 1445 Doctrina
1793 1424 1858 1444 mea
1878 1424 1937 1444 non
1958 1418 2000 1444 est
2020 1423 2093 1444 mea.

1425 1464 1505 1498 Nota,
1537 1463 1656 1500 qualiter
1686 1463 1766 1491 docet
1796 1470 1846 1491 nos
1874 1462 1961 1491 vitare
1992 1461 2195 1499 arrogantiam,
2212 1468 2293 1488 nocetur.

1346 1512 1407 1549 qui,
1423 1519 1485 1540 cum
1501 1510 1664 1540 exhibuerit
1681 1510 1761 1539 nobis
1782 1510 1809 1538 in
1825 1517 1854 1538 se
1876 1509 1935 1546 ipso
1956 1509 2131 1546 sapientiam,
2146 1516 2195 1545 po·
2223 1495 2292 1539 ἒῖἓῖῑιῖ

1345 1559 1459 1587 tentiam
1482 1562 1509 1587 et
1530 1557 1679 1591 iustitiam,
1701 1557 1829 1585 attribuit
1850 1559 1942 1585 tamen
1971 1556 2042 1584 Patri
2070 1555 2194 1584 omnium

1345 1606 1462 1635 istorum
1478 1605 1622 1633 honorem.
1634 1621 1673 1625 ——
1684 1604 1755 1632 Patri
1778 1603 1906 1632 attribuit
1926 1603 2061 1633 honorem
2078 1602 2195 1640 sapien·
2211 1609 2290 1637 Ωμοεᾳ.

1346 1653 1420 1686 tiae,·
1442 1652 1516 1681 unde
1544 1651 1604 1680 hic:
1627 1651 1690 1679 Mea
1717 1650 1854 1679 doctrina
1884 1658 1943 1678 non
1970 1653 2012 1678 est
2035 1657 2117 1684 mea,
2146 1649 2196 1678 sed
2217 1634 2292 1657 meum*

1345 1700 1408 1728 eius
1429 1698 1481 1737 qui
1500 1698 1580 1727 misit
1601 1707 1662 1732 me,
1684 1697 1787 1731 Patris;
1809 1700 1836 1726 et
1856 1697 1928 1725 infra
1948 1695 2084 1726 octavo⁹i
2112 1708 2125 1722 εκ
2140 1696 2196 1725 Sic-

1345 1749 1377 1775 ut
1397 1746 1491 1774 docuit
1513 1753 1557 1773 me
1578 1745 1673 1778 Pater,
1699 1744 1767 1772 haec
1789 1744 1888 1780 loquor
1903 1755 1929 1771 ».
1953 1760 1989 1764 —
2019 1743 2090 1771 Patri
2117 1743 2196 1771 attri-
2213 1749 2289 1769 Potenti.

1345 1793 1406 1822 buit
1428 1793 1561 1821 honorem
1582 1791 1741 1829 potentiam
1762 1791 1836 1820 unde
1850 1790 1959 1819 Ioannis
1979 1789 2089 1827 quinto:
2110 1802 2124 1816 «
2138 1790 2195 1819 Non

1346 1842 1436 1876 potest
1456 1839 1540 1867 Filius
1561 1847 1577 1866 a
1594 1846 1623 1867 se
1643 1838 1796 1875 quidquam
1812 1837 1917 1871 facere,
1939 1836 1991 1865 nisi
2006 1836 2081 1874 quod
2095 1836 2195 1865 viderit

1346 1887 1454 1915 Patrem
1476 1886 1620 1914 facientem
1643 1895 1673 1919 »ς
1695 1888 1722 1921 et
1750 1884 1821 1913 infra
1848 1887 1960 1912 octavo:
1987 1895 2001 1909 α
2023 1883 2041 1912 Α
2070 1891 2114 1912 me
2135 1883 2195 1920 ipso

1345 1933 1415 1962 facio
1436 1932 1546 1961 nihil».
1569 1947 1606 1954 —
1629 1932 1700 1960 Patri
1729 1929 1857 1960 attribuit
1885 1931 2020 1959 honorem
2048 1930 2288 1964 iustitiae;1ustitim

1346 1979 1419 2008 unde
1440 1979 1548 2007 Ioannis
1569 1979 1682 2015 quinto:
1709 1989 1723 2003 «
1744 1978 1802 2006 Non
1824 1985 1936 2014 possum
1958 1985 2009 2014 ego
2029 1985 2045 2005 a
2070 1984 2114 2005 me
2134 1977 2194 2014 ipso

1346 2026 1436 2054 facere
1457 2025 1626 2062 quidquam,
1649 2025 1696 2053 sed
1718 2025 1790 2053 sicut
1810 2024 1906 2058 audio,
1928 2023 2020 2052 iudico
2033 2035 2061 2051 ».

1680 2127 1808 2149 ΑκκοτΑ-[ιο
1826 2126 1862 2148 29.

1424 2213 1512 2248 (Vers.
1537 2212 1602 2247 18.).
1627 2211 1685 2247 Qai
1705 2219 1724 2239 a
1745 2210 1895 2247 semetipso
1916 2210 2046 2248 loquitur
2063 2209 2192 2247 gloriam

1342 2259 1499 2297 propriam
1521 2259 1645 2297 quaerit.

1424 2306 1455 2334 Et
1476 2306 1528 2334 hoc
1554 2305 1656 2334 malum
1679 2307 1736 2338 est,
1758 2304 1824 2341 quia
1844 2303 1932 2340 gloria
1953 2303 2066 2340 propria
2080 2305 2121 2331 est
2135 2303 2192 2339 glo·
2210 2309 2286 2338 empna

1345 2353 1386 2381 ria
1413 2360 1510 2386 vana,
1531 2352 1619 2389 gloria
1642 2351 1709 2379 vilis
1741 2354 1768 2379 et
1795 2353 2004 2379 momentanea.
2027 2366 2065 2370 -
2092 2350 2192 2383 Varum
2209 2335 2290 2354 ‘mm'

1345 2399 1418 2428 unde
1440 2399 1522 2428 Isaiae
1543 2398 1754 2435 quadragesimo
1766 2397 1804 2425 ¹⁰:
1830 2408 1843 2422 (ι
1864 2396 1960 2425 Omnis
1980 2404 2045 2425 caro
2066 2396 2191 2430 foenum,

1344 2449 1371 2475 et
1386 2446 1475 2474 omnis
1489 2446 1577 2482 gloria
1591 2445 1651 2474 eius
1664 2444 1742 2481 quasi
1757 2444 1809 2473 flos
1820 2444 1891 2472 foeni
1903 2455 1930 2471 ».
1948 2459 1982 2463 —
2005 2442 2074 2471 Vilis
2080 2453 2091 2476 ‚·
2109 2442 2190 2479 primi
2209 2451 2263 2470 vnis.

1344 2493 1573 2521 Machabaeorum
1595 2491 1728 2521 secundo:
1755 2502 1768 2516 «ι
1780 2492 1799 2519 Α
1813 2490 1907 2519 verbis
1920 2490 1972 2518 viri
1991 2489 2144 2527 peccatoris
2158 2497 2192 2518 ne

1346 2539 1487 2573 timueris,
1510 2539 1576 2575 quia
1593 2538 1680 2575 gloria
1701 2538 1761 2566 eius
1788 2540 1896 2566 stercus
1924 2539 1951 2566 et
1978 2536 2081 2565 vermis
2108 2538 2190 2565 est».

1407 2715 1417 2729 ⁵
1434 2717 1498 2739 Vers.
1517 2717 1540 2738 6.
1556 2728 1587 2733 —
1603 2716 1712 2744 Sequitur
1729 2716 1783 2743 Sap.
1805 2716 1824 2743 l,
1842 2715 1863 2737 l.
1880 2717 1902 2737 et
1919 2715 1941 2736 2.

1407 2754 1416 2767 ⁷
1436 2756 1501 2778 Vers.
1519 2756 1555 2777 43.
1574 2768 1602 2771 --
1621 2755 1671 2777 Duo
1688 2761 1753 2783 seqq.
1766 2754 1809 2776 loci
1827 2756 1880 2776 sunt
1896 2754 1956 2776 loan.
1967 2753 1995 2780 6,
2009 2753 2047 2775 26.
2064 2755 2086 2774 et
2107 2752 2140 2779 ll,
2153 2752 2190 2774 56.

1406 2793 1415 2806 θ
1434 2795 1497 2817 Vers.
1516 2794 1554 2816 24.
1571 2806 1601 2810 ——
1618 2794 1722 2816 Subinde
1740 2794 1851 2820 allegatur
1868 2792 1918 2815 lsai.
1935 2792 1973 2819 21,
1994 2792 2028 2814 12.

1406 2832 1415 2845 ⁰
1435 2835 1499 2856 Vers.
1517 2834 1555 2855 28.
1572 2845 1603 2849 —
1620 2833 1676 2855 Tres
1697 2838 1762 2861 seqq.
1780 2831 1824 2854 loci
1846 2834 1900 2853 sunt
1922 2831 1983 2853 ioan.
2000 2831 2026 2857 5,
2047 2830 2089 2856 19;
2108 2830 2133 2857 8,
2152 2830 2189 2852 28,

1343 2876 1365 2895 et
1383 2873 1409 2899 5,
1427 2872 1463 2894 30.

1406 2909 1425 2923 ¹⁰
1437 2911 1501 2933 Vers.
1511 2911 1533 2932 6.
1544 2923 1574 2927 -
1587 2911 1719 2939 Sequuntur
1729 2910 1742 2932 l.
1752 2909 1855 2932 Machab.
1868 2910 1894 2937 2,
1907 2909 1944 2931 62.
1955 2911 1978 2930 et
1990 2909 2025 2930 Ps.
2038 2907 2079 2936 48,
2092 2906 2129 2929 ι17.
2140 2913 2189 2935 seq.
