2296 3316
7 483 36 507 -De
47 488 100 512 parte
113 487 132 507 2.

62 1180 130 1210 Aliter.

63 1378 131 1397 Aliter.

14 1898 28 1913 »ο
40 1895 93 1918 parte
106 1894 124 1913 3.

731 167 901 196 COMMENT.
924 167 957 196 IN
978 167 1215 197 ECCLESIASTEN
1236 168 1263 196 C.
1286 169 1326 197 111.

154 249 281 283 quuntur
302 246 516 280 retributiones,
531 246 637 283 pupillo
656 254 712 275 non
726 245 863 280 iudicant,
878 248 906 274 et
920 252 1003 274 causa

153 293 252 322 viduae
266 301 322 322 non
335 293 491 330 ingreditur
505 293 539 321 ad
550 300 631 327 eos»;
647 292 713 330 quia
722 292 825 321 dicitur
838 292 867 321 in
882 292 1001 321 Psalmo:

158 352 172 366 α
186 341 215 369 111
236 348 359 377 quorum
379 340 508 368 manibus
528 339 688 377 iniquitates
716 342 797 373 sunt,
818 339 936 368 dextera
956 346 1002 368 eo-

153 395 217 416 rum
238 387 344 424 repleta
364 389 406 416 est
425 386 591 416 muneribus
604 398 632 414 ».

231 434 320 471 (Vers.
355 434 420 470 17.).
450 434 485 462 Et
515 433 581 462 dixi
610 433 642 462 in
672 433 758 462 corde
777 441 856 461 meo.-
885 433 1001 461 Iustum

151 484 178 510 et
207 481 333 518 impium
361 480 505 509 iudicabit
530 480 616 509 Deas.
646 480 692 508 Hic
720 479 841 508 secundo
868 479 1000 513 ostendit,

151 527 290 565 quomodo
321 535 357 556 ex
386 527 438 556 hoc
465 527 576 556 devenit
603 527 631 555 in
658 525 760 564 futuri
783 526 889 554 iudicii
912 534 1000 563 prae-

150 574 372 604 meditationem.
396 575 510 611 Propter
523 573 598 611 quod
612 573 718 603 subdit:
740 574 775 602 Et
789 573 856 602 dixi
869 573 900 602 in
915 573 1001 602 corde

149 630 228 650 meo:
254 621 370 649 Iustum
399 620 558 654 iudicabit,
589 620 623 649 ad
654 620 825 657 praemium;
858 620 998 657 impium,

150 668 185 698 ad
215 668 398 705 supplicium;
430 668 476 696 Iob
508 667 649 705 trigesimo
680 668 816 705 quarto‘:
854 679 867 693 «
882 667 957 696 Absit
984 675 1024 695 ar

150 716 207 745 Deo
234 715 375 752 impietas,
407 718 434 744 et
465 715 500 744 ab
524 714 718 752 Omnipotente
749 714 889 752 iniquitas.
922 714 1000 751 Opus

149 762 224 791 enim
245 762 365 791 hominis
386 762 483 791 reddet
501 761 526 791 ei
547 764 575 791 et
594 761 675 790 iuxta
689 761 747 790 vias
762 761 937 798 singulorum
954 768 999 789 re-

149 809 246 839 stituet
265 809 313 838 615.
335 809 406 838 Vere
431 809 506 838 enim
533 808 608 837 Deus
635 816 690 837 non
719 807 912 837 condemnabit
939 807 998 836 fru-

149 859 222 891 stra,
244 864 294 885 nec
321 855 502 893 Omnipotens
523 855 667 885 subvertet
687 855 821 884 iudicium
836 867 863 883 ».
886 855 918 883 Ε1
937 855 998 884 ideo

148 903 280 933 iudicabit
300 903 374 932 Deus
388 911 436 932 eos
450 903 604 932 secundum
624 910 725 940 opera,
740 910 811 940 quae
830 905 897 931 tunc
914 904 999 931 erunt

148 950 307 984 manifesta;
329 950 403 979 unde
423 949 531 979 subdit:
554 950 592 978 Et
611 953 724 986 tempus
745 949 840 978 omnis
864 949 910 978 rei
929 952 998 978 tune

148 998 220 1032 erit,
241 997 269 1026 id
290 1000 331 1027 est
353 1001 462 1035 tempus
482 997 576 1026 iudicii
591 996 680 1026 omnis
694 996 823 1031 hominis,
839 996 886 1034 qui
903 996 998 1025 omnis

148 1053 195 1074 res
208 1044 319 1074 videtur
347 1044 483 1073 secundae
497 1044 532 1073 ad
546 1044 702 1073 Corinthios
716 1044 815 1081 quinto
826 1044 850 1072 ²:
871 1055 884 1069 «ι
895 1043 998 1072 Omnes

148 1091 222 1121 enim
242 1099 292 1121 nos
318 1091 489 1120 manifestari
516 1094 626 1128 oportet
649 1093 713 1120 ante
734 1091 857 1120 tribunal
881 1091 997 1125 Christi,

147 1141 180 1168 ut
200 1138 303 1168 referat
315 1138 510 1176 unusquisque
525 1138 638 1175 propria
659 1137 798 1175 corporis,
814 1138 871 1166 sive
892 1137 997 1166 bonum

148 1186 195 1221 sit,
210 1186 268 1215 sive
282 1185 385 1214 malum
400 1197 426 1213 ».
449 1202 488 1206 —
509 1185 573 1214 Vel:
596 1189 709 1222 tempus
723 1185 818 1214 omnis
839 1185 899 1219 rei,
915 1184 942 1213 id
956 1187 999 1213 est

147 1233 373 1262 manifestationis
383 1233 472 1261 omnis
483 1232 537 1267 rei;
552 1232 657 1269 primae
667 1232 702 1261 ad
712 1232 870 1261 Corinthios
880 1235 981 1269 quarto
991 1243 996 1260 :

153 1291 167 1305 c<
181 1279 268 1308 Nolite
288 1282 352 1308 ante
373 1281 484 1316 tempus
505 1279 640 1314 iudicare,
663 1287 813 1316 quousque
831 1279 923 1308 veniat
944 1279 997 1307 Do-

148 1326 253 1361 minus,
278 1326 326 1364 qui
348 1329 375 1355 et
396 1326 562 1355 illuminabit
582 1326 742 1355 abscondita
768 1326 948 1355 tenebrarum
970 1328 998 1355 et

148 1371 334 1403 manifestabit
345 1373 458 1402 consilia
468 1373 594 1402 cordium
607 1385 635 1401 ».
651 1390 688 1394 -
701 1373 765 1402 Vel:
778 1376 890 1410 tempus
901 1373 997 1402 omnis

148 1421 207 1455 rei,
235 1420 263 1449 id
291 1424 332 1450 est
364 1420 556 1449 retributionis
586 1420 676 1449 omnis
708 1420 763 1455 rei;
796 1420 830 1449 ad
861 1421 996 1449 Romanos

147 1471 258 1497 octavo:
285 1467 408 1496 «Omnis
429 1470 559 1497 creatura
589 1467 770 1505 ingemiscit»
796 1470 847 1496 etc.
876 1485 911 1488 —
941 1468 995 1497 Hoc

147 1517 257 1552 tempus
288 1515 467 1552 exspectabat
498 1515 674 1544 Ecclesiastes
704 1522 764 1544 esse
799 1515 928 1544 futurum
959 1522 995 1543 ex

147 1564 296 1599 conspectu
315 1561 468 1599 iniquitatis
482 1562 650 1599 praesentis,
666 1562 749 1591 Isaiae
764 1562 995 1600 quinquagesimo

146 1617 234 1638 nono:
261 1620 275 1634 «
288 1609 459 1638 Conversum
480 1612 521 1638 est
542 1612 699 1638 retrorsum
721 1609 870 1644 iudicium,
893 1612 921 1639 et
952 1610 994 1638 iu-

146 1656 221 1686 stitia
241 1656 321 1693 longe
342 1657 429 1691 stetit,
458 1657 524 1694 quia
552 1656 659 1685 corruit
688 1656 716 1685 in
747 1656 845 1693 plateis
876 1656 993 1691 veritas,

145 1705 173 1732 et
193 1702 318 1740 aequitas
339 1711 393 1731 non
415 1703 506 1740 potuit
526 1703 649 1740 ingredi;
671 1706 699 1732 et
719 1703 787 1732 vidit
808 1703 952 1737 Dominus,
967 1706 995 1732 et

144 1750 249 1779 malum
271 1750 400 1787 apparuit
420 1750 448 1778 in
476 1750 563 1778 oculis
584 1750 660 1784 eius,
682 1750 748 1787 quia
768 1758 824 1778 non
845 1752 886 1779 est
907 1749 994 1778 mani-

144 1797 245 1826 festum
255 1820 262 1831 ,
277 1799 304 1825 et
325 1796 440 1825 indutus
460 1799 502 1826 est
522 1797 613 1826 iustus
627 1797 713 1826 lorica
726 1800 753 1826 et
766 1797 844 1834 galea
858 1797 955 1825 salutis
966 1809 992 1825 ».

225 1844 296 1873 Dixi
316 1844 347 1873 in
368 1844 453 1873 corde
473 1852 534 1873 meo
555 1844 589 1872 de
609 1843 679 1881 filiis
700 1843 852 1872 hominum
873 1847 924 1872 etc.
947 1844 994 1872 Hic

144 1891 268 1929 tangitur
289 1891 383 1925 tertio,
405 1891 543 1929 quomodo
558 1899 594 1920 ex
610 1891 662 1920 1106
676 1890 787 1920 devenit
808 1891 836 1920 in
854 1899 993 1928 praesen-

144 1938 181 1967 tis
201 1941 297 1967 status
317 1938 594 1972 considerationem,
616 1946 704 1975 quare
734 1938 838 1967 scilicet
858 1938 994 1967 Dominus

142 1985 172 2014 in
192 1986 330 2023 praesenti
352 1985 477 2014 homines
498 1985 614 2014 miseros
627 1983 687 2014 es'se
710 1984 810 2019 voluit;
832 1984 866 2013 ad
881 1985 946 2018 hoc,
962 1987 994 2013 ut

143 2032 247 2061 scilicet
267 2040 314 2062 eos
325 2032 481 2070 probaret,
496 2032 557 2061 ideo
570 2032 655 2060 vitam
670 2031 790 2060 hominis
804 2031 898 2060 bestiis
919 2031 993 2060 simi-

144 2079 198 2108 lem
219 2079 290 2108 fecit.

222 2127 311 2164 (Vers.
341 2128 384 2156 18.
416 2128 459 2156 19.
486 2128 532 2156 ΞΟ.
562 2126 630 2163 21).
659 2127 773 2163 Propter
804 2126 879 2163 quod
909 2126 991 2155 dicit:

143 2173 215 2202 Dixi
234 2174 267 2202 in
286 2174 372 2203 corde
391 2183 470 2209 meo,
492 2174 519 2203 id
540 2177 582 2203 est
602 2174 733 2211 cognom
755 2173 789 2202 de
808 2173 879 2210 filiis
900 2172 992 2202 homi—

141 2229 214 2249 nuni
225 2220 246 2255 ³,
268 2224 404 2258 quantum
425 2221 459 2250 ad
479 2224 621 2256 naturam;
636 2224 668 2249 ut
686 2220 826 2258 probaret
846 2229 892 2249 eos
913 2221 992 2249 Deus

141 2271 168 2297 et
186 2268 357 2302 ostenderet,
379 2268 487 2297 similes
501 2265 560 2297 esse
575 2268 683 2303 bestiis,
705 2268 732 2297 id
746 2270 801 2303 est,
815 2267 991 2297 assimilando

141 2315 237 2345 bestiis
257 2315 403 2353 probaret,
426 2316 474 2353 qui
505 2319 611 2351 essent,
633 2318 730 2345 utrum
758 2323 823 2345 vere
844 2315 925 2350 boni,
947 2315 990 2344 vel

206 2497 214 2510 ¹
233 2499 299 2521 Vers.
316 2499 395 2521 40-12.

205 2536 214 2549 ²
233 2538 298 2561 Vers.
317 2538 358 2560 10:
376 2538 486 2561 Omnes..
502 2538 614 2566 corporis,
637 2540 706 2566 prout
728 2537 812 2565 gessit,
829 2537 879 2560 sive
902 2537 991 2560 bonnm

143 2576 193 2599 sive
210 2577 306 2599 malum.
322 2589 352 2593 —
370 2577 478 2606 Sequitur
496 2578 511 2599 1.
527 2576 579 2600 Cor.
598 2577 624 2605 4,
642 2577 668 2605 5;
686 2577 753 2599 Rom.
771 2577 797 2603 8,
816 2577 858 2604 223
876 2576 925 2599 lsai.
948 2577 990 2603 59,

143 2615 181 2638 14.
198 2616 235 2638 15.
252 2619 274 2638 et
292 2616 329 2639 17.
347 2617 445 2644 Vulgata
463 2617 528 2644 plura
546 2616 661 2639 interserit
677 2619 699 2638 et
716 2616 739 2638 in
751 2615 796 2638 nne
808 2616 862 2644 legit
874 2615 930 2645 quia
943 2622 991 2638 non

142 2656 176 2677 est
193 2654 330 2678 iudicium...
347 2654 444 2678 indutus
462 2656 496 2678 est
513 2654 602 2678 institia
618 2656 647 2678 ut
663 2654 738 2678 lorica
763 2656 785 2677 et
809 2653 878 2684 palea
903 2654 990 2677 salutis

142 2693 167 2716 in
184 2693 258 2723 capite
275 2693 331 2717 eius.
351 2706 380 2710 —
397 2694 506 2722 Gregor.,
523 2695 547 2716 ll.
559 2694 641 2716 Homil.
654 2694 677 2716 in
689 2695 775 2722 Evang.
789 2694 867 2716 homil.
880 2694 916 2716 29.
930 2700 952 2716 n.
964 2695 990 2716 2:

142 2732 221 2755 Omnis
238 2735 357 2755 creaturae
373 2733 466 2755 nomine
486 2733 590 2761 signatur
615 2734 686 2755 homo
711 2735 755 2755 etc.
779 2732 825 2756 Csr.
850 2733 887 2755 Vl.
913 2733 989 2755 Moral.

120 2789 122 2791 .
142 2778 162 2794 c.
181 2772 217 2793 16.
234 2778 256 2794 n.
274 2772 311 2799 20,
328 2774 351 2794 et
368 2772 478 2799 August.‚
496 2772 570 2794 Serm.
588 2772 625 2794 43.
644 2772 707 2801 (alias
725 2772 762 2794 27.
780 2772 809 2795 de
826 2772 910 2795 Verbis
932 2773 990 2801 Apo-

142 2811 200 2839 stoli)
218 2817 237 2833 c.
256 2811 278 2833 3.
295 2817 318 2833 n.
336 2811 358 2833 4.
374 2823 406 2827 —
423 2811 475 2833 Vat.
492 2811 581 2833 tertiam
599 2811 766 2840 expositionem
783 2811 909 2834 verborum
933 2814 990 2835 tem-

139 2856 187 2880 pus
205 2850 282 2873 omnis
298 2850 335 2873 rei
351 2850 446 2877 omittit,
464 2856 535 2879 quarn
552 2850 620 2873 codd.
639 2850 759 2879 praebent.

204 2887 214 2900 ³
232 2889 365 2912 Secundum
382 2891 468 2911 textum
486 2888 617 2912 Hebraeum
635 2892 657 2912 et
675 2890 759 2917 Syrum
778 2889 924 2918 (Pescliittho)
941 2895 989 2912 sen·

142 2934 181 2950 sus
198 2930 243 2950 est:
261 2927 367 2956 Cogitavi
383 2933 448 2950 more
465 2928 585 2950 hominum
602 2931 645 2951 etc.

203 2965 212 2978 ⁰
230 2967 319 2989 Psalm.=
331 2967 373 2994 48,
392 2967 429 2989 13.
447 2979 476 2982 —
493 2967 615 2996 Aliquanto
633 2968 727 2990 inferius
744 2974 787 2996 pro
806 2966 986 2995 dissimilitudo,

1869 173 1905 202 35

1059 245 1139 279 mali;
1161 245 1227 282 quia
1248 246 1325 281 mali,
1347 247 1471 276 videntes
1492 248 1699 278 similitudinem
1719 258 1797 278 suam
1811 250 1846 279 ad
1860 251 1907 280 be-

1059 291 1125 320 stias
1146 292 1174 320 in
1195 292 1264 327 vita,
1286 293 1384 322 volunt
1403 294 1549 323 assimilari
1570 295 1598 324 in
1612 296 1738 325 moribus
1758 300 1786 325 et
1806 297 1906 326 bestia-
1937 311 1947 314 -

1059 338 1122 367 liter
1142 338 1254 373 vivunt;
1271 339 1335 368 boni
1350 347 1417 368 vero
1432 341 1627 377 spiritualiter;
1643 342 1703 371 ideo
1724 343 1751 371 in
1777 343 1883 372 Psalmo
1894 345 1905 360 ⁴²

1058 384 1175 413 dicitur:
1203 396 1216 410 «
1230 385 1327 420 Homo,
1343 394 1407 415 cum
1421 387 1449 415 in
1464 387 1569 425 honore
1583 392 1669 423 esset,
1684 397 1739 418 non
1753 390 1904 424 intellexit;

1058 435 1234 468 comparatus
1249 436 1290 462 est
1304 433 1435 463 iumentis
1456 434 1648 471 insipientibus
1662 439 1689 465 et
1703 437 1799 466 similis
1817 437 1906 466 factus

1058 480 1099 506 est
1120 478 1174 507 illis
1187 490 1214 506 »,
1238 478 1268 507 Et
1282 479 1401 508 ostendit
1421 480 1629 510 similitudinem
1644 482 1788 511 hominum
1810 483 1845 512 ad
1858 484 1905 512 be-

1057 525 1123 554 stias
1144 525 1172 554 111
1193 530 1284 554 morte
1305 529 1332 555 et
1362 527 1424 555 vita
1448 530 1476 556 et
1496 528 1523 556 in
1545 529 1689 563 materia;
1710 538 1765 558 non
1786 534 1828 559 est
1848 539 1905 559 ma-

1057 572 1155 601 nifesta
1174 572 1369 602 dissimilitudo
1390 574 1417 602 in
1433 575 1569 611 spirituali
1585 576 1746 605 substantia.
1762 593 1799 598 —-
1814 578 1906 614 Quan-

1057 623 1116 648 tum
1138 619 1173 647 ad
1193 623 1314 648 mortem
1334 620 1415 649 dicit:
1432 622 1466 649 Et
1486 622 1596 651 idcireo
1617 631 1696 651 unus
1716 627 1758 652 est
1771 624 1906 653 interitus

1057 665 1183 695 hominis
1204 670 1230 695 et
1256 667 1471 702 iumentorum,
1496 672 1521 697 et
1549 677 1644 707 aequa
1665 670 1819 708 utriusque
1840 679 1906 699 con-

1056 713 1143 747 attio,
1166 713 1270 743 scilicet
1290 714 1325 742 ad
1347 714 1491 743 hominum
1510 715 1715 752 probationem,
1737 717 1812 754 quia,
1834 717 1906 746 sicut

1055 760 1211 789 iumentum
1233 769 1288 789 non
1310 769 1419 798 semper
1440 762 1523 796 vivit,
1548 762 1632 791 immo
1653 763 1800 800 aliquando
1822 765 1906 793 mori-

1056 811 1118 842 tur,
1140 807 1179 836 sic
1209 810 1237 836 et
1267 808 1366 843 homo;
1399 808 1471 837 infra
1501 810 1611 838 nono⁵:
1639 810 1750 839 «Nemo
1778 814 1835 846 est,
1857 812 1905 849 qui

1056 862 1165 891 semper
1186 854 1260 883 vivat
1283 857 1310 883 et
1340 855 1389 892 qui
1411 855 1496 885 huius
1517 856 1556 885 rei
1579 856 1679 885 habeat
1694 857 1823 887 fiduciam
1835 869 1862 893 »;
1878 863 1905 888 et

1054 901 1116 931 ideo
1137 902 1307 937 manifestat,
1328 902 1403 939 quod
1424 903 1575 932 similitudo
1596 907 1637 933 est
1657 904 1685 933 in
1699 907 1801 939 morte,
1817 905 1904 935 unde:

1055 949 1138 978 Sicut
1158 949 1288 978 moritur
1309 948 1408 984 homo,
1430 950 1473 978 sic
1493 954 1518 978 et
1539 950 1591 979 illa
1611 952 1791 981 moriuntur.
1804 953 1906 982 —Nec

1056 998 1164 1025 tantum
1185 996 1336 1026 similitudo
1356 1000 1397 1026 est
1418 997 1446 1025 in
1468 998 1587 1026 termino
1609 998 1696 1033 vitae,
1718 999 1802 1028 immo
1823 1000 1904 1028 etiam

1055 1043 1083 1071 in
1118 1046 1186 1072 aetii
1217 1043 1350 1077 vivendi;
1381 1044 1442 1073 ideo
1473 1044 1582 1073 subdit:
1615 1045 1756 1074 Similiter
1786 1046 1904 1083 spirant

1055 1090 1171 1124 omnia,
1204 1090 1308 1119 scilicet
1338 1091 1502 1127 aspirantia;
1534 1100 1585 1120 nec
1613 1090 1695 1120 habet
1727 1091 1810 1121 homo
1841 1101 1905 1122 am-

1051 1137 1133 1174 plius
1154 1138 1297 1172 iumento,
1313 1137 1417 1166 scilicet
1438 1141 1573 1175 quantum
1595 1138 1629 1167 ad
1647 1142 1740 1167 actum
1754 1140 1841 1173 vitae;
1858 1141 1904 1168 Sa-

1055 1184 1173 1221 pientiae
1195 1184 1347 1221 septim0⁶:
1375 1185 1478 1213 «Unus
1499 1188 1541 1214 est
1561 1193 1690 1222 egressus
1712 1186 1855 1214 hominum
1870 1186 1904 1215 ad

1055 1231 1139 1260 vitam
1160 1234 1188 1260 et
1209 1231 1305 1260 similis
1326 1232 1420 1261 exitus
1433 1244 1460 1259 ».
1483 1232 1526 1260 Sic
1547 1235 1621 1269 patet
1642 1232 1792 1261 similitudo
1816 1241 1903 1270 quan—

1055 1281 1115 1307 tum
1131 1278 1165 1307 ad
1179 1279 1272 1307 vitam.
1284 1296 1323 1300 —
1335 1279 1366 1307 Et
1380 1279 1523 1316 subiungit
1537 1279 1745 1308 similitudinem
1767 1283 1903 1317 quantum

1054 1325 1088 1354 ad
1108 1326 1283 1360 materiam‚·
1304 1329 1331 1355 et
1352 1329 1500 1363 propterea
1520 1326 1600 1355 dicit:
1624 1327 1736 1355 Cuncta
1753 1327 1904 1356 subiacent

1054 1373 1196 1407 vanitati,
1212 1373 1323 1407 scilicet,
1335 1373 1402 1410 quia
1416 1381 1452 1402 ex
1467 1373 1553 1402 nihilo
1568 1373 1638 1402 facta
1653 1377 1727 1408 sunt,
1742 1374 1802 1403 ideo
1817 1382 1901 1408 vana;

1053 1420 1087 1448 ad
1107 1420 1245 1449 Romanos
1272 1420 1407 1449 octavo⁷:
1434 1432 1447 1445 «
1463 1420 1582 1449 Vanitati
1610 1420 1733 1449 subiecta
1758 1424 1799 1450 est
1827 1429 1903 1450 crea-

1053 1469 1155 1495 tura».
1177 1467 1235 1496 Non
1256 1467 1337 1501 dicit,
1359 1467 1435 1504 quod
1465 1467 1534 1496 nihil
1562 1468 1597 1496 sit
1622 1468 1753 1502 materia,
1782 1468 1830 1497 sed
1850 1468 1902 1497 1106

1052 1514 1113 1542 vult
1139 1514 1247 1548 dicere,
1274 1514 1347 1551 quod
1379 1522 1434 1543 non
1455 1514 1558 1543 habent
1582 1515 1726 1544 materiam
1752 1515 1901 1544 increatam

1052 1568 1143 1598 neque
1174 1561 1339 1595 essentiam,
1372 1561 1420 1590 sed
1451 1561 1554 1590 habent
1585 1562 1729 1590 materiam
1761 1566 1901 1597 creatam,

1052 1616 1136 1645 quam
1168 1608 1295 1645 intelligit
1326 1608 1438 1637 nomine
1469 1611 1572 1636 terrae.
1601 1624 1639 1628 ——
1668 1608 1729 1637 Ideo
1759 1609 1840 1638 dicit:
1867 1610 1903 1638 Et

1052 1655 1152 1684 omnia
1170 1659 1299 1692 peryunt
1319 1655 1360 1683 ad
1380 1664 1474 1683 unam
1496 1655 1604 1689 locum,
1634 1655 1737 1691 scilicet
1761 1656 1795 1684 ad
1816 1659 1901 1685 mate-

1052 1702 1136 1736 riam,
1158 1710 1195 1731 ex
1216 1710 1272 1739 qua
1293 1702 1364 1731 facta
1384 1705 1457 1731 sunt.
1486 1702 1525 1730 De
1546 1706 1627 1731 terra
1647 1701 1730 1739 facta
1744 1707 1813 1731 sunt
1827 1706 1852 1731 et
1870 1704 1900 1731 in

1052 1753 1163 1778 terram
1180 1749 1298 1786 pariter
1319 1752 1520 1783 reuertuntur,
1543 1749 1662 1786 pariter,
1685 1750 1711 1778 id
1727 1752 1768 1778 est
1792 1750 1900 1778 confor-

1051 1797 1142 1825 miter.
1165 1796 1196 1825 Et
1217 1796 1255 1825 sic
1276 1799 1389 1825 notatur
1415 1796 1565 1825 similitudo
1593 1796 1621 1825 in
1649 1797 1779 1831 materia;
1808 1796 1899 1825 Eccle-

1051 1844 1151 1872 siastici
1173 1843 1398 1881 quadragesimo:
1425 1855 1439 1868 «
1453 1843 1567 1878 Omnia,
1589 1851 1661 1880 quae
1682 1843 1715 1872 de
1738 1846 1812 1872 terra
1830 1843 1900 1872 facta

1051 1894 1128 1925 sunt,
1160 1890 1194 1919 ad
1222 1893 1324 1919 terram
1357 1893 1570 1924 convertentur;
1599 1890 1725 1919 similiter
1753 1893 1779 1919 et
1811 1898 1898 1927 aquae

1050 1946 1145 1967 omnes
1166 1938 1194 1966 in
1222 1945 1300 1966 mare
1328 1940 1567 1966 convertentur».
1595 1953 1630 1957 —
1653 1937 1704 1965 Sed
1736 1940 1844 1965 tantum
1869 1937 1896 1965 in

1051 1985 1094 2013 his
1114 1988 1156 2013 est
1176 1984 1338 2013 similitudo
1359 1988 1477 2021 aperta,
1499 1983 1546 2012 sed
1567 1991 1620 2012 11011
1636 1987 1750 2020 apparet
1764 1982 1897 2021 differen-

1050 2033 1093 2061 tia
1120 2032 1152 2061 in
1181 2032 1291 2060 anima.
1332 2031 1404 2066 Quis
1434 2031 1529 2065 nouit,
1557 2031 1585 2058 si
1614 2030 1739 2067 spiritus
1765 2024 1895 2067 filiorum

1050 2079 1149 2107 Adam
1170 2078 1308 2106 ascendat
1328 2077 1475 2105 sursum?
1496 2077 1530 2105 ad
1545 2077 1665 2111 caelum,
1681 2077 1785 2105 scilicet
1799 2076 1833 2105 ad
1854 2085 1897 2106 re-

1047 2125 1283 2159 munerationem,
1306 2132 1340 2153 an
1359 2124 1490 2153 deorsum
1512 2132 1562 2161 per
1583 2124 1803 2160 corruptionem;
1825 2124 1897 2153 sicut

1049 2175 1176 2207 econtra,
1197 2172 1322 2209 spiritus
1343 2172 1541 2200 iumentorum
1566 2171 1720 2199 descendat
1740 2171 1897 2199 deorsum?

1048 2228 1098 2257 per
1119 2219 1340 2256 corruptionem,
1355 2221 1404 2247 3111
1424 2218 1507 2247 etiam
1528 2226 1654 2252 sursum,
1670 2218 1741 2247 sicut
1762 2221 1789 2247 et
1810 2219 1897 2247 homi-

1048 2267 1091 2296 nis
1121 2266 1155 2296 ad
1183 2266 1277 2295 iudicii
1305 2265 1526 2294 retributionem.
1556 2265 1637 2294 Pauci
1665 2265 1717 2294 hoc
1743 2268 1896 2299 noverunt;

1047 2314 1127 2343 multi
1149 2316 1316 2343 erraverunt
1336 2316 1364 2341 et
1384 2315 1553 2349 posuerunt,
1575 2312 1649 2349 quod
1670 2312 1822 2341 uniformes
1843 2312 1897 2349 spi-

1048 2498 1113 2526 quod
1130 2497 1238 2520 exhibent
1255 2497 1271 2519 E
1289 2496 1311 2525 (a
1322 2495 1424 2519 secunda
1437 2496 1517 2524 manu)
1538 2497 1560 2517 et
1577 2494 1631 2522 CF,
1649 2495 1685 2516 alii
1703 2494 1771 2517 codd.
1786 2497 1894 2522 corrupte

1048 2535 1219 2563 dissuadendo,
1238 2536 1289 2557 Vat.
1307 2534 1338 2557 ibi
1355 2535 1409 2563 legit
1426 2534 1451 2556 in
1467 2533 1580 2561 materia,
1601 2533 1787 2562 immanifestum.
1804 2532 1895 2556 dissua-

1048 2574 1136 2602 dendo,
1154 2574 1197 2598 ltoc
1212 2576 1247 2597 est
1263 2574 1288 2596 ῖη
1304 2573 1427 2603 spirituali
1442 2572 1582 2596 substantia.

1111 2613 1120 2626 ⁶
1138 2615 1204 2637 Vers.
1223 2614 1243 2636 4.

1110 2652 1120 2665 ⁶
1138 2654 1203 2676 Vers.
1221 2654 1247 2675 ὃς
1266 2654 1329 2676 Unus
1345 2659 1402 2680 ergo
1419 2652 1525 2674 introitus
1542 2655 1575 2674 est
1592 2651 1701 2673 omnibus
1717 2651 1747 2673 ad
1764 2651 1835 2673 vitain
1851 2653 1893 2672 etc.

1049 2693 1220 2721 (Septuagintaz
1239 2693 1302 2715 Unus
1318 2692 1379 2714 euim
1397 2694 1430 2714 est
1447 2691 1551 2714 omnium
1569 2691 1688 2718 ingressus
1705 2691 1727 2712 in
1746 2689 1859 2712 mnndum
1872 2694 1893 2712 et

1047 2738 1155 2760 egressus
1172 2737 1246 2760 aeque
1263 2731 1343 2759 idem).

1110 2769 1118 2782 '¹
1137 2771 1203 2793 Vers.
1221 2771 1259 2793 20.
1274 2782 1306 2786 —
1322 2769 1395 2792 Codd.
1413 2772 1434 2791 et
1451 2769 1501 2791 Vat.
1520 2768 1575 2792 Non
1591 2767 1654 2793 dico.
1668 2770 1690 2789 et
1701 2767 1785 2789 deinde
1798 2766 1848 2789 volo
1861 2765 1891 2788 di-

1047 2816 1105 2838 cere,
1118 2812 1213 2838 excepto
1230 2810 1258 2837 E,
1276 2809 1315 2838 qui
1328 2809 1383 2837 legit
1394 2814 1424 2831 eir
1435 2807 1478 2831 hoc
1488 2807 1541 2830 cult
1552 2807 1635 2830 dicere.
1648 2807 1726 2829 Nostra
1740 2806 1806 2828 lectio
1818 2805 1892 2832 magis

1046 2849 1161 2872 contextui
1178 2848 1309 2876 respondet.
1326 2860 1356 2864 —
1373 2847 1467 2869 inferius
1479 2847 1589 2874 allegatur
1602 2846 1667 2868 Eccli.
1681 2846 1709 2868 40
1718 2863 1723 2872 ,
1737 2846 1760 2867 11
1773 2853 1778 2867 :
1796 2844 1891 2869 Omnia,

1046 2895 1106 2917 quae
1124 2888 1152 2910 de
1170 2890 1228 2910 terra
1246 2890 1310 2915 sunt,
1328 2888 1349 2909 in
1367 2890 1451 2909 terram
1468 2888 1644 2914 convertentur,
1668 2888 1689 2907 et
1713 2890 1794 2907 omnes
1817 2890 1891 2912 aquae

1047 2928 1069 2950 in
1088 2933 1151 2950 mare
1167 2929 1319 2949 revertentur.

1943 491 2051 516 Tripliciter

1921 514 1976 533 bomo
2000 516 2051 534 simi-

1921 538 1945 556 lis
1957 538 2030 558 bestiis.

1922 584 1941 603 ln
1954 587 2020 604 morte.

1923 958 1942 977 ln
1954 961 1997 977 actu
2013 959 2039 978 vi·

1945 983 2007 1001 vendi.

1919 1287 1984 1311 Quoad
1999 1292 2037 1306 ma-

1943 1311 2016 1329 teriam.

1915 1943 1952 1962 Sed
1963 1943 2044 1962 dissimi-

1925 1967 1949 1986 lis
1966 1967 1985 1985 in
2004 1968 2044 1985 aui-

1925 1996 1956 2009 ma
1972 1996 2008 2009 non
2024 1996 2044 2009 a·

1925 2016 1986 2038 perte.
