2296 3316
241 530 269 550 De
279 530 370 549 Ecclesia-

287 555 315 573 ste
318 567 322 572 .

252 763 279 783 De
292 764 369 783 Prover-

287 787 331 806 biis.

251 997 279 1016 De
292 997 369 1016 Cantico

246 1020 372 1040 eanucorum.

251 1747 366 1767 Secundum.

387 165 423 194 98
959 162 1129 191 COMMENT.
1153 162 1185 190 lN
1207 161 1442 190 ECCLESIASTEN
1464 161 1491 189 C.
1514 161 1567 189 Xll.

386 242 487 272 siastici
500 241 631 279 vigesimo
642 243 754 279 quarto:
772 252 785 266 «
800 240 895 269 Adhuc
909 240 1063 269 doctrinam
1077 240 1155 277 quasi
1172 248 1235 277 pro-

386 290 506 327 phetiam
531 289 687 322 effundam,
708 290 736 317 et
757 288 912 325 relinquam
941 287 1015 316 illam
1037 287 1236 324 quaerentibus

386 336 547 373 sapientiam
562 346 588 369 »;
604 338 632 364 et
652 338 728 372 post:
748 346 761 359 «
777 334 924 371 Respicite,
939 334 1005 371 quia
1025 342 1080 362 non
1102 334 1170 363 mihi
1185 334 1235 363 soli

388 382 523 415 laboravi,
545 381 593 411 sed
613 381 742 410 omnibus
763 380 964 418 quaerentibus
978 380 1123 409 veritatem
1138 392 1165 408 n.
1181 380 1236 409 Ex-

387 428 469 466 plicat
490 428 674 465 diligentiam,
696 427 800 456 scilicet
821 434 870 464 per
891 426 1099 455 multitudinem
1119 426 1236 463 scripto-

387 483 451 504 rum
472 477 499 504 et
519 475 764 508 documentorum;
786 476 813 502 et
835 475 989 510 tanguntur
1010 472 1055 502 1116
1077 476 1134 502 tres
1156 472 1235 507 libri,

387 530 457 560 quos
477 521 640 559 composuit.
673 520 764 550 Primo
789 520 981 554 Ecclesiastes,
1009 527 1072 549 cum
1093 519 1174 548 dicit:
1201 520 1236 548 Et

386 569 539 598 enarravit
560 577 635 607 quae
655 567 781 605 fecerat,
804 568 917 605 supple:
940 567 967 596 in
982 568 1034 596 hoc
1056 567 1127 596 libro
1148 566 1236 596 Eccle-

386 616 497 650 siastae;
519 623 605 652 supra
627 615 737 652 primo¹
766 618 793 644 et
821 615 942 644 secundo
967 614 1087 652 capitulo
1112 613 1236 643 narravit

385 670 470 699 opera
504 662 659 699 spiritualia
693 665 721 691 et
752 662 873 691 carnalia
886 685 893 696 ,
925 664 956 691 ut
986 661 1013 690 in
1047 661 1126 690 malis
1157 660 1236 689 daret

385 709 547 746 exemplum
568 708 733 743 detestandi,
755 709 783 738 in
814 709 893 738 bonis
918 709 1079 746 exemplum
1101 706 1234 736 imitandi.

386 755 511 785 Secundo
533 756 656 793 tangitur
678 756 748 785 liber
770 756 997 790 Proverbiorum,
1018 763 1082 785 cum
1103 755 1181 784 dicit:
1202 755 1238 783 Et

386 803 567 841 investiyans
588 804 751 841 composuit
768 803 945 841 parabolas,
967 811 1041 841 quae
1061 805 1130 830 sunt
1147 801 1237 830 verba

386 850 489 884 utilia,
510 849 537 878 id
558 852 600 879 est
621 850 649 878 in
671 850 845 884 Proverbiis;
868 850 894 878 in
917 848 1053 886 principio
1074 848 1236 877 Proverbio-

386 906 451 927 rum
463 898 492 926 ²:
527 909 540 922 «
563 897 710 926 Parabolae
742 896 912 930 Salomonis,
944 895 994 924 filii
1025 895 1111 924 David
1123 918 1130 929 ,
1165 894 1238 932 regis

387 945 484 978 lsrael,
512 944 546 973 ad
575 943 713 972 sciendam
744 942 906 979 sapientiam
933 944 960 971 et
987 941 1175 978 disciplinam,
1203 941 1237 970 ad

386 991 562 1029 intelligenda
583 991 667 1019 verba
686 989 849 1027 prudentiae
863 1001 890 1017 υ.
913 988 1006 1018 Tertio
1027 989 1150 1026 tangitur
1168 988 1237 1018 liber

385 1039 578 1071 Canticorum,
594 1045 658 1066 cum
672 1036 752 1065 dicit:
774 1036 809 1064 Et
832 1036 1006 1073 conseripsit
1025 1044 1172 1064 sermones
1193 1044 1237 1064 re-

385 1086 529 1116 ctissimos
555 1093 590 1113 ae
621 1084 741 1112 veritate
764 1083 873 1120 plenos.
907 1083 960 1112 Hoc
988 1083 1070 1117 dicit,
1098 1084 1164 1121 quia
1191 1084 1238 1113 illa

385 1133 486 1166 verba,
501 1139 572 1169 quae
587 1131 719 1160 dicuntur
734 1130 762 1158 in
787 1130 914 1165 Canticis,
936 1130 1066 1160 videntur
1087 1131 1173 1160 verba
1193 1131 1237 1159 lu-

384 1228 412 1257 id
425 1230 466 1256 est
488 1226 575 1263 iustos
595 1227 623 1253 et
644 1224 745 1257 bonos;
768 1224 983 1253 Proverbiorum
1004 1224 1138 1253 OCtaVO3:
1165 1235 1179 1249 α
1194 1224 1237 1252 Iu-

384 1274 419 1303 sti
439 1275 505 1302 sunt
518 1279 613 1300 omnes
628 1278 770 1299 sermones
791 1271 854 1304 mei,
876 1279 931 1300 non
953 1274 994 1300 est
1015 1271 1043 1299 in
1057 1270 1097 1300 eis
1118 1278 1237 1307 pravum

385 1319 452 1357 quid
465 1326 556 1356 neque
571 1325 736 1355 perversum
752 1330 778 1346 ».
802 1318 937 1347 Videntur
957 1318 1040 1346 etiam
1063 1317 1147 1346 verba
1168 1317 1237 1345 Can-

386 1367 505 1396 ticorum
525 1373 585 1395 esse
599 1364 681 1402 falsa
695 1368 721 1393 et
734 1364 847 1398 iocosa,
863 1373 926 1394 cum
942 1364 1022 1393 dicit:
1043 1375 1057 1389 «
1068 1364 1155 1392 Nasus
1170 1366 1237 1392 tuus

385 1413 457 1443 sicut
489 1412 576 1442 turris
590 1422 617 1446 »3
640 1411 701 1440 ideo
728 1412 809 1440 dicit:
833 1413 876 1440 Ac
895 1411 1016 1439 veritate
1043 1410 1158 1447 plenos,·
1179 1410 1236 1447 ple-

385 1468 454 1489 num
474 1460 548 1489 enim
569 1462 610 1488 est
632 1459 700 1487 illud
721 1458 796 1496 quod
824 1458 897 1487 intra
928 1457 1049 1486 continet
1077 1456 1182 1494 aliquid
1209 1459 1237 1486 et

386 1507 471 1544 capit3
487 1507 526 1535 sic
540 1510 567 1535 et
581 1505 666 1534 verba
681 1505 858 1533 Canticorum
874 1505 949 1533 intus
964 1504 1054 1532 celant
1068 1506 1095 1533 et
1109 1503 1237 1532 ambiunt

387 1554 546 1586 veritatem;
569 1555 595 1581 et
621 1552 674 1580 1106
703 1554 745 1580 est
772 1551 960 1580 necessarium
981 1550 1056 1579 omni
1078 1550 1235 1585 doctrinae3

387 1599 566 1629 Ecclesiastici
595 1598 739 1635 trigesimo
766 1597 896 1635 septimo:
918 1599 1006 1626 «Ante
1033 1597 1126 1626 omnia
1152 1605 1237 1634 opera

387 1647 504 1676 verbum
527 1653 614 1674 verax
635 1644 782 1682 praecedat
803 1648 830 1673 te
844 1657 871 1673 ».

465 1693 554 1730 (Vers.
580 1692 645 1727 11.).
676 1691 767 1720 Verba
787 1691 967 1729 sapientium
988 1694 1039 1720 etc.
1055 1691 1102 1720 Hic
1117 1691 1238 1720 secundo

385 1744 498 1770 notatur
519 1748 687 1769 sermonum
715 1739 772 1768 sive
804 1739 1036 1768 documentorum
1057 1738 1117 1767 eius
1139 1741 1239 1767 aueto—

386 1789 479 1822 ritas,
501 1788 567 1825 quia
588 1795 642 1816 non
663 1789 729 1816 sunt
744 1786 842 1815 leviter
856 1786 979 1823 prolata,
994 1786 1080 1814 immo
1094 1793 1159 1815 cum
1174 1793 1238 1814 con-

387 1836 448 1866 silio
469 1835 575 1873 prolata
596 1837 623 1863 et
644 1843 660 1863 a
681 1834 737 1863 Deo
759 1833 905 1871 inspirata,
927 1836 955 1862 et
975 1833 1036 1862 ideo
1061 1836 1127 1862 sunt
1157 1833 1239 1862 firma

387 1887 414 1914 et
442 1882 557 1912 stabilia.
587 1882 619 1910 Et
646 1884 795 1919 propterea
825 1881 903 1910 dicit:
944 1880 1034 1909 Verba
1060 1880 1239 1917 sapientium

388 1931 476 1970 quasi
495 1929 621 1963 stimuli,
643 1928 677 1957 ad
705 1928 838 1957 interiora
868 1927 973 1957 scilicet
1000 1930 1192 1965 penetrantes;
1214 1930 1240 1955 et

388 1977 476 2016 quasi
495 1976 572 2005 clavi
592 1976 623 2004 in
644 1975 738 2003 altum
760 1974 864 2011 defimi,
887 1974 914 2003 id
936 1977 978 2003 est
1002 1974 1030 2003 in
1052 1973 1238 2011 profundum,

388 2024 437 2061 qui
457 2026 523 2052 sunt
545 2022 712 2056 immobiles,
734 2024 764 2051 et.
783 2021 844 2050 ideo
865 2029 920 2050 non
951 2021 985 2050 de
1009 2020 1081 2049 facili
1102 2020 1240 2057 repellun-

389 2074 435 2100 tur
456 2079 472 2099 a
497 2070 595 2104 corde,
617 2069 665 2098 sed
696 2072 810 2098 manent
840 2071 867 2097 et
894 2068 928 2097 ad
958 2068 1063 2097 bonum
1094 2067 1238 2096 inducunt.

389 2117 464 2147 Unde
486 2117 603 2145 verbnm
634 2116 683 2145 Dei
712 2115 802 2153 gladio
833 2117 1011 2152 comparatur
1042 2114 1076 2142 ad
1108 2114 1240 2151 Ephesios

389 2167 469 2194 sexto
480 2165 507 2192 ⁴²:
528 2175 542 2189 <r
554 2164 585 2192 Et
599 2163 723 2200 gladium
737 2162 862 2199 spiritus,
877 2161 952 2199 quod
966 2164 1007 2190 est
1022 2161 1140 2190 verbum
1151 2161 1238 2190 Dei».

391 2211 421 2240 Et
441 2211 503 2240 ideo
524 2210 623 2247 pungit
643 2218 706 2243 cor,
729 2208 882 2238 secundum
903 2207 978 2245 quod
999 2208 1101 2237 dicitur
1122 2209 1239 2237 Actuum

389 2257 523 2287 secundo:
550 2269 563 2282 «
579 2257 624 2286 His
644 2256 758 2290 auditis,
780 2256 939 2292 compuncti
954 2258 1019 2284 sunt
1033 2255 1116 2284 corde
1127 2267 1154 2283 ».
1170 2256 1240 2284 Sunt

389 2313 455 2342 ergo
477 2304 562 2333 verba
582 2303 749 2340 sapientium
780 2302 966 2340 penetrantia,
991 2302 1057 2339 quia
1088 2311 1143 2331 non
1175 2305 1240 2331 sunt

390 2351 487 2380 leviter
507 2350 592 2384 dicta;
614 2350 675 2379 ideo
688 2350 767 2379 dicit:
785 2350 865 2386 Quae
875 2359 930 2387 per
943 2349 1159 2387 magistrorum
1173 2358 1240 2378 eon-

389 2398 503 2432 silium,
519 2398 546 2427 id
560 2400 602 2427 est
615 2397 795 2427 deliberatam
809 2397 1008 2426 discussionem
1023 2399 1051 2425 et
1064 2397 1239 2431 sententiam,

389 2445 461 2473 data
481 2448 551 2473 sunt
571 2453 590 2473 a
609 2447 727 2482 pastore
748 2452 822 2477 uno,
844 2443 872 2472 id
892 2447 934 2472 est
954 2452 970 2471 a
991 2443 1113 2477 Christo,
1135 2443 1183 2480 qui
1198 2446 1240 2472 est

390 2495 500 2529 pastor,
531 2491 686 2520 secundum
718 2490 792 2528 quod
826 2490 929 2519 dicitur
957 2490 1065 2519 loannis
1086 2490 1238 2519 decimo⁵:

454 2647 462 2660 ¹
481 2649 546 2672 Vers.
568 2649 602 2671 12.
619 2655 686 2678 seqq.
1000 2646 1009 2660 ²
1027 2647 1084 2676 Cap.
1102 2649 1122 2676 l,
1141 2649 1161 2670 Ι1.
1179 2651 1201 2671 et
1218 2649 1241 2671 2.

453 2686 462 2700 ⁸
481 2688 546 2710 Vers.
563 2689 585 2710 8.
602 2701 633 2704 —
651 2688 783 2717 Sequuntur
805 2688 870 2711 Cant.
886 2688 909 2715 7,
928 2688 956 2710 4:
979 2688 1053 2710 Nasus
1071 2690 1123 2710 tuus
1141 2690 1197 2715 etc.,
1219 2690 1241 2710 et

391 2727 458 2749 Eecli.
477 2727 515 2754 37,
533 2728 618 2757 2οη-
634 2727 679 2750 Clr.
697 2733 768 2756 supra
785 2733 837 2755 cap.
855 2727 875 2755 l,
894 2727 915 2749 11.
933 2727 1091 2755 Quaestiones.

455 2764 465 2778 ⁴²
483 2766 549 2788 Vers.
571 2766 604 2788 17.
621 2778 652 2783 —-
670 2767 722 2795 Seq.
740 2767 803 2789 locus
821 2769 855 2788 est
871 2766 921 2789 Act.
938 2767 965 2793 2,
982 2765 1021 2788 37.

454 2803 463 2817 ⁵
482 2806 546 2828 Vers.
571 2806 608 2827 Η.
625 2819 656 2822 --
673 2805 777 2828 Subinde
802 2806 912 2834 allegatur
937 2805 1014 2828 Matth.
1037 2806 1078 2834 23,
1102 2806 1123 2827 8.
1140 2817 1171 2822 —
1188 2805 1242 2827 Sen-

392 2845 461 2867 tentia
486 2845 584 2873 August.
602 2848 636 2868 est
660 2851 687 2867 ex
712 2845 854 2873 expositione
878 2845 949 2873 Epist.
966 2845 981 2867 1.
1002 2845 1062 2867 loan.
1080 2847 1108 2867 tr.
1124 2844 1147 2867 3.
1164 2851 1186 2867 n.
1205 2844 1242 2866 113.

392 2883 437 2907 Ctr.
454 2886 511 2906 tom.
529 2884 557 2906 V.
575 2889 630 2912 pag.
647 2883 705 2911 324,
723 2887 776 2907 nota
794 2885 816 2906 2.

454 2921 465 2935 ⁶
482 2923 549 2945 Vers.
575 2923 626 2950 1-4,
652 2922 691 2945 ubi
717 2923 819 2951 Vulgata
842 2923 914 2946 multa
938 2922 1059 2946 interserit.
1081 2935 1112 2939 -
1134 2922 1242 2951 Sequitur

393 2962 469 2984 Matth.
487 2962 529 2988 28,
549 2961 585 2983 49.

1298 250 1312 264 «
1326 239 1381 276 Ego
1401 246 1463 267 sum
1491 241 1585 275 pastor
1610 239 1700 268 bonus
1714 250 1741 267 n.
1771 238 1810 268 Ab
1837 239 1889 268 isto
1914 241 2024 276 pastore
2054 238 2139 267 verba

1293 285 1459 323 sapientium
1481 288 1547 315 sunt
1570 286 1649 320 data,
1677 286 1755 324 quia,
1788 285 1942 315 secundum
1972 285 2048 323 quod
2074 285 2139 314 dicit

1293 331 1463 369 Augustinus
1472 354 1479 366 ,
1504 343 1519 357 «ι
1533 332 1693 361 cathedram
1710 332 1793 361 habet
1806 332 1834 361 in
1849 332 1925 361 caelo
1938 332 1987 369 qui
2002 332 2077 361 intus
2090 331 2139 360 do-

1293 382 1336 408 cet
1350 389 1377 413 »;
1393 379 1467 408 unde
1481 379 1609 408 Matthaei
1624 379 1756 416 vigesimo
1771 379 1867 408 tertio:
1884 391 1898 405 «
1909 379 1985 409 Unus
1999 381 2041 408 est
2054 378 2139 416 magi-

1293 428 1350 454 ster
1365 428 1470 460 vester,
1484 425 1613 454 Christus
1624 437 1650 453 n.
1663 426 1733 455 Sunt
1747 428 1839 455 tamen
1849 425 1913 455 data
1920 434 1975 463 per
1985 425 2137 455 consilium

1292 473 1517 510 mayistrorum,
1532 472 1559 501 id
1574 475 1614 501 est
1629 472 1822 502 ministrorum
1836 472 1917 502 istius
1931 472 2033 502 summi
2055 472 2140 509 magi-

1293 520 1360 553 stri,
1375 527 1446 557 quos
1468 519 1524 556 ipse
1545 518 1620 548 misit
1640 521 1668 548 et
1688 519 1797 554 docuit;
1818 519 1893 548 unde
1912 519 2015 548 dicitur
2035 518 2141 556 primae

1294 566 1365 595 Petri
1380 566 1478 603 quinto
1489 565 1513 594 ⁸:
1531 577 1545 591 α
1556 565 1695 600 Seniores,
1710 566 1813 603 pascite
1827 566 1877 603 qui
1890 566 1918 595 in
1932 566 2010 595 vobis
2023 568 2065 595 est
2079 572 2140 603 gre-

1292 620 1353 649 gem
1365 612 1423 646 Dei,
1436 615 1476 646 ut,
1491 620 1555 641 cum
1571 612 1676 641 venerit
1690 612 1819 649 princeps
1833 615 1986 650 pastorum,
2007 611 2141 650 percipia-

1293 659 1328 688 tis
1339 658 1594 688 immarcescibilem
1606 658 1710 696 gloriae
1724 667 1855 688 coronam
1869 670 1897 687 ».
1912 660 1965 688 Hos
1979 659 2054 688 misit
2067 658 2140 696 ipse;

1293 705 1421 735 Matthaei
1436 705 1550 735 ultimo:
1567 717 1581 731 <c
1593 705 1695 737 Euntes
1709 714 1776 743 ergo
1789 705 1884 735 docete
1899 713 1994 735 omnes
2007 708 2103 743 gentes
2114 716 2140 733 ».

1372 753 1461 790 (Vers.
1486 754 1551 790 12).
1573 753 1628 782 His
1649 753 1778 792 amplius
1799 756 1850 783 etc.
1873 753 1920 783 llic
1945 753 2027 783 tertio
2047 753 2142 791 repri—
2158 759 2248 779 'tertium-

1293 800 1386 829 mitur
1406 800 1565 829 curiositas
1593 800 1783 835 auditorum,
1812 808 1883 838 quos
1913 800 2065 838 alloquitur
2089 800 2142 830 sub

1294 856 1412 886 persona
1432 848 1482 877 filii
1502 848 1608 878 dicens:
1629 848 1684 877 His
1704 848 1851 886 amplius,
1865 847 1910 886 fili
1927 848 1983 883 mi,
1997 857 2032 877 ne
2045 847 2142 886 requi-

1293 903 1363 929 ras,
1385 897 1417 924 ut
1437 903 1546 932 semper
1567 895 1635 925 velis
1655 895 1753 925 audire
1767 904 1853 930 nova;
1868 895 1971 925 sufficit
1984 895 2058 924 enim
2072 894 2143 924 scire

1294 942 1460 977 necessaria;
1482 942 1663 971 Ecclesiastici
1684 942 1801 972 tertio⁷:
1823 954 1836 968 (ι
1850 943 1926 979 Quae
1940 941 2080 979 praecepit
2095 940 2142 969 tibi

1293 989 1381 1023 Deus,
1396 989 1443 1017 illa
1456 989 1546 1026 cogita
1566 996 1689 1026 semper,
1704 991 1732 1018 et
1752 989 1779 1017 in
1795 988 1924 1026 pluribus
1938 987 2069 1025 operibus
2083 986 2143 1016 eius

1294 1044 1328 1065 ne
1348 1036 1436 1065 fueris
1463 1036 1591 1065 curiosus
1606 1048 1632 1064 n.
1654 1052 1694 1057 —
1714 1036 1746 1064 Et
1776 1035 1902 1065 redditur
1932 1034 2010 1063 ratio
2038 1033 2143 1071 duplex
2159 1039 2215 1059 Ratio
2227 1039 2260 1059 du-

1294 1082 1379 1111 huius
1398 1082 1608 1116 admonitionis,
1630 1082 1697 1119 quia
1717 1081 1859 1119 inquisitio
1873 1080 1959 1110 huius
1976 1079 2144 1109 curiositatis
2183 1063 2232 1088 ΡΜ

1270 1128 1272 1130 ’
1293 1133 1335 1159 est
1356 1129 1548 1158 interminata
1569 1132 1596 1158 et
1617 1129 1773 1159 laboriosa.
1796 1129 1842 1158 Est
1860 1127 2051 1158 interminata
2058 1137 2068 1162 ;
2083 1127 2144 1157 ideo

1293 1176 1374 1206 dicit:
1397 1176 1539 1205 Faciendi
1556 1176 1658 1214 plures
1679 1175 1769 1205 libros
1789 1176 1890 1205 nullus
1910 1179 1952 1205 est
1970 1175 2058 1213 sz'nis;
2079 1175 2145 1213 quia

1294 1223 1396 1253 curiosi
1418 1231 1562 1260 nunquam
1584 1226 1623 1252 tot
1644 1223 1762 1258 habent,
1784 1224 1852 1261 quin
1873 1223 1959 1253 velint
1973 1223 2069 1252 audire
2083 1223 2145 1260 plu-

1295 1279 1352 1304 res,
1373 1270 1439 1307 quia
1460 1278 1604 1307 nunquam
1626 1271 1723 1299 volunt
1737 1270 1834 1300 audire
1849 1273 1958 1305 vetera,
1974 1270 2022 1299 sed
2035 1277 2145 1307 semper

1293 1325 1379 1351 nova;
1401 1316 1475 1346 unde
1496 1316 1614 1346 Actuum
1634 1317 1743 1346 decimo
1764 1317 1918 1354 septimo⁸:
1938 1328 1952 1342 «κ
1967 1316 2145 1345 Athenienses

1293 1363 1327 1392 ad
1348 1363 1417 1392 nihil
1437 1363 1513 1392 aliud
1541 1363 1689 1398 vacabant,
1711 1363 1763 1393 nisi
1784 1366 1833 1392 aut
1852 1363 1958 1397 dicere,
1979 1365 2029 1392 aut
2048 1362 2145 1391 audire

1293 1410 1398 1448 aliquid
1428 1410 1492 1439 novi
1517 1422 1550 1444 »,
1584 1410 1645 1439 ldeo
1675 1410 1777 1440 dicitur
1808 1409 1928 1438 Danielis
1959 1409 2144 1439 duodecimo:

1297 1468 1311 1482 α
1325 1457 1534 1486 Pertransibunt
1555 1456 1677 1494 plurima
1706 1459 1846 1493 tempora,
1866 1458 1895 1485 et
1914 1455 2062 1493 multiplex
2092 1455 2146 1485 erit

1293 1504 1407 1534 scientia
1420 1516 1448 1538 »,
1470 1512 1502 1533 eo
1523 1504 1597 1541 quod
1618 1503 1732 1532 scientia
1746 1511 1856 1540 semper
1871 1503 1991 1540 quodam
2006 1502 2088 1531 modo
2102 1510 2146 1532 re-

1294 1554 1421 1581 novatur.
1444 1551 1502 1580 Non
1525 1553 1633 1579 tantum
1654 1553 1695 1579 est
1716 1550 1923 1584 interminata,
1938 1549 1987 1579 sed
2007 1549 2090 1578 etiam
2104 1549 2146 1578 la-

1294 1599 1411 1627 boriosa
1432 1598 1542 1627 curiosa
1563 1597 1720 1635 inquisiti0;
1740 1597 1800 1626 ideo
1822 1596 1928 1626 subdit:
1944 1597 2146 1635 Frequensque

1292 1645 1443 1674 meditatio
1464 1644 1567 1673 earnis
1587 1647 1629 1673 est
1648 1643 1784 1681 afflietio,-
1806 1643 1987 1672 Ecclesiastici
2005 1642 2146 1680 trigesimo

1294 1692 1385 1729 primo
1397 1692 1424 1719 ⁰:
1444 1703 1457 1716 «
1473 1691 1571 1728 Vigilia
1592 1690 1744 1719 honestatis
1758 1690 1903 1719 tabefaciet
1916 1697 2029 1719 carnem
2040 1701 2067 1718 ».
2084 1689 2145 1724 Est,

1295 1739 1418 1776 inquam,
1429 1738 1542 1767 afflictio
1552 1746 1667 1775 magna,
1682 1740 1710 1767 et
1723 1745 1739 1767 e
1753 1737 1892 1767 contrario
1906 1736 2012 1766 utilitas
2025 1736 2145 1771 modica,

1295 1785 1449 1815 secundum
1464 1784 1539 1822 quod
1552 1784 1657 1814 dictum
1673 1787 1714 1814 est
1728 1792 1814 1821 supra
1828 1786 1937 1813 octavo:
1964 1794 1977 1809 κ(
1990 1783 2036 1812 Est
2051 1783 2145 1817 homo,

1295 1832 1344 1870 qui
1364 1832 1462 1861 diebus
1483 1835 1511 1861 et
1531 1832 1660 1861 noctibus
1681 1840 1736 1860 non
1757 1831 1831 1868 capit
1850 1838 1980 1860 somnum
1993 1829 2089 1859 oculis.
2115 1829 2147 1858 Et

1296 1879 1435 1913 intellexi,
1457 1879 1532 1916 quod
1553 1887 1670 1916 operum
1692 1878 1740 1907 Dei
1766 1878 1872 1907 nullam
1892 1877 1979 1915 possit
2004 1877 2088 1905 homo
2108 1876 2147 1904 in-

1296 1926 1391 1956 venire
1412 1926 1547 1955 rationem
1568 1933 1667 1955 eorum
1688 1933 1760 1962 quae
1781 1924 1853 1954 fiunt
1873 1924 1926 1953 sub
1941 1924 1998 1953 sole
2012 1934 2039 1951 ».

1355 1973 1444 2009 (Vers.
1460 1973 1525 2007 13.).
1539 1972 1641 2001 Finem
1653 1972 1788 2010 loquendi
1794 1971 1911 2009 pariter
1922 1973 1973 2000 etc.
1986 1970 2033 1999 Hic
2044 1972 2146 2008 quarto
2162 1977 2257 2001 Quartum.

1297 2020 1420 2058 tangitur
1440 2019 1581 2048 sentencia
1601 2019 1741 2048 dictorum
1762 2027 1812 2056 per
1834 2019 1973 2056 quandam
1987 2017 2146 2055 epilogatio-

1296 2076 1375 2102 nem,
1397 2067 1431 2096 ad
1452 2075 1536 2104 quam
1561 2066 1740 2100 audiendam,
1763 2068 1791 2095 et
1810 2065 2018 2095 memorandam
2043 2063 2147 2093 excitat

1295 2114 1497 2152 discipulorum
1517 2113 1686 2143 audientiam
1709 2121 1772 2142 cum
1787 2113 1869 2142 dicit:
1885 2112 1989 2141 Finem
2002 2110 2146 2150 loquendi,

1296 2161 1323 2191 id
1344 2164 1386 2191 est
1408 2161 1559 2190 terminum
1581 2163 1608 2189 et
1628 2160 1896 2189 consummationem
1917 2158 2073 2192 locutionis,
2090 2165 2146 2195 pa-

1296 2209 1369 2237 riter
1389 2217 1487 2237 omnes
1508 2207 1681 2241 audiamus,
1704 2210 1836 2244 tanquam
1857 2206 1987 2235 omnibus
2008 2205 2104 2234 utilem
2119 2207 2147 2233 et

1296 2255 1489 2284 necessariam.
1505 2271 1542 2275 —
1557 2254 1589 2283 Et
1603 2253 1728 2283 consistit
1748 2254 1777 2282 in
1798 2253 1852 2282 hoc
1873 2252 2008 2281 sententia
2022 2251 2147 2280 omnium
2173 2259 2267 2300 Sammaei·-

1296 2302 1450 2336 dictorum,
1473 2302 1576 2331 scilicet
1597 2301 1625 2330 in
1646 2300 1837 2330 declinatione
1857 2299 1946 2334 mali,
1969 2299 2011 2328 vel
2033 2298 2062 2327 in
2083 2306 2147 2336 ope·
2163 2287 2242 2325 ἒῖἓὲἳᾞ.

1296 2349 1411 2378 ratione
1432 2349 1516 2382 boni;
1537 2348 1571 2377 ad
1602 2348 1677 2385 quod
1697 2347 1844 2376 ordinatur
1865 2346 1955 2376 omnis
1973 2345 2100 2375 doctrina
2120 2348 2147 2374 et

1296 2396 1399 2425 locutio
1419 2395 1587 2429 Salomonis,
1609 2395 1693 2424 immo
1714 2397 1771 2423 tota
1792 2394 1945 2431 Scriptura.
1968 2393 2029 2422 ldeo
2050 2392 2146 2430 primi-

1297 2446 1342 2472 tus
1370 2445 1506 2480 quantum
1537 2442 1572 2471 ad
1599 2441 1819 2471 declinationem
1847 2440 1922 2470 mali
1950 2440 2031 2470 dicit:
2055 2440 2146 2468 Deum

1297 2490 1382 2523 time;
1403 2489 1617 2519 Proverbiorum
1631 2489 1739 2518 decimo
1753 2491 1834 2518 sexto
1846 2489 1884 2517 ¹⁰.-
1909 2500 1923 2514 α
1937 2488 1965 2517 ln
1980 2487 2080 2516 timore
2093 2487 2147 2515 Do—

1359 2646 1368 2660 ⁷
1387 2648 1452 2670 Vers.
1471 2648 1508 2670 22.

1360 2685 1370 2699 ⁵
1389 2687 1453 2710 Vers.
1472 2687 1509 2709 21.
1526 2686 1572 2709 Csr.
1589 2692 1659 2714 supra
1677 2691 1732 2714 pag.
1749 2686 1790 2713 46,
1807 2688 1861 2708 nota
1880 2686 1900 2707 ι1.
1918 2697 1949 2701 —-
1966 2684 2074 2713 Sequitur
2091 2683 2148 2706 Dan.

1299 2727 1341 2754 ¹¹2,
1359 2726 1388 2748 4:
1405 2726 1440 2748 Tu
1458 2728 1548 2752 autem,
1566 2724 1657 2752 Daniel,
1675 2724 1757 2747 claude
1782 2730 1902 2746 sermones
1927 2725 1949 2745 et
1973 2723 2042 2750 signa
2063 2721 2148 2744 librum

1299 2771 1373 2794 usque
1390 2765 1419 2787 ad
1437 2767 1529 2793 tempus
1546 2766 1669 2791 statutun1;
1687 2763 1780 2792 plurimi
1798 2761 1971 2791 pertransibunt
1987 2764 2010 2784 et
2026 2764 2070 2783 etc.

1361 2802 1371 2816 ⁹
1389 2804 1454 2826 Vers.
1473 2803 1495 2825 l.
1511 2803 1555 2825 Pro
1572 2808 1670 2825 carnem
1688 2802 1786 2830 Vulgata
1803 2807 1896 2824 carnes.
1913 2813 1946 2818 —
1963 2801 2018 2829 Seq.
2033 2800 2097 2822 locus
2114 2802 2148 2822 est

1299 2844 1373 2866 Eccle.
1390 2843 1415 2871 8,
1436 2843 1473 2865 ⁴6.
1489 2845 1513 2865 et
1530 2842 1568 2864 ⁴7.
1584 2841 1641 2864 Voei
1658 2846 1759 2870 operum
1776 2841 1877 2868 Vulgata
1893 2839 2001 2868 praefigit
2017 2838 2130 2862 omnium.

1362 2880 1382 2894 ¹⁰
1400 2882 1466 2904 Vers.
1483 2882 1513 2903 6:
1532 2882 1554 2903 ln
1572 2880 1654 2903 timore
1671 2879 1763 2902 Domini
1780 2879 1930 2902 declinatura
1942 2878 2009 2901 malo.
2021 2877 2065 2901 Csr.
2077 2883 2147 2905 supra

1299 2927 1354 2950 pag.
1371 2921 1413 2948 68,
1431 2923 1486 2943 nota
1503 2920 1525 2942 6.
1541 2932 1572 2936 ·—
1590 2919 1698 2948 Sequitur
1720 2918 1786 2941 Dent.
1805 2918 1831 2947 6,
1849 2919 1870 2941 3.
1888 2918 1941 2941 Post
1959 2916 2080 2948 praecepit
2096 2916 2149 2939 Vul-

1299 2962 1356 2988 gata.
1369 2959 1434 2982 addit
1450 2958 1499 2982 tibi.

2273 3090 2284 3178 .,,ᾼή,

2266 422 2270 481 f

2267 500 2271 567 5

2267 598 2272 669 Ξ

2268 671 2273 702 l

2268 709 2272 730 i

2269 740 2271 784 l

2270 789 2271 812 l

2270 816 2271 830 l
