2296 3316
291 645 403 665 Secundum.

312 832 401 851 Tertium.

307 1115 404 1139 Quartum.

281 1959 308 1978 De
323 1959 366 1978 fidei
378 1964 408 1978 ae-

302 1983 409 2002 dificatione

423 189 478 216 516

423 266 540 294 ctionem
562 267 589 293 et
610 263 727 300 primam
749 261 968 299 apparitionem;
991 261 1099 290 iterum-
1119 264 1205 289 erant
1226 260 1270 288 (ii-

422 311 529 349 soipuii
555 311 618 339 eius
646 310 743 343 intus,
772 309 798 337 in
828 309 924 337 eadem
946 309 1027 337 domo
1048 308 1134 344 quieti
1156 315 1173 336 a
1200 310 1270 336 stre-

422 358 501 395 pitu;
523 362 548 386 et
576 356 700 385 Thomas
722 364 789 384 cum
810 356 872 389 eis;
893 360 920 384 et
941 355 996 389 sic,
1012 355 1077 391 quia
1093 354 1176 383 simul
1190 357 1270 383 erant

422 408 449 433 et
470 404 546 432 intus
567 406 662 437 erant,
677 403 711 431 ad
726 402 875 432 videndum
891 402 1038 431 Dominum
1055 401 1160 430 habiles
1175 403 1269 435 erant,

422 451 576 480 secundum
598 450 666 479 illud
688 450 816 479 Matthaei
831 450 938 478 decimo
952 452 1049 478 octavo
1062 450 1070 465 ¹
1085 459 1090 477 :
1112 459 1125 473 α
1140 447 1189 476 Ubi
1205 450 1271 476 sunt

421 498 477 527 duo
498 498 542 526 vel
562 500 620 526 tres
640 497 799 534 congregati
820 497 848 526 in
870 496 981 525 nomine
1002 503 1080 530 meo,
1102 495 1139 525 ibi
1161 503 1224 524 sum
1243 494 1270 524 in

423 545 512 574 medio
533 552 631 573 eorum
646 556 673 573 ».

501 592 546 619 56.
577 591 655 619 Venit
678 591 768 625 lesus,
784 590 885 620 ianuis
900 590 1025 624 oia-usis,
1040 593 1064 618 et
1078 590 1154 618 stetit
1168 589 1200 618 in
1214 597 1271 618 me-

421 638 478 667 dio.
500 638 547 667 Hie
569 638 693 675 tangitur
721 637 890 671 secundum,
913 637 1018 666 scilicet
1041 637 1158 666 Domini
1178 645 1271 674 appa-

422 685 511 718 ritio;
533 684 606 713 unde
627 684 741 713 veniens
762 684 838 713 stetit
859 684 887 712 in
910 684 1016 718 medio,
1038 687 1070 712 ut
1097 684 1193 712 nullus
1221 683 1271 717 sit,

422 732 468 769 qui
492 740 547 761 non
569 731 668 761 videat.

500 780 535 808 Ec
556 779 631 808 (lixit
652 779 693 808 eis
705 779 736 807 2.-
758 779 826 807 Pax
850 778 935 807 vobis.
952 777 998 806 llic
1014 779 1127 805 notatur
1143 776 1272 811 tertium,

422 826 525 855 scilicet
561 826 681 854 Domini
714 825 858 854 allocutio.
895 825 946 853 Iste
981 823 1080 852 modus
1114 823 1272 860 alloquendi

422 874 513 911 ipsum
538 873 745 907 manifestabat,
774 872 840 909 quia
860 872 898 901 510
923 872 1045 900 salutare
1073 873 1272 905 consueverat,

424 928 518 957 pacem
539 920 671 957 optando,
686 923 713 948 et
728 927 793 948 suos
814 918 965 955 discipulos
986 918 1024 947 sic
1045 918 1178 946 docuerat
1200 918 1274 946 salu-

424 972 497 1001 tare;
520 967 647 996 Matthaei
669 966 814 995 decimoss:
841 977 854 991 <t
870 966 898 994 In
920 973 1128 1002 quamcumque
1159 965 1273 994 domum

423 1013 607 1047 intraveritis,
629 1013 753 1049 primum
774 1012 871 1041 dicite:
895 1012 951 1040 Pax
973 1012 1038 1040 huic
1059 1011 1154 1040 domui
1168 1024 1193 1040 n.

502 1062 548 1089 57.
572 1060 660 1096 (Vers.
684 1061 752 1092 27).
777 1059 884 1087 Deinde
903 1059 975 1087 (licit
1002 1057 1134 1087 Tltomae.
1158 1059 1204 1087 Hic
1226 1067 1274 1087 no-

425 1111 498 1136 tatur
520 1110 666 1144 quartum,
688 1106 792 1134 scilicet
812 1106 863 1134 sui
889 1105 930 1134 act
959 1114 989 1134 se
1008 1105 1195 1142 palpandum
1226 1114 1274 1134 030-

424 1154 532 1185 hibitio.
555 1154 625 1190 Quia
646 1153 718 1182 enim
741 1153 860 1181 Thomas
885 1153 1032 1181 dixerat4:
1060 1164 1073 1177 a
1088 1152 1143 1181 Nisi
1165 1152 1274 1181 mittam

423 1201 540 1238 digitum
561 1208 655 1229 meum
677 1200 703 1228 in
726 1199 817 1228 locum
833 1199 1003 1227 clavorum»
1023 1202 1084 1232 010.;
1106 1198 1168 1228 11100
1184 1199 1275 1227 001111-

424 1256 476 1277 nus
497 1248 563 1276 dicit
584 1247 621 1276 ei:
645 1245 727 1282 Inser
748 1246 875 1283 stipitum
897 1250 981 1274 titum
1003 1245 1060 1274 11110
1080 1249 1106 1274 et
1125 1246 1191 1274 vide
1211 1254 1275 1274 mct-

425 1304 480 1323 nus
500 1303 589 1323 meas.
611 1293 681 1330 Quia
713 1293 795 1322 etiam
827 1293 954 1321 dixerat:
981 1304 993 1318 <1
1010 1293 1065 1321 Nisi
1088 1293 1193 1321 mittam
1217 1300 1275 1321 ma-

425 1350 491 1370 num
513 1349 602 1370 meam
630 1341 658 1369 in
680 1341 753 1369 latus
774 1340 834 1369 eius
850 1351 876 1374 »;
899 1340 960 1369 ideo
991 1340 1125 1368 Dominus
1145 1339 1212 1368 dicit
1233 1339 1273 1368 ei:

427 1389 461 1417 Et
481 1387 555 1426 affer
576 1396 699 1416 manum
722 1391 804 1415 tuam
826 1391 851 1415 et
872 1387 951 1415 mitte
972 1386 1003 1415 in
1025 1386 1103 1414 latus
1122 1395 1226 1414 meum.
1244 1386 1275 1415 Et

425 1436 491 1473 quia
511 1435 592 1464 etiam
614 1435 739 1463 dixerat:
762 1434 817 1463 Nisi
833 1435 884 1463 hoc
899 1434 1005 1468 fecero,
1026 1446 1039 1459 «
1054 1442 1108 1462 non
1124 1433 1235 1462 credam
1246 1445 1274 1467 »;

427 1483 486 1512 ideo
507 1482 642 1511 Dominus
668 1482 749 1510 dicit:
774 1482 808 1509 Et
836 1481 897 1509 noti
927 1490 986 1509 esse
1017 1480 1204 1515 increduius,
1225 1481 1276 1509 sect

425 1530 535 1566 fidelis;
557 1537 593 1558 ex
615 1537 670 1566 quo
699 1537 748 1566 per
779 1529 871 1557 onmia
900 1528 1016 1557 satisfeci
1043 1531 1107 1556 tuae
1129 1528 1274 1556 voluntati.

427 1578 501 1607 [Inde
522 1577 672 1614 Gregorius
684 1577 707 1604 ⁵:
735 1588 749 1601 «
763 1576 860 1604 Divina
881 1575 1083 1612 dispensatione
1097 1577 1205 1611 gestum
1220 1578 1274 1609 est,

427 1629 457 1653 ut
478 1625 582 1653 electus
603 1623 757 1660 discipulus
779 1626 844 1651 tunc
866 1623 985 1656 deesset,
1008 1622 1119 1659 quando
1140 1621 1275 1650 Dominus

426 1672 485 1700 aliis
506 1671 636 1708 apparuit
644 1681 650 1704 3
673 1673 734 1707 post
763 1672 857 1698 autem
884 1670 995 1698 veniens
1017 1669 1139 1703 audiret,
1161 1668 1276 1697 audiens

425 1718 580 1751 dubitaret,
602 1717 732 1746 dubitans
754 1718 893 1754 palparet,
910 1717 1024 1754 palpans
1045 1716 1276 1745 0101101011».Ηᾶ-

427 1766 512 1794 bacuc
533 1764 692 1793 secundo⁶:
720 1776 733 1789 «
749 1764 801 1801 Qui
830 1767 927 1793 ⁴autem
959 1763 1121 1792 incredulus
1142 1766 1199 1798 est,
1221 1771 1277 1792 non

426 1813 478 1842 erit
508 1812 600 1840 anima
631 1812 692 1840 eius
724 1815 799 1840 recta
828 1812 854 1839 in
887 1811 1049 1847 semetipso:
1072 1811 1162 1839 iustus
1182 1814 1275 1839 autem

426 1868 504 1889 meus
525 1867 562 1888 ex
583 1859 637 1887 fide
658 1859 726 1887 vivit
741 1852 770 1886 »J

506 1907 551 1934 58.
574 1905 731 1942 Respondit
758 1904 891 1934 Thomas.
914 1905 961 1933 Hic
982 1908 1095 1933 notatur
1115 1904 1184 1941 fidei
1197 1905 1277 1933 aedi-

426 1953 523 1989 ficatio
544 1961 581 1981 ex
603 1952 712 1980 Domini
733 1952 953 1980 manifestatione
974 1951 1135 1988 procedens.
1151 1950 1277 1987 Triplici-

428 2004 469 2030 ter
490 2004 583 2029 autem
604 2000 742 2029 astruitur
757 2002 852 2028 nostra
873 1998 941 2027 fides
956 2006 991 2027 ex
1007 1998 1100 2026 divina
1121 1998 1277 2026 manifesta-

429 2049 516 2077 tione:
538 2050 587 2076 aut
608 2055 657 2084 per
676 2046 876 2084 praesentiam
898 2046 955 2074 sive
977 2053 1026 2082 per
1041 2045 1148 2079 visum,
1164 2048 1212 2073 aut
1227 2052 1277 2081 per

429 2095 592 2124 absentiam
614 2095 671 2123 sive
692 2102 741 2131 per
772 2093 914 2127 auditum,
946 2096 995 2121 aut
1026 2101 1075 2129 per
1104 2092 1278 2129 Scripturae

429 2142 633 2170 testimonium.
650 2141 741 2169 Primo
763 2148 829 2177 ergo
844 2140 924 2168 modo
938 2140 1081 2168 aedificata
1099 2142 1141 2168 est
1162 2139 1230 2168 fides
1250 2139 1277 2167 111

428 2190 549 2222 Τ1101110,
571 2188 619 2225 qui
641 2188 786 2221 credebat;
815 2187 937 2216 secundo
960 2186 1056 2220 modo,
1078 2187 1106 2214 in
1128 2186 1204 2220 aliis,
1227 2186 1274 2223 qui

429 2234 614 2263 referentibus
629 2233 818 2267 crediderant;
836 2233 917 2262 tertio
932 2233 1022 2267 modo,
1038 2233 1065 2261 in
1080 2233 1123 2261 his
1142 2232 1189 2269 qui
1206 2232 1277 2261 Scri-

430 2281 520 2318 pturis
541 2280 675 2310 credituri
697 2284 784 2309 erant.

1036 183 1207 212 COMMENT.
1230 183 1262 212 IN
1284 183 1430 211 IOANNEM
1452 183 1479 210 C.
1502 183 1556 211 XX.

1407 260 1498 288 Primo
1519 267 1586 296 ergo
1608 263 1720 289 notatur
1743 261 1810 290 fides
1831 260 1955 290 Tkomae
1970 262 2111 290 credentis
2122 271 2176 299 per

1327 306 1443 339 visum,·
1465 306 1586 335 secundo
1608 307 1818 336 commendatur
1839 307 1907 336 fides
1928 307 2046 336 aliorum
2061 308 2177 336 ereden-

1328 353 1400 382 tium
1413 361 1469 389 per
1480 352 1617 382 auditum
1622 364 1633 387 ;
1648 354 1739 388 tertio,
1751 354 1864 383 illorum
1875 354 1923 391 qui
1935 353 2079 383 credituri
2092 357 2179 383 erant

1324 408 1379 437 per
1401 400 1575 437 Soripturae
1595 401 1800 430 testimonium.

1408 447 1453 476 59.
1477 447 1567 484 (Vers.
1590 447 1657 483 28).
1687 448 1821 485 Tangitur
1852 456 1919 485 ergo
1950 447 2018 476 fides
2039 447 2176 483 Thomae,

1328 502 1400 531 quae
1421 494 1549 523 innuitur
1571 494 1598 523 in
1621 498 1697 524 recta
1717 495 1778 524 eius
1799 495 1986 530 confessione;
2008 494 2082 523 unde
2094 494 2176 523 dicit:

1329 541 1486 578 Respondit
1513 540 1639 570 Thomas
1659 544 1685 570 et
1705 542 1813 576 diaeiffl,
1836 545 1897 579 post
1918 545 2023 571 tantam
2044 541 2178 571 ostensio-

1329 596 1407 617 nem:
1432 587 1575 616 Dominus
1599 596 1698 622 meus,
1730 591 1867 625 quantum
1895 588 1930 617 ad
1962 588 2177 623 humanitatem,

1328 638 1353 663 et
1377 635 1453 663 Deus
1474 642 1572 668 meus,
1594 637 1731 671 quantum
1753 635 1786 663 ad
1809 635 2001 671 Divinitatem;
2023 635 2084 664 ideo
2105 635 2178 664 0111111

1331 682 1422 715 Deus,
1445 681 1511 718 quia
1531 681 1652 715 creavit:
1674 681 1734 710 ideo
1766 682 1924 717 Dominus,
1946 682 2012 720 quia
2032 690 2083 711 nos
2104 689 2178 711 com-

1329 728 1438 766 paravit
1459 731 1490 757 ut
1511 736 1622 763 servos:
1644 728 1751 765 primae
1774 729 1845 758 Petri
1867 729 1996 766 primoss:
2016 740 2029 755 α
2045 729 2103 758 Non
2118 737 2179 758 cor-

1329 775 1510 812 ruptibilibus
1530 783 1601 804 auro
1616 775 1659 804 vel
1673 778 1789 812 argento
1810 776 1944 813 redempti
1965 775 2040 810 estis,
2055 776 2103 805 sed
2116 783 2179 813 pre-

1330 822 1400 851 tioso
1421 822 1568 859 sanguine,
1590 821 1669 859 quasi
1691 821 1754 858 agni
1776 821 1946 852 immaculati
1967 826 1995 852 et
2018 823 2180 852 incontami-

1330 869 1385 898 nati
1407 869 1510 898 Christi
1532 869 1593 898 Iesu
1608 881 1636 897 n.

1411 917 1456 945 60.
1480 917 1569 953 (Vers.
1592 916 1660 953 29).
1685 916 1782 946 Dioit⁹
1804 916 1830 945 ei
1855 917 1944 945 Iesus.
1967 917 2013 946 Hic
2041 925 2180 947 commen·
2196 921 2225 941 De
2237 922 2277 942 Μ’

1331 963 1414 992 datur
1442 963 1510 993 fides
1540 972 1638 993 eorum
1671 963 1719 1000 qui
1748 963 1898 1000 aedificati
1920 967 1990 992 sunt
2014 972 2069 1001 per
2085 964 2181 993 audi·
2193 945 2268 989 2353:

1331 1013 1411 1044 tam,
1433 1013 1460 1039 et
1481 1010 1639 1047 praefertur
1654 1010 1717 1039 fidei
1733 1010 1869 1044 Thomae,
1885 1018 1956 1047 quae
1970 1010 2023 1039 suit
2037 1018 2087 1047 per
2102 1019 2182 1048 prae-

1332 1057 1449 1086 sentiam
1470 1060 1497 1086 et
1519 1057 1622 1091 visum;
1645 1060 1672 1085 et
1703 1056 1764 1085 ideo
1795 1057 1876 1085 dicit:
1900 1057 1977 1093 Quia
1999 1057 2101 1086 vidisti
2120 1067 2180 1093 me,

1339 1102 1465 1138 Tltoma,
1488 1104 1654 1137 credictisti;
1676 1103 1752 1132 beati
1771 1104 1823 1141 qui
1842 1112 1900 1132 non
1921 1104 2059 1133 viderunt
2078 1107 2104 1133 et
2124 1113 2182 1134 cre-

1331 1151 1488 1184 diderunt,-
1510 1151 1576 1188 quia
1596 1151 1709 1180 maioris
1730 1150 1782 1179 fuit
1804 1151 1939 1180 libertatis
1959 1154 1987 1180 et
2006 1151 2070 1188 plus
2084 1151 2183 1181 habuit

1331 1197 1365 1226 de
1387 1205 1438 1226 suo
1460 1197 1522 1226 talis
1547 1197 1624 1226 fides.
1647 1197 1862 1234 Chrysostomus
1875 1198 1913 1226 ¹⁰:
1940 1209 1953 1223 «
1967 1197 2037 1226 Cum
2058 1198 2122 1235 quis
2141 1198 2183 1227 di-

1332 1245 1384 1274 cit:
1414 1253 1489 1274 nunc
1521 1245 1620 1274 vellem
1649 1253 1709 1274 esse
1741 1244 1893 1274 secundum
1924 1247 2049 1281 tempora
2079 1245 2127 1274 illa
2156 1248 2184 1275 et

1331 1292 1426 1321 videre
1458 1292 1599 1321 Christum
1633 1292 1842 1326 mirificantem
1875 1292 2029 1329 excogitet,
2051 1293 2183 1330 quoniam

1332 1340 1409 1368 beati
1436 1340 1488 1378 qui
1518 1348 1577 1369 non
1607 1340 1744 1369 viderunt
1771 1343 1798 1368 et
1825 1339 2014 1368 erediderunt
2026 1350 2056 1374 »;
2077 1340 2184 1377 primae

1332 1387 1404 1416 Petri
1426 1387 1532 1424 primo:
1559 1399 1572 1413 «
1587 1388 1675 1424 Quem
1697 1395 1761 1416 cum
1783 1395 1838 1416 non
1859 1386 1998 1421 videritis,
2013 1386 2140 1424 diligitis3
2155 1387 2183 1417 in

1331 1443 1415 1472 quem
1437 1443 1512 1463 nunc
1533 1443 1646 1472 quoque
1667 1443 1722 1463 non
1744 1434 1868 1463 videntes
1889 1433 2001 1463 creditis
2015 1446 2042 1462 ι).

1412 1483 1457 1510 61.
1481 1482 1570 1518 (Vers.
1594 1482 1662 1518 30.).
1686 1482 1777 1510 Multa
1802 1481 1919 1519 quidem
1950 1485 1975 1510 et
2002 1481 2065 1510 alia
2085 1482 2181 1520 signa.

1333 1576 1401 1604 lium
1424 1575 1679 1604 manifestationum
1692 1576 1730 1609 11;
1747 1575 1808 1604 111οο
1821 1575 1903 1609 dicit,
1920 1575 2078 1605 huiusmodi
2094 1576 2183 1605 mani-

1331 1623 1492 1652 festationes
1513 1622 1684 1659 conscriptas
1704 1630 1764 1651 esse
1785 1622 1820 1650 ad
1841 1622 2019 1651 astruendam
2041 1623 2123 1652 fidem
2139 1631 2186 1652 eo—

1332 1678 1397 1699 rum
1418 1670 1466 1707 qui
1482 1678 1529 1698 eas
1544 1669 1638 1698 videre
1657 1678 1711 1698 non
1726 1672 1888 1706 potuerunt.
1904 1669 1936 1698 Et
1950 1669 2011 1698 ideo
2025 1678 2079 1699 non
2094 1671 2186 1699 omnia

1332 1717 1437 1754 scripta
1457 1720 1538 1750 sunt,
1561 1716 1609 1745 sed
1629 1724 1701 1753 quae
1723 1716 1866 1745 sufficiunt
1886 1716 1920 1745 ad
1941 1716 2022 1745 fidem
2045 1720 2184 1753 nostram;

1333 1764 1451 1801 ideoque
1472 1764 1553 1793 dicit:
1576 1763 1668 1792 Multa
1689 1764 1806 1802 quidem
1828 1767 1854 1792 et
1874 1763 1937 1792 alia
1957 1764 2045 1801 signa
2058 1763 2185 1802 1001110-

1332 1820 1385 1839 sus
1407 1811 1439 1839 in
1470 1814 1623 1847 conspectu
1651 1810 1868 1847 discipulorum
1881 1811 1914 1845 ¹2,
1936 1819 2011 1849 quae
2031 1820 2090 1840 non
2117 1815 2187 1840 sunt

1333 1858 1447 1894 scripta
1468 1857 1500 1885 in
1525 1857 1599 1885 libro
1628 1856 1695 1890 lma,-
1716 1857 1782 1894 quia
1803 1865 1858 1886 non
1880 1860 1922 1886 est
1943 1860 2072 1887 nostrum
2093 1858 2186 1888 omnia

1333 1912 1465 1938 narrare,
1488 1904 1535 1933 sed
1557 1904 1639 1933 fidem
1661 1904 1820 1938 aedificare;
1843 1904 1916 1933 unde
1938 1904 2047 1933 subdit:

1414 1952 1459 1980 6⁹2.
1483 1952 1572 1986 (Vers.
1596 1951 1664 1986 31.).
1687 1951 1766 1980 Haec
1788 1954 1886 1980 autem
1906 1952 2019 1989 scripta
2039 1955 2124 1987 sunt,
2153 1956 2188 1981 ut

1333 1998 1480 2032 crectatis;
1502 1998 1535 2026 ad
1558 1998 1694 2026 Romanos
1715 1998 1822 2027 decimo
1836 1998 1934 2035 quinto
1947 1998 1982 2026 ¹³:
2002 2010 2016 2023 (ι
2031 1999 2186 2035 Quaecum-

1334 2052 1389 2082 que
1421 2044 1525 2081 scripta
1556 2047 1641 2078 sunt,
1673 2044 1707 2073 ad
1739 2046 1863 2073 nostram
1895 2044 2050 2073 doctrinam
2083 2045 2187 2082 scripta

1334 2095 1441 2121 sunt».
1466 2091 1616 2125 Credatis,
1639 2092 1768 2128 inquam,
1796 2091 1868 2129 quia
1903 2092 1985 2120 Iesus
2016 2095 2058 2120 est
2090 2091 2186 2120 Filius

1336 2139 1404 2172 Dei,
1436 2138 1464 2167 id
1495 2141 1536 2167 est
1567 2138 1595 2166 in
1627 2138 1737 2167 Christo
1763 2138 1964 2167 humanitatem
1996 2141 2023 2167 et
2054 2139 2187 2168 Divinita—

1335 2190 1406 2220 tem3
1429 2186 1519 2214 Lucae
1540 2186 1631 2223 primo
1644 2186 1682 2213 ¹4:
1710 2197 1723 2210 «
1739 2185 1855 2214 Vocabis
1879 2193 1980 2214 nomen
2005 2185 2066 2214 eius
2087 2186 2184 2215 Iesum.

1335 2232 1382 2260 Hic
1403 2232 1456 2260 erit
1478 2240 1596 2269 magnus
1617 2234 1644 2260 et
1663 2232 1747 2261 Filius
1768 2232 1897 2261 Altissimi
1919 2232 2064 2261 vocabitur
2080 2243 2107 2267 »3
2129 2233 2187 2269 pri-

1334 2287 1395 2307 mae
1417 2279 1525 2308 loannis
1552 2279 1666 2316 quinto:
1694 2279 1790 2316 «Quis
1820 2282 1862 2308 est
1892 2282 2002 2313 autem,
2024 2279 2072 2316 qui
2102 2279 2186 2308 vincit

494 2431 501 2443 ¹
521 2432 586 2454 Vers.
598 2432 636 2453 20.
647 2430 692 2453 Cl'r.
703 2437 774 2459 supra
786 2437 807 2452 n.
822 2430 860 2453 46.
872 2431 894 2452 111
907 2430 959 2452 line.
972 2430 1031 2452 Vide
1048 2430 1118 2452 etiam
1136 2430 1194 2452 infra
1207 2436 1228 2452 n.
1242 2430 1280 2452 63.

493 2469 502 2482 ²
521 2471 620 2498 Vulgata
637 2471 720 2493 omittit
736 2470 776 2493 eis.
1132 2467 1141 2481 ³
1159 2470 1225 2492 Vers.
1243 2470 1279 2491 12.

493 2508 503 2521 ⁴¹
521 2510 595 2537 Supra
614 2516 636 2531 v.
654 2510 696 2536 25,
716 2509 754 2531 ubi
767 2509 835 2532 ctiam
849 2509 963 2531 habentur
976 2508 1047 2531 verba
1059 2508 1159 2531 subinde
1171 2509 1280 2536 allegata:

433 2548 486 2572 Nisi
500 2548 594 2571 mittam
611 2555 712 2571 manum
730 2552 786 2577 etta,
804 2552 840 2571 et:
859 2549 913 2571 Non
931 2548 1034 2571 credam.

495 2586 504 2599 ⁵
520 2587 583 2610 Libr.
600 2589 623 2610 ll.
642 2588 724 2610 Homil.
743 2588 765 2610 in
784 2589 870 2615 Evang.
885 2587 964 2609 homil¹
978 2588 1016 2610 26.
1029 2594 1051 2609 n.
1063 2587 1092 2609 7:
1105 2587 1214 2616 Nunquid
1226 2592 1281 2609 casu

433 2631 523 2655 gestum
541 2628 646 2656 creditis,
665 2631 689 2650 ut
706 2628 792 2650 electus
815 2628 849 2649 ille
874 2627 1002 2655 discipulus
1028 2630 1080 2649 tunc
1105 2627 1207 2654 deesset,
1229 2629 1282 2654 post

432 2669 509 2689 autem
536 2667 653 2689 veniens...
675 2667 772 2694 palpans
789 2667 913 2689 crederet?
932 2667 980 2688 Non
999 2667 1042 2688 hoc
1059 2672 1126 2693 casu,
1143 2666 1184 2688 sed
1201 2665 1280 2688 divina

433 2705 603 2733 dispensatione
621 2709 712 2733 gestum
730 2709 771 2728 est.

496 2741 505 2755 ⁵
524 2744 589 2766 Vers.
607 2744 627 2766 4.
644 2756 675 2760 —
691 2744 737 2766 Cfr.
755 2744 811 2766 infra
829 2750 852 2766 n.
870 2744 949 2766 64-66.

496 2780 504 2793 ⁷
525 2782 623 2809 Vulgata
640 2783 704 2805 addit
721 2782 749 2805 ei.
763 2795 793 2799 —
807 2783 986 2811 Theophylant„
1005 2783 1026 2804 in
1043 2783 1104 2805 hunc
1120 2783 1210 2805 locum:
1223 2782 1282 2804 Vide

434 2825 524 2849 autem,
542 2822 661 2850 quomodo
679 2822 697 2844 is
714 2823 754 2851 qui
772 2823 837 2850 prius
855 2823 1000 2850 incredulus,
1027 2825 1087 2844 tactu
1104 2822 1181 2844 lateris
1197 2822 1282 2843 theolo-

434 2866 479 2888 gus
496 2861 598 2888 optimus
616 2861 787 2883 demonstratus
804 2862 839 2884 sit.
857 2862 919 2883 Duas
937 2862 998 2883 enim
1016 2864 1110 2885 naturas
1127 2863 1149 2883 et
1161 2866 1231 2883 unam
1244 2862 1282 2888 hy-

435 2900 546 2928 postasim
572 2900 641 2923 unius
666 2900 749 2923 Christi
775 2901 861 2923 docuit.
878 2901 981 2923 Dicendo
998 2901 1060 2923 enim
1078 2900 1218 2928 Dominum,
1243 2901 1282 2922 hu-

436 2945 527 2961 manam
545 2939 630 2961 indicat
646 2943 768 2967 naturam;
786 2946 840 2961 nam
858 2940 887 2962 de
906 2940 1039 2962 hominihus
1050 2940 1133 2962 dicitur
1150 2939 1278 2966 Dominus,

435 2979 493 3001 sicut
510 2977 591 3008 [supra
610 2985 633 3000 v.
651 2978 718 3008 115.]:
742 2978 852 3006 Domine,
872 2978 894 3002 si
910 2981 935 3001 111
952 2978 1072 3002 sustulisti
1092 2985 1154 3001 eum.
1180 2978 1282 3001 Dicendo

1337 2433 1430 2452 autem:
1449 2430 1511 2453 00113
1529 2436 1606 2457 meus,
1625 2430 1729 2451 divinam
1742 2429 1894 2452 substantiam
1907 2429 2019 2456 ostendit,
2032 2432 2054 2451 et
2066 2429 2096 2451 ita
2113 2435 2185 2452 unum

1337 2471 1360 2491 et
1376 2469 1478 2491 eundem
1496 2475 1548 2491 esse
1565 2469 1690 2491 Dominum
1709 2471 1731 2491 et
1748 2469 1831 2491 Deum.

1400 2506 1409 2519 Β
1427 2508 1494 2531 Vers.
1512 2509 1550 2530 ⁴8.
1567 2510 1590 2530 et
1608 2508 1645 2530 19.

1400 2545 1410 2558 ⁹
1428 2547 1526 2575 Vulgata
1544 2546 1618 2570 Dizrz't.
1636 2559 1667 2573 —‚-
1684 2546 1728 2570 Cl'r.
1746 2553 1769 2569 n.
1786 2547 1825 2569 68.

1402 2584 1422 2598 ¹⁰
1440 2587 1464 2608 ln
1482 2587 1542 2609 loan.
1560 2587 1639 2608 homil.
1657 2586 1694 2609 87.
1712 2586 1777 2615 (alias
1795 2586 1842 2615 86.)
1863 2593 1886 2608 n.
1905 2586 1926 2608 i.
1943 2587 1986 2609 Pro
2003 2587 2025 2609 et
2041 2585 2120 2609 videre
2136 2583 2187 2616 [καὶ

1339 2622 1406 2654 ὁρᾷν]
1424 2625 1482 2647 varii
1500 2625 1569 2648 codd.
1587 2627 1608 2648 et
1624 2625 1741 2653 viam-em,
1761 2626 1798 2648 ed.
1816 2627 1841 2648 ut
1857 2624 1969 2649 viderem.
1985 2637 2016 2642 —
2034 2624 2139 2647 Subinde
2154 2625 2187 2647 al-

1338 2664 1428 2691 legatur
1445 2664 1459 2686 l.
1479 2665 1537 2687 Petr.
1555 2665 1576 2691 1,
1594 2664 1616 2686 8.

1402 2702 1420 2715 ¹¹
1439 2703 1479 2725 Ed.
1497 2703 1556 2726 tales
1572 2703 1789 2733 manifestationes,
1808 2704 1826 2726 Μ
1844 2703 1930 2727 talium
1947 2703 2169 2733 nianisestutionem.

1402 2741 1421 2754 ¹²
1440 2743 1537 2770 Vulgata
1555 2743 1620 2765 addit
1635 2749 1745 2766 suorum.
1759 2756 1789 2761 —
1802 2743 1931 2772 Chrysost.¹
1944 2744 1967 2766 in
1980 2743 2040 2766 loan.
2058 2742 2137 2765 homil.
2149 2742 2187 2765 87.

1340 2782 1405 2810 (alias
1421 2782 1468 2810 86.)
1487 2788 1509 2804 n.
1527 2782 1535 2804 1
1551 2790 1555 2804 :
1573 2781 1631 2805 Cum
1650 2782 1710 2805 enim
1729 2783 1838 2810 pauciora
1856 2789 1933 2811 quam
1945 2782 1981 2804 alii
1993 2782 2030 2804 hic
2042 2781 2186 2810 Evangelista

1339 2823 1467 2848 narrasset,
1484 2821 1552 2849 dicit,
1573 2827 1651 2850 neque
1675 2821 1732 2844 alios
1757 2827 1839 2844 omnes
1863 2821 1941 2843 omnia
1966 2820 2122 2848 recensuisse,
2145 2820 2187 2843 sed

1339 2863 1425 2889 quanta
1442 2866 1504 2888 opus
1520 2863 1593 2887 esset,
1611 2863 1636 2883 ut
1652 2860 1770 2883 auditores
1787 2861 1817 2883 ad
1835 2860 1905 2883 fldem
1923 2861 2091 2888 pertraherent.

1403 2897 1422 2911 ¹¹³
1440 2900 1507 2922 Vers.
1525 2899 1546 2921 4.
1563 2912 1594 2916 —
1611 2899 1716 2922 Subinde
1731 2900 1828 2928 Vulgata
1846 2899 1901 2928 legit
1917 2899 1973 2929 quia
1990 2900 2055 2922 Iesus
2071 2899 2106 2922 est
2122 2898 2186 2922 Chri-

1339 2939 1391 2961 stus
1409 2938 1485 2961 Filius
1503 2938 1551 2961 Dei.

1403 2976 1422 2990 ¹⁴
1441 2978 1506 3000 vers.
1524 2978 1562 3001 311.
1579 2984 1629 3007 seq.
1645 2991 1676 2995 —
1694 2978 1802 3007 Sequitur
1820 2979 1834 3001 l.
1853 2979 1915 3002 loan.
1931 2978 1958 3005 5,
1976 2978 1998 3001 5.

2196 1484 2280 1527 011.

1332 1529 1379 1558 Η10
1400 1529 1524 1565 tangitur
1546 1529 1613 1558 sides
1634 1529 1815 1557 credentiam
1843 1537 1898 1565 per
1930 1528 2121 1566 Scripturam
2142 1532 2182 1558 ta·
2194 1531 2255 1556 Scrirt
