2296 3316
234 882 313 901 Divisio.

197 1306 312 1326 Notandum.

196 1683 310 1703 subdivisio.

236 2589 314 2608 Divisio.

334 187 370 215 ω.)

331 274 386 293 rus
409 265 559 298 virorum,
581 265 632 302 qui
659 262 782 300 suerunt
813 266 879 292 ante
903 271 986 297 eum,
1008 263 1035 291 id
1063 266 1105 292 est
1135 263 1182 292 ad-

332 314 445 341 ventum
473 311 590 344 Christi;
612 314 639 339 et
671 310 780 344 fideles,
801 310 854 349 qui
881 313 945 347 post
972 308 1073 347 futuri
1097 313 1181 344 sunt,

333 368 389 387 non
410 358 597 387 laetabuntur
618 358 650 386 in
670 366 716 391 eo,
737 357 765 386 id
786 360 827 386 est
848 357 876 386 in
898 365 962 395 rege
976 357 1071 392 stulto,
1092 357 1118 386 id
1140 360 1182 387 est

332 405 455 439 diabolo,
477 405 542 442 quia
563 413 617 433 non
639 404 730 434 laetati
751 407 817 433 sunt
837 403 889 433 nisi
914 404 942 432 in
963 404 1085 439 Christ0;
1108 404 1182 433 unde

333 452 477 489 Apostolus
498 451 531 480 ad
554 451 741 489 Philippenses
762 451 874 480 ultimo:
902 463 915 477 ι(
930 450 1052 480 Gaudete
1078 451 1107 480 in
1128 451 1181 480 Do-

332 499 406 527 mino
434 506 543 536 semper
558 510 585 526 ».
614 499 642 527 ln
671 498 787 527 Domino
808 500 850 527 est
879 498 1048 532 laetandum,
1077 506 1132 526 non
1154 498 1181 526 in

331 546 446 574 diabolo.

334 641 437 669 Partis
458 641 602 669 secundae
622 639 786 669 membrum
810 640 845 668 ll.
871 640 910 668 De
931 639 1056 668 remedio
1072 639 1183 676 triplici

411 691 514 716 contra
529 687 672 724 triplicem
686 687 844 716 vanitatem
866 686 969 724 culpae
978 709 985 720 ,
1001 686 1032 715 z'd
1045 689 1100 720 est,
1115 694 1181 714 con-

410 738 458 763 tra
481 734 609 768 malm,
631 734 708 772 quod
729 734 915 772 consequitur
935 733 1090 762 malitiam.

412 829 649 866 Custodibpedem
672 832 763 857 tuum.
786 828 883 857 Actum
904 830 946 856 est
966 835 1052 864 supra
1076 827 1109 856 de
1130 835 1182 855 va-

334 877 422 905 nitate
443 876 548 913 culpae.
579 875 714 912 Quoniam
736 875 781 903 illa
810 875 917 903 vanitas
938 877 979 903 est
1008 874 1134 903 mortalis
1155 877 1182 903 et

332 923 476 960 pestifera;
501 922 560 951 ideo
587 922 679 959 agitur
708 921 752 950 hic
780 921 813 950 de
835 921 960 950 remedio
982 923 1079 950 contra
1107 920 1182 949 illam

332 970 489 999 vanitatem.
514 970 544 997 Et
565 969 630 1006 quia
648 969 750 1006 triplex
772 968 923 1006 praecessit
936 968 1056 1002 vanitas,
1079 968 1182 997 scilicet

333 1017 464 1050 malitiae,
486 1016 631 1050 avaritiae,
652 1015 868 1053 imprudentiae;
890 1016 951 1044 ideo
966 1015 1010 1044 liic
1031 1015 1108 1052 ponit
1129 1015 1183 1044 tria

335 1063 463 1093 remedia.
486 1064 517 1092 Et
538 1063 628 1100 primo
649 1063 696 1091 dat
721 1062 875 1092 remedium
896 1066 993 1091 contra
1018 1062 1182 1096 malitiam,-

332 1111 453 1140 secundo
474 1114 570 1139 contra
585 1110 762 1144 avaritiam,
785 1110 821 1139 ibi
835 1111 857 1138 ¹:
874 1110 996 1138 Avarus
1010 1118 1069 1138 non
1083 1110 1181 1147 imple-

331 1158 427 1191 bitur;
450 1158 531 1187 tertio
553 1162 649 1187 contra
663 1157 910 1195 imprudentiam,
933 1157 983 1186 ibi:
1001 1157 1079 1193 Quid
1100 1156 1182 1186 habet

330 1206 459 1243 amplius
473 1209 523 1235 etc.
547 1205 598 1234 Sed
613 1205 743 1242 quoniam
758 1205 878 1234 malitiae
899 1205 1015 1233 morbus
1039 1204 1073 1233 de
1094 1212 1123 1233 se
1141 1208 1182 1233 est

331 1253 542 1282 irremediabilis
572 1256 600 1281 et
620 1252 740 1281 ulterIus
770 1252 838 1281 alios
869 1259 1051 1289 corrumpere
1076 1254 1181 1288 potest;

331 1300 391 1330 ideo
407 1300 519 1337 ponitur
542 1300 586 1329 hic
602 1299 756 1328 remedium
778 1307 833 1328 non
849 1302 945 1328 contra
959 1298 1118 1333 malitiam,
1134 1299 1181 1327 sed

331 1351 427 1377 contra
442 1347 659 1385 corruptionem
674 1346 805 1375 malitiae
819 1347 877 1375 sive
892 1347 1012 1380 malum,
1027 1346 1102 1383 quod
1117 1354 1181 1375 con-

330 1395 456 1432 sequitur
479 1395 505 1423 in
527 1394 588 1423 aliis
608 1402 644 1423 ex
666 1397 779 1431 aspectu
800 1394 920 1423 malitiae
935 1394 1047 1422 alienae.

357 1491 419 1518 Aur.
447 1491 468 1518 l.
492 1490 532 1517 De
554 1489 677 1518 remedio
699 1492 803 1517 contra
824 1489 984 1517 vanitatem
1005 1488 1153 1523 malitiae,

467 1546 502 1565 ea:
523 1545 583 1575 qua
604 1537 701 1565 oritur
723 1536 828 1574 triplex
850 1535 1040 1564 inordinatio.

409 1632 505 1660 Oritur
526 1634 619 1660 autem
634 1639 670 1660 ex
685 1631 737 1659 hoc
753 1630 855 1667 triplex
877 1630 1055 1664 inordinatio,
1078 1630 1181 1659 scilicet

331 1680 358 1709 in
380 1688 464 1717 opere
486 1686 534 1716 per
555 1677 799 1715 praevaricationis
828 1677 1068 1711 inobedientium
1089 1677 1117 1706 in
1133 1686 1181 1706 ore

330 1735 379 1764 per
401 1726 547 1755 locutionis
567 1725 740 1758 stultitiam,·
755 1724 783 1753 in
805 1724 890 1753 eorde
909 1732 958 1761 per
980 1724 1182 1762 cogitationem

331 1781 492 1802 erroneam.
515 1772 552 1800 Ad
574 1780 645 1809 quae
659 1771 751 1800 omnia
773 1771 830 1800 ruit
844 1771 973 1800 incautus
994 1771 1182 1800 considerator

332 1821 451 1850 malitiae
472 1820 585 1849 alienae.
618 1819 690 1848 Dum
711 1819 783 1848 enim
816 1819 879 1856 quis
910 1819 996 1847 malos
1027 1818 1183 1848 considerat

331 1868 495 1905 impunitos,
518 1867 624 1901 credit,
640 1875 695 1895 non
717 1874 776 1896 esse
797 1866 1015 1903 providentiam;
1038 1874 1115 1900 ecce,
1137 1874 1182 1894 co-

329 1916 434 1953 gitatio
455 1923 593 1948 erronea;
614 1917 641 1943 et
654 1922 705 1951 per
726 1914 779 1943 hoc
800 1914 886 1943 libere
901 1914 972 1943 dicit
991 1914 1095 1948 stulta,
1117 1913 1183 1951 quia

332 1963 433 1997 credit,
459 1962 533 2000 quod
561 1970 616 1991 non
644 1961 679 1990 sit
706 1961 754 1999 qui
782 1961 986 1998 reprehendat;
1009 1964 1036 1989 et
1063 1960 1183 1989 ulterius

332 2009 552 2047 tranem-editur
573 2009 734 2043 mandata,
757 2008 823 2046 quia
843 2016 897 2037 non
920 2008 1020 2042 credit,
1049 2007 1124 2045 quod
1148 2007 1183 2036 sit

331 2057 379 2094 qui
404 2057 508 2094 puniat.

411 2104 502 2132 Primo
523 2103 608 2140 igitur
639 2103 685 2131 dat
707 2102 860 2132 remedium
894 2105 990 2131 contra
1021 2101 1182 2130 inobedien-

333 2151 423 2184 tiam,·
445 2150 579 2184 secundo,
595 2153 691 2179 contra
713 2149 856 2188 loquelam
876 2149 1014 2183 stultam,
1040 2149 1077 2178 ibi
1093 2150 1119 2177 2:
1142 2148 1183 2177 Ne

333 2201 434 2226 temere
455 2197 527 2235 quid
554 2197 687 2235 loquaris
708 2200 776 2231 etc.;
799 2196 893 2230 tertio,
916 2199 1013 2225 contra
1034 2196 1183 2234 cogitatio-

919 183 1088 213 COMMENT.
1112 185 1143 213 IN
1167 185 1402 214 ECCLESIASTEN
1424 185 1451 213 C.
1475 185 1505 213 V.

1239 272 1304 292 nem
1332 272 1502 297 erroneam,
1524 263 1577 292 ibi:
1607 263 1640 292 Si
1659 263 1769 292 videris
1798 263 1966 292 calumnias
1990 272 2089 301 (3991ιο-Ἰ

1238 319 1308 339 rum
1326 313 1377 339 etc.

1291 403 1383 433 Primo
1404 403 1490 434 datur
1512 403 1664 434 remedium
1685 403 1784 434 contra
1804 403 2031 434 inobedientiam.

1318 499 1406 533 (Vers.
1435 501 1497 535 17.).
1512 499 1539 528 ln
1555 499 1677 528 remedio
1692 501 1788 528 contra
1809 499 2032 528 inobedientiam
2047 498 2088 527 in-

1238 545 1350 574 ducitur
1372 544 1548 580 exhortatio,
1563 549 1591 575 et
1611 546 1791 583 subiungitur
1805 544 2017 574 exhortationi-s·
2037 553 2088 574 ra-

1239 592 1285 621 tio.
1309 593 1481 621 Exhortatur
1512 596 1604 622 autem
1636 593 1670 622 ad
1690 593 1849 630 diligentem
1874 592 1976 630 pedum
1997 595 2089 621 custo—

1238 639 1327 673 diam,
1349 647 1383 668 ne
1406 640 1626 676 transgrediatur
1647 640 1776 669 mandata
1796 639 1904 674 divina;
1926 639 1987 668 ideo
2007 639 2088 668 dicit:

1241 686 1362 714 Custodi
1378 686 1479 723 pedem.
1495 690 1593 720 tuum,
1615 696 1649 715 ne
1662 685 1738 724 forte
1756 686 1875 715 declinet
1888 695 1908 715 a
1928 686 1979 715 via
1994 690 2089 720 recta;

1239 733 1272 762 ad
1295 733 1431 762 Hebraeos
1451 733 1614 762 duodecimo
1627 734 1650 762 ³:
1671 745 1684 759 «
1698 734 1816 763 Gressus
1838 736 1928 763 rectos
1948 733 2029 762 facite
2043 741 2090 770 pe-

1238 780 1320 809 dibus
1342 781 1454 815 vestris,
1477 784 1507 809 ut
1529 789 1582 810 non
1598 780 1756 810 claudicans
1776 780 1840 818 quis
1853 783 1966 810 erret».
1989 781 2090 818 myre-

1239 828 1320 856 diens
1342 828 1373 856 in
1393 828 1513 856 dommn
1540 828 1606 862 Dei,
1628 827 1655 857 id
1676 830 1732 862 est,
1759 827 1786 856 in
1808 827 1969 862 ecclesiam,
1991 827 2035 856 vel
2063 827 2091 856 in

1240 874 1402 903 servitutem
1432 875 1496 909 Dei,
1519 875 1545 903 in
1575 882 1659 912 quam
1681 882 1744 903 cum
1772 874 1872 903 timore
1899 874 1981 903 debet
2008 874 2091 903 homo

1239 921 1359 959 ingredi;
1375 922 1448 951 unde
1470 922 1497 950 in
1513 922 1633 951 Psalmo:
1661 933 1675 947 «
1691 921 1811 950 lntroibo
1825 921 1853 950 in
1867 921 1981 950 domum
1999 923 2090 956 tuam,

1239 971 1267 997 et
1287 969 1408 998 adorabo
1438 969 1471 997 ad
1493 969 1629 1006 templum
1662 972 1788 998 sanctum
1821 972 1901 998 tuum
1933 969 1960 997 in
1992 969 2091 1009 timore

1240 1019 1288 1045 tuo
1302 1028 1329 1044 ι).
1353 1016 1391 1045 Ita
1411 1016 1493 1045 debet
1514 1016 1611 1053 pedem
1634 1024 1716 1054 suum
1739 1024 1852 1045 servare
1873 1016 1907 1045 ab
1933 1015 2091 1045 inobedien-

1240 1064 1277 1092 tia
1297 1067 1324 1092 et
1356 1066 1516 1101 promptum
1544 1063 1648 1092 habere
1680 1063 1714 1092 ad
1745 1063 1944 1097 obedientiam;
1976 1065 2091 1100 propter

1239 1111 1314 1148 quod
1335 1111 1415 1139 dicit:
1433 1112 1468 1139 Et
1488 1110 1710 1148 appropinqua,
1726 1114 1757 1139 ut
1779 1110 1903 1144 audias,
1922 1110 1950 1138 id
1971 1112 2012 1139 est
2026 1109 2091 1139 obe-

1239 1158 1313 1186 dias:
1330 1158 1551 1196 appropinqua,
1574 1157 1640 1194 quia
1654 1157 1862 1186 Deuteronomii
1878 1157 2020 1194 trigesimo
2034 1159 2090 1186 ter-

1241 1205 1314 1233 tio⁴z
1343 1205 1419 1241 «Qui
1438 1205 1662 1242 appropinquant
1684 1204 1801 1241 pedibus
1822 1204 1882 1234 eius
1902 1204 2037 1242 accipient
2057 1204 2091 1233 de

1239 1251 1365 1280 doctrina
1380 1252 1453 1280 illius
1465 1262 1496 1286 »3
1518 1252 1643 1286 alutias,
1659 1251 1823 1286 ohediendo;
1840 1251 1970 1281 Ieremiae
1984 1251 2091 1281 decimo

1239 1299 1369 1336 septimo:
1398 1311 1410 1323 κ
1425 1299 1521 1327 Audite
1543 1299 1661 1328 verbum
1683 1299 1801 1333 Domini,
1824 1299 1960 1333 universi,
1983 1298 2031 1336 qui
2047 1298 2091 1327 in-

1239 1346 1383 1383 gredimini
1406 1354 1455 1383 per
1474 1349 1568 1383 portas
1583 1346 1641 1375 has.
1659 1346 1728 1375 Haec
1749 1346 1816 1375 dicit
1830 1345 1975 1375 Dominus:
1998 1348 2090 1375 custo-

1238 1394 1294 1423 dite
1309 1394 1414 1423 animas
1429 1397 1536 1423 vestras
1550 1406 1576 1422 ».
1590 1410 1626 1414 -
1641 1394 1671 1422 Et
1686 1393 1865 1430 subiungitur
1880 1391 2090 1422 exhortationis
2102 1399 2235 1441 {egfflfflgtssd-

1239 1441 1334 1470 ratio:
1356 1441 1444 1469 Multo
1459 1441 1539 1470 enim
1560 1441 1661 1470 melior
1682 1445 1723 1470 est
1736 1440 1897 1470 obedientia
1914 1449 2005 1479 quam
2019 1440 2090 1469 stul-

1239 1493 1336 1517 torum
1359 1488 1505 1522 victimae,
1526 1488 1579 1527 qui
1598 1489 1744 1523 nesciunt,
1766 1488 1839 1526 quid
1862 1487 1981 1526 faciunt
1999 1487 2089 1522 mali,

1238 1536 1286 1573 qui
1308 1544 1362 1564 non
1391 1538 1594 1573 recognoscunt
1614 1543 1678 1564 suas
1706 1535 1939 1572 transgressiones
1966 1543 2017 1565 nec
2041 1544 2090 1565 cu-

1238 1586 1302 1612 rant
1332 1583 1459 1617 obedire;
1492 1583 1642 1620 Gregorius
1657 1583 1683 1611 ⁵:
1712 1595 1725 1608 «
1740 1583 1833 1612 Melior
1865 1585 1907 1612 est
1936 1582 2091 1612 obedientia

1238 1639 1322 1667 quam
1346 1631 1486 1665 victimae,
1502 1631 1568 1668 quia
1582 1631 1609 1659 in
1631 1630 1786 1659 obedientia
1804 1633 1942 1659 mactatur
1963 1630 2091 1659 voluntas

1239 1677 1368 1714 propria,
1391 1677 1417 1705 in
1440 1677 1553 1706 victima
1574 1685 1638 1706 caro
1659 1677 1748 1706 aliena
1762 1689 1789 1705 n.
1807 1676 1940 1706 Abusiva
1961 1680 2003 1706 est
2017 1685 2091 1706 com-

1240 1724 1359 1761 paratio,
1388 1724 1454 1761 quia
1481 1724 1637 1753 obedientia
1664 1727 1706 1753 est
1734 1724 1818 1758 bona,
1847 1726 1875 1753 et
1902 1724 1963 1753 ideo
1988 1724 2090 1761 placet;

1239 1771 1313 1799 unde
1342 1771 1518 1799 Threnorum
1549 1771 1668 1800 tertio⁶:
1696 1771 1830 1800 «Bonum
1858 1774 1900 1800 est
1925 1771 1998 1805 viro,
2027 1778 2091 1799 cum

1240 1817 1393 1855 portaverit
1414 1817 1510 1855 iugum
1531 1818 1566 1846 ab
1588 1817 1771 1847 adolescentia
1785 1826 1879 1852 sua»;
1895 1818 1943 1847 sed
1964 1817 2092 1847 victimae

1240 1866 1391 1895 stultorum
1415 1865 1572 1902 displicent3
1605 1865 1819 1894 proverbiorum
1839 1865 1947 1894 decimo
1978 1865 2090 1902 quinto:

1228 1914 1259 1937 χ«
1274 1912 1405 1941 Victimae
1427 1912 1578 1949 impiorum
1607 1912 1805 1941 abominabiles
1826 1912 1943 1941 Domino
1957 1923 1988 1947 »;
2018 1911 2092 1941 unde

1241 1960 1306 1988 Saul
1328 1960 1516 1996 reprehensus
1537 1959 1604 1994 suit,
1626 1959 1692 1996 quia
1713 1967 1807 1988 amore
1827 1959 1973 1991 oblationis
2001 1962 2092 1988 trans-

1240 2014 1353 2044 gressus
1373 2010 1415 2036 cst
1435 2007 1560 2035 divinum
1575 2007 1742 2043 imperium;
1762 2006 1843 2043 primi
1867 2007 1972 2044 Regum
1986 2006 2092 2036 decimo

1240 2054 1353 2091 quinto:
1382 2066 1394 2079 «
1417 2054 1547 2091 Nunquid
1579 2054 1638 2082 vult
1671 2054 1805 2082 Dominus
1836 2054 2012 2088 holocausta,
2043 2056 2093 2083 aut

1241 2101 1430 2135 victimas,·et
1451 2110 1505 2129 non
1527 2101 1628 2138 potius,
1651 2103 1683 2129 ut
1702 2101 1848 2130 obediatur
1869 2101 1914 2130 ei?
1936 2101 2030 2130 Melior
2051 2103 2093 2130 est

1240 2149 1312 2177 enim
1334 2148 1490 2177 ohedientia
1510 2157 1594 2185 quam
1616 2148 1758 2182 victimae,
1780 2151 1808 2177 et
1828 2148 1988 2177 auscultare
2005 2148 2092 2185 magis

1240 2204 1324 2233 quam
1347 2196 1447 2224 offerre
1469 2195 1576 2232 adipem
1598 2195 1759 2224 arietum».

1102 2294 1265 2323 Carnutum
1288 2294 1317 2322 V.

404 2393 525 2424 Secundo
546 2393 632 2424 datur
654 2393 807 2424 remedium
829 2392 927 2423 contra
947 2392 1112 2423 locutionem

496 2440 633 2478 stultam,
654 2449 725 2480 quae
745 2438 779 2471 fit
799 2439 906 2479 triplici
927 2439 1013 2470 modo.

411 2535 453 2564 Ne
475 2540 575 2564 temere
606 2536 677 2574 quid
708 2535 848 2574 loquaris.
872 2535 918 2564 Hic
950 2535 996 2564 dat
1027 2535 1182 2564 remedium

333 2586 429 2612 contra
451 2582 620 2611 locutionem
642 2583 763 2611 stultam
785 2582 842 2612 sive
864 2582 1055 2611 inordinatam.
1079 2582 1183 2611 lnordi-

398 2717 404 2731 ¹
422 2716 477 2744 Cap.
496 2717 523 2743 5,
541 2717 562 2738 9.
579 2729 610 2733 -
627 2718 681 2745 Seq⁴
697 2717 761 2739 locus
775 2716 838 2745 Quid
849 2716 917 2740 luzbct
928 2717 1033 2746 amplius
1045 2720 1079 2740 est
1092 2723 1111 2739 c.
1124 2718 1149 2744 6,
1162 2718 1184 2740 8.

334 2757 385 2779 Vat.
402 2758 446 2779 hoc
463 2756 555 2779 tertium
573 2755 719 2783 membrum,
736 2756 947 2779 contradicentibus
965 2757 1045 2785 codd,
1062 2757 1153 2780 omittit.

396 2789 478 2824 ²'Cap.
496 2795 522 2823 5,
544 2796 565 2822 l;
583 2796 687 2824 sequitur
704 2795 761 2818 ibid.
778 2803 800 2818 v.
818 2796 841 2817 7.

395 2833 405 2847 ⁸
423 2835 489 2857 Vers.
508 2836 544 2857 l3.
561 2847 592 2852 —-—
610 2835 717 2864 Sequitur
734 2835 770 2857 Ps.
787 2835 813 2862 5,
831 2836 853 2857 8.

396 2873 405 2886 ⁴
424 2875 489 2897 Vers.
509 2875 530 2896 3.
546 2886 578 2891 —-
596 2875 704 2903 Sequitur
722 2875 762 2896 ler.
781 2874 821 2901 ¹7,
838 2875 876 2897 20.
893 2877 915 2897 ct
932 2875 956 2896 2¹
968 2883 973 2897 :
986 2874 1068 2897 Audite
1084 2874 1183 2897 verbum

335 2914 438 2941 Domini,
455 2920 523 2941 reges
539 2914 593 2936 luda
611 2916 633 2936 et
649 2913 725 2936 omnis
737 2914 792 2936 luda
804 2914 927 2942 cunctique
944 2913 1084 2936 habitatores
1100 2914 1184 2936 ierusa-

334 2952 390 2980 lem,
409 2952 448 2980 qui
467 2952 613 2980 ingredimini
632 2958 673 2979 per
690 2955 768 2980 portes
785 2952 846 2974 istas.
863 2953 923 2974 Haec
940 2954 982 2974 etc.

397 2989 407 3003 ⁵
424 2991 486 3013 Libr.
503 2991 599 3014 XXXV.
617 2991 693 3014 Moral.
711 2998 730 3013 c.
751 2991 778 3013 tl
796 2998 819 3013 n.
836 2992 879 3014 28:
897 2991 953 3014 Hinc
971 2992 1064 3014 Samuel
1083 2991 1107 3021 [l.
1125 2992 1182 3019 neg.

1239 2395 1304 2421 nata
1324 2394 1416 2421 autem
1439 2395 1480 2421 cst
1503 2392 1615 2426 locutio,
1638 2394 1686 2420 aut
1707 2392 1773 2429 quia
1793 2392 2029 2427 incomideratm
2043 2395 2092 2421 aut

1239 2440 1304 2477 quia
1335 2439 1430 2477 falsa,
1452 2442 1479 2468 ct
1510 2439 1582 2468 hanc
1613 2439 1758 2476 prohibet,
1780 2439 1833 2468 ibi:
1867 2439 1900 2468 Sz'
1920 2439 1991 2477 quid
2012 2439 2090 2468 vovi-

1239 2488 1278 2516 sti
1298 2490 1362 2521 ctc.;
1384 2490 1433 2515 aut
1448 2487 1514 2524 quia
1528 2495 1667 2521 erronea,
1689 2489 1716 2515 et
1738 2487 1808 2515 hanc
1829 2486 1865 2515 ibi
1882 2486 2026 2523 prohibet:
2048 2486 2090 2515 Ne

1239 2535 1353 2563 dederis
1378 2543 1409 2563 ox
1436 2538 1534 2568 tuum,
1563 2538 1596 2563 ut
1616 2542 1739 2571 peccare
1759 2533 1858 2571 facias·
1879 2537 1930 2563 etc.
1953 2551 1992 2555 —
2011 2534 2090 2563 Circa

1240 2582 1405 2611 locutionem
1436 2582 1684 2610 inconsideratam
1709 2580 1843 2618 prohihet
1870 2581 2092 2619 praecipitatio-

1246 2718 1285 2744 15,
1304 2716 1350 2746 22]
1369 2717 1411 2739 ait:
1429 2716 1513 2739 Melior
1531 2717 1564 2739 est
1582 2715 1709 2739 obedientia
1727 2722 1801 2745 quam
1814 2715 1944 2739 rictz'nmc...
1956 2715 2095 2738 Obedieutia

1241 2757 1329 2785 quippe
1347 2756 1446 2778 victimis
1463 2756 1513 2778 iure
1531 2755 1687 2783 praeponitur,
1705 2755 1757 2784 quia
1771 2761 1812 2783 per
1825 2755 1930 2777 victimas
1942 2755 2013 2777 alienu
2027 2761 2092 2782 caro,

1241 2802 1282 2823 per
1300 2795 1455 2818 obedientiam
1475 2801 1530 2817 vero
1548 2795 1655 2817 xoluntas
1672 2794 1764 2822 propria
1783 2797 1903 2816 mactatur.

1304 2833 1313 2846 ³
1332 2835 1397 2856 Vers-
1415 2835 1452 2856 27.
1469 2847 1500 2851 -—
1517 2834 1613 2856 inferius
1630 2834 1759 2861 allegantur
1776 2833 1843 2855 Prov.
1863 2833 1902 2859 «155,
1921 2834 1942 2855 ὃ.
1961 2835 1982 2855 et
2000 2834 2014 2855 l.
2032 2834 2089 2861 Reg.

1242 2875 1284 2902 15,
1303 2875 1345 2902 22,
1364 2873 1403 2896 ubi
1423 2874 1523 2901 Vulgata
1539 2880 1582 2901 pro
1599 2875 1641 2896 aid
1658 2873 1775 2896 substituit
1792 2874 1820 2901 et,
1835 2879 1861 2895 ac
1873 2879 1916 2900 pro
1933 2872 1955 2895 cl
1965 2872 2030 2900 ponit
2042 2872 2093 2895 voci

1242 2913 1344 2936 Domini.
1360 2926 1391 2930 —
1408 2913 1441 2936 Dc
1466 2912 1651 2940 conditionibus,
1677 2919 1738 2941 quae
1762 2912 1911 2941 requiruntur
1936 2912 1965 2935 ad
1990 2912 2091 2935 strictam

1241 2952 1438 2980 comparationem
1462 2952 1530 2980 (inter
1551 2958 1588 2974 res
1609 2952 1714 2975 eiusdem
1737 2951 1845 2980 speciei),
1862 2952 1904 2974 cfr.
1925 2951 2028 2977 Aristot..
2046 2951 2091 2973 Vll.

1241 2993 1309 3020 Phys.
1327 2995 1380 3014 text.
1397 2992 1436 3014 21.
1452 2998 1517 3020 seqq.
1536 2992 1566 3017 (c.
1584 2991 1624 3019 4.).

2107 504 2201 528 Expositio

2105 528 2199 547 litteralis.

2114 598 2177 617 Primo
2191 598 2210 617 nt

2103 621 2214 641 exhortatio.

2110 2543 2138 2561 Do
2148 2541 2226 2570 locutio·
2265 2550 2269 2556 ‹

2127 2571 2151 2585 ue
2164 2571 2226 2585 moon-
2263 2584 2265 2586 .

2128 2590 2217 2609 siderata.

2279 522 2282 547 l

2277 608 2288 749 {l
