2296 3316
10 992 106 1013 eumdum.

6 1581 7 1584 Ἴ
15 1555 110 1575 ἴτω-1111111.

16 1884 113 1907 «111011033-

18 1912 25 1926 1
46 1907 69 1934 2,
89 1907 112 1927 dc

18 1936 35 1949 ia
46 1933 90 1950 tria.

742 151 912 180 COMMENT.
934 152 967 180 IN
988 151 1135 181 IOANNEM
1157 151 1185 180 C.
1208 152 1273 181 XXI.

125 231 165 261 sti
183 231 255 260 facta
274 234 316 261 est
337 238 387 268 per
401 230 668 265 manifestationem,
683 237 755 267 quae
768 230 821 259 fuit
835 238 886 267 per
905 237 976 259 com-

126 278 276 313 estionem;
298 278 359 307 ideo
380 278 461 307 dicit:

206 325 252 354 31.
275 325 364 362 (Vers.
390 324 456 361 15.).
480 325 555 353 Cum
575 332 644 362 erqo
661 324 861 361 prandissent.
884 324 976 352 Atten-

126 373 248 403 dendum
269 376 326 408 est,
347 372 422 410 quod
442 372 472 400 in
493 371 610 409 prandio
625 379 679 399 non
697 371 833 408 quaesivit
854 371 888 400 de
909 370 977 399 dile—

126 419 229 455 ctione,
251 419 332 457 quia,
354 419 427 448 sicut
446 418 550 447 dicitur
565 418 745 447 Ecclesiastici
768 420 849 446 sexto
862 418 888 451 ¹,
907 428 922 442 α
935 420 978 446 est

126 467 232 496 amicus
252 466 344 496 socius
365 473 491 499 mensae,
506 467 534 494 et
547 473 603 493 non
623 464 797 501 permanebit
815 464 843 492 in
864 464 908 493 die
929 472 976 493 ne-

127 514 303 544 cessitatis».
325 513 377 542 Sed
398 515 461 550 post
491 512 617 549 quaerit:
640 511 719 540 Dicit
750 511 864 540 Simoni
889 511 976 540 Petro

127 562 226 590 Iesus.-
243 561 344 590 Simon
358 559 490 594 Ioannis,
512 559 612 596 diligis
632 567 677 587 me
697 558 765 595 ptus
780 557 846 586 liis?
862 558 924 587 Ideo
941 558 977 587 de

126 608 275 638 dilectione
295 607 420 645 quaerit,
442 606 508 644 quia
528 613 639 643 gregem
663 613 745 634 suum
768 613 822 634 non
844 605 904 634 vult
925 605 977 634 nisi

126 655 228 684 amanti
249 654 439 688 committere;
460 653 522 682 ideo
542 653 577 681 de
598 652 711 681 maiori
728 652 888 687 dilectione,
910 652 977 689 quia

126 702 214 740 inagis
243 701 346 731 amanti
374 701 435 729 vult
466 700 649 729 committere.
682 700 758 729 Unde
788 700 975 737 Gregorius2:

132 749 211 786 «Qui
238 749 382 778 caritatem
414 755 469 776 non
500 747 585 776 habet
612 746 826 784 praedicationis
853 747 976 776 officium

127 796 269 833 suscipere
298 802 477 832 nequaquam
506 794 630 829 debet»;
659 797 735 823 certe
767 794 855 823 multo
883 794 976 823 minus

126 842 319 880 praelationis,
341 841 420 879 quia,
435 841 507 870 sicut
520 841 623 870 dicitur
638 842 746 870 Ioannis
759 841 882 876 decimo,
902 854 916 867 ιι
927 842 975 870 bo-

126 896 180 917 nus
200 891 295 925 pastor
316 887 436 916 animam
458 895 536 916 suam
558 887 604 916 dat
625 896 676 925 pro
697 888 798 917 ovibus
818 888 914 917 suis».

205 935 251 964 32.
276 935 351 963 Dicit
371 935 411 963 ei.-
434 935 549 969 Etiam,
572 935 702 964 Domine.
725 935 772 964 Hic
787 935 900 972 ponitur
921 936 975 964 Pe-

126 982 168 1011 tri
187 982 354 1019 responsio,
376 982 404 1010 in
436 990 492 1019 qua
522 982 687 1019 respondet,
708 982 783 1019 quod
805 986 904 1017 amat,
926 982 973 1011 sed

126 1037 197 1064 non,
219 1028 294 1066 quod
323 1028 391 1066 plus
423 1032 513 1063 amet,
535 1029 601 1066 quia
631 1037 756 1058 amorem
787 1029 905 1058 alioruin
928 1036 976 1057 ne-

126 1076 238 1105 sciebat.
260 1075 336 1104 Unde
357 1075 528 1112 Augustinus
539 1075 566 1103 ³:
594 1087 608 1101 «
621 1075 701 1112 Quod
715 1075 864 1112 respondet
879 1076 977 1105 Petrus

126 1131 194 1153 amo
215 1126 240 1151 te
267 1130 318 1151 nec
339 1122 443 1151 addidit
460 1122 530 1159 ptus
551 1121 615 1156 his;
637 1123 689 1151 hoc
715 1122 872 1159 respondit,
901 1122 976 1159 quod

126 1170 160 1200 de
180 1178 210 1199 se
231 1170 291 1207 ipso
312 1169 431 1204 sciebat;
453 1177 509 1198 non
530 1169 619 1204 enim,
641 1172 777 1207 quantum
805 1169 840 1198 ab
861 1169 915 1198 alio
936 1169 977 1197 di-

126 1218 276 1255 ligeretur,
298 1217 369 1246 scire
390 1219 514 1254 poterat,
535 1216 601 1253 quia
622 1224 669 1245 cor
683 1216 799 1245 alterius
814 1216 908 1245 videre
923 1224 977 1244 non

126 1267 276 1302 poterat».
306 1265 349 1293 Tu
379 1264 455 1298 scis,
476 1263 549 1302 quia
580 1272 648 1292 amo
669 1267 694 1292 te
702 1274 712 1297 ;
740 1263 767 1292 in
790 1263 842 1292 hac
864 1271 979 1300 respon-

126 1311 202 1340 sione
222 1310 342 1339 ostendit
363 1310 475 1344 Petrus‚
498 1318 553 1338 non
574 1317 603 1338 se
621 1309 790 1346 respondere
810 1309 978 1344 adulatorie,

126 1357 173 1387 sed
194 1365 268 1387 vere.
283 1357 359 1386 Unde
373 1356 623 1393 chrysostomus4:
643 1368 657 1382 <1
669 1357 762 1393 Ipsum
777 1359 856 1385 vocat
871 1359 978 1391 testem,

126 1405 175 1443 qui
196 1405 248 1434 scit
268 1404 415 1433 occulta».
431 1404 475 1433 Sic
489 1404 635 1433 invocabat
656 1404 799 1438 Ieremias,
814 1403 922 1432 decimo
937 1411 979 1432 se-

128 1451 228 1489 ptimo:
254 1462 268 1476 «
283 1451 361 1480 Diem
382 1451 502 1480 hominis
523 1459 578 1480 non
598 1450 769 1485 desideravi,
791 1454 822 1479 tu
843 1450 897 1479 scis
912 1462 938 1478 ».

206 1498 252 1527 33.
277 1498 353 1527 Dicit
372 1498 407 1526 ei.
429 1498 476 1526 Hic
497 1500 611 1526 notatur
632 1500 694 1534 post
716 1497 923 1534 responsionem
939 1496 980 1525 act

128 1546 326 1584 operationem
346 1544 529 1578 exhortatio,·
550 1544 617 1582 quia
641 1555 655 1569 «
670 1544 798 1581 probatio
825 1543 981 1573 dilectionis

129 1592 266 1622 exhibitio
296 1595 338 1621 est
369 1592 524 1629 operis⁶»;
554 1591 616 1621 ideo
647 1591 728 1620 dicit:
762 1591 856 1620 Pasce
886 1599 980 1628 cynos

128 1648 220 1674 meos;
241 1640 269 1669 in
291 1648 347 1677 quo
367 1640 440 1668 mira
460 1639 571 1668 dilectio
591 1639 694 1668 Christi
715 1638 748 1667 ad
763 1646 829 1667 oves
844 1637 980 1675 exprimi-

130 1689 191 1722 tur,
213 1687 279 1724 quia
301 1686 353 1716 hoc
374 1686 524 1724 praecipue
544 1686 617 1715 inter
638 1685 691 1714 alia
718 1685 828 1722 signum
851 1692 918 1713 suae
939 1684 980 1712 di-

128 1733 253 1763 lectionis
274 1733 409 1768 ostendit;
431 1736 458 1762 et
479 1733 532 1762 hoc
553 1732 666 1769 quidem
688 1732 786 1761 Petrus
807 1731 932 1768 implevit
953 1734 980 1760 et

128 1781 237 1818 impleri
258 1781 382 1815 monuit,
406 1780 513 1817 primae
545 1780 616 1808 Petri
644 1779 780 1816 quinto⁶:
807 1790 821 1804 «
836 1778 980 1812 seniores,

128 1827 232 1865 pascite
252 1828 300 1865 qui
321 1827 350 1856 in
371 1827 449 1856 vobis
469 1830 511 1856 est
532 1834 644 1864 gregem
666 1826 713 1855 Dei
730 1838 743 1852 »
768 1829 820 1855 etc.

208 1874 255 1904 34.
277 1875 367 1912 (Vers.
399 1874 465 1911 16.).
497 1874 573 1903 Dicit
594 1874 620 1902 ei
646 1874 762 1902 iterum.
791 1873 838 1902 Hic
866 1873 980 1910 ponitur

130 1922 260 1951 secunda
281 1921 440 1959 inquisitio,
462 1921 490 1950 in
511 1929 568 1958 qua
589 1920 716 1950 similiter
742 1919 920 1957 proceditur,
949 1922 981 1948 ut

192 2091 200 2104 ¹
218 2092 283 2115 Vers.
303 2092 338 2113 10.
355 2103 387 2108 ——
403 2091 448 2114 Csr.
465 2091 523 2113 inira
540 2097 561 2113 n.
580 2091 617 2114 36.
635 2094 657 2114 et
674 2091 711 2113 37.

191 2130 201 2144 ²
218 2130 279 2154 Libr.
296 2132 311 2154 l.
329 2131 414 2153 Homil.
436 2130 459 2152 in
482 2131 570 2158 Evang.
593 2130 672 2152 homil.
691 2130 727 2152 17.
746 2136 768 2152 n.
786 2130 808 2152 1.
826 2142 858 2146 -
875 2129 980 2152 Subinde

129 2171 240 2199 allegatur
257 2171 318 2193 ioan.
338 2170 378 2197 10,
397 2170 433 2192 11.

192 2207 202 2221 ⁸
219 2210 241 2232 111
259 2210 321 2232 10311.
337 2209 427 2236 Evang.
443 2211 471 2230 tr.
489 2208 541 2230 124,
558 2214 581 2231 11.
599 2208 622 2230 4.
638 2208 691 2230 Post
706 2207 736 2231 ab
753 2207 801 2231 alio
819 2210 893 2230 textus
909 2208 980 2236 origi-

130 2249 187 2272 nalis
203 2249 268 2272 addit
285 2247 399 2278 quolibet,
417 2248 454 2270 ed.
472 2249 493 2271 el
510 2247 622 2277 qualiter.

192 2287 202 2300 ⁴
220 2289 242 2310 111
254 2289 314 2310 ioan.
327 2287 407 2310 homil.
419 2287 456 2310 88.
469 2287 534 2316 (alias
546 2286 593 2315 87.)
606 2293 630 2309 11.
643 2287 663 2308 1.
675 2298 707 2303 -
718 2286 827 2315 Sequitur
840 2286 881 2308 ler.
893 2285 930 2314 17,
944 2286 981 2308 16.

129 2339 161 2344 -
177 2326 281 2350 Subinde
298 2326 396 2349 vocibus
412 2325 452 2349 Sic
469 2325 560 2355 [plures
576 2325 645 2348 codd.
662 2324 741 2354 Sicut]
758 2324 882 2348 invocabat
896 2325 934 2347 ed.
951 2325 981 2347 in-

131 2366 220 2389 terserit
236 2366 324 2393 Deum,
342 2366 460 2388 Gorrauus
476 2366 499 2388 et
514 2365 597 2387 Deum.

193 2403 202 2416 ¹⁵
220 2405 248 2427 Ut
264 2405 320 2427 dicit
336 2405 446 2432 Gregor.,
464 2405 487 2427 ll.
505 2404 588 2426 Homil.
604 2404 627 2426 in
644 2404 732 2431 Evang.
750 2403 829 2426 homil.
845 2403 884 2426 30.
901 2409 923 2425 n.
942 2404 963 2425 1.

193 2442 203 2456 ⁶
220 2444 287 2466 Vers.
305 2444 327 2466 1.
344 2449 394 2472 seq.

193 2481 202 2494 ⁷
220 2482 280 2505 Vide
296 2488 367 2510 supra
385 2482 411 2509 1,
429 2482 465 2504 42.
483 2484 506 2504 et
523 2481 580 2504 ibid.
596 2484 673 2505 notam
691 2483 714 2504 2.

194 2519 204 2533 Β
219 2521 283 2543 ler.
300 2522 324 2543 11.
344 2521 428 2543 Homil.
450 2521 544 2549 genuin.
567 2521 647 2544 homil.
665 2521 701 2544 15.
719 2521 742 2543 111
760 2521 843 2549 Vigilia
860 2520 982 2543 beatorum

132 2562 211 2589 Apost.
229 2561 289 2583 Petri
306 2563 328 2583 et
344 2560 421 2587 Pauli,
438 2559 479 2583 ubi
496 2566 539 2588 pro
555 2561 639 2583 anima
661 2563 735 2583 textus
757 2560 889 2588 originalis,
911 2566 982 2589 quem

132 2601 156 2623 in
173 2601 217 2623 1100
228 2600 333 2629 sequitur
344 2600 381 2622 ed.
389 2617 395 2628 ,
408 2599 563 2628 conscientia,
581 2603 603 2622 et
615 2606 657 2628 pro
669 2601 753 2630 aperta
764 2601 821 2623 sunt
832 2606 886 2622 cum
905 2600 982 2622 multis

133 2639 201 2662 codd.
218 2640 349 2667 incongrue
365 2640 450 2668 aperta
467 2638 533 2662 novit
544 2638 583 2668 [ita
596 2639 619 2661 111
632 2638 725 2662 duabus
736 2639 813 2661 Bedae
825 2638 879 2661 edd.
891 2645 904 2661 a
915 2638 983 2661 nohis

134 2676 265 2707 inspectis]3
278 2678 357 2705 plures
369 2677 437 2700 codd.
450 2677 539 2700 meruit
549 2683 592 2705 pro
604 2683 653 2700 non
664 2677 753 2700 metuit.
766 2677 897 2705 Respicitur
913 2676 982 2699 Hebr.

134 2716 159 2745 4,
177 2717 219 2739 131
236 2716 318 2739 Omnia
336 2719 414 2739 autem
431 2717 494 2739 nuda
511 2719 534 2739 et
550 2719 629 2745 aperta
646 2719 700 2739 sunt
716 2717 789 2739 oculis
805 2716 855 2738 eius
872 2718 916 2738 etc.

195 2753 205 2766 ⁹
221 2755 276 2778 Loc.
284 2755 307 2777 in
316 2755 470 2783 praecedente
478 2758 530 2778 nota
540 2755 579 2778 cit.
587 2768 618 2772 —
626 2754 729 2778 Subinde
738 2755 849 2783 allegatur
855 2755 936 2783 Ps.77,
944 2755 983 2777 72.

196 2791 216 2805 ¹⁰
232 2794 343 2821 August,
361 2794 422 2816 XlV.
438 2794 468 2816 de
484 2793 534 2817 Civ.
551 2794 605 2821 Dei,
622 2800 641 2816 c.
659 2794 682 2816 7.
694 2800 715 2816 n.
730 2795 752 2816 1.
762 2800 826 2823 seq.:
839 2794 914 2816 Tertia
927 2800 983 2816 vero

133 2833 315 2867 interrogatione
332 2835 354 2855 et
371 2833 420 2860 ipse
437 2833 550 2855 Dominus
566 2839 614 2855 non
627 2833 671 2855 ait:
688 2832 773 2862 Diliqis
790 2839 838 2861 me,
856 2833 898 2856 sed
914 2839 983 2856 amas

133 2873 211 2895 me?...
229 2872 295 2895 Unde
312 2872 475 2900 intelligimus,
491 2872 555 2901 quod
572 2873 651 2899 etiam,
667 2879 721 2895 cum
744 2872 836 2895 dicebat
859 2873 983 2895 Dominus:

134 2909 219 2941 Diliyis
236 2913 290 2934 me?
307 2912 362 2933 nibil
385 2911 447 2934 aliud
464 2910 567 2940 dicebat,
589 2918 661 2940 quum
678 2917 747 2935 amas
764 2913 841 2935 me?...
864 2912 912 2934 Hoc
930 2917 984 2939 pro-

134 2952 211 2978 pterea
235 2949 467 2973 commemorandum
485 2951 577 2979 putavi,
595 2951 650 2980 quia
667 2950 770 2973 nonnulli
787 2950 811 2980 [a
830 2950 938 2973 Maurinis
955 2951 984 2972 al-

1829 158 1884 185 525

1032 230 1120 266 prius.
1137 230 1250 260 Ponitur
1265 230 1339 259 enim
1356 230 1466 261 Christi
1486 232 1651 272 inquisitio;
1672 235 1811 269 secundo,
1831 235 1884 263 Pe—

1033 277 1075 305 tri
1096 277 1263 314 responsim
1283 280 1311 306 et
1333 278 1431 314 tertio,
1453 279 1624 311 exhortatio.

1112 324 1243 362 anuirit
1255 332 1322 362 ergo
1336 325 1486 362 Dominus,
1501 331 1533 357 ut
1553 329 1647 365 prius,
1669 329 1703 357 de
1721 328 1884 357 dilectione:

1033 370 1137 399 Simon
1167 371 1308 407 loannis,
1330 372 1430 411 diligis
1456 375 1522 403 me?
1544 375 1646 404 Simon
1675 375 1798 404 Ioannis
1818 374 1886 403 dici-

1034 419 1096 452 tur,
1118 418 1184 455 quia
1204 418 1279 448 filius
1300 423 1359 449 erat
1387 421 1487 450 Ioanna
1498 422 1517 450 ⁷.
1540 438 1576 443 —
1600 422 1631 450 Et
1659 421 1812 458 respondet
1838 421 1885 449 Pe-

1034 466 1110 493 trus:
1134 464 1185 493 Ait
1205 465 1264 494 illi:
1288 467 1396 502 Etiam,
1418 468 1554 503 Domine,
1578 472 1610 497 tu
1629 468 1705 502 scis,
1727 468 1799 506 quia
1818 476 1885 496 anzo

1034 514 1066 539 te.
1088 511 1197 541 Bedass:
1224 524 1237 538 ιτ
1255 513 1278 542 O
1303 522 1386 551 quam
1411 515 1500 544 fidelis
1525 518 1552 544 et
1577 523 1649 552 pura
1673 515 1784 543 anima!
1813 522 1885 552 quae

1032 558 1172 588 Conditori
1194 568 1261 595 su0,
1289 562 1371 591 cuius
1395 563 1483 591 oculis
1507 563 1601 591 omnia
1629 562 1705 591 nuda
1735 565 1762 591 et
1789 566 1886 599 aperta

1031 608 1114 641 sunt,
1128 606 1221 636 dicere
1235 616 1289 637 non
1305 609 1417 638 metuit:
1434 609 1566 643 Domine,
1582 612 1613 637 tu
1627 609 1700 643 scis,
1722 609 1795 647 quia
1817 617 1884 637 amo

1033 656 1058 681 te
1072 665 1099 681 ».
1122 671 1160 674 —
1182 655 1259 683 Dicit
1278 655 1311 684 ei.
1331 656 1379 684 Hic
1400 655 1514 692 ponitur
1535 654 1716 690 exhortatio,
1736 658 1768 684 ut
1789 656 1883 692 prius:

1032 700 1126 729 Pasce
1147 710 1240 739 aynos
1260 710 1346 730 meos.
1362 701 1590 730 Exhortationem
1607 701 1774 738 praedictam
1790 702 1884 736 iterat;

1032 748 1106 776 unde
1119 748 1190 777 Beda
1201 748 1228 777 ⁹:
1248 760 1262 773 ει
1273 749 1343 777 Haec
1358 751 1400 777 est
1414 748 1473 777 sola
1487 751 1514 777 et
1529 755 1595 776 vera
1609 748 1735 784 probatio
1746 749 1845 785 integri
1858 749 1885 778 in

1032 795 1120 824 Deum
1135 796 1254 830 amoris,
1269 796 1292 824 si
1307 803 1374 832 erga
1388 795 1489 823 fratres
1503 794 1647 823 studueris
1664 803 1761 824 curam
1776 796 1885 825 solliciti

1031 850 1167 871 exercere
1181 842 1285 871 laboris
1295 853 1323 870 ».
1341 843 1448 876 Pasce,
1463 842 1568 870 scilicet
1583 842 1726 879 exemplo,
1741 843 1814 872 sicut
1827 843 1885 877 ille,

1031 889 1066 918 de
1077 897 1134 926 quo
1144 889 1171 917 in
1184 889 1306 917 Psalmo:
1324 900 1338 914 «
1349 889 1426 917 Pavit
1437 896 1484 917 eos
1495 888 1523 917 in
1535 888 1691 918 innocentia
1701 890 1792 918 cordis
1803 890 1845 918 sui
1858 901 1885 917 ».

1112 935 1158 964 35.
1182 936 1272 972 (Vers.
1297 935 1361 973 17.).
1387 935 1463 964 Dicit
1483 935 1509 964 ei
1529 936 1620 965 tertio.
1636 937 1683 966 Hic
1701 937 1814 974 ponitur
1830 941 1886 965 ter—

1033 983 1076 1011 tia
1096 982 1240 1019 inquisitio
1271 982 1318 1011 illo
1349 982 1459 1017 ordine,
1480 991 1537 1020 quo
1558 983 1652 1020 prius,
1674 984 1778 1013 scilicet
1798 992 1887 1022 quae-

1032 1029 1105 1063 stio,
1128 1028 1296 1065 responsio,
1319 1027 1491 1058 exhortatio.

1115 1075 1239 1111 Quaerit
1258 1083 1325 1112 ergo
1345 1075 1482 1105 Dominus
1495 1076 1529 1105 de
1550 1077 1662 1106 eodem:
1682 1077 1784 1106 Simon
1798 1078 1886 1106 Ioan-

1034 1123 1099 1156 nis,
1122 1130 1210 1151 amas
1230 1121 1296 1150 me?
1309 1122 1358 1150 Ex
1380 1122 1432 1151 hac
1453 1123 1545 1152 littera
1566 1126 1656 1160 patet,
1678 1125 1751 1161 quod
1781 1133 1886 1153 amare

1034 1169 1171 1206 accipitur
1193 1168 1220 1197 in
1243 1168 1328 1203 bono,
1343 1172 1377 1197 ut
1395 1169 1515 1207 ditiyere
1528 1170 1558 1198 ²⁰.
1581 1187 1619 1191 —-
1640 1171 1671 1199 Et
1693 1171 1886 1199 contristatus

1035 1218 1076 1243 est
1097 1215 1214 1243 Petrus.
1236 1215 1283 1243 Hic
1304 1217 1417 1243 notatur
1439 1216 1588 1253 responsio
1612 1217 1707 1250 Petri;
1728 1217 1775 1245 sed
1792 1219 1885 1245 tamen

1035 1262 1179 1299 respondit
1206 1271 1274 1291 cum
1296 1260 1435 1296 tristitia,
1464 1263 1545 1300 quia,
1572 1263 1644 1292 sicut
1673 1263 1740 1292 dicit
1767 1263 1886 1299 Chryso-

1035 1312 1143 1338 stomus
1156 1310 1188 1343 ¹¹,
1210 1309 1337 1343 timebat,
1352 1317 1387 1338 ne
1401 1309 1528 1339 similiter
1542 1310 1566 1339 ei
1582 1310 1732 1344 accideret,
1754 1310 1827 1339 sicut
1841 1317 1886 1338 ac-

1036 1356 1118 1390 cidit,
1140 1355 1252 1393 quando
1273 1355 1359 1384 dixit:
1385 1367 1399 1380 <1
1414 1356 1537 1385 Animam
1553 1365 1641 1385 meam
1656 1365 1728 1394 pono
1750 1365 1801 1393 pro
1816 1360 1842 1385 te
1859 1367 1886 1390 »;

1036 1405 1064 1431 et
1085 1402 1146 1431 ideo
1168 1402 1347 1431 contristatus
1368 1405 1418 1437 est,
1440 1403 1512 1441 quia
1533 1403 1609 1431 dixit
1629 1403 1656 1431 ci
1676 1403 1776 1431 tertio.-
1794 1405 1888 1431 Amas

1036 1449 1101 1478 me?
1123 1449 1174 1478 Sed
1207 1452 1380 1478 tamennon
1412 1449 1581 1487 desperavit,
1607 1450 1692 1479 immo
1721 1450 1887 1479 fiducialiter

1037 1496 1179 1533 respondit
1206 1499 1234 1525 et
1261 1495 1338 1525 dixit
1361 1497 1405 1531 ci,·
1426 1497 1500 1526 unde
1522 1497 1694 1534 responsioni
1715 1497 1806 1526 addit:
1833 1497 1887 1525 Do-

1035 1544 1130 1578 mine,
1147 1547 1178 1572 tu
1191 1544 1291 1572 omnia
1312 1544 1402 1579 nosti,
1420 1546 1551 1581 tanquam
1566 1545 1640 1573 Deus
1653 1555 1659 1579 ;
1681 1548 1713 1573 tu
1727 1545 1800 1578 scis,
1815 1544 1888 1583 quia

1037 1599 1104 1619 amo
1126 1594 1166 1625 te,
1182 1590 1265 1619 etiam
1279 1591 1379 1620 melius
1399 1591 1471 1620 nosti
1492 1600 1576 1629 quam
1592 1600 1650 1629 ego.
1671 1592 1779 1620 Sciebat
1799 1592 1887 1626 enim,

1035 1637 1111 1674 quod
1132 1637 1178 1666 ille
1199 1641 1274 1672 erat,
1289 1638 1337 1675 qui
1352 1638 1425 1667 dixit
1446 1638 1581 1672 leremiae,
1596 1638 1703 1667 decimo
1717 1638 1835 1675 septimo
1848 1638 1886 1666 ¹2:

1042 1695 1055 1709 c<
1071 1684 1125 1721 Ego
1146 1684 1281 1713 Dominus
1302 1687 1431 1713 scrutans
1445 1684 1529 1713 corda
1550 1688 1577 1713 et
1598 1692 1679 1713 renes
1694 1696 1722 1719 »,
1737 1684 1764 1712 id
1786 1687 1828 1713 est
1842 1691 1887 1712 co-

1036 1731 1183 1768 gitationes
1213 1734 1240 1760 et
1270 1731 1436 1760 affectiones.
1459 1748 1498 1752 —
1521 1732 1599 1760 Dicit
1625 1732 1667 1760 ei:
1698 1732 1790 1760 Pasce
1822 1739 1887 1759 oves

1035 1785 1124 1806 meas.
1147 1777 1194 1806 Hic
1215 1779 1328 1806 notatur
1359 1776 1540 1811 exhortati&
1560 1781 1588 1807 et
1619 1786 1669 1815 per
1700 1786 1765 1806 oves
1786 1777 1887 1806 intelli-

1036 1827 1144 1861 guntur
1165 1824 1267 1852 subditi
1290 1824 1469 1861 perfectiores
1481 1825 1512 1852 ¹³.

1118 1870 1272 1899 Notandum
1294 1875 1351 1906 est,
1373 1872 1447 1909 quod
1468 1872 1603 1900 Dominus
1618 1871 1752 1909 praecipit
1767 1879 1889 1908 pascere

1037 1927 1115 1952 oues,
1138 1926 1193 1946 non
1216 1918 1346 1953 tondere,
1368 1927 1423 1947 non
1445 1916 1602 1953 comedere,
1629 1919 1695 1956 quia
1716 1921 1810 1955 pastor
1832 1925 1888 1946 non

1036 2090 1126 2117 legatur
1143 2088 1237 2117 Origen.
1254 2089 1332 2111 homil.
1351 2089 1371 2110 1.
1389 2088 1412 2110 111
1430 2087 1525 2117 Cantic.]
1543 2087 1690 2115 arbitrantur,
1708 2087 1769 2109 aliud
1787 2093 1837 2109 esse
1854 2086 1889 2109 (11-

1036 2128 1157 2151 lectionem
1175 2128 1224 2150 sive
1241 2128 1372 2155 caritatem,
1389 2127 1450 2149 aliud
1468 2133 1581 2149 amorem.
1597 2127 1682 2149 Dicunt
1698 2126 1771 2153 enim,
1789 2126 1889 2148 dilectio-

1036 2173 1092 2190 nem
1109 2167 1269 2195 accipiendam
1287 2172 1337 2189 esse
1354 2166 1377 2188 111
1394 2165 1467 2193 bono,
1486 2172 1591 2188 amorem
1613 2165 1636 2187 in
1659 2165 1727 2187 malo.
1750 2165 1787 2187 Sic
1811 2168 1889 2187 autem

1037 2212 1080 2229 11εο
1096 2207 1160 2234 ipsos
1177 2208 1283 2228 auctores
1300 2205 1452 2228 saecularium
1469 2205 1595 2227 litterarum
1613 2205 1701 2227 locutos
1717 2210 1781 2231 esse,
1793 2204 1890 2226 certissi-

1038 2252 1102 2268 mum
1120 2248 1154 2268 est
1170 2248 1214 2268 etc.
1231 2258 1261 2262 —
1277 2246 1321 2267 Pro
1338 2244 1364 2267 in
1384 2244 1444 2268 bono
1467 2245 1504 2267 ed.
1522 2244 1547 2267 in
1568 2243 1648 2267 eodeni
1669 2250 1753 2272 sensu,
1777 2250 1820 2272 pro
1842 2250 1889 2272 qua

1038 2286 1135 2308 lectione
1157 2286 1179 2308 in
1200 2288 1254 2308 nota
1277 2285 1364 2307 adiecta
1387 2284 1534 2307 adducuntur
1556 2283 1628 2306 verba
1651 2285 1762 2311 August,
1780 2283 1802 2305 in
1824 2284 1887 2305 ioan.

1039 2326 1126 2353 Evang.
1138 2327 1165 2347 tr.
1177 2324 1229 2347 123.
1242 2331 1263 2346 11.
1276 2324 1303 2346 5:
1315 2323 1358 2346 Ubi
1375 2324 1443 2346 etiam
1461 2323 1643 2351 demonstratur,
1656 2329 1728 2345 unum
1740 2325 1810 2351 atque
1826 2322 1890 2344 idem

1039 2370 1090 2387 esse
1106 2370 1210 2386 amorem
1227 2366 1249 2386 et
1266 2363 1411 2386 dilectionem
1428 2365 1471 2385 etc.

1103 2402 1120 2415 ¹¹
1140 2404 1162 2425 ln
1180 2404 1241 2425 loan.
1263 2402 1340 2425 homil.
1359 2401 1396 2424 88.
1414 2401 1479 2431 (alias
1500 2401 1546 2430 87.)
1565 2408 1588 2423 n.
1606 2402 1631 2423 i:
1649 2400 1707 2423 Cum
1731 2400 1801 2428 igitur
1818 2401 1889 2422 semel

1039 2444 1062 2464 et
1077 2442 1161 2464 iterum
1179 2442 1344 2469 interrogatus,
1362 2440 1423 2463 illum
1442 2441 1531 2469 ipsum,
1548 2440 1588 2469 qui
1605 2444 1694 2462 secreta
1716 2439 1794 2462 cordis
1811 2439 1889 2467 novit,

1040 2481 1063 2503 in
1080 2483 1160 2503 testem
1182 2482 1298 2509 vocasset,
1316 2482 1338 2502 et
1354 2479 1430 2502 adhuc
1447 2479 1512 2501 tertio
1534 2479 1702 2507 interrogatus,
1720 2477 1826 2500 turbatus
1843 2480 1890 2505 est,

1039 2520 1070 2542 ob
1087 2521 1164 2548 priora
1182 2520 1277 2542 timidus
1293 2519 1387 2541 effectus
1404 2518 1467 2547 (nam
1485 2520 1539 2540 tunc
1556 2518 1669 2540 affirmate
1691 2517 1794 2544 locutus,
1811 2519 1890 2545 postea

1039 2562 1162 2587 superatus
1179 2558 1234 2588 est):
1252 2558 1305 2581 ideo
1321 2564 1402 2580 rursus
1419 2558 1449 2580 ad
1466 2557 1528 2579 illum
1546 2557 1657 2585 confugit.
1674 2557 1731 2579 Nam
1749 2562 1803 2578 cum
1823 2556 1890 2579 dicit:

1042 2599 1077 2622 Tu
1093 2597 1174 2621 omnia
1191 2597 1250 2626 scis,
1268 2597 1290 2620 id
1308 2600 1342 2619 fflt
1358 2596 1488 2625 praesentia
1500 2599 1523 2618 et
1534 2597 1622 2623 sutura3
1640 2595 1730 2623 videu'‚
1742 2598 1829 2624 quanto
1845 2601 1891 2618 mc-

1040 2639 1082 2661 lior
1100 2639 1172 2660 sactus
1190 2637 1230 2665 sit,
1247 2639 1333 2665 quanto
1350 2636 1484 2664 modestior,
1501 2642 1546 2658 non
1564 2637 1699 2663 arroganter
1717 2634 1890 2661 contradicens,

1040 2680 1065 2700 ut
1081 2678 1163 2699 antea?
1176 2676 1228 2698 Ideo
1240 2675 1346 2698 turbatus
1362 2678 1408 2697 est:
1425 2675 1483 2697 Num
1496 2676 1565 2703 sorte,
1577 2680 1631 2697 cum
1648 2679 1727 2696 amare
1744 2679 1781 2695 me
1798 2677 1890 2701 putem,

1040 2722 1088 2738 non
1105 2722 1158 2737 amo
1175 2718 1265 2741 tamen,
1282 2716 1307 2736 ut
1323 2716 1375 2736 ante
1392 2714 1462 2736 altum
1480 2713 1574 2741 sapiens
1594 2715 1617 2735 et
1638 2718 1787 2739 asseverans,
1811 2715 1890 2740 postea

1041 2756 1163 2783 superatus
1179 2755 1248 2776 sum?
1265 2765 1297 2770 -—
1313 2753 1429 2781 Allegatur
1447 2753 1506 2775 ioan.
1525 2753 1566 2779 13,
1584 2752 1621 2775 37.

1104 2791 1123 2805 ¹²
1141 2793 1206 2816 Vers.
1226 2792 1262 2814 10.
1277 2804 1309 2808 -
1326 2791 1429 2814 Subinde
1446 2797 1489 2819 pro
1505 2790 1567 2814 Dicit
1583 2790 1604 2814 e'i
1620 2791 1718 2818 Vulgata
1736 2785 1804 2813 Diaet't
1819 2789 1847 2812 ei.

1104 2830 1123 2844 ¹⁹
1142 2831 1320 2859 Theophylact.,
1342 2830 1365 2852 in
1388 2832 1448 2853 bunc
1472 2831 1564 2852 locum:
1586 2829 1650 2859 Aqni
1666 2830 1762 2852 sortasse
1783 2829 1890 2851 dicuntur

1040 2871 1205 2899 simpliciores,
1222 2870 1263 2899 qui
1280 2870 1344 2892 facile
1358 2869 1537 2892 introducuntur
1555 2866 1626 2900 [τάχα
1638 2868 1659 2890 οἱ
1672 2866 1889 2898 εἷσαγωγικοτεροι],

1041 2917 1094 2934 oves
1112 2916 1167 2932 vero
1185 2909 1342 2937 perfectiores.
1359 2908 1403 2932 Csr.
1421 2909 1480 2931 inira
1497 2915 1519 2931 n.
1538 2908 1575 2930 40.

1902 334 1992 353 Primum.

1905 427 2018 447 Secundum.

1902 661 1992 680 'rei-tium.

1917 941 2021 964 Interroga-

1904 965 1930 984 tiu
1952 965 1973 987 3,
1996 965 2020 984 de

1903 993 1940 1012 qua
1953 988 1996 1007 tria.

1905 1082 1996 1101 Primum.

1906 1175 2019 1195 Secundum.

1904 1739 1996 1758 Tertium.

1905 1879 2021 1899 Notandum.
