2296 3316
20 403 65 582 -2—2-4—-4-
37 369 41 396 -,

20 705 35 784 ἐς
45 728 126 748 mnus

16 1378 125 1407 isemmuus.

594 172 819 202 COLLATIONES

144 252 226 281 etiam
252 250 416 280 altissimus
443 254 580 288 quantum
601 251 634 280 ad
657 251 815 280 terminum
823 262 833 285 ;
854 251 994 280 psalmus:

149 311 163 324 «ι
178 298 286 327 Psallite
307 297 439 332 Domino,
461 298 510 335 qui
535 298 658 327 ascendit
686 306 771 336 super
792 299 899 327 caelum
927 298 994 327 caeli

143 345 178 375 ad
198 345 332 374 orientem
347 355 375 379 »ς
397 347 425 375 et
438 345 472 374 ad
486 344 618 382 Ephesios
639 349 755 383 quarto:
774 355 789 372 «c
803 346 862 383 Ipse
877 348 932 380 est,
947 345 996 383 qui

142 392 265 422 ascendit
285 400 370 429 super
392 400 488 421 omnes
508 392 612 427 caelos,
635 395 667 421 ut
684 392 848 430 adimpleret
861 393 994 422 omniatn.

222 439 249 468 3
272 439 422 474 Ascendo,
453 439 560 477 inquit,
581 439 623 468 ad
641 440 720 468 Pati
721 447 766 468 em
787 448 892 468 meum,
915 440 995 469 quta

47 493 128 537 druvio}
143 486 355 525 quadruplicem
376 485 485 516 Domini
500 486 690 515 ascensionem
704 489 769 515 nota
783 486 994 524 quadruplicem

143 533 252 571 generis
277 532 391 562 humani
412 530 556 570 fructum.
585 533 668 567 Nota,
696 532 771 570 quod
798 532 899 570 aliquis
927 531 996 562 solet

143 579 295 610 ascendere
313 582 376 608 ante
396 579 498 614 alium,
520 582 553 608 ut
572 580 654 608 viam
668 580 817 614 ostendat,
832 583 864 609 ut
878 580 933 609 iter
947 588 995 608 ex

139 626 258 664 pediat,
279 629 312 655 ut
335 634 461 655 manum
488 626 625 655 extendat
650 626 685 656 ad
712 626 881 655 trahendum
909 626 994 655 alium

143 676 206 711 post
226 681 271 708 se,
291 677 325 703 ut
349 672 509 712 nospitium
536 674 673 712 accipiat.
703 674 754 703 Per
776 674 851 702 hunc
879 673 994 703 modum

143 720 266 750 ascendit
286 720 414 750 Christus
434 724 498 750 ante
515 728 604 758 genus
618 720 783 750 humanum
798 737 837 742 -
852 721 880 750 ln
895 720 995 750 ineat-

142 769 260 800 natione
280 768 404 798 ascendit
424 772 488 798 ante
508 775 575 803 nos,
590 771 621 798 ut
635 769 715 798 viam
730 769 806 797 vitae
820 769 995 802 ostenderet,

143 815 281 845 Michaeae
309 815 470 845 secundo1.
500 826 514 841 α
529 816 679 845 Ascendam
706 819 773 846 ante
790 824 850 850 eos,
872 815 995 853 pandens

142 861 233 891 iter-³».
255 862 310 891 Hoc
331 862 484 899 figuratum
508 865 550 892 est
578 862 664 892 Exodi
692 862 798 892 decimo
825 863 925 896 tertio,
946 862 993 891 ubi

143 908 254 946 legitur,
275 908 351 946 quod
376 908 590 940 «ascenderunt
610 909 658 938 filii
685 909 770 938 lsrael
788 908 823 938 de
850 911 926 938 terra
946 909 995 937 Ae-

142 956 235 994 gypti;
256 956 392 985 Dominus
412 959 505 986 autem
527 956 709 994 praecedebat
730 964 777 985 eos
802 963 852 993 per
873 955 944 984 diem
966 955 994 983 in

142 1003 272 1032 columna
291 1003 374 1032 nubis
395 1006 422 1032 et
443 1011 493 1040 per
514 1006 622 1032 noctem
645 1003 673 1032 in
699 1003 828 1031 columna
855 1002 941 1039 ignis,
963 1005 995 1030 ut

142 1043 215 1079 esset
235 1049 295 1079 dux
317 1050 424 1079 itineris
444 1058 542 1079 eorum
564 1050 592 1078 in
613 1053 735 1087 utroque
756 1053 880 1086 tempore
896 1061 921 1077 ».
945 1049 995 1077 Per

142 1097 311 1126 columnam
331 1096 420 1126 nubis
440 1097 562 1134 intellige
582 1096 610 1127 in
630 1097 741 1126 Christo
768 1095 930 1133 exemplum
953 1096 995 1124 vi—

143 1149 207 1178 tac,·
227 1152 279 1182 per
299 1144 468 1174 columnam
489 1142 568 1182 tynis
589 1144 709 1181 intellige
723 1144 757 1173 ¹in
774 1144 995 1172 Christoexem-

143 1191 220 1229 plum
248 1191 292 1221 vel
319 1191 461 1228 eloquium
489 1191 658 1225 doctrinae,-
686 1199 758 1228 quae
788 1191 844 1221 duo
875 1190 995 1227 portavit

142 1239 270 1268 Christus
290 1242 354 1269 aute
375 1246 426 1267 nos
446 1238 525 1275 quasi
547 1238 733 1268 ceroferarius
760 1241 854 1267 noster
876 1237 910 1266 ad
932 1237 995 1269 illu·

142 1285 305 1315 minandum
326 1285 406 1314 nobis
427 1285 455 1314 in
476 1293 526 1314 sua
547 1285 772 1313 conversantium.

222 1332 249 1361 3.
271 1332 300 1361 ln
319 1332 458 1369 passione
478 1331 602 1361 ascendit
628 1331 757 1360 Christus
784 1335 848 1361 ante
875 1339 943 1365 nos,
964 1334 995 1360 ut

143 1380 199 1409 iter
218 1379 298 1408 nobis
319 1379 473 1416 expediret.
495 1378 630 1407 obstabat
649 1378 723 1408 enim
744 1377 901 1407 volentibus
918 1378 995 1407 adire

143 1434 262 1464 regnum
282 1425 512 1463 impedimentum
531 1434 642 1463 poenae
655 1428 683 1454 et
697 1425 926 1462 impedimentum
940 1433 995 1462 pu-

141 1482 227 1512 gnae.
249 1473 299 1502 Sed
321 1472 464 1507 Christus,
485 1472 637 1502 ascendens
650 1472 677 1501 in
693 1479 822 1506 crucem,
837 1476 865 1501 et
879 1479 995 1509 poenam

143 1520 208 1549 tulit
228 1522 256 1549 et
275 1527 397 1557 pugnam
419 1519 500 1553 vicit,
522 1519 560 1548 ita
580 1518 656 1556 quod
676 1519 794 1556 quilibet
811 1522 876 1556 *post
904 1518 995 1555 ipsum

142 1567 293 1597 ascendere
314 1566 409 1604 possit.
430 1565 508 1603 Quod
530 1566 681 1603 figuratum
710 1569 752 1595 est
780 1566 862 1603 primi
891 1566 995 1603 Regum

143 1613 250 1644 decimo
269 1613 415 1651 quarto2,
436 1613 484 1642 ubi
513 1613 625 1650 legitur,
646 1613 721 1650 quod
745 1612 898 1642 «ascendit
919 1613 996 1642 lona—

143 1662 207 1691 thas
221 1664 318 1691 contra
332 1661 478 1690 stationem
500 1660 743 1695 Philisthinornm‚
765 1661 895 1690 manibus
908 1664 935 1690 et
949 1668 996 1697 pe-

142 1709 225 1740 dibus
245 1711 424 1746 reptans,-et
443 1708 566 1745 armiger
586 1708 647 1737 eins
667 1711 729 1745 post
743 1716 807 1737 eum
820 1719 847 1743 »;
862 1712 890 1737 et
904 1708 996 1745 sequi-

143 1760 205 1791 tur,
220 1755 297 1793 quod
309 1763 375 1784 cum
392 1755 527 1784 vidissent
539 1755 636 1784 faciem
652 1755 779 1785 lonathae
789 1777 796 1790 ,
822 1767 836 1780 «
850 1755 894 1784 alii
916 1755 995 1785 cade-

143 1796 210 1832 bant
229 1805 293 1831 ante
315 1802 473 1836 Ionatham,
494 1801 565 1833 alios
582 1802 704 1839 armiger
717 1802 778 1833 eius
796 1802 995 1836 interficiebat,

143 1857 263 1887 sequens
284 1856 349 1879 eum
363 1860 391 1877 ».
412 1849 479 1878 item
498 1849 650 1886 figuratum
665 1852 706 1878 est
720 1849 803 1886 primi
818 1849 995 1878 Machabaeo-

143 1905 208 1926 rum
229 1897 344 1934 quinto,
365 1896 473 1928 dicente
494 1896 639 1927 Timotheo
659 1896 693 1925 de
721 1896 787 1925 luda
814 1896 994 1925 Machabaeo:

147 1955 162 1969 «
176 1944 245 1973 Cum
266 1942 534 1981 appropinquaverit
554 1942 634 1971 ludas
654 1946 682 1972 et
706 1943 849 1972 exercitus
876 1943 936 1972 eius
961 1943 995 1972 ad

143 1993 296 2019 torrentem
317 1997 421 2027 aquae,
436 1989 459 2018 si
474 1990 616 2018 transierit
636 1989 669 2018 ad
684 1998 735 2018 nos
749 1990 839 2027 prior,
858 1998 913 2019 non
934 1993 995 2027 pot-

143 2037 249 2067 erimus
269 2037 408 2065 sustinere
429 2044 509 2070 eum,
531 2037 596 2073 quia
618 2039 715 2073 potens
734 2037 836 2073 poterit
860 2037 996 2066 adversus

143 2092 202 2114 nos.
225 2084 251 2113 Si
273 2091 340 2113 vero
362 2083 487 2112 timuerit
508 2083 628 2112 transire
649 2086 676 2112 et
697 2084 823 2120 posuerit
847 2087 938 2113 castra
958 2084 996 2112 ci-

143 2135 187 2161 tra
207 2131 329 2165 flumen,
351 2131 563 2159 transfretemus
584 2131 618 2159 ad
646 2138 693 2159 eos
713 2134 741 2159 et
769 2131 923 2167 poterimus
948 2130 995 2160 ad-

143 2186 243 2207 versus
263 2178 342 2206 illum
356 2188 384 2212 »;
406 2180 433 2206 et
458 2177 596 2214 sequitur,
618 2177 692 2215 quod
725 2189 739 2202 «ι
754 2177 834 2206 ludas
862 2177 995 2207 transfre-

143 2224 212 2254 tavit
232 2224 267 2253 ad
287 2224 349 2253 illos
369 2222 448 2261 prior
468 2227 495 2253 et
516 2223 605 2252 omnis
625 2223 753 2260 populus
777 2226 839 2260 post
866 2229 947 2258 eum,
969 2227 996 2252 et

143 2272 278 2302 contritae
298 2274 364 2301 sunt
384 2279 479 2300 omnes
500 2273 596 2308 gentes
610 2279 626 2300 a
640 2271 708 2300 facie
722 2279 862 2300 eorumm.
886 2272 995 2300 Trans—

143 2320 204 2349 itus
225 2319 362 2348 torrentis
383 2322 425 2348 est
446 2319 611 2349 sustinentia
629 2326 749 2356 poenae,
771 2319 906 2348 contritio
927 2328 995 2357 yen-

144 2367 218 2396 tz'um
245 2366 360 2395 victoria
389 2374 514 2403 pugnae;
540 2374 612 2403 quae
639 2365 695 2394 duo
720 2366 784 2395 fecit
811 2366 939 2396 Christus
968 2367 995 2395 in

142 2421 195 2443 sua
216 2413 358 2450 passione;
380 2416 407 2442 et
428 2413 467 2442 sic
488 2413 630 2450 expedivit
650 2413 730 2442 nobis
751 2413 804 2442 iter
824 2413 904 2443 vitae.

223 2460 250 2489 li.
272 2460 300 2488 In
315 2460 530 2489 resurreetione
542 2460 666 2489 ascendit
680 2463 743 2489 ante
758 2468 824 2495 nos,
840 2464 871 2489 ut
886 2461 920 2490 ad
936 2461 995 2491 eri-

122 2506 266 2544 .gendum
287 2515 337 2536 nos
357 2507 437 2536 nobis
456 2516 582 2536 manum
603 2507 772 2536 extenderet.
795 2507 897 2537 Omnes
922 2508 994 2537 enim

145 2553 360 2583 recludebamur
381 2554 409 2582 in
424 2554 526 2583 fossato
546 2554 660 2589 mortis,
682 2562 830 2592 quousque
851 2555 994 2589 Christus,

145 2601 296 2630 ascendens
310 2601 344 2630 de
358 2605 461 2636 morte,
481 2601 633 2631 iacentibus
647 2602 773 2631 extendit
787 2610 901 2631 manum
916 2610 995 2631 suam

839 172 872 202 IN
893 172 1039 202 IOANNEM
1060 173 1128 202 CAP.
1151 173 1206 202 XX.
1228 173 1321 203 COLL.
1343 173 1453 202 LXXIV.

1047 814 1187 851 ⁴ipsum»;
1209 818 1236 844 et
1263 815 1298 844 ad
1325 815 1457 853 Ephesios
1484 819 1601 853 quarto:

1845 176 1898 204 6221

1050 254 1080 280 et
1101 251 1226 280 extraxit
1254 259 1300 281 eos
1325 252 1360 280 ab
1382 252 1485 281 inferis.
1514 252 1547 281 Et
1574 252 1647 289 pingi
1676 252 1746 281 solet
1773 252 1902 282 Christus

1053 299 1197 336 egrediens
1217 299 1253 328 ab
1274 299 1369 328 inferis
1390 307 1474 328 manu
1495 302 1572 328 retro
1596 302 1713 328 extensa
1733 299 1767 328 ad
1790 300 1902 329 trahen-

1052 345 1119 375 dum
1134 349 1196 383 post
1210 353 1239 375 se
1253 346 1329 375 alios.
1345 346 1383 375 Ne
1395 346 1491 376 timeas
1505 354 1587 383 erg0‚
1603 346 1702 381 homo,
1717 346 1858 384 submergi
1874 347 1901 376 in

1052 393 1191 430 profundo
1205 393 1319 428 mortis,
1333 394 1400 431 quia
1415 394 1463 423 tibi
1478 393 1566 424 tendit
1579 401 1693 423 manum
1710 394 1760 432 qui
1780 394 1903 423 ascendit

1051 439 1087 468 ab
1101 439 1212 474 inseris;
1227 440 1435 469 Deuteronomii
1450 440 1592 477 trigesimo
1604 440 1686 470 tertio
1697 440 1724 469 ³:
1744 452 1758 466 «
1769 442 1902 470 Ascensor

1052 486 1120 515 caeli
1140 486 1292 516 auxiliator
1313 490 1380 516 tuus
1394 498 1422 515 υ.
1444 486 1503 524 Ipse
1528 487 1602 516 enim
1622 490 1676 522 est,
1700 488 1747 525 qui
1776 488 1902 517 extendit

1052 541 1168 562 manum
1191 534 1270 562 Petro
1291 533 1325 562 ad
1346 533 1510 571 erigendum
1525 533 1559 563 de
1573 534 1661 569 mari,
1682 542 1747 564 cum
1767 535 1902 573 coepisset

1052 580 1156 617 mergi,
1178 580 1307 609 Matthaei
1329 580 1436 610 decimo
1456 584 1565 618 quarto.

1124 627 1158 655 ’5.
1180 626 1208 656 ln
1231 627 1397 656 ascensione
1411 627 1535 657 ascendit
1551 631 1615 658 ante
1629 637 1680 658 nos
1693 629 1727 658 ad
1742 628 1902 666 hospitium
1918 634 2007 659 Quartus-

1051 673 1320 710 praeparandum5
1348 673 1455 703 loannis
1486 673 1592 703 decimo
1619 675 1761 712 quarto⁴:
1795 687 1809 701 «ι
1827 675 1902 704 Vado

1053 720 1131 749 vobis
1152 727 1251 757 parare
1266 721 1373 755 iocum,
1388 724 1415 750 et
1436 721 1458 750 si
1479 721 1574 751 abiero
1595 725 1623 751 et
1636 729 1840 760 praeparavero
1854 731 1902 752 vo—

1052 767 1094 796 bis
1121 767 1229 802 locum,
1254 768 1360 797 iterum
1392 769 1472 798 venio
1500 772 1528 798 et
1557 769 1690 807 accipiam
1718 777 1767 800 vos
1794 769 1827 798 ad
1856 778 1901 799 me

1634 827 1647 841 «ι
1663 816 1790 846 Ascendit
1817 822 1902 854 super

1052 870 1148 891 omnes
1169 863 1275 897 caelos,
1296 867 1328 892 ut
1348 863 1511 900 adimpleret
1538 863 1632 892 omnia
1646 874 1672 892 n.
1702 864 1780 894 Tunc
1807 866 1902 892 autem

1051 909 1279 947 adimplebuntur
1300 911 1408 945 omnia,
1434 910 1546 948 quando
1573 911 1688 948 recipiet
1715 918 1781 940 suos
1808 911 1836 940 in
1857 919 1902 940 ae-

1052 960 1131 986 terna
1162 957 1353 993 tabernacula,
1380 957 1541 987 «iudicabit
1568 957 1692 988 nationes
1723 961 1750 987 et
1778 959 1902 996 implebit

1052 1004 1148 1033 ruinas
1163 1016 1189 1032 ».
1212 1018 1250 1025 »-
1271 1004 1314 1033 Sic
1336 1012 1402 1042 ergo
1422 1004 1551 1034 Christus
1571 1005 1693 1034 ascendit
1714 1005 1741 1034 iu
1760 1006 1903 1034 inem-nm

1052 1049 1127 1078 tione
1147 1050 1181 1078 ad
1202 1050 1255 1079 iter
1275 1050 1492 1085 ostendendum,
1514 1051 1542 1079 in
1560 1051 1699 1088 passione
1719 1051 1753 1080 ad
1778 1052 1831 1080 iter
1851 1060 1902 1081 ex—

1052 1096 1234 1133 pediendum,
1256 1097 1284 1126 in
1305 1097 1517 1126 resurrectione
1543 1098 1579 1128 ad
1607 1105 1720 1127 manum
1748 1099 1901 1129 extenden-

1051 1142 1134 1177 dum,
1156 1143 1183 1172 in
1206 1144 1373 1172 ascens-ione
1393 1144 1427 1173 ad
1448 1144 1599 1182 hospitium
1621 1145 1853 1183 praeparandum.

1347 1245 1489 1269 COLLATlO
1508 1246 1608 1269 Lxxix'.

1131 1332 1220 1369 (Vers.
1246 1333 1303 1366 1⁴9.)
1325 1332 1406 1362 Stetit
1426 1333 1513 1362 etiam
1534 1334 1616 1362 Iesus
1637 1334 1669 1362 in
1695 1334 1789 1363 medio
1814 1335 1901 1364 disci-

1049 1379 1192 1417 pulorum
1212 1388 1335 1409 snorum
1358 1384 1385 1409 et
1404 1380 1479 1409 dixit
1499 1381 1556 1409 eis:
1580 1381 1647 1410 Pax
1667 1381 1755 1410 vobis.

1134 1428 1158 1456 1.
1180 1427 1314 1465 Congruit
1335 1427 1380 1456 hic
1401 1428 1457 1456 duo
1478 1428 1512 1456 de
1533 1428 1644 1457 Christo
1664 1432 1776 1464 notare,
1798 1430 1903 1459 scilicet
1920 1437 2014 1456 notantur

1052 1477 1164 1503 statum
1184 1490 1224 1495 -—
1243 1477 1271 1503 et
1298 1474 1427 1503 verbum.
1452 1475 1552 1504 Status
1579 1475 1640 1505 eius
1667 1475 1714 1504 dat
1741 1476 1820 1505 nobis
1839 1476 1903 1514 for·
1943 1460 1988 1480 ω’

1052 1529 1134 1551 mam
1161 1521 1296 1555 virtutis,
1322 1521 1443 1550 verbum
1470 1530 1538 1551 vero
1558 1521 1690 1560 formam
1706 1524 1801 1561 pacis.
1824 1524 1905 1553 Stetit

1052 1568 1126 1598 enini
1148 1569 1311 1602 inmedioe
1326 1569 1400 1598 unde
1420 1569 1539 1598 dicitur:
1563 1570 1642 1599 Stetit
1662 1571 1745 1599 Iesus
1766 1572 1797 1600 in
1810 1572 1904 1601 medio

1052 1614 1267 1653 discipulorum
1294 1624 1437 1650 suorum;
1458 1620 1486 1645 et
1514 1617 1629 1654 protulit
1656 1617 1778 1646 verbum
1799 1619 1886 1656 pacis
1894 1630 1904 1653 ;

1053 1663 1127 1691 unde
1148 1663 1293 1700 sequitur:
1316 1663 1384 1691 Pam
1406 1663 1494 1692 vobis.

1133 1710 1229 1744 Stetit,
1252 1710 1358 1748 inquit,
1379 1710 1412 1739 in
1432 1711 1533 1740 medio.

1132 1757 1252 1795 Require
1273 1765 1359 1794 supra
1379 1757 1413 1786 de
1434 1761 1509 1787 statu
1531 1758 1592 1787 Iesu
1606 1758 1633 1788 in
1654 1759 1760 1794 medio,
1782 1760 1904 1797 capitulo

1053 1805 1145 1842 primo
1155 1805 1175 1833 ⁵.

1132 1853 1158 1880 Ξ.
1182 1852 1218 1880 Et
1237 1852 1315 1881 dixit
1334 1852 1392 1881 eis:
1407 1852 1477 1881 Pam
1490 1852 1578 1881 vobis.
1600 1853 1684 1888 Nota,
1706 1854 1780 1892 quod
1800 1855 1904 1892 triplex
1917 1860 1993 1885 rripiex
2006 1866 2050 1885 vax—

1052 1907 1110 1936 pax
1130 1898 1313 1936 distinguitur
1327 1899 1354 1928 in
1370 1899 1530 1937 Scriptura,
1545 1900 1649 1931 scilicet
1662 1909 1718 1938 pax
1733 1902 1903 1937 mundana,

1052 1955 1108 1981 pax
1129 1946 1264 1980 interna,
1285 1954 1342 1983 pax
1363 1950 1483 1976 aeterna
1490 1958 1500 1981 ;
1521 1947 1579 1977 sive
1600 1955 1656 1985 pax
1678 1949 1831 1986 temporis,
1847 1957 1903 1987 pax

1049 1993 1177 2031 pectoris
1197 1996 1224 2022 et
1244 2001 1299 2030 pax
1322 1994 1525 2028 aeternitatis;
1545 1995 1588 2024 vel
1609 1995 1704 2024 aliter:
1726 2004 1782 2033 pax
1800 2005 1903 2034 pecea-

1053 2044 1167 2075 torum,
1190 2048 1246 2077 pax
1268 2040 1415 2069 iustorum
1433 2044 1460 2070 et
1474 2049 1530 2078 pax
1546 2042 1714 2071 Beatorunz.
1731 2059 1767 2064 --
1782 2043 1821 2072 De
1836 2051 1902 2080 pace
1920 2048 1990 2067 Prima·

1049 2090 1255 2123 peccatorum,
1278 2087 1306 2115 in
1335 2087 1480 2116 Psalmo⁶z
1514 2088 1632 2117 «Zelavi
1664 2097 1749 2126 super
1777 2090 1901 2127 iniquos,

1052 2141 1148 2170 pacem
1170 2136 1347 2170 peccatorum
1370 2134 1466 2163 videns
1481 2146 1506 2162 n.
1528 2151 1567 2155 4
1587 2135 1627 2164 De
1652 2143 1719 2172 pace
1740 2132 1902 2172 iustorum,
1921 2143 2018 2162 Secunda-

1053 2180 1192 2209 Psalmus:
1226 2192 1239 2205 (ι
1256 2181 1312 2209 Pax
1340 2181 1428 2209 multa
1454 2181 1633 2219 diligentibus
1665 2183 1751 2220 legem
1784 2186 1860 2213 tuam
1876 2196 1902 2219 »;

1052 2230 1080 2256 et
1101 2227 1184 2256 Isaiae
1206 2227 1418 2264 quadragesimo
1439 2231 1551 2257 octavo:
1579 2241 1592 2254 «
1606 2229 1715 2258 Utinam
1740 2231 1904 2260 attendisses

1053 2274 1182 2303 mandata
1202 2277 1278 2303 mea!
1301 2274 1372 2303 facta
1393 2275 1490 2304 fuisset
1511 2276 1583 2305 sicut
1604 2276 1709 2305 flumen
1731 2286 1787 2314 pax
1812 2281 1861 2307 tua
1874 2290 1901 2307 ».

1052 2338 1091 2342 —
1105 2322 1144 2350 De
1158 2329 1225 2358 pace
1247 2322 1421 2356 Remorum,
1443 2322 1596 2359 Sapientiae
1618 2324 1714 2352 tertio:
1734 2336 1747 2349 «
1763 2324 1903 2354 Iustorum
1919 2331 1991 2351 ‘renia-

1052 2368 1160 2397 animae
1174 2380 1187 2393 »
1213 2371 1282 2402 etc.;
1304 2372 1331 2397 et
1353 2369 1496 2406 sequitur:
1522 2381 1535 2394 α
1551 2369 1607 2398 Visi
1628 2374 1694 2399 sunt
1721 2371 1810 2400 oculis
1836 2371 1903 2401 insi-

1052 2416 1187 2453 pientium
1209 2416 1296 2450 mori
1318 2416 1356 2444 illi
1377 2419 1471 2445 autem
1493 2420 1558 2446 sunt
1579 2417 1605 2446 in
1628 2426 1695 2455 pace
1710 2430 1736 2447 »,

1132 2461 1158 2490 3.
1181 2462 1238 2490 Pax
1250 2466 1438 2499 peccatorum
1453 2464 1659 2493 contemnenda
1673 2468 1728 2499 est,
1743 2466 1810 2503 quia
1821 2466 1902 2504 iyno-
1929 2471 1992 2492 Pruna
2009 2475 2038 2492 ese

1052 2509 1198 2542 miniosa‚·
1220 2509 1294 2546 quod
1322 2509 1475 2546 figuratum
1495 2513 1550 2545 est
1572 2511 1653 2548 primi
1684 2512 1788 2549 Regum
1816 2513 1901 2542 unde·
1917 2496 2050 2520 'eumdum'

1052 2556 1145 2585 cimo⁷
1149 2579 1156 2590 ,
1171 2556 1198 2584 in
1214 2556 1393 2593 responsione
1407 2556 1476 2586 Naas
1491 2558 1661 2588 Ammonitae
1675 2559 1709 2588 ad
1721 2559 1793 2589 tilios
1805 2560 1902 2590 Israel:

1058 2614 1071 2628 α
1086 2603 1114 2631 In
1130 2603 1194 2637 hoc,
1210 2603 1315 2640 inquit,
1335 2603 1432 2632 feriam
1448 2604 1591 2634 vobiscum
1606 2605 1717 2640 foedus,
1734 2610 1764 2635 ut
1779 2607 1903 2636 omnium

210 2781 217 2794 ³
237 2782 304 2805 Vers.
321 2782 365 2804 43:
382 2781 497 2805 Ascendet
519 2784 575 2806 ante
599 2785 641 2805 etc.

147 2821 185 2843 ts.
204 2824 226 2843 et
244 2822 281 2843 21.

208 2858 218 2872 ²
236 2860 302 2883 Vers.
322 2861 357 2883 13.
374 2872 406 2877 -
423 2859 527 2883 Subinde
552 2861 663 2889 allegatur
688 2862 703 2884 1.
729 2862 833 2885 Μεοὴίὼ.
859 2863 886 2891 5,
911 2863 994 2892 40-43,

146 2898 187 2921 ubi
204 2905 247 2927 pro
265 2898 326 2922 cio-a
343 2898 434 2928 flumen
451 2899 549 2928 Vulgata
567 2901 638 2923 (ἤτινα
655 2900 752 2929 flumen.

208 2935 219 2949 ³
237 2937 303 2960 Vers.
320 2938 358 2961 26.
375 2951 408 2955 -
423 2938 531 2967 Sequitur
548 2938 625 2961 Matth.
644 2939 686 2967 14,
704 2940 742 2962 30.
764 2951 795 2957 --
818 2941 930 2969 Superius
953 2947 995 2969 pro

146 2975 188 3000 tibi
204 2976 277 3000 tendit
293 2977 310 3000 B
327 2976 370 3001 tibi
385 2977 498 3001 extendit.

666 2795 697 2800 -—
722 2784 831 2813 Sequitur
856 2784 926 2807 Exod.
954 2785 995 2812 13,

1116 2784 1126 2797 ⁴
1144 2786 1208 2808 Vers.
1227 2786 1248 2808 2.
1266 2788 1288 2808 et
1305 2786 1327 2808 3.
1343 2798 1374 2802 —
1391 2786 1441 2809 Duo
1466 2792 1531 2816 seqq.
1558 2788 1601 2810 loci
1627 2791 1680 2811 sunt
1702 2789 1759 2816 Eph.
1783 2788 1809 2817 4,
1828 2789 1863 2811 to.
1881 2788 1904 2812 et

1053 2824 1089 2847 Ps.
1107 2824 1164 2851 109,
1182 2825 1211 2847 6:
1229 2823 1345 2848 Iudicabit
1361 2825 1385 2848 ι’·ιι
1403 2825 1552 2854 nationibus,
1570 2826 1674 2856 implebit
1691 2830 1735 2850 etc.

1062 2866 1066 2868 “
1115 2862 1125 2875 ⁶
1142 2863 1220 2887 Collat.
1237 2864 1273 2886 lv.

1115 2901 1125 2914 ⁶
1142 2903 1225 2925 Psalm.
1242 2903 1285 2930 72,
1303 2903 1324 2925 3.
1342 2915 1372 2920 —
1391 2904 1523 2933 Sequuntur
1540 2905 1575 2927 ΡΞ.
1593 2906 1724 2934 118,165;
1742 2906 1791 2929 lsai.
1806 2906 1847 2935 ts,
1864 2907 1902 2933 18;

1053 2942 1107 2970 Sap,
1126 2943 1152 2969 3,
1171 2943 1191 2964 11.
1210 2945 1232 2965 ct
1249 2943 1270 2965 2.
1288 2949 1337 2972 seq.

1115 2979 1125 2993 ⁷
1143 2981 1208 3004 Vers.
1227 2981 1249 3003 Ξ.
