2296 3316
269 368 381 387 Notandum.

265 786 377 806 secundum.

281 1630 372 1650 Tertium.

275 1864 372 1888 Quartum.

402 189 458 217 498

406 278 419 291 «
434 266 518 294 Tuam
542 263 628 300 ipsius
648 262 765 290 animam
788 259 967 297 pertransibit
988 259 1095 296 gladius
1111 269 1137 292 »;
1152 262 1178 287 ec
1198 267 1243 286 so-

401 321 453 341 ror
473 310 578 339 Matris
598 309 674 341 eius,
697 307 795 335 Maria
818 305 974 343 Cteophae:
995 306 1063 334 haec
1084 305 1135 333 suit
1155 308 1243 333 mater

401 358 496 387 iacobi.
511 373 550 377 —
564 354 717 384 Notandum
733 356 790 387 est,
805 352 880 390 quod
894 353 970 380 ⁴&nna
984 351 1094 380 dicitur
1112 351 1243 380 habuisse

400 408 456 433 tres
478 403 587 431 vir0s¹:
618 400 751 434 loachim,
780 399 928 436 Cleopham
956 401 983 427 et
1014 398 1136 432 Salome,
1157 400 1185 426 et
1205 405 1242 426 ex

398 451 457 480 istis
478 450 567 478 tribus
588 448 654 477 viris
675 446 772 476 habuit
793 449 850 475 tres
870 445 981 479 Marias,
1003 444 1106 473 scilicet
1127 444 1240 473 Matrem

397 496 521 530 Domini,
537 503 608 533 quae
629 494 681 523 fuit
694 494 750 523 filia
765 493 899 526 loachim;
915 495 1032 520 matrem
1047 491 1150 525 lacobi,
1171 498 1243 528 quae

398 544 449 572 suit
470 542 525 571 filia
545 542 696 578 Cleophae;
717 543 834 569 matrem
866 538 983 568 Simonis
1003 540 1031 567 et
1051 538 1149 572 Iudae,
1171 546 1243 575 quae

396 590 446 618 suit
463 589 518 617 [ilia
532 588 646 617 Salome.
662 604 701 607 —
717 587 751 615 Et
765 586 865 614 Maria
880 584 1065 623 Maydalene,
1084 592 1156 622 quae
1170 584 1243 613 dicta

396 640 437 666 est
457 644 472 664 a
493 635 615 672 Magdalo
635 636 726 663 castro
738 634 758 661 ⁹.
780 633 848 662 Istae
873 635 930 661 tres
957 632 1089 660 mulieres
1110 634 1241 668 tanquam

396 683 482 719 magis
503 681 700 718 compatientes
720 680 829 709 stabant
850 679 930 708 iuxta
950 686 1062 707 crucem
1084 677 1201 706 Domini.

475 729 521 758 38.
543 728 632 764 (Vers.
655 727 723 760 ⁹26.)
749 726 823 755 Cum
843 725 961 754 vidisset
985 733 1054 763 erqo
1082 725 1172 753 Iesus.
1194 724 1242 753 Hic

396 780 508 806 notatur
529 774 697 808 secundum,
712 773 816 803 scilicet
832 772 950 801 Domini
962 780 1035 809 erpa
1049 772 1172 800 Matrem
1186 770 1241 800 sol-

396 823 532 857 licitudo,
555 822 582 850 in
605 822 669 856 hoc,
691 820 765 858 quod
791 819 916 856 respexit
943 826 1003 848 eam
1031 821 1059 848 et
1083 818 1127 847 cui
1149 821 1242 855 posset

395 879 454 900 eam
478 868 719 901 recommendare;
741 867 814 896 unde
834 866 915 895 dicit:
939 865 1013 894 Cum
1033 865 1151 894 vidisset
1172 873 1240 902 erqo

396 918 476 946 Iesus
497 916 620 945 Matrem
628 925 638 948 ,·
658 923 724 943 cam
746 913 865 942 vidisset
892 914 924 940 ut
954 911 1104 945 sollicitus;
1133 911 1241 948 primae

394 965 428 993 ad
449 963 624 992 Timotheum
645 961 743 998 quinto
754 960 781 988 ³:
801 971 814 984 α
826 959 853 988 Si
867 959 931 996 quis
945 966 1062 987 suorum
1077 961 1105 987 et
1118 958 1240 986 maxime

393 1011 608 1041 domesticorum
630 1016 726 1038 curam
747 1015 801 1036 non
824 1006 930 1035 habet»
950 1008 1001 1034 etc.
1025 1005 1056 1033 Et
1077 1005 1240 1041 Chrysosto-

393 1066 468 1087 mus:
495 1057 569 1085 «Hic
590 1056 706 1084 multam
737 1053 910 1082 dilectionem
943 1054 1078 1081 monstrat
1105 1051 1240 1080 Dominus

393 1105 426 1133 ad
448 1105 561 1132 Matrem
588 1105 615 1131 et
640 1100 814 1130 commendat
845 1107 905 1128 eam
936 1098 1087 1135 discipulo,
1109 1098 1240 1127 erudiens

394 1160 458 1186 nos,
481 1158 569 1187 usque
591 1149 625 1178 ad
646 1148 772 1177 ultimam
788 1146 996 1184 respirationem
1018 1153 1127 1174 omnem
1149 1144 1240 1173 facere

392 1197 559 1235 diligentiam
582 1204 679 1225 eorum
702 1195 816 1232 quinos
834 1195 1033 1231 genuerunt».
1056 1192 1142 1221 Exodi
1166 1191 1239 1228 vige—

393 1246 478 1274 simo:
505 1256 518 1269 «ι
533 1244 641 1272 Honora
662 1245 769 1279 patrem
791 1243 872 1269 tuum
886 1243 913 1269 et
928 1242 1045 1268 matrem
1061 1242 1137 1268 tuam
1150 1250 1163 1264 »
1187 1241 1238 1267 etc.

393 1293 447 1321 Hoc
468 1291 542 1328 quod
565 1289 720 1327 praecepit,
742 1287 873 1325 implevit.
898 1288 931 1315 Et
958 1286 1139 1323 discipul-am
1159 1289 1240 1314 stari-

394 1344 464 1373 tem,
486 1347 569 1377 quem
590 1336 745 1374 diliqebat;
766 1339 793 1365 et
814 1335 875 1364 ideo
896 1342 956 1363 eam
985 1334 1036 1363 sibi
1067 1333 1239 1362 familiariter

394 1385 619 1415 recommendare
640 1387 757 1421 poterat.
790 1382 891 1412 Stabat
922 1382 1050 1415 loannes,
1072 1389 1126 1409 non
1149 1388 1239 1409 reces-

394 1437 483 1467 serat;
504 1432 577 1461 unde
598 1434 658 1460 erat
678 1438 754 1459 unus
774 1430 808 1459 de
828 1430 882 1458 illis
903 1429 1005 1466 quibus
1026 1428 1128 1457 dicitur
1150 1428 1238 1456 Lucae

394 1481 526 1518 vigesimo
551 1479 710 1508 secundo⁴12
747 1478 830 1506 «Vos
860 1477 938 1510 estis,
967 1476 1014 1513 qui
1047 1475 1238 1512 permansistis

394 1536 503 1557 mecum
525 1527 553 1556 in
574 1525 773 1555 tentationibus
793 1524 862 1553 meis
875 1536 901 1552 ».

473 1574 550 1603 Dicit
571 1572 662 1601 Matri
680 1580 761 1600 sitae.
784 1571 830 1599 l-lic
851 1573 964 1599 notatur
984 1569 1112 1603 tertium,
1134 1568 1238 1597 scilicet

392 1622 514 1659 diligens
541 1618 798 1651 recommenctastoe
822 1617 896 1646 unde
916 1616 1000 1645 dicit:
1022 1615 1138 1649 Mulier,
1159 1623 1236 1649 ecce,

391 1668 471 1706 filius
493 1671 576 1700 tutts;
597 1665 715 1703 quasi⁵:
736 1664 774 1693 ita
794 1663 916 1693 confidas
936 1663 969 1692 de
990 1671 1023 1692 eo
1037 1662 1109 1691 sicut
1122 1661 1156 1691 de
1170 1662 1235 1690 filio.

469 1714 515 1743 39.
539 1713 628 1748 (Vers.
651 1712 719 1746 27.)
742 1710 849 1739 Deinde
870 1709 940 1738 dicit
970 1708 1133 1745 discipulo:
1156 1709 1236 1742 Ecce,

390 1765 484 1790 mater
506 1764 576 1792 tua;
597 1758 691 1796 quasi:
714 1758 752 1786 ita
772 1765 832 1786 eam
854 1755 993 1785 custodias
1013 1758 1044 1784 ut
1064 1757 1192 1783 matrem.

471 1808 506 1836 Et
525 1815 560 1835 eae
587 1805 639 1834 itta
666 1804 741 1833 liora
772 1803 883 1840 accepit
913 1811 978 1831 eam
1009 1801 1174 1839 discipulus
1205 1801 1237 1829 in

388 1863 477 1884 suam
488 1854 508 1881 ⁶.
530 1853 577 1881 Hic
597 1855 710 1881 notatur
732 1849 1025 1879 recommendationis
1045 1848 1190 1885 acceptio;
1205 1848 1237 1876 in

389 1909 487 1935 suam,
498 1900 602 1929 scilicet
614 1901 741 1932 matrem,
756 1897 876 1934 accepit,
892 1900 923 1925 ut
938 1897 1021 1930 illam,
1034 1896 1106 1925 sicut
1118 1898 1237 1924 matrem

390 1948 479 1981 filius,
501 1947 666 1979 honoraret,
687 1943 840 1973 custodiret
860 1946 888 1972 et
908 1946 1041 1972 servaret.

454 2115 461 2129 ¹
479 2117 540 2138 Haec
556 2115 667 2138 sententia
685 2115 783 2137 refertur
799 2113 829 2136 ab
846 2114 906 2141 Hug.
924 2119 937 2135 a
954 2114 976 2135 S.
991 2113 1056 2140 Vict.,
1068 2113 1111 2141 Qq.
1127 2112 1149 2135 in
1166 2112 1236 2140 Epist.

390 2156 420 2178 ad
437 2156 484 2178 Gal.
503 2154 534 2183 (t,
552 2153 598 2182 19.)
616 2160 640 2183 q.
657 2154 686 2180 ὃς
704 2155 727 2175 et
742 2153 765 2175 in
782 2152 883 2175 eundem
905 2153 982 2175 locum
999 2158 1012 2174 a
1029 2152 1087 2174 Petr.
1104 2151 1236 2174 Lombardo

390 2198 412 2218 et
428 2201 441 2217 a
457 2195 548 2222 Lyrano
565 2193 589 2215 in
606 2192 684 2215 Glossa
702 2191 828 2215 ordinaria
843 2192 899 2219 (non
915 2197 928 2213 a
945 2191 1076 2220 Strabone).
1088 2190 1134 2214 Csr.
1147 2189 1237 2219 Euseb.,

390 2235 422 2257 lll.
440 2234 523 2256 Histor.
540 2232 621 2255 eccles.
638 2238 659 2254 e.
678 2232 713 2253 ll.
731 2234 753 2253 et
769 2231 807 2253 lV.
826 2237 845 2253 c.
863 2231 906 2257 22,
924 2229 962 2252 ubi
986 2229 1076 2258 dicitur,
1094 2229 1157 2258 quod
1175 2228 1238 2251 Cleo-

390 2274 436 2301 pha
460 2271 588 2295 secundum
615 2270 773 2299 llegesippum
792 2270 861 2292 frater
877 2269 967 2297 losephi
985 2268 1161 2291 suisse‘dicitur.
1178 2268 1238 2290 Vide

390 2312 458 2334 etiam
476 2311 597 2339 Epiphan,
615 2310 648 2332 lll.
664 2309 778 2332 adversus
796 2309 918 2335 Haereses,
935 2309 1023 2330 haeres.
1036 2308 1073 2329 78.
1092 2313 1114 2329 n.
1125 2307 1236 2336 7.seqq.;

390 2351 563 2379 Theophylact„
587 2349 610 2371 in
634 2349 712 2371 Matth.
729 2349 771 2376 13,
793 2347 880 2375 54-57ς
902 2350 926 2370 et
946 2348 1047 2375 Hieron„
1071 2347 1101 2370 de
1125 2347 1237 2375 Perpetua

392 2389 527 2417 Virginitate
552 2388 577 2410 B.
598 2387 681 2410 Mariae
706 2387 817 2410 adversus
841 2386 986 2414 Helvidium,
1002 2392 1026 2408 n.
1043 2386 1080 2408 12.
1102 2391 1176 2414 seqq,
1197 2385 1237 2414 qui

391 2432 468 2451 tamen
484 2427 562 2457 quoad
579 2428 639 2449 hanc
655 2432 705 2449 rem
722 2426 765 2448 alia
783 2425 892 2448 incedunt
908 2425 954 2447 via.
971 2437 1002 2441 —
1019 2425 1062 2447 Pro
1085 2423 1166 2447 habuit
1189 2425 1237 2447 tres

391 2468 437 2490 sola
455 2467 491 2490 ed.
509 2466 618 2489 habuisse
635 2467 691 2489 tres.

453 2504 462 2518 ²
480 2507 584 2533 Lyranus
600 2506 665 2527 affert
681 2505 741 2527 hanc
757 2504 862 2527 Glossam
879 2502 1030 2526 ordinariam
1046 2503 1071 2525 in
1093 2503 1147 2525 Luc.
1165 2503 1190 2529 8,
1208 2503 1237 2525 2:

391 2545 483 2573 Maria,
500 2551 561 2574 quae
576 2545 675 2567 vocatur
692 2542 844 2572 Maydalene,
870 2543 894 2565 id
911 2546 945 2565 est
961 2542 1073 2565 turrensis
1090 2548 1102 2564 a
1120 2541 1237 2569 Magdalo,

392 2584 415 2606 id
439 2586 473 2606 est
498 2583 578 2610 turris,
596 2583 625 2605 de
641 2589 688 2611 qua
713 2582 797 2605 dicitur
814 2581 859 2611 [Ps.
877 2581 919 2607 60,
938 2581 987 2610 4.]:
1008 2581 1043 2604 Tu
1059 2587 1083 2604 es
1099 2586 1152 2610 spes
1171 2586 1236 2609 mea,

392 2621 467 2645 turris
484 2621 629 2651 fortitudinis
646 2627 661 2644 a
677 2620 738 2650 facie
757 2619 853 2643 inimici.
870 2619 917 2643 Csr.
934 2619 1034 2646 Hieron„
1050 2619 1080 2642 de
1102 2618 1238 2641 Nominibus

392 2661 505 2689 ΗΘΜ-εἰσ,
522 2661 551 2683 de
568 2661 695 2683 matthaeo:
715 2669 726 2680 α
738 2659 889 2690 Maydalene,
907 2659 989 2687 turris,
1006 2659 1047 2681 sed
1065 2659 1158 2687 melius,
1179 2658 1238 2681 sicut

392 2707 405 2723 a
422 2703 500 2723 monte
518 2703 652 2727 montanus,
669 2700 699 2721 ita
717 2699 829 2722 turrensis
850 2705 862 2721 a
882 2699 939 2721 turri
956 2698 1046 2721 dicatur
1058 2706 1081 2720 n.
1097 2697 1167 2726 Epist.
1185 2697 1237 2720 127.

394 2740 458 2769 (alias
476 2740 522 2768 16.)
539 2746 562 2761 n.
579 2739 601 2761 5.
618 2739 681 2761 idem
697 2739 764 2765 dicit,
781 2738 846 2767 quod
863 2738 997 2766 Magdalene
1016 2746 1027 2757 ι(
1040 2736 1071 2759 ob
1092 2736 1237 2759 sedulitatem

393 2781 415 2801 et
431 2778 538 2801 ardorem
555 2778 610 2800 fidei
626 2777 727 2801 turritae
743 2783 828 2799 nomen
845 2777 935 2805 accepit
946 2785 968 2798 ν.

456 2816 465 2829 ³
484 2818 548 2839 Vers.
565 2817 587 2839 8.
607 2829 638 2833 —
655 2817 769 2839 Sententia
786 2816 904 2844 Chrysost.
921 2815 1020 2838 habetur
1042 2815 1064 2838 in
1081 2815 1142 2837 loan.
1159 2815 1237 2837 homil.

394 2856 430 2878 85.
450 2856 513 2885 (alias
536 2855 582 2884 84.)
605 2862 628 2877 n.
644 2856 671 2882 2,
689 2858 741 2883 post
765 2861 836 2884 quam
861 2855 965 2884 sequitur
990 2855 1061 2877 Exod.
1078 2855 1120 2882 20,
1140 2854 1176 2876 12.
1193 2853 1239 2877 Csr.

395 2895 450 2917 intra
468 2901 489 2916 n.
509 2894 545 2916 44.

456 2932 466 2945 ⁴
484 2934 548 2956 Vers.
566 2934 604 2956 28.
621 2945 651 2950 —
668 2933 780 2961 Superius
797 2939 840 2961 pro
856 2932 902 2956 sibi
916 2933 954 2955 ed.
966 2939 1020 2955 cum
1038 2933 1140 2955 Gorrano
1157 2931 1205 2959 illi,
1218 2934 1240 2954 et

394 2972 494 2995 subinde
511 2979 553 3001 pro
570 2971 632 2995 unde
648 2973 724 2996 erat...
741 2971 825 3002 quibas
842 2972 879 2995 ed.
897 2974 1036 3001 tanquam...
1053 2971 1081 2994 de
1097 2970 1190 3001 quibus.

1007 182 1176 210 COMMENT.
1200 181 1232 209 IN
1253 181 1398 209 lOANNEM
1419 181 1447 209 C.
1470 179 1535 208 XIX.

1378 258 1429 287 Sed
1450 258 1620 294 Augustinus
1631 258 1641 275 ⁷
1658 258 1722 295 legit
1735 258 1854 287 litteram
1871 258 1964 288 istam:
1980 258 2011 287 in
2024 267 2097 293 sua,
2112 261 2144 288 ut

1299 304 1334 333 sit
1347 304 1523 333 accusativus
1544 304 1675 341 pluralis;
1689 308 1717 334 et
1731 305 1856 342 quaerit:
1872 305 2015 342 Quomodo
2030 305 2062 334 in
2074 313 2143 340 sua,

1299 358 1363 379 cum
1378 358 1431 379 non
1447 350 1563 379 haberet
1583 351 1719 388 propria?
1732 367 1770 371 --
1786 351 1818 380 Et
1838 352 1997 388 respondet:
2020 352 2052 381 in
2071 360 2143 386 sua,

1299 396 1403 426 scilicet
1423 397 1528 431 officia,
1550 397 1663 426 servitia
1687 400 1714 426 et
1735 398 1883 432 beneficia,
1904 406 1959 427 non
1981 398 2009 428 in
2036 406 2144 436 posses-

1299 444 1405 478 siones,
1427 452 1497 481 quas
1517 453 1572 473 non
1594 444 1721 474 habebat.

1619 539 1821 575 Qunasrlouas.

1376 632 1423 660 40.
1445 632 1556 668 Quaest.
1579 632 1596 660 l.
1619 631 1671 660 Sed
1691 631 1838 669 quaeritur
1859 631 1904 660 hic
1925 632 2016 669 primo
2036 632 2070 662 de
2092 633 2144 662 hoo

1297 678 1372 716 quod
1393 678 1501 715 supra⁸
1523 678 1627 707 dictum
1649 682 1704 713 est,
1725 679 1799 716 quod
1814 678 1903 707 exivit
1916 680 1991 709 Iesus
2006 679 2144 708 baiulans

1296 721 1354 755 sibi
1373 734 1504 760 crucem,·
1524 726 1591 763 quia
1611 726 1738 755 Matthaei
1754 726 1886 763 vigesimo
1900 726 2017 764 septimo
2031 726 2143 761 dicitur,

1297 772 1371 810 quod
1393 773 1632 810 anyariaverunt
1653 773 1797 802 Simonem
1820 773 1976 810 quendam,
1991 776 2023 801 ut
2038 772 2145 801 tolleret

1296 828 1413 848 crucem
1433 819 1504 848 eias.

1375 866 1529 903 Respondet
1561 866 1731 903 Augustinus
1758 866 1786 895 in
1818 867 1900 896 tertio
1927 867 1999 896 libro
2018 866 2053 896 de
2073 866 2143 895 Con—

1296 913 1390 942 cordia
1418 913 1697 949 Evangelistarum⁹z
1731 913 1835 942 «lesus
1860 914 1988 950 portabat
2015 921 2142 948 crucem,

1296 967 1360 988 cum
1381 960 1473 989 exiret
1500 960 1527 988 in
1559 960 1727 994 Calvariam,
1749 960 1841 988 Simon
1869 963 1963 989 autem
1983 960 2029 989 ille
2050 960 2077 989 in
2099 959 2143 989 iti—

1296 1014 1363 1036 nere
1383 1006 1543 1043 angariatus
1563 1009 1620 1040 est,
1642 1006 1686 1035 cui
1714 1006 1778 1035 data
1806 1009 1847 1035 est
1868 1009 1963 1043 postea
1983 1015 2056 1036 crux
2078 1015 2144 1044 por-

1296 1053 1379 1083 tanda
1398 1061 1488 1090 usque
1502 1053 1535 1082 ad
1550 1053 1652 1082 locum.
1668 1053 1706 1082 lta
1720 1056 1874 1091 utrumque
1888 1053 1991 1083 factum
2013 1046 2143 1091 legimus,

1296 1100 1388 1137 primo
1415 1099 1442 1128 id
1470 1099 1544 1136 quod
1571 1100 1683 1128 loannes
1703 1099 1784 1134 dicit,
1806 1099 1904 1128 deinde
1932 1099 1959 1128 id
1980 1099 2055 1137 quod
2076 1100 2143 1139 Mat-

1296 1147 1396 1175 thaeus
1410 1157 1436 1173 ι).

1374 1194 1420 1222 41,
1443 1194 1553 1230 Quaest.
1576 1193 1604 1221 ll.
1627 1193 1692 1222 Item
1714 1193 1861 1230 quaeritur
1881 1193 1915 1222 de
1936 1193 2029 1227 titulo,
2045 1195 2142 1222 utrum

1296 1240 1399 1269 Pilatus
1425 1240 1536 1277 scripsit
1557 1248 1638 1274 vere,
1666 1240 1708 1268 vel
1736 1239 1880 1268 irrisorie.
1903 1256 1940 1261 -
1961 1239 2040 1276 Quod
2060 1247 2141 1274 vere,

1296 1287 1406 1316 videtur
1427 1295 1477 1325 per
1499 1287 1635 1321 litteram,
1657 1287 1739 1324 quia,
1767 1286 1874 1316 Iudaeis
1901 1287 2075 1324 petentibus,
2095 1286 2142 1315 de-

1296 1335 1354 1364 lere
1374 1334 1479 1369 noluit,
1501 1335 1548 1363 sed
1570 1334 1712 1371 respondit
1723 1334 1761 1362 ¹⁰:
1789 1334 1872 1369 Quod
1895 1333 2004 1371 scripsi
2024 1333 2140 1370 scripsi.

1374 1381 1453 1418 Quod
1483 1384 1576 1410 autem
1608 1380 1760 1414 irrisorie,
1794 1380 1923 1415 videtur,
1954 1380 2020 1418 quia
2049 1380 2141 1417 ipsum

1295 1431 1427 1465 tanquam
1449 1429 1582 1462 stultum,
1605 1436 1658 1456 non
1681 1431 1812 1465 tanquam
1834 1435 1932 1457 verum
1954 1435 2048 1465 regem
2069 1427 2142 1456 deri-

1294 1475 1353 1504 deri
1375 1475 1500 1512 permisit
1521 1483 1536 1503 a
1559 1474 1708 1508 militibus,
1723 1475 1771 1512 qui
1786 1482 1927 1503 coronam
1941 1474 2074 1511 spineam
2088 1473 2142 1502 im-

1291 1525 1455 1559 posuerant
1475 1525 1500 1550 et
1521 1521 1629 1559 alapas
1651 1521 1762 1550 dabant
1774 1523 1805 1550 ¹¹.

1374 1568 1412 1597 Ad
1442 1569 1494 1597 hoc
1526 1568 1765 1605 respondendum,
1787 1568 1862 1605 quod
1890 1568 1992 1597 Pilatus
2019 1567 2141 1604 aliquam

1294 1615 1506 1643 illustrationem
1529 1615 1642 1649 habuit,
1664 1623 1719 1652 qua
1740 1615 1880 1652 cognovit,
1902 1615 1993 1652 ipsum
2019 1622 2079 1643 esse
2099 1613 2141 1642 in-

1292 1664 1453 1696 nocentem3
1469 1662 1542 1690 unde
1555 1661 1672 1695 sciebat,
1688 1662 1765 1700 quod
1776 1670 1830 1699 per
1841 1661 1985 1690 invidiam
2001 1660 2141 1690 tradidis-

1292 1712 1355 1737 sent
1374 1717 1457 1742 eam,
1480 1708 1608 1737 Matthaei
1630 1708 1762 1745 vigesimo
1783 1708 1900 1745 septimo
1912 1709 1950 1743 ¹²;
1976 1716 2032 1745 qua
2059 1707 2141 1736 etiam

1293 1755 1436 1792 cognovit,
1458 1755 1549 1792 ipsum
1565 1763 1624 1784 esse
1639 1763 1732 1792 regem
1749 1755 1854 1784 ludaeis
1868 1755 2049 1792 promissum;
2067 1754 2142 1783 unde

1292 1810 1403 1838 semper
1434 1810 1498 1831 eum
1530 1802 1645 1831 vocabat
1675 1810 1778 1839 regem.
1808 1801 1883 1831 Unde
1914 1801 2084 1838 Augustinus
2096 1801 2140 1829 ¹³:

1297 1861 1311 1874 «
1326 1849 1409 1877 Avelli
1430 1857 1447 1877 a
1467 1849 1550 1878 corde
1571 1849 1647 1877 Pilati
1670 1857 1724 1877 non
1746 1848 1845 1885 potuit,
1866 1848 2008 1877 Christum
2023 1855 2083 1877 esse
2097 1855 2141 1877 re-

1292 1903 1355 1933 gem
1376 1895 1556 1930 ludaeorum,
1579 1898 1709 1933 tanquam
1732 1895 1759 1924 in
1780 1895 1841 1924 eius
1855 1895 1939 1924 corde
1959 1895 2019 1932 ipsa
2039 1895 2142 1925 veritas

1293 1942 1389 1971 fixerit
1403 1954 1429 1970 ».

1355 2111 1365 2124 ⁶
1383 2113 1423 2135 Ed.
1440 2119 1493 2135 eum
1512 2119 1559 2135 uno
1576 2112 1693 2141 alteroque
1705 2112 1758 2135 cod.
1769 2114 1791 2135 et
1802 2113 1906 2135 Gorrano
1921 2111 1986 2134 addit
1997 2110 2066 2135 dicat.
2078 2111 2142 2134 idem

1292 2151 1390 2174 recurrit
1406 2152 1476 2179 paulo
1494 2151 1600 2178 interius,
1619 2150 1658 2173 ubi
1676 2153 1754 2173 tamen
1765 2151 1884 2174 Gorranus
1894 2150 1964 2179 legit:
1982 2151 2051 2177 Ecce,
2068 2152 2141 2172 mater

1293 2192 1345 2217 tua,
1362 2189 1387 2213 id
1402 2191 1436 2213 est
1453 2191 1482 2212 ita
1500 2193 1544 2212 etc.

1356 2227 1366 2241 ⁶
1384 2229 1481 2257 Vulgata
1499 2228 1523 2251 in
1540 2235 1594 2252 saa.
1615 2241 1641 2245 —-
1659 2229 1680 2251 S.
1698 2229 1812 2257 Thomas,
1829 2228 1913 2252 Catena
1938 2234 2008 2251 aurea
2034 2228 2056 2250 in
2080 2228 2140 2251 loan.

1293 2274 1314 2291 c.
1332 2268 1370 2290 19.
1389 2274 1412 2290 n.
1430 2268 1458 2289 8:
1476 2267 1553 2290 Beda:
1571 2267 1618 2289 Alia
1636 2267 1708 2290 littera
1727 2266 1810 2290 habet:
1830 2266 1924 2296 Accepit
1940 2273 1994 2290 eam
2010 2265 2141 2296 discipulus

1294 2306 1319 2330 in
1335 2313 1421 2335 suam;
1439 2307 1534 2335 qnidam
1547 2307 1628 2328 volunt
1638 2306 1660 2328 in
1673 2312 1739 2328 suam
1752 2308 1849 2328 matrem
1868 2305 1906 2335 [ita
1924 2305 1992 2328 etiam
2010 2306 2089 2328 Glossa
2106 2304 2142 2328 in.-

1294 2345 1454 2375 terlineariffl,
1472 2346 1512 2368 sed
1530 2345 1694 2373 congruentius
1711 2345 1849 2367 subauditur
1865 2345 1888 2367 in
1905 2350 1970 2367 suam
1989 2350 2077 2367 curam.

1356 2382 1365 2396 '¹
1384 2385 1406 2407 ln
1424 2385 1483 2407 loan.
1500 2385 1587 2412 Evang.
1605 2387 1632 2406 tr.
1650 2384 1702 2406 119.
1720 2390 1742 2406 n.
1761 2384 1786 2412 Ἰ1;
1803 2383 1860 2406 ibid.
1880 2390 1903 2405 n.
1925 2384 1947 2406 3.
1970 2382 2068 2406 habetur
2092 2389 2140 2412 seq.

1293 2424 1397 2453 quaestio
1422 2427 1444 2446 et
1468 2423 1602 2451 responsio:
1620 2423 1665 2445 Sed
1683 2423 1705 2445 in
1722 2429 1782 2451 quae
1803 2429 1849 2445 sua
1870 2423 1965 2445 loannes
1985 2423 2079 2445 Matrem
2096 2422 2142 2445 Do-

1294 2463 1349 2485 mini
1365 2463 1496 2491 accepiti...
1514 2462 1620 2490 Suscepit
1635 2468 1692 2490 ergo
1709 2468 1760 2484 eam
1780 2462 1802 2484 in
1818 2468 1877 2490 saa,
1894 2468 1940 2484 non
1956 2461 2063 2490 praedia,
2080 2467 2142 2490 quae

1293 2502 1353 2524 nulla
1379 2502 1472 2530 propria
1495 2501 1642 2530 possidebat,
1659 2502 1700 2524 sed
1717 2502 1804 2529 officia,
1821 2507 1881 2530 quae
1906 2501 2000 2529 proprIa
2025 2501 2142 2529 dispensa-

1294 2542 1356 2564 tione
1372 2541 1519 2570 exsequenda
1535 2540 1637 2563 curabat.
1956 2540 1958 2543 '

1357 2578 1366 2592 ⁸
1384 2581 1449 2603 Vers.
1467 2580 1503 2602 17.
1519 2592 1551 2597 -
1569 2579 1671 2602 Subinde
1687 2580 1800 2608 allegatur
1816 2580 1894 2602 Matth.
1911 2580 1953 2608 27,
1972 2580 2010 2602 32.

1356 2617 1366 2631 ⁰
1383 2619 1440 2647 Cap.
1458 2619 1493 2641 10.
1512 2625 1536 2641 n.
1553 2619 1591 2642 37.

1358 2656 1377 2670 ¹⁰
1395 2658 1460 2680 Vers.
1478 2658 1516 2680 22.

1357 2696 1376 2709 ¹¹
1396 2697 1462 2719 Vers.
1479 2698 1501 2719 2.
1518 2700 1541 2720 et
1557 2697 1579 2719 3.

1357 2734 1376 2749 ¹²
1394 2737 1459 2759 Vers.
1477 2736 1556 2758 18.-
1568 2737 1630 2758 loan.
1648 2736 1686 2764 19,
1706 2736 1748 2759 15;
1765 2736 1824 2758 Dicit
1840 2735 1873 2758 eis
1890 2735 1985 2758 Pilatus:
2001 2735 2087 2764 Regem
2103 2740 2141 2758 ve-

1294 2778 1367 2798 strum
1385 2774 1537 2802 crucifigam?
1555 2775 1595 2797 cfr.
1612 2777 1665 2797 nota
1682 2780 1731 2803 seq.
1747 2786 1779 2791 —
1796 2774 1930 2797 lmmediate
1947 2775 1999 2801 post
2016 2779 2058 2801 pro
2080 2779 2140 2803 qua,

1294 2813 1358 2842 quod
1375 2812 1461 2835 babent
1477 2814 1495 2835 A
1505 2813 1530 2840 N,
1547 2813 1625 2840 plures
1641 2812 1711 2835 codd.
1727 2812 1768 2836 sed
1784 2818 1845 2842 qua,
1863 2812 1881 2834 H
1891 2812 1910 2834 Μ
1923 2814 1945 2834 et
1956 2811 1993 2834 ed.
2009 2810 2141 2834 secundum

1295 2858 1368 2882 quam
1387 2852 1433 2881 (ed.
1450 2852 1514 2874 addit
1530 2851 1736 2881 illustrationem),
1753 2851 1770 2874 C
1787 2849 1841 2880 qui,
1859 2851 1976 2873 Gorranus
1993 2848 2057 2879 quia.

1359 2889 1378 2902 ¹³
1395 2891 1418 2913 ln
1436 2891 1497 2913 loan.
1515 2891 1601 2918 Evang.
1619 2893 1647 2912 tr.
1666 2890 1717 2912 115.
1743 2896 1764 2912 n.
1791 2890 1818 2917 5,
1840 2889 1881 2912 ubi
1897 2895 1941 2917 pro
1963 2888 1988 2911 in
2004 2887 2054 2911 eius
2071 2886 2141 2911 corde

1296 2932 1370 2953 textus
1385 2930 1515 2957 originalis,
1532 2936 1603 2958 quem
1628 2929 1733 2958 sequitur
1757 2929 1802 2958 ed„
1820 2928 1864 2952 hoc
1881 2927 1925 2956 ibi,
1944 2927 2007 2951 sicut
2023 2926 2047 2950 in
2064 2926 2141 2951 titulo.

1295 2969 1340 2992 Cir.
1357 2975 1427 2998 supra
1446 2969 1487 2997 18,
1504 2969 1543 2991 39.

2161 265 2228 286 Aliter.

2158 872 2216 898 Resp.
