2296 3316
11 843 14 849 μ
0 742 5 782 <a

16 840 30 853 Γ.

14 974 93 994 ’timum

0 1767 11 1787 ξ
18 1768 92 1787 undum.

696 144 865 173 COMMENT.
890 146 921 173 IN
942 145 1133 174 SAPIENTIAM
1154 147 1182 174 C.
1204 148 1290 176 xvtlt.

117 222 159 251 his
186 222 233 259 qui
265 222 383 250 credunt
403 222 431 250 in
460 222 571 251 nomine
591 222 651 251 eius
666 233 697 256 »;
716 230 770 259 per
791 231 863 260 quos
889 222 961 251 inci-

113 268 230 306 piebat,
249 268 353 297 scilicet
372 276 422 304 per
440 268 518 303 illius
539 269 632 305 populi
661 269 897 305 praeparationem
927 269 961 297 ad

116 316 192 353 Legis
223 316 442 352 susceptionem,
473 315 538 352 quia
570 315 691 343 nondum
723 318 783 344 erat
812 315 890 348 data;
916 316 960 344 in-

114 366 287 399 corruptam
315 362 411 402 lamen
443 361 513 399 legyis
538 361 654 390 saeculo
682 362 760 390 dari.
790 363 959 397 Notandum,

114 409 187 446 quod
209 409 254 437 lex
276 408 423 445 aliquando
436 408 539 437 dicitur
557 408 666 442 tumen,
682 408 747 445 quia
768 409 904 437 illuminat
919 409 960 437 in-

115 455 268 489 tellectum;
301 455 512 484 Proverbiorum
545 458 624 483 sexto
641 455 669 482 ¹:
695 466 708 479 «
729 455 885 483 Mandatum
917 455 959 484 lu-

114 510 211 536 cerna,
242 505 269 530 et
299 502 351 530 lex*
374 502 425 530 lux
439 512 466 536 »3
492 501 716 538 incorruptum,
744 502 810 538 quia
831 502 959 538 purificat

115 549 156 578 vel
177 557 194 577 a
214 548 393 585 corruptione
417 551 562 577 conservat
582 548 727 582 affectum,
749 548 902 577 secundum
927 549 959 577 il·

114 595 160 624 lud
189 595 302 624 Psalmi:
329 606 343 619 «
359 594 503 632 Eloquium
526 594 634 623 Domini
662 595 724 631 igne
751 595 957 629 examinatum,

113 642 259 679 probatum
283 644 386 676 terrae,
409 644 558 678 purgatum
580 641 780 678 septuplum».

192 689 265 718 Cum
286 688 448 726 coqitarent
460 691 511 717 etc.
528 688 574 716 Hic
596 688 685 724 primo
700 688 822 725 tangitur
837 694 958 725 pereas-

19 740 99 783 22⁰1,ssss
111 736 154 765 sio
172 735 436 773 primoyenitorum
457 735 587 771 Aegypti;
610 734 743 769 secundo,
762 735 958 771 praescientia

15 793 44 806 um
61 789 99 806 lan-

20 813 48 830 tur
56 816 98 834 qua-

108 783 324 820 percussionis:
340 782 395 811 Jlla
416 782 507 815 enim,·
522 782 616 815 tertio,
630 782 728 810 evasio
744 782 956 811 Hebraeorum.-

113 830 251 866 Sttscepta
265 833 306 858 est
326 833 424 857 autem
439 836 459 856 a
476 827 599 865 φορμία
620 831 733 865 quarto,
748 828 826 857 ratio
847 828 957 857 evasio-

110 876 174 904 nis:
196 875 341 904 Absconse
360 875 446 903 enim.

193 922 282 958 (Vers.
312 922 359 955 5.).
388 922 461 950 Cum
489 921 666 958 coyitarent,
695 921 799 950 scilicet
819 922 956 959 Aegyptii,

111 971 274 1003 iustorum,
290 970 316 998 id
331 973 373 998 est
387 969 588 1003 Hebraeorum,
604 968 731 997 occidere
745 967 887 1005 infantes,
902 977 956 997 non

111 1017 198 1046 solum
221 1016 384 1053 cogitatione
405 1015 537 1052 simplici,
559 1015 604 1044 sed
626 1015 708 1043 etiam
730 1016 905 1052 progressiva
929 1016 956 1043 in

110 1071 188 1100 opus,
210 1066 241 1091 ut
264 1066 336 1099 patet
363 1062 447 1091 Exodi
470 1062 559 1099 primo
571 1062 589 1089 ².
614 1062 648 1089 Et
675 1070 734 1090 uno
755 1061 832 1098 filio,
854 1062 956 1090 scilicet

111 1111 212 1147 Moyse,
234 1109 377 1146 exposito,
399 1109 502 1137 scilicet
522 1117 538 1137 a
558 1111 658 1142 matre,
680 1112 705 1136 et
726 1108 862 1142 liberato,
884 1108 956 1137 scili-

110 1160 152 1187 cet
166 1165 182 1185 a
203 1157 257 1185 tilia
272 1156 433 1190 Pharaonis,
451 1159 483 1184 ut
498 1157 572 1192 patet
595 1155 679 1183 Exodi
694 1155 823 1184 secundo.
847 1155 880 1183 ln
895 1158 956 1184 tra-

110 1203 273 1232 ductionem
293 1202 425 1236 itfflram,
447 1202 475 1230 id
495 1204 537 1231 est
554 1202 723 1238 punitionem
745 1202 955 1239 Aegyptiorum,

111 1250 168 1279 vel:
191 1250 222 1278 in
247 1249 460 1278 traductionem
482 1249 617 1282 illoram,
640 1249 666 1277 id
692 1253 733 1277 est
754 1249 955 1283 Hebraeorum,

111 1297 137 1326 id
156 1300 213 1331 est,
233 1300 265 1325 ut
285 1297 415 1325 educeret
436 1304 482 1325 eos
496 1296 530 1324 de
551 1296 671 1332 Aegypto
692 1303 741 1332 per
758 1296 867 1332 Moysen
890 1296 956 1325 libe-

110 1348 210 1373 ratum.
233 1343 449 1372 Multitudinem
461 1343 593 1379 fitiorum
613 1342 775 1377 abstulisti,
791 1343 818 1372 id
838 1348 880 1372 est
894 1344 956 1372 uni-

110 1392 267 1420 versitatem
295 1390 561 1428 primogenitorum,
587 1389 672 1418 Exodi
694 1390 857 1419 duodecimo
872 1391 891 1419 ⁸.
922 1391 956 1419 Et

107 1438 231 1475 pariter,
253 1437 280 1466 id
298 1440 340 1466 est
361 1437 456 1471 simul,
482 1436 559 1471 illos,
577 1437 680 1466 scilicet
698 1438 842 1474 Aegyptios
858 1445 956 1474 paren-

111 1488 151 1514 tes
171 1492 281 1518 eorum,
300 1484 459 1521 perdidisti
478 1484 509 1512 in
531 1492 610 1522 aqua
632 1484 747 1518 valida,
772 1484 875 1513 scilicet
890 1485 956 1513 sub-

109 1531 256 1569 mergendo
277 1539 324 1560 eos
344 1531 372 1559 in
393 1530 463 1559 mari
483 1531 586 1565 rubro,
610 1530 694 1559 Exodi
715 1531 821 1560 decimo
839 1534 954 1568 quarto:

114 1590 127 1603 τ(
141 1579 195 1608 Nec
222 1586 296 1607 unus
321 1578 431 1615 quidem
460 1578 598 1615 superfuit
618 1586 655 1606 ex
682 1578 722 1607 eis
740 1590 774 1612 n,
795 1581 823 1606 et
849 1578 955 1607 decimo

109 1626 221 1662 quinto:
248 1625 416 1654 «Submersi
446 1628 512 1654 sunt
538 1625 616 1662 quasi
645 1625 791 1661 plumbum
821 1625 848 1653 in
876 1625 956 1662 aquis

109 1672 319 1701 vehementibus
334 1683 359 1700 ».

188 1719 276 1755 (Vers.
290 1719 338 1747 6.t.
355 1718 410 1746 ltta
425 1718 516 1751 enim,·
527 1718 614 1751 enim,
631 1726 681 1754 pro
695 1718 755 1751 sed;
770 1727 838 1752 nox,
853 1719 957 1747 scilicet

109 1774 164 1803 qua
185 1766 275 1794 occisa
296 1768 361 1794 sunt
382 1765 576 1802 primogenita,
598 1765 715 1801 coynita
729 1769 771 1793 est
788 1769 855 1793 ante
869 1774 888 1793 a
900 1774 955 1802 pa-

110 1812 203 1841 tribus
223 1812 348 1846 nostris,
374 1812 478 1841 scilicet
499 1812 634 1840 Abraham
660 1814 687 1840 et
707 1812 782 1846 aliis;
811 1812 884 1841 unde
905 1812 955 1840 Ge-

109 1860 182 1889 nesis
212 1859 319 1888 decimo
348 1859 487 1896 quinto&
513 1870 525 1883 «
549 1859 621 1887 Scito
652 1867 850 1896 praenoscens,
881 1859 955 1896 quod

110 1907 286 1944 peregrinum
308 1906 434 1935 futurum
463 1906 498 1935 sit
526 1914 618 1935 semen
641 1910 720 1935 tuum
748 1906 775 1934 in
797 1909 873 1935 terra
900 1914 954 1934 non

110 1962 160 1982 sua
174 1965 187 1979 ι)
206 1957 271 1987 etc.;
287 1953 329 1981 vel
351 1953 417 1989 ipsis
432 1953 561 1982 Israelitis
581 1953 608 1981 in
624 1954 756 1990 Aegypto,
771 1954 862 1989 Moyse
876 1961 954 1989 prae-

109 2000 253 2029 nuntiante
274 2000 339 2033 illis,
361 2004 393 2028 ut
414 2002 488 2036 patet
514 1999 598 2028 Exodi
621 1999 792 2028 duodecimo.
819 2000 852 2028 Ut
873 2008 954 2033 vere,

109 2047 136 2075 id
163 2050 203 2076 est
225 2046 465 2080 certitudinatiter,
486 2046 618 2080 scientes,
646 2046 751 2084 quibus
779 2046 955 2075 iuramentis

109 2094 310 2127 crediderunt,
339 2093 366 2122 id
397 2096 438 2122 est
465 2101 547 2130 quam
577 2092 736 2122 firmis'Dei
767 2093 955 2130 promissioni-v

109 2140 177 2174 hus;
198 2140 310 2169 Genesis
331 2140 462 2177 vigesimo
479 2140 638 2169 secundo⁵:
664 2151 677 2164 «
690 2140 739 2168 Per
759 2140 953 2176 memetipsum

1809 151 1864 180 223

1019 224 1120 258 iuravi,
1148 224 1212 253 dicit
1242 226 1374 255 Dominus
1392 237 1422 261 n;
1452 227 1516 256 item
1537 228 1570 256 ad
1599 228 1734 257 Hebraeos
1765 232 1863 257 sexto:

1022 270 1083 298 «Ut
1104 278 1153 306 per
1174 270 1243 300 duas
1265 280 1309 301 res
1330 272 1484 302 immobiles
1499 286 1512 299 n
1536 277 1607 309 etc.;
1629 275 1864 313 animaequiores

1016 320 1120 349 essent,
1136 317 1240 346 scilicet
1254 318 1281 346 in
1296 320 1482 356 exspectando
1501 321 1685 357 impletionem
1705 321 1861 350 iuramenti.

1095 363 1184 397 (Vers.
1201 366 1248 399 7.).
1265 365 1404 403 Suscepta
1418 370 1462 395 est
1473 372 1570 396 autem
1585 372 1650 403 etc.‚
1666 369 1769 397 scilicet
1783 371 1863 397 nocte

1016 408 1077 443 illa,
1100 410 1141 438 vel
1163 412 1315 440 secundum
1337 412 1458 442 Glossam
1471 414 1497 442 ⁶:
1524 426 1537 439 «
1552 416 1607 444 Lex
1631 416 1715 452 phase
1735 427 1762 449 »,
1783 418 1862 445 nocte

1016 455 1070 489 illa,
1092 457 1169 493 quasi
1192 466 1242 494 pro
1263 467 1362 496 magno
1383 460 1528 495 beneficio,
1544 470 1563 490 a
1575 462 1681 499 populo
1703 466 1768 496 tao,
1790 462 1863 491 scili-

1015 506 1058 531 cet
1079 503 1238 538 Israelitico‚
1261 508 1292 534 ut
1319 509 1394 542 patet
1417 507 1499 536 Exodi
1528 508 1705 543 duodecimo,
1726 510 1773 538 ubi
1795 510 1862 539 dici-

1015 552 1074 577 tur:
1095 562 1107 575 «
1119 551 1333 589 Feceruntque»
1352 556 1418 587 etc.;
1433 555 1548 583 sanitas
1562 556 1677 593 quidem
1699 557 1860 591 iustorum,

1014 603 1064 632 per
1085 596 1159 625 illam
1182 598 1253 626 enim
1277 599 1371 627 salvati
1394 604 1459 628 sunt
1481 601 1617 630 lsraelitae
1638 602 1673 630 ab
1693 603 1792 639 Angelo
1813 612 1862 633 ex-

1014 643 1208 678 terminatore;
1231 648 1262 673 ut
1282 649 1357 682 patet
1379 647 1462 675 Exodi
1485 648 1660 683 duodecimo;
1682 649 1862 679 iniustorum

1015 693 1126 725 autern,
1142 691 1246 720 scilicet
1260 692 1468 729 Aegyptiorum,
1484 695 1701 729 exterminatio,
1717 696 1744 724 id
1758 700 1799 725 est
1814 705 1863 733 per

1014 737 1146 774 Angelum
1167 738 1412 767 exterminatorem
1433 740 1545 774 occisio,
1566 741 1675 770 ibidem.

1093 784 1182 818 (Vers.
1205 784 1253 814 8.).
1270 784 1351 812 Sicut
1372 786 1447 814 enim
1470 786 1581 815 laesisti
1601 788 1789 816 aduersarios
1813 797 1863 817 no-

1012 834 1090 859 stros
1101 831 1122 865 ⁷,
1144 830 1247 859 scilicet
1275 831 1311 859 ob
1331 839 1428 860 eorum
1457 837 1568 869 peccata
1588 834 1754 869 occidendo,
1775 835 1817 864 sie
1839 840 1864 864 et

1014 886 1067 905 nos
1080 886 1260 914 provocans,
1282 879 1395 915 supple:
1414 879 1447 907 ad
1462 880 1588 914 meliora,
1607 881 1711 910 scilicet
1724 881 1758 910 ad
1779 882 1861 910 sidem

1013 927 1040 952 et
1062 924 1139 961 Legis
1166 924 1386 960 susceptionem;
1415 926 1621 955 Deuteronomii
1650 928 1791 964 trigesimo
1820 936 1862 957 se-

1013 970 1116 998 cundo:
1141 982 1156 995 «
1171 971 1247 999 Sicut
1267 972 1360 1008 aquila
1382 980 1533 1008 provocans
1548 973 1581 1001 ad
1597 974 1744 1003 volandum
1759 986 1772 1000 »
1795 978 1861 1009 etc.‚

1012 1017 1225 1055 magnificasti,
1247 1018 1350 1047 scilicet
1366 1019 1401 1047 ab
1422 1019 1468 1047 illo
1482 1020 1649 1049 exterminio
1670 1021 1814 1058 magnifice
1829 1021 1860 1050 li-

1013 1064 1144 1093 berando.

1092 1111 1180 1146 (Vers.
1204 1112 1251 1146 9.).
1274 1111 1417 1140 Absconse
1437 1113 1529 1147 enim,
1551 1113 1653 1141 scilicet
1675 1117 1788 1150 propter
1803 1122 1860 1143 me—

1013 1161 1071 1186 tum
1101 1159 1311 1195 Aegyptiorum,
1340 1159 1491 1188 secundnm
1520 1160 1641 1189 Glossam
1658 1160 1684 1195 8;
1707 1161 1860 1197 sacrifica-

1013 1204 1098 1238 bant,
1120 1205 1222 1233 scilicet
1237 1206 1339 1241 pascha
1360 1206 1534 1241 immolando,
1556 1210 1587 1235 ut
1602 1211 1675 1244 patet
1691 1208 1776 1236 Exodi
1791 1208 1860 1236 duo-

1012 1251 1125 1280 decimo.
1150 1252 1225 1280 lusti
1242 1252 1342 1288 pueri,
1365 1253 1468 1281 scilicet
1490 1253 1554 1287 tilii,
1577 1254 1735 1288 bonorum,
1757 1255 1861 1284 scilicet

1013 1299 1215 1332 Israelitarum,
1237 1306 1299 1327 cum
1323 1299 1388 1335 ipsis
1409 1300 1535 1335 patribus
1557 1301 1629 1334 suis,
1652 1304 1765 1337 propter
1787 1302 1861 1338 quod

1013 1348 1178 1374 meruerunt
1200 1346 1326 1379 liberari,
1349 1346 1542 1382 Aegyptiorum
1566 1347 1755 1384 primogenitis
1776 1348 1861 1377 inter-

1012 1386 1097 1421 sectis.
1123 1393 1155 1420 Et
1177 1392 1306 1420 iustitiae
1327 1392 1428 1430 leqem,
1451 1393 1553 1422 scilicet
1567 1393 1674 1428 datam,
1696 1394 1813 1429 ibidem,
1828 1396 1861 1425 de

1012 1439 1197 1467 immolatione
1219 1440 1316 1476 phase,
1339 1447 1410 1476 quae
1431 1440 1510 1468 iusta
1537 1444 1612 1474 erat,
1638 1441 1703 1478 quia
1731 1442 1861 1471 iustifica—

1013 1486 1112 1514 tionem
1143 1493 1192 1522 per
1219 1489 1336 1514 mortem
1361 1486 1461 1514 Christi
1490 1486 1639 1515 faciendam
1671 1487 1860 1524 signiticabat3

1012 1532 1076 1561 item
1098 1532 1143 1560 lea·
1164 1532 1316 1566 dicebatur,
1338 1533 1403 1569 quia
1424 1533 1525 1569 ligabat
1546 1533 1579 1561 ad
1594 1534 1636 1562 sui
1658 1534 1861 1563 observantiam

1012 1588 1062 1616 pro
1084 1583 1207 1616 tempore
1222 1587 1280 1608 suo.
1298 1580 1331 1608 In
1346 1580 1504 1608 concordia
1524 1580 1746 1617 disposuerunt,
1766 1581 1792 1610 id
1807 1585 1860 1616 est,

1011 1626 1183 1656 concorditer
1211 1630 1394 1663 susceperunt
1414 1630 1442 1655 et
1466 1627 1581 1664 implere
1609 1631 1814 1664 proposuerunt
1834 1631 1861 1657 et

1010 1674 1210 1710 impleverunt3
1227 1673 1299 1702 unde
1321 1674 1347 1701 in
1364 1674 1504 1702 Psalmo⁹z
1525 1685 1537 1699 «
1549 1674 1717 1711 Congregate
1738 1675 1775 1703 illi
1795 1675 1861 1703 San-

1011 1724 1069 1749 ctos
1089 1720 1165 1754 eius,
1187 1720 1234 1757 qui
1256 1720 1384 1748 ordinant
1412 1723 1606 1749 testamentum
1629 1721 1689 1750 eius
1710 1729 1794 1758 super
1818 1729 1860 1750 sa-

1011 1767 1114 1796 crificia
1129 1779 1155 1795 ».
1180 1766 1328 1801 Similiter,
1355 1767 1380 1795 id
1406 1770 1447 1796 est
1475 1768 1684 1804 aequanimiter,
1706 1768 1820 1797 bona¹⁰=
1835 1772 1861 1797 et

1009 1814 1108 1848 mala,
1130 1814 1157 1842 id
1172 1817 1213 1842 est
1228 1822 1360 1850 prospera
1377 1816 1405 1842 et
1425 1814 1553 1848 adversa,
1574 1818 1739 1851 recepturos
1755 1815 1858 1850 iustos,

1011 1860 1114 1889 scilicet
1135 1868 1164 1889 se
1186 1860 1274 1896 ipsos;
1298 1864 1410 1896 repete:
1432 1860 1645 1896 disposuerunt,
1667 1868 1860 1897 quaecumque

1011 1907 1085 1935 Deus
1106 1907 1188 1935 vellet
1209 1906 1326 1940 inferre;
1348 1906 1393 1935 lob
1415 1906 1550 1935 secundo:
1577 1917 1590 1931 <t
1605 1907 1630 1935 Si
1647 1906 1718 1935 bona
1738 1906 1860 1943 suscepi—

1012 1962 1074 1983 mus
1095 1954 1129 1982 de
1151 1962 1235 1982 manu
1250 1954 1372 1987 Domini,
1394 1962 1481 1990 quare
1501 1956 1593 1982 autem
1611 1954 1681 1982 mala
1702 1962 1755 1982 non
1778 1954 1860 1983 susti-

1877 376 1968 395 Tertium.

1881 1121 1978 1145 Quartum.

1011 2008 1127 2029 neamus
1138 2012 1151 2025 ι»
1164 2003 1175 2028 ?
1190 2000 1254 2028 Item
1278 2000 1366 2028 Lucae
1380 2000 1486 2028 decimo
1500 2003 1596 2029 sexto:
1616 2011 1629 2025 «
1641 2001 1774 2037 Recepisti
1789 2000 1860 2029 bona
1880 2024 1882 2027 .

1011 2047 1038 2075 in
1059 2046 1114 2074 vita
1129 2050 1185 2080 tua,
1206 2050 1233 2075 et
1248 2047 1367 2075 Lazarus
1388 2046 1514 2075 similiter
1529 2047 1637 2075 mala».
1655 2047 1777 2075 Patria-5
1796 2046 1861 2074 tau-

1011 2093 1076 2127 des,
1098 2093 1125 2121 id
1152 2096 1194 2122 est
1213 2102 1229 2122 a
1257 2094 1383 2130 patribus
1405 2093 1544 2122 institutas
1567 2097 1594 2122 et
1621 2094 1788 2128 celebratas,
1813 2094 1860 2122 de-

1012 2144 1179 2174 cantantes,
1202 2139 1229 2168 id
1256 2142 1298 2168 est
1324 2140 1422 2169 devote
1450 2143 1606 2174 cantantes,
1636 2140 1729 2169 Deum⁴
1757 2140 1860 2169 scilicet

172 2304 179 2317 ¹
198 2306 263 2328 Vers.
282 2306 320 2328 23.
336 2318 367 2322 —
384 2306 493 2334 Sequitur
505 2306 540 2328 ΡΞ.
553 2306 590 2334 tt,
601 2305 629 2327 7:
642 2306 734 2334 Eloquia
747 2306 851 2335 Domini,
863 2306 954 2335 eloquia

110 2348 184 2368 casta:
201 2348 322 2372 argeutum
341 2345 395 2372 igne
411 2348 455 2367 etc.
472 2344 518 2367 Csr.
535 2345 559 2367 11.
577 2345 634 2373 Reg.
652 2345 693 2371 22,
711 2345 753 2367 34:
773 2346 893 2374 Eloquium
912 2345 957 2368 Do-

110 2384 164 2407 mini
181 2384 235 2412 igne
251 2384 416 2406 examinatum.

171 2422 180 2435 ²
198 2424 263 2446 Vers.
282 2423 318 2446 15,
335 2430 413 2452 seqq.;
430 2423 486 2445 ibid.
504 2424 530 2450 2,
548 2424 569 2445 2.
586 2430 652 2452 seqq.
669 2427 703 2446 est
720 2430 769 2453 seq.
786 2425 858 2447 locus.

172 2461 181 2474 Β
199 2463 263 2485 Vers.
281 2463 318 2484 29.
341 2463 421 2485 Glossa
443 2462 618 2486 interlinearis:
636 2462 812 2486 Multitudinem
833 2463 954 2494 filiorum,

109 2501 326 2530 primogenitorum.
338 2514 369 2518 —-
381 2502 431 2524 Duo
442 2502 485 2524 loci
496 2502 595 2524 subinde
612 2502 701 2530 allegati
713 2505 767 2525 sunt
778 2503 848 2525 Exod.
862 2502 903 2530 ⁴4,
917 2503 955 2525 28.

110 2543 132 2563 et
149 2541 191 2569 15,
210 2541 246 2563 to.

171 2578 181 2591 “¹
198 2580 263 2602 Vers.
283 2580 319 2602 13.
335 2592 366 2597 -
383 2580 435 2609 Seq.
454 2581 518 2602 locus
534 2583 569 2602 est
586 2580 655 2603 Exod.
673 2581 714 2607 42,
732 2581 770 2602 21.
787 2587 853 2609 seqq.

172 2617 181 2629 ³
198 2618 264 2640 Vers.
282 2618 320 2640 16.
336 2631 367 2635 -
385 2618 492 2647 Sequitur
509 2617 578 2640 Hebr.
596 2619 622 2646 6,
641 2619 677 2641 18.
694 2620 736 2641 cfr.
746 2625 817 2647 supra
830 2625 884 2647 pag.
897 2620 955 2646 189,

109 2659 163 2679 nota
181 2657 217 2679 11.

171 2693 181 2706 ⁶
198 2696 285 2723 Nempe
307 2695 496 2718 interlinearem:
513 2696 558 2718 Lex
580 2696 659 2724 Moysi.
680 2697 759 2719 Glossa
781 2696 906 2719 ordinaria
927 2703 955 2721 ex

110 2732 217 2756 Rabano:
235 2734 336 2762 Populus
352 2734 419 2756 lsrael
436 2734 460 2756 in
477 2735 583 2762 Aegypto
600 2734 663 2757 iussu
684 2735 774 2757 Domini
797 2736 882 2763 pascha
899 2736 955 2758 cele-

110 2772 187 2796 bravit
205 2772 338 2802 [Rabanusz
355 2774 455 2801 paschae
472 2773 590 2796 victimam
602 2773 757 2804 immolabat}
769 2787 800 2791 —
812 2774 915 2797 Subinde
926 2775 955 2797 al-

110 2812 199 2840 legatur
216 2813 286 2835 Exod.
304 2814 346 2840 12,
364 2813 406 2835 28:
424 2814 449 2835 Et
466 2813 552 2841 egressi
564 2813 604 2835 filii
616 2814 683 2836 lsrael
701 2815 810 2842 recerunt,
821 2814 880 2836 sieut
891 2820 955 2842 prae-

110 2855 202 2879 ceperat
218 2851 330 2874 Dominus
347 2852 418 2879 Moysi
435 2855 457 2874 et
474 2853 562 2880 Aaron,
579 2853 618 2874 ctr.
636 2851 692 2874 ibid.
708 2859 731 2874 v.
747 2852 785 2875 5⁰.
797 2852 863 2880 (ibid.
876 2859 900 2875 v.
913 2853 954 2875 lt:

111 2889 147 2911 Sic
164 2893 240 2912 autem
258 2891 384 2913 comedetis
400 2891 488 2912 illum...
505 2893 539 2912 est
560 2891 620 2912 enim
644 2892 728 2918 phase,
745 2891 768 2914 id
791 2894 826 2914 est
848 2892 955 2914 transitus

110 2928 218 2957 Domini).
232 2929 288 2951 ibid.
309 2935 331 2951 κ’.
348 2929 384 2951 23.
403 2931 425 2951 et
441 2930 479 2951 29.
496 2932 549 2951 sunt
565 2929 613 2951 duo
630 2935 695 2958 seqq.
712 2930 764 2952 loci.

1075 2304 1083 2318 ⁷
1102 2306 1198 2334 Vulgata
1217 2306 1300 2328 omittit
1316 2307 1423 2333 nostros,
1441 2306 1504 2335 quod
1522 2306 1590 2328 etiam
1608 2306 1672 2328 card.
1693 2307 1760 2334 Hugo
1781 2309 1803 2328 et
1820 2306 1860 2333 Ly-

1013 2351 1083 2367 ranus
1099 2345 1214 2367 exhibent.
1234 2358 1259 2360 —
1279 2345 1386 2373 Sequitur
1399 2345 1470 2375 Deut.
1487 2345 1529 2373 32,
1548 2345 1585 2367 11.

1076 2382 1085 2395 ⁸
1103 2384 1193 2407 Scilicet
1202 2383 1354 2407 ordinariam
1365 2390 1391 2406 ex
1404 2383 1512 2406 Rabanoz
1524 2384 1611 2406 Exinde
1623 2384 1685 2411 dicit,
1697 2390 1737 2406 eos
1748 2383 1860 2406 absconse

1013 2423 1167 2451 sacrificasse,
1185 2423 1237 2452 quia
1257 2426 1318 2445 metu
1337 2423 1437 2445 hostium
1456 2423 1478 2445 id
1496 2424 1584 2446 occulte
1602 2423 1726 2450 faciebant,
1744 2422 1784 2445 ubi
1796 2426 1816 2444 et
1828 2422 1859 2444 le-

1013 2468 1066 2490 gem
1084 2463 1196 2489 paschae,
1214 2467 1274 2490 quae
1295 2461 1406 2489 deinceps
1427 2462 1539 2484 servanda
1557 2465 1617 2490 erat,
1636 2468 1677 2489 per
1694 2462 1785 2489 Moysen
1804 2461 1860 2483 didi-

1013 2496 1094 2523 c'crunt
1109 2504 1151 2523 etc.
1169 2513 1200 2517 --
1219 2501 1288 2523 Exod.
1306 2501 1347 2529 112,
1365 2501 1387 2523 3.
1408 2506 1473 2529 seqq.
1496 2500 1564 2523 datur
1586 2500 1642 2522 ritus
1664 2503 1687 2522 et
1708 2503 1858 2528 praeceptum

1012 2540 1067 2567 agni
1083 2540 1199 2567 vpaschalis
1217 2539 1349 2562 immolandi
1367 2542 1389 2561 et
1406 2539 1558 2566 comedendi,
1575 2539 1604 2561 de
1620 2546 1668 2568 quo
1679 2545 1744 2568 seqq.
1757 2539 1804 2561 duo
1816 2539 1857 2561 loci

1012 2579 1102 2607 allegati
1119 2582 1184 2607 sunt;
1201 2579 1241 2601 cfr.
1258 2584 1328 2606 supra
1346 2581 1397 2601 uota
1416 2579 1436 2600 6.

1076 2616 1086 2629 ⁹
1102 2618 1185 2640 Psalm.
1203 2617 1245 2644 49,
1263 2618 1284 2639 5.
1304 2630 1331 2633 —
1350 2618 1379 2639 Ex
1397 2618 1415 2639 Α
1432 2617 1594 2645 supplevimus
1611 2618 1633 2640 et
1654 2616 1752 2646 implere
1770 2622 1859 2646 propo-

1011 2658 1120 2680 suerant.
1138 2658 1154 2679 B
1172 2657 1241 2685 paulo
1258 2657 1365 2685 superins
1382 2659 1434 2685 post
1451 2655 1571 2679 dicebatur
1587 2656 1653 2679 addit
1668 2657 1690 2679 et
1705 2657 1764 2678 mut.

1076 2695 1094 2708 ¹⁰
1112 2697 1142 2719 lta
1160 2697 1228 2719 etiam
1250 2696 1370 2724 Rabanus,
1388 2696 1451 2718 card.
1468 2696 1535 2723 Hugo
1552 2699 1574 2718 et
1589 2696 1705 2723 Lyi·anus;
1724 2695 1821 2722 Vulgata
1838 2696 1860 2718 et

1012 2735 1085 2764 bona,
1108 2742 1168 2764 quae
1190 2736 1257 2757 etiam
1282 2735 1375 2757 inferius
1399 2741 1441 2762 pro
1460 2734 1567 2763 patrias,
1589 2734 1652 2763 quod
1676 2733 1768 2756 exhibet
1789 2733 1858 2755 etiam

1012 2775 1073 2797 card.
1092 2776 1159 2802 Hugo
1176 2775 1198 2797 in
1216 2777 1276 2797 textu
1294 2777 1317 2796 et
1332 2775 1437 2802 Lyranus
1453 2774 1475 2796 iu
1488 2774 1605 2801 margine,
1616 2773 1734 2796 substituit
1742 2774 1858 2801 patrum;

1012 2813 1121 2836 Rabanus
1138 2820 1194 2836 vero
1211 2816 1233 2835 et
1250 2814 1354 2841 Lyranus
1371 2813 1392 2835 in
1412 2816 1471 2835 textu
1490 2812 1562 2841 (card.
1579 2813 1646 2840 Hugo
1658 2812 1679 2834 in
1693 2811 1807 2840 margine)
1818 2817 1858 2840 pa-

1012 2852 1044 2875 tri
1060 2853 1183 2881 ammaim
1201 2856 1223 2874 et
1239 2852 1334 2874 demum
1353 2851 1404 2873 voci
1422 2851 1571 2874 decantantes
1583 2851 1665 2873 eadem
1678 2850 1784 2878 praefigit
1796 2849 1856 2877 iam,

1011 2892 1076 2921 quod
1093 2892 1156 2914 card.
1173 2892 1240 2919 Hugo
1257 2894 1280 2913 et
1296 2892 1400 2918 Lyranus
1416 2891 1484 2913 etiam
1502 2890 1618 2913 omittunt.
1634 2902 1665 2907 —
1682 2889 1784 2912 Subinde
1807 2889 1858 2910 alle-

1012 2932 1096 2958 gantur
1114 2929 1153 2952 lob
1171 2931 1197 2958 2,
1215 2930 1252 2952 10.
1269 2932 1292 2952 et
1308 2930 1363 2952 Luc.
1383 2930 1423 2957 16,
1441 2930 1479 2952 25.
