2296 3316
329 175 372 203 xil
1047 169 1289 199 PROLEGOMENA
1311 169 1339 199 C.
1362 169 1380 198 1.

330 252 375 276 mis
392 252 454 278 etc-l.
471 252 530 274 Saue
549 251 654 274 Oudiuus
670 250 765 273 classico
783 250 861 272 Latino
884 249 1058 273 addictissimus
1080 248 1184 277 despexit

323 301 462 323 latinitatem
481 299 549 322 medii
576 298 626 321 aevi
652 301 763 327 tanquam
789 297 884 325 signum
908 296 1030 320 barbariae
1055 303 1184 325 veramque

331 348 442 371 culturam
462 348 508 377 fere
525 346 603 375 posuit
619 346 643 369 in
666 345 804 369 adhibendis
820 344 900 367 vei-bis
917 344 1086 371 Ciceronianis,
1113 350 1184 372 saepe

330 396 398 418 etiam
418 395 561 417 halucinatus
578 397 624 421 est,
643 393 748 416 iudicans
766 393 795 416 de
812 392 921 421 legitimis
943 392 980 417 vel
1002 392 1088 420 spuriis
1109 392 1184 416 Bona-

330 446 441 465 venturae
459 442 537 470 libris;
555 442 705 465 nihilominus
725 447 808 463 verum
826 443 860 463 est
877 440 940 469 quod
959 440 1027 467 dixit,
1045 442 1098 468 post
1113 440 1184 463 Bona-

330 494 452 513 venturam
470 489 595 512 invaluisse
619 489 681 512 illam
698 495 783 511 vocum
801 487 955 511 barbararum
978 487 1145 510 abundantiam
1162 489 1185 511 et

329 540 372 563 stili
390 539 566 563 affectationem.

393 587 517 615 Utriusque
534 585 608 607 vitiosi
627 584 730 608 desectus
747 583 851 611 exempla
868 582 988 605 abundant
1006 583 1029 605 in
1052 583 1096 609 hoc
1116 581 1185 605 Com-

332 634 454 658 mentario.
470 634 519 656 Hoc
536 635 598 661 patet
614 632 734 654 manifeste
751 630 796 658 ibi,
815 630 854 654 ubi
872 631 937 653 atl'ert
954 630 1096 653 divisionum
1113 635 1185 652 mem—

332 680 386 705 bra.
404 686 464 710 quae
481 682 613 702 constanter
630 678 709 702 verbis
721 678 778 701 inter
790 684 816 700 se
828 678 928 705 perfecte
950 676 1133 700 consonantibus
1150 682 1185 699 ex-

332 729 472 757 primuntur.
485 728 559 755 Saepe
575 726 671 749 adhibet
683 726 799 756 duplicem
817 725 854 747 vel
869 725 980 753 triplicem
998 723 1183 747 consonantiam.

332 777 381 798 Non
398 781 450 798 raro
462 774 534 797 verba
547 777 599 797 sunt
611 774 641 796 ita
653 773 800 796 artificialiter
817 774 839 795 et
853 772 943 795 ctuiose
960 777 1067 794 arcessat·
1076 788 1082 798 ‚
1096 779 1119 793 ut
1130 782 1183 794 sut..

333 826 422 852 pateat,
440 825 558 845 auctorem
577 828 619 850 pro
638 827 702 844 more
719 820 755 843 sui
773 820 884 848 temporis
902 819 977 848 magis
1002 819 1031 841 ad
1057 818 1185 844 verborum

332 870 506 894 consonantiam
524 875 595 898 quam
613 869 642 891 ad
659 868 786 895 sententiae
808 870 831 889 et
847 867 969 889 divisionis
986 865 1147 889 rectitudinem
1163 867 1186 888 et

333 918 425 946 linguae
443 917 566 945 puritatem
592 916 724 944 attendisse.
749 915 807 937 ilinc
825 920 869 937 non
895 920 947 937 raro
973 914 1043 936 utitur
1065 912 1186 935 vocabulis

333 964 438 987 barbaris
450 970 462 986 a
480 950 641 986 Bonaventura
653 968 773 991 nunqnam
786 961 906 988 adhibitis,
919 964 943 983 ut
961 959 1133 990 infastidibilis,
1154 959 1186 982 in-

334 1010 513 1038 cmztrz‘stabz'tis,
535 1009 726 1040 inobfuscubilis,
747 1008 928 1032 inensem-abilis
946 1011 969 1030 ct
985 1007 1101 1030 similibus
1117 1007 1186 1035 pluri·

334 1059 390 1086 mis‚
408 1058 543 1087 praesertim
563 1057 657 1080 insolitis
674 1056 829 1085 superlativis.

397 1107 470 1128 Pauca
481 1112 508 1128 ex
518 1105 624 1133 plurimis
636 1104 759 1126 audiamus
772 1103 943 1131 praedictarum
954 1103 1097 1125 dixisionum
1110 1108 1187 1124 exem-

334 1154 378 1182 pla.
388 1154 494 1182 Loquens
506 1153 535 1176 de
548 1151 728 1180 proprietatibus
738 1150 912 1179 hypocritarum
926 1150 958 1179 (u.
972 1150 1035 1178 482.)
1046 1157 1051 1171 :
1063 1159 1074 1170 ιι
1084 1150 1186 1177 Peccata,

335 1201 420 1230 inquit,
433 1201 540 1229 aperiunt
552 1200 574 1222 in
586 1199 677 1222 stabulo
691 1198 831 1228 iniquitatis,
844 1198 961 1226 simplices
974 1198 1051 1220 fallunt
1063 1196 1107 1219 sub
1118 1197 1187 1225 pallio

335 1248 459 1272 bonitatis:
473 1247 539 1269 bonis
552 1247 655 1270 invident
667 1249 688 1268 et
700 1246 825 1269 detrahunt
836 1245 915 1273 lingua
928 1244 1087 1272 malignitatis3
1103 1250 1186 1266 vanam

335 1296 355 1323 g}
388 1295 431 1317 {im
450 1297 564 1324 quaerunt
582 1294 603 1316 in
622 1294 714 1316 saeculo
732 1292 853 1318 vanitatis:
866 1292 910 1315 cito
923 1294 1022 1320 pereunt
1038 1294 1060 1314 et
1077 1291 1188 1314 deliciunt

336 1344 357 1365 in
375 1346 456 1371 stagno
476 1342 619 1365 foeditatis».
633 1353 663 1357 --
674 1342 721 1364 Alia
739 1341 844 1369 exempla
861 1340 911 1363 sine
928 1340 1017 1363 delectu
1034 1346 1058 1362 se
1070 1339 1187 1362 offerentia

335 1394 400 1413 sunt:
412 1400 423 1410 ιι
435 1391 504 1418 Nota,
522 1390 585 1419 quod
603 1389 673 1412 debet
689 1395 739 1411 esse
757 1394 797 1411 cor
810 1389 903 1416 plenum
921 1388 1027 1416 caritate,
1040 1394 1066 1409 os
1079 1387 1187 1415 veritate,

334 1445 394 1467 opus
412 1438 552 1465 humilitate,
569 1438 651 1460 oculus
668 1437 783 1465 castitate,
809 1442 850 1464 pes
875 1436 1002 1464 gravitate,
1021 1442 1104 1458 manus
1121 1435 1188 1463 largi-

335 1489 379 1508 tate
392 1495 403 1505 ν
424 1486 455 1513 (n.
485 1485 554 1507 186.l.
576 1497 607 1501 —
626 1493 637 1504 «
650 1484 771 1506 Humilitas
788 1484 896 1511 impetrat
912 1483 1069 1511 superbientis
1087 1482 1188 1505 malitiae

336 1533 479 1560 triumphum
506 1532 629 1559 eximium,
655 1531 848 1559 supereminentis
873 1530 1039 1553 sanctimoniae
1065 1530 1187 1558 copiosum

334 1580 437 1607 donum,
455 1579 658 1608 supperetlluentis
676 1579 763 1606 gratiae
775 1578 926 1601 dulcorosum
939 1577 1036 1600 iubilum
1045 1594 1051 1605 ,
1063 1577 1188 1605 splenden-

335 1627 363 1649 tis
380 1627 505 1655 sapientiae
523 1627 664 1649 luminosum
682 1626 787 1652 radium,
804 1625 1007 1653 superexcellentis
1020 1624 1107 1652 gloriae
1123 1624 1189 1652 spiri-

335 1675 395 1697 tuale
413 1674 521 1696 bravium
534 1683 543 1694 n
566 1674 598 1702 (n.
616 1674 688 1701 203,).
704 1685 736 1689 -
755 1681 766 1692 ιι
780 1673 817 1695 Est
835 1672 904 1695 tutela
921 1672 1058 1695 bellatorum
1076 1671 1107 1694 ad
1123 1677 1189 1699 proc-

335 1721 392 1743 lium
405 1721 535 1747 animatrix,
547 1720 708 1748 dispersorum
720 1719 750 1742 ad
762 1719 897 1741 convivium
910 1718 1081 1747 congregatrix,
1095 1718 1189 1741 damna-

335 1771 412 1790 torum
430 1768 458 1790 ad
477 1767 617 1796 supplicium
635 1767 762 1789 indicatrix.
775 1767 812 1789 Sic
828 1772 872 1789 vox
886 1766 975 1788 Domini
989 1765 1044 1788 tuba
1062 1765 1189 1788 bnccinans

335 1815 363 1838 ad
382 1815 542 1843 proeliandum
560 1818 641 1837 contra
652 1814 800 1843 peccantium
817 1814 941 1841 vilitatem,
953 1813 982 1836 ad
995 1812 1188 1841 congregandum

336 1863 501 1885 charismatum
525 1863 692 1891 pluralitatem,
715 1862 743 1884 ad
768 1861 942 1884 formidandum
968 1860 1056 1883 aeterni
1080 1859 1188 1888 supplicii

337 1910 482 1938 gravitatem.
500 1910 565 1932 Unde
584 1909 638 1932 tuba
656 1910 690 1931 illa
709 1909 752 1932 erit
768 1909 886 1938 primitiva
904 1908 1061 1932 monitionis...
1079 1907 1189 1935 praemis·

336 1958 387 1980 siva
412 1957 550 1980 citationis...
572 1957 704 1983 exsecutiva
730 1956 904 1980 discussionis»
932 1958 975 1978 etc.
1002 1956 1034 1983 (n.
1060 1955 1133 1984 2543.
1158 1967 1189 1971 —

340 2015 351 2025 a
365 2006 473 2028 Thronus
490 2005 573 2028 Christi
591 2005 691 2027 hominis
707 2007 742 2027 est
759 2004 904 2027 aeternaliter
926 2004 984 2027 fixus
1002 2004 1087 2026 virtute
1103 2003 1189 2025 Divini-

337 2053 411 2076 tatis...
428 2053 580 2081 speculariter
601 2053 678 2075 clarus
699 2052 824 2081 splendore
845 2052 1018 2075 humanitatis...
1043 2050 1189 2079 singulariter

337 2107 444 2123 summus
461 2102 548 2123 honore
565 2101 684 2129 dignitatis
696 2109 707 2120 r>
729 2100 760 2129 (n.
778 2099 851 2129 278.).
862 2111 893 2116 —
913 2109 924 2119 ιι
936 2099 998 2121 istud
1010 2099 1090 2125 altare,
1104 2098 1190 2121 scilicet

338 2147 431 2175 signum
450 2147 537 2174 crucis,
550 2149 584 2170 est
596 2147 724 2175 placativae
741 2146 875 2173 oblationiS,
887 2146 942 2174 quia
954 2146 1017 2168 salus
1029 2145 1189 2173 praevarican-

338 2196 408 2223 tium;
425 2196 568 2223 protectivae
582 2195 725 2222 munitionis,
739 2194 794 2223 quia
809 2194 905 2222 clypeus
922 2192 1069 2221 bellantium;
1082 2192 1191 2220 ignitivae

338 2243 478 2271 dilectionis,
492 2244 546 2272 quia
559 2243 661 2266 calculus
673 2242 865 2270 amplexandum
882 2241 1035 2269 suspensivae
1047 2239 1189 2268 devotionis,

340 2290 394 2318 quia
407 2290 484 2313 titulus
501 2290 705 2318 contemplantium
719 2298 730 2309 ι)
746 2289 779 2318 (n.
791 2288 862 2317 546).
880 2289 923 2311 Vix
941 2290 975 2310 est
992 2287 1090 2316 pagina,
1106 2278 1131 2309 in
1142 2292 1189 2316 qua

343 2344 387 2359 non
400 2341 521 2360 occurrant
533 2338 614 2360 similia
628 2338 733 2365 exempla
745 2343 799 2359 cum
812 2336 933 2359 vocabulis
945 2335 1012 2358 novis
1022 2335 1051 2357 ad
1064 2340 1189 2357 consonan-

339 2384 392 2406 tiam
416 2385 527 2407 formatis.
551 2397 580 2400 —
606 2385 678 2407 Etiam
703 2384 867 2406 Bonaventura
891 2383 914 2405 in
940 2383 988 2409 suIs
1012 2381 1190 2405 Commentariis

338 2431 455 2460 quandam
473 2432 646 2454 consonantiam
665 2431 823 2458 imperfectam
849 2430 976 2452 verborum
1000 2431 1087 2458 passim
1105 2428 1190 2456 habet,

340 2481 363 2500 ut
381 2478 413 2501 sic
430 2484 508 2501 rerum
527 2478 653 2501 memoriae
670 2478 767 2505 serviat,
784 2478 825 2501 sed
843 2478 975 2504 moderat03
993 2477 1057 2506 quod
1076 2476 1141 2499 facile
1158 2476 1190 2498 vi-

339 2526 378 2548 det
394 2526 433 2555 qui
450 2527 567 2549 schemata
585 2526 809 2549 Commentariorum
827 2526 936 2548 intuetur.

403 2573 464 2595 Haec
481 2573 602 2596 curiositas
618 2576 641 2596 et
658 2574 764 2596 arcessita
782 2572 909 2595 verborum
935 2573 1083 2595 consonantia
1101 2572 1190 2600 praeci—

340 2626 387 2648 pue
404 2620 519 2643 invenitur
537 2620 559 2642 in
576 2620 683 2648 pluribus
700 2621 742 2643 illis
753 2627 887 2646 sermonum
900 2620 1053 2648 thematibus,
1066 2625 1128 2649 quae
1138 2626 1188 2647 pas-

342 2667 385 2689 sim
404 2667 486 2689 inserta
509 2670 569 2690 sunt.
594 2668 699 2695 Magnam
722 2668 855 2690 invenimus
879 2667 1031 2690 differentiam
1057 2667 1115 2689 inter
1133 2668 1189 2689 haec

340 2715 457 2737 schemata
475 2721 611 2737 sermonum
628 2718 650 2737 et
667 2714 701 2737 illa
720 2721 783 2743 quae
797 2714 911 2737 habentur
929 2715 950 2737 in
968 2714 1075 2742 genuinis
1086 2713 1189 2737 Collatin-

339 2760 409 2784 nibus
430 2762 451 2783 in
469 2762 584 2784 Ioannem.
601 2762 629 2784 Ut
646 2763 716 2784 lector
733 2762 763 2784 de
788 2763 830 2784 hac
855 2762 984 2784 differentia
1002 2762 1051 2790 ipse
1068 2761 1142 2789 possit
1159 2761 1189 2783 iu-

339 2809 428 2836 dicare,
446 2808 612 2837 subiungimus
628 2810 759 2837 exemplum
782 2809 925 2837 descriptum
943 2815 970 2831 ex
987 2810 1031 2831 hoc
1048 2810 1188 2831 commenta-

339 2857 374 2879 rio
392 2857 424 2885 (n.
441 2857 573 2885 -259-262.)2
595 2865 605 2877 (ι
618 2856 722 2880 Ascende
739 2856 798 2884 huc,
815 2857 836 2879 et
853 2856 976 2880 ostendam
994 2856 1036 2879 tibi
1047 2862 1108 2886 quae
1119 2862 1187 2885 opor-

339 2905 370 2927 tet
393 2904 454 2934 fieri.
480 2903 556 2928 Verba
581 2907 635 2927 sunt
663 2904 713 2926 lesu
742 2903 834 2931 Christi,
861 2903 964 2931 Virginis
988 2903 1049 2932 Filii,
1071 2903 1187 2931 virginem

339 2950 485 2974 Catharinam
503 2951 600 2973 dulciter
624 2950 769 2979 alloquentis.
792 2950 858 2972 Unde
875 2950 949 2978 ipsam
968 2950 1044 2978 primo
1060 2949 1141 2972 invitat
1158 2949 1186 2972 ad

341 2997 449 3020 bravium
467 2998 562 3026 superni
579 2997 701 3026 culminis;
718 2997 822 3020 secundo
847 2999 977 3025 praesentat
1001 2996 1136 3024 prodigium
1154 2996 1188 3019 di-

1242 248 1290 272 vini
1307 247 1416 272 luminis:
1434 248 1499 272 tertio
1516 248 1617 272 declarat
1634 249 1783 278 praesagium
1801 249 1894 272 venturi
1911 249 2036 278 temporis,
2055 249 2091 270 vel

1243 295 1366 323 trisagium
1382 295 1511 324 prophetici
1529 296 1647 321 carminis.
1664 296 1745 321 Trahit
1761 296 1831 325 vigor
1848 296 1877 319 ad
1891 296 2012 324 bravium,
2025 296 2093 319 trahit

1241 341 1352 370 splendor
1368 343 1398 367 ad
1416 341 1564 371 prodigium,
1582 342 1650 366 trahit
1666 343 1744 371 pudor
1761 343 1791 366 ad
1808 343 1970 372 praesagium:
1983 342 2092 367 bravium

1241 388 1265 411 in
1289 394 1400 417 ascensu,
1426 388 1468 413 ibi:
1493 388 1598 416 Ascende
1622 388 1683 418 hum
1709 389 1844 418 prodigium
1867 390 1889 413 in
1912 392 2021 419 aspectu,
2048 389 2092 413 ibi:

1241 435 1365 459 ostendam
1376 435 1432 463 ubi,-
1445 436 1593 464 praesagium
1606 436 1629 462 in
1644 439 1742 465 eventu,
1759 436 1804 460 ibi:
1821 443 1882 467 quae
1899 438 1992 467 oportet
2006 436 2060 467 fieri
2072 445 2093 459 u.

1307 492 1318 505 «
1330 482 1396 506 Circa
1413 484 1530 512 primum,
1548 483 1588 507 ubi
1606 484 1682 512 primo
1700 484 1781 509 invitat
1793 483 1884 507 beatam
1898 484 2046 511 catharinam
2063 484 2092 507 ad

1241 530 1349 553 bravium
1367 531 1464 560 superni
1480 531 1599 560 culminis,
1617 538 1670 555 cum
1689 532 1756 555 dicit:
1774 531 1878 556 Ascende
1890 532 1951 561 ltuc;
1963 532 2093 560 sciendum,

1241 578 1305 608 quod
1323 578 1368 601 iam
1385 579 1435 607 ipsa
1453 579 1558 602 ascendit
1573 579 1603 602 ad
1621 579 1728 602 bravium
1747 580 1888 608 magistralis
1899 579 2037 608 splendoris,
2054 579 2094 602 mi-

1242 626 1312 650 litaris
1330 626 1430 655 vigoris,
1447 626 1573 655 imperialis
1589 627 1690 652 honoris.
1708 627 1775 656 Quod
1793 627 1877 656 probat
1893 627 1995 650 efficacia
2013 626 2094 650 verbo-

1241 679 1293 696 rum
1311 673 1415 701 utilium,
1433 673 1503 696 rerba
1530 676 1665 702 penetrant;
1686 674 1818 697 sufferentia
1841 674 1985 702 flagellorum
2012 674 2095 697 crude—

1241 720 1309 749 lium,
1328 721 1417 749 flagella
1435 721 1530 750 intrant;
1548 721 1723 745 honorificentia
1740 722 1862 750 agminum
1880 721 2027 750 caelestium,
2044 727 2096 744 cae-

1242 768 1305 791 lestia
1322 768 1416 796 agmina
1434 769 1556 797 honorant.
1575 768 1609 791 De
1625 769 1702 797 primo
1719 768 1790 792 isaiae
1806 769 2001 798 quadragesimo:
2020 769 2095 798 Super

1243 818 1345 841 montem
1362 816 1479 839 excelsum
1505 816 1604 841 ascende
1621 819 1658 843 tu,
1683 815 1729 845 qui,
1749 816 1895 844 evangelizas
1916 816 1980 839 Sion.
2004 816 2037 839 De
2061 822 2095 839 se-

1243 862 1319 885 cundo
1344 862 1417 885 iudith
1443 865 1538 886 octavo:
1564 863 1705 892 Reputantes
1730 864 1831 892 peccatis
1856 864 1941 887 nostris
1966 865 2023 887 haec
2046 864 2094 893 ipsa

1242 911 1356 939 supplicia
1373 911 1463 933 minora
1488 917 1551 934 esse:
1577 911 1666 939 flagella
1690 911 1782 934 Domini
1808 914 1852 935 etc.
1876 912 1910 934 De
1935 911 2001 934 tertio
2018 911 2094 934 Iudith

1243 957 1334 981 decimo
1352 957 1429 980 tertio:
1447 957 1561 981 Percussit
1586 958 1701 981 cervicem
1719 958 1784 985 eius;
1804 961 1827 981 et
1842 958 1961 987 sequitur:
1979 957 2096 987 Congyra-

1243 1007 1328 1027 verunt
1344 1005 1403 1029 circa
1422 1011 1474 1029 eam
1492 1005 1603 1032 universi,
1619 1005 1655 1028 illa
1674 1007 1750 1027 autem
1768 1005 1898 1028 ascendens
1918 1005 2095 1029 eminentiorem

1243 1052 1319 1074 locum
1337 1052 1404 1075 iussit
1421 1052 1469 1075 fieri
1487 1052 1601 1076 silentium
1614 1061 1636 1074 ».

1309 1108 1321 1119 ιι
1332 1098 1398 1122 Circa
1411 1100 1549 1127 secundum,
1561 1099 1602 1123 ubi
1611 1099 1716 1123 Christus
1727 1102 1861 1128 praesentat
1870 1099 1950 1123 beatae
1959 1099 2096 1123 Catharinac

1244 1147 1379 1176 prodigium
1398 1147 1470 1170 divini
1488 1147 1593 1176 luminis,
1606 1153 1659 1170 cum
1672 1147 1740 1170 dicit:
1753 1147 1882 1172 Ostendam
1893 1146 1948 1176 tila}-
1966 1148 2095 1176 sciendum,

1244 1194 1309 1224 quod
1319 1194 1385 1217 beata
1392 1194 1514 1219 Catharina
1524 1197 1631 1218 aeternae
1639 1195 1697 1218 lucis
1706 1195 1771 1218 radio
1780 1195 1890 1218 illustrata
1900 1196 1948 1219 fuit.
1957 1196 2096 1223 AcutiSsima

1245 1242 1268 1264 in
1286 1242 1420 1270 arguendo,
1437 1242 1501 1271 quod
1518 1241 1602 1270 probat
1619 1242 1747 1271 peritorum
1764 1243 1815 1267 sive
1832 1243 2024 1273 philosophorum
2045 1249 2097 1266 con-

1245 1290 1317 1318 fusi03
1335 1289 1374 1313 lob
1393 1290 1484 1312 decimo
1502 1290 1581 1313 tertio:
1599 1290 1724 1318 Disputare
1740 1296 1795 1313 cum
1813 1291 1860 1313 Deo
1877 1291 1960 1319 cupio,
1977 1291 2043 1319 prius
2055 1297 2097 1314 vos

1244 1337 1368 1361 ostendens
1385 1336 1535 1360 fabricatores
1552 1338 1675 1361 mendacii.
1696 1338 1846 1366 Aper-tissima
1871 1338 1894 1361 in
1919 1338 2097 1367 respondendo,

1244 1385 1308 1414 quod
1327 1384 1410 1413 probat
1427 1385 1571 1408 occultorum
1588 1384 1733 1409 obiectorum
1751 1385 1847 1414 solutio;
1865 1384 1905 1408 lob
1927 1385 2047 1414 trigesimo
2064 1392 2097 1409 se-

1245 1432 1335 1455 cundo:
1353 1432 1509 1460 Respondebo
1526 1435 1549 1455 et
1566 1438 1610 1460 ego
1628 1435 1718 1461 partem
1744 1439 1821 1456 meam
1846 1436 1869 1456 et
1885 1433 2008 1459 ostendam
2025 1433 2096 1456 scien-

1245 1479 1299 1501 tiam
1317 1485 1402 1502 meam.
1421 1478 1574 1502 subtilissima
1591 1480 1614 1502 in
1626 1480 1775 1508 exponendo,
1788 1480 1852 1514 quod
1865 1479 1950 1508 probat
1962 1480 2097 1503 divinorum

1244 1530 1387 1550 secretorum
1405 1527 1519 1550 discussio
1524 1536 1532 1554 5
1549 1527 1620 1550 Isaiae
1638 1527 1757 1556 trigesimo
1774 1533 1848 1550 nono:
1867 1526 1916 1550 Non'
1933 1527 1976 1550 suit
1987 1527 2096 1555 verbum,

1244 1574 1309 1604 quod
1326 1581 1372 1597 non
1389 1574 1522 1597 ostenderet
1538 1575 1571 1597 eis
1583 1583 1606 1597 ιι.

1311 1632 1321 1642 ιι
1331 1622 1397 1645 Circa
1409 1622 1515 1650 tertium,
1527 1622 1568 1645 ubi
1579 1623 1709 1651 declaratur
1722 1622 1871 1650 praesagium
1884 1622 1975 1645 venturi
1988 1623 2099 1651 temporis

1245 1670 1420 1701 vestrisaginm
1439 1670 1570 1698 prophetici
1590 1670 1713 1698 carminis,
1737 1676 1791 1693 cum
1818 1670 1888 1693 dicit:
1915 1669 1981 1698 Quae
2005 1671 2099 1700 oportet

1243 1717 1315 1748 fieri,-
1340 1717 1477 1745 sciendum,
1502 1717 1567 1748 quod
1593 1723 1700 1740 summus
1717 1717 1794 1746 opifex
1810 1716 1840 1739 ab
1857 1719 1952 1740 aeterno
1968 1717 2098 1745 ordinavit,

1244 1763 1336 1787 beatam
1354 1763 1501 1787 Catharinam
1520 1764 1568 1786 fieri
1586 1765 1707 1787 vasculum
1734 1764 1840 1793 puritatis
1857 1764 1988 1793 angelicae,
2006 1764 2100 1787 vehicu-

1245 1813 1292 1835 lum
1311 1812 1414 1835 veritatis
1430 1812 1538 1840 deificae,
1556 1812 1681 1836 triclinium
1699 1812 1816 1836 Trinitatis
1841 1812 1987 1840 magnificae.
2010 1812 2099 1835 Puritas

1244 1860 1322 1883 reddit
1347 1860 1422 1888 ipsam
1447 1860 1576 1888 insignem,
1601 1863 1624 1882 et
1650 1860 1702 1883 ideo
1724 1859 1835 1883 imitanda
1856 1862 1905 1887 est;
1922 1859 1989 1883 Cant.
2006 1859 2098 1888 primo:

1245 1908 1376 1932 Murenulas
1393 1913 1477 1931 aureas
1494 1907 1606 1930 faciemus
1624 1906 1677 1936 tibi,
1695 1908 1859 1930 vermiculatas
1883 1910 1988 1936 argento.
2009 1907 2100 1931 Veritas

1245 1955 1371 1982 illustrem,
1396 1957 1419 1977 et
1441 1955 1493 1978 ideo
1515 1955 1665 1982 veneranda;
1692 1955 1781 1978 Psalmo
1807 1954 1899 1977 decimo
1916 1954 2012 1984 quinto:
2029 1955 2099 1977 Notas

1246 2002 1303 2025 mihi
1321 2002 1392 2025 fecisti
1409 2002 1460 2024 vias
1477 2001 1546 2024 vitae.
1563 2001 1662 2024 Trinitas
1679 2001 1807 2029 celebrem,
1824 2004 1847 2024 et
1864 2001 1916 2024 ideo
1942 2001 2098 2030 decantanda,

1246 2051 1282 2073 vel
1301 2050 1445 2077 invocanda;
1462 2049 1528 2073 Cant.
1545 2049 1627 2072 tertio:
1653 2050 1775 2073 Ferculum
1802 2049 1854 2072 tecit
1870 2048 1914 2072 sibi
1931 2055 1970 2074 rex
1988 2050 2099 2072 Salomon

1246 2097 1275 2120 de
1292 2097 1361 2126 lignis
1385 2097 1465 2120 Libani
1491 2099 1533 2119 etc.
1564 2097 1616 2120 Vooe
1638 2103 1695 2125 ergo
1714 2096 1810 2126 prima,
1828 2103 1901 2126 quam
1918 2096 2013 2125 audivi,
2030 2097 2097 2120 dixit:

1248 2153 1260 2164 «ι
1272 2143 1377 2167 Ascende
1393 2143 1440 2167 huc
1452 2153 1474 2166 iv.
1490 2156 1522 2160 —
1539 2144 1596 2173 Quis
1613 2143 1748 2171 contendet,
1766 2145 1823 2166 haec
1840 2149 1970 2171 congruere
1985 2143 2098 2167 altitudini

1246 2195 1268 2215 et
1285 2192 1426 2220 simplicitati
1443 2192 1557 2220 seraphici
1576 2191 1697 2214 Doctoris?

1309 2238 1420 2261 Ultimum
1437 2244 1480 2266 pro
1497 2244 1539 2260 sua
1556 2238 1666 2266 opinione
1683 2241 1848 2266 argumentum
1872 2238 1896 2260 P.
1918 2238 2005 2261 Bonelli
2022 2238 2099 2267 (Prae-

1246 2287 1291 2316 loc.
1306 2293 1329 2309 n.
1347 2286 1394 2315 20.)
1421 2286 1497 2309 haurit
1513 2292 1540 2309 ex
1557 2286 1741 2309 consideratione
1759 2285 1883 2314 temporis,
1900 2292 1947 2315 quo
1965 2292 2026 2314 opus
2048 2292 2099 2309 essc

1246 2334 1359 2362 scriptum
1378 2333 1436 2363 (scil.
1453 2334 1511 2357 inter
1528 2341 1566 2356 an.
1584 2334 1645 2356 4255
1662 2336 1685 2356 et
1707 2334 1774 2363 1260)
1792 2340 1834 2362 per
1846 2334 2002 2357 coniecturam
2021 2334 2099 2362 explo-

1246 2381 1312 2404 ravit„
1332 2381 1468 2404 Terminum
1477 2398 1483 2409 ,
1498 2384 1551 2405 ante
1563 2387 1633 2410 quem
1646 2381 1703 2404 illud
1720 2386 1767 2403 non
1779 2381 1853 2409 potuit
1865 2387 1916 2404 esse
1928 2381 2085 2409 compositum
2094 2397 2099 2407 ,

1246 2432 1308 2452 recte
1326 2429 1465 2452 determinat
1482 2431 1560 2451 contra
1578 2429 1602 2451 P.
1619 2428 1649 2451 de
1666 2428 1686 2450 la
1703 2428 1774 2455 llaye,
1793 2430 1818 2450 ut
1833 2434 1904 2456 supra
1922 2428 2040 2456 vidimus;
2058 2427 2098 2450 sed

1247 2477 1332 2500 nullius
1350 2476 1460 2499 momenti
1478 2479 1533 2499 sunt
1549 2476 1661 2504 rationes,
1679 2481 1738 2504 quas
1756 2476 1820 2497 affert
1837 2474 1916 2503 quoad
1933 2474 2040 2497 ultimum
2058 2476 2100 2497 ter-

1247 2524 1336 2547 minum
1345 2541 1350 2551 ,
1363 2523 1412 2547 scil.
1423 2530 1459 2546 an.
1479 2524 1548 2550 1260.
1560 2535 1591 2539 -
1603 2523 1678 2545 Prima
1691 2522 1741 2547 eius
1752 2522 1809 2545 ratio
1822 2525 1854 2544 est
1865 2540 1870 2550 ,
1887 2522 1952 2551 quod
1969 2524 2050 2544 auctor
2068 2521 2099 2551 (iu

1246 2571 1388 2600 expositione
1396 2571 1496 2602 *Prologi
1514 2569 1608 2593 Gilberti
1621 2576 1642 2592 n.
1653 2570 1691 2592 30.
1703 2572 1726 2592 et
1736 2569 1823 2592 deinde
1834 2575 1857 2591 n.
1870 2569 1923 2591 462.
1936 2572 1959 2591 et
1975 2568 2039 2598 536.)
2052 2576 2064 2589 «
2076 2567 2097 2590 in

1247 2620 1290 2641 hoc
1307 2617 1479 2641 Commentario
1496 2619 1578 2645 putare
1595 2617 1698 2643 videtur,
1711 2617 1735 2638 Β.
1748 2616 1832 2639 Mariae
1843 2615 2018 2644 conceptionem
2036 2615 2098 2637 haud

1246 2671 1342 2689 vacasse
1359 2667 1453 2693 peccato
1471 2664 1577 2693 originali
1590 2671 1611 2692 »ς
1629 2669 1682 2687 cum
1695 2665 1773 2686 autem
1789 2663 1951 2685 Bonaventura
1963 2662 1986 2684 in
1997 2661 2099 2690 capitulo

1245 2711 1388 2735 Narbonensi
1405 2718 1441 2734 an.
1457 2711 1516 2734 1260
1529 2710 1672 2734 ordinaverit
1682 2711 1766 2733 festum
1780 2710 1809 2733 de
1821 2709 1979 2738 Conceptione
1990 2710 2016 2732 B.
2030 2709 2059 2732 111.
2072 2709 2098 2731 Υ.

1246 2759 1269 2783 in
1286 2760 1373 2783 Ordine
1390 2758 1569 2786 celebrandum,
1586 2759 1611 2781 P.
1627 2758 1713 2780 Bonelli
1731 2757 1786 2780 inde
1803 2757 1932 2785 concludit,
1949 2756 1979 2779 ab
2000 2763 2027 2780 eo
2044 2758 2099 2778 tem-

1246 2813 1305 2835 pore
1320 2806 1421 2829 eundem
1439 2808 1575 2828 retractasse
1591 2805 1742 2832 sententiam,
1759 2811 1831 2834 quam
1850 2805 1922 2827 tenuit
1939 2804 1961 2826 in
1978 2804 2099 2827 Commen-

1247 2854 1281 2876 rio
1305 2854 1348 2880 (ill.
1374 2855 1435 2877 Sent.
1462 2854 1486 2880 d.
1504 2854 1527 2876 3.
1544 2859 1567 2881 p.
1585 2854 1600 2875 1.
1617 2859 1638 2875 3.
1657 2853 1677 2875 1.
1695 2859 1717 2882 q.
1736 2853 1757 2875 4.
1775 2853 1804 2880 2;
1822 2853 1864 2875 cfr.
1883 2852 1988 2881 scholia).
2004 2863 2036 2868 —
2053 2851 2098 2873 Sed

1247 2902 1304 2923 haec
1329 2900 1446 2923 conclusio
1472 2900 1564 2923 eliditur
1577 2899 1661 2929 ¹verbis
1679 2900 1702 2922 S.
1718 2899 1823 2922 Doctoris
1841 2898 1907 2927 (ibid.
1925 2905 1947 2927 q.
1967 2899 1988 2921 1.
2006 2898 2034 2920 ad
2053 2897 2098 2925 4.),

1247 2954 1300 2970 cum
1318 2947 1423 2976 explicite
1440 2947 1550 2975 affirmet,
1563 2946 1586 2969 in
1598 2952 1666 2975 casu,
1683 2946 1747 2975 quod
1760 2946 1801 2968 ista
1813 2945 1946 2968 solemnitas
1957 2943 2099 2971 celebretur,

1249 3004 1261 3016 α
1273 2995 1351 3023 potius
1368 2994 1448 3017 referri
1465 2994 1495 3016 ad
1512 2993 1574 3016 diem
1591 2993 1778 3016 sanctificationis
1795 2999 1867 3022 quam
1884 2991 2043 3020 conceptionis
2056 3000 2077 3013 n.
