2296 3316
236 627 333 652 Exposilio
343 628 369 646 al·

256 651 344 675 legorica.

279 1427 358 1446 Divisio.

229 1710 326 1735 Expositio
333 1711 362 1729 lit-

259 1734 331 1754 tei-alis.

247 1758 310 1777 Primo
315 1773 320 1781 ,
335 1758 358 1776 de

230 1782 294 1801 mortis
307 1787 360 1801 acce-

229 1806 328 1825 lemtione.

378 167 431 197 134

375 250 483 279 rentes,
505 253 555 283 per
577 245 721 282 pravitatis
749 244 973 278 similitudinem,
1000 243 1032 272 iu
1057 243 1223 281 ἰἠιεννορα-

375 294 449 321 tione
467 301 541 326 sua,
564 292 591 321 id
612 295 654 321 est
669 292 695 320 in
712 291 805 320 iudicii
821 290 906 319 divini
921 290 1142 324 examinatione,
1154 298 1223 327 quo-

372 339 447 368 niam
461 339 536 368 Deus
550 339 641 368 iustus
654 338 740 367 iudex
760 349 774 363 «
786 336 967 374 interrogabit
978 345 1067 374 opera
1079 348 1092 363 υ
1108 344 1222 372 eorum,

374 386 445 414 infra
466 385 587 422 capitulo
608 388 706 419 sexto;
736 385 801 413 item
830 392 928 413 eorum
956 383 1067 417 verba,-
1093 384 1223 413 Matthaei

374 433 555 462 duodecimo:
582 444 595 458 «ι
610 433 648 461 De
666 432 740 460 omni
756 431 842 459 verbo
856 431 944 459 otioso
958 442 971 456 »
997 433 1069 465 etc.;
1092 430 1157 459 item
1178 438 1224 460 eo-

375 488 439 509 rum
460 480 668 518 coyttaciones;
689 486 775 515 supra
795 477 917 515 capitulo
938 477 1046 514 primo:
1073 488 1086 503 ε(
1102 477 1130 506 ln
1151 477 1224 514 cogi-

375 527 525 556 tationibus
545 526 621 563 impii
643 525 823 562 interrogatio
843 525 925 554 erit»
951 528 1002 554 etc.

454 574 614 611 Alleyorz'ce
641 573 756 610 exponit
784 572 836 602 hoc
863 572 980 601 Glossal
1006 572 1040 601 de
1062 571 1224 607 haereticis,

374 621 422 658 qui
444 621 510 650 sunt
530 621 691 658 multiyeua
711 620 884 654 multitudo,
900 620 967 658 quia
981 628 1031 657 per
1044 620 1169 649 diversas
1183 628 1225 649 se-

374 670 432 696 ctas
462 667 637 696 diversorum
669 668 929 697 haeresiarcharum
961 667 1143 701 dividuntur;
1176 667 1224 704 qui

375 714 491 743 inutiles
512 716 577 743 sunt
599 715 745 749 Ecclesiae,
768 711 853 743 immo
874 714 977 748 nocivi,
999 714 1065 751 quia
1079 721 1140 742 eam
1162 722 1223 751 per-

375 764 541 798 sequuntur.
575 762 765 791 Adulterinae
797 761 995 799 plantationes
1030 765 1095 790 sunt
1127 769 1224 790 eorum

374 808 517 845 discipuli,
539 809 586 846 qui
609 817 645 838 ex
668 817 765 838 corum
786 808 911 837 doctrina
942 816 1060 837 erronea
1091 816 1226 845 generan-

376 858 430 884 tur.
454 856 577 884 Radz‘ces
599 856 676 884 altas
703 865 762 884 nou
783 856 872 888 daut,
894 855 960 892 quia
982 855 1009 883 in
1037 855 1147 884 Christo
1169 855 1226 884 Deo

375 906 402 932 et
423 903 534 931 homine
556 911 610 931 non
632 903 810 931 collocantur.
835 903 936 931 Eorum
958 902 1041 930 rami
1054 906 1119 931 sunt
1143 902 1226 931 insta—

375 950 459 984 biles,
480 950 559 987 quia,
582 950 603 979 si
625 950 691 986 quid
714 950 777 978 boni
801 950 903 978 hahere
933 949 1079 983 videntur,
1102 952 1226 986 tempore

374 997 576 1034 persecutionis
597 998 631 1026 ab
654 997 771 1025 Ecclesia
793 997 960 1025 evelluntur.
981 998 1110 1025 Fructus
1124 1006 1227 1026 eorum

375 1043 505 1078 inutiles,
520 1043 586 1080 quia
600 1044 733 1072 doctrinis
748 1051 845 1072 eorum
861 1047 887 1072 et
902 1042 1123 1079 expositionibus
1139 1043 1226 1071 homi—

374 1098 424 1120 nes
445 1090 583 1127 simplices
604 1090 815 1119 invencnantur.
840 1089 911 1118 Filii
931 1098 1029 1118 eorum
1056 1093 1125 1118 sunt
1146 1093 1227 1118 testes

375 1138 520 1176 'nequitiae
535 1138 678 1166 aduersus
691 1140 842 1174 parentes,
864 1136 930 1173 quia
946 1144 982 1165 ex
997 1136 1227 1173 multiplicatione

375 1185 575 1222 discipulorum
597 1192 708 1213 errores
730 1183 854 1220 magistri
873 1183 986 1220 gravius
1010 1183 1226 1212 damnabuntur.

522 1284 634 1316 Secundo,
652 1285 723 1316 quoad
740 1285 829 1308 statum
846 1284 927 1308 mortis
944 1284 1078 1315 tripliciter.

456 1375 556 1403 Iustus
570 1377 669 1402 autem
690 1376 740 1402 etc.
758 1373 803 1402 llic
826 1372 902 1410 ponit
917 1371 1133 1409 comparativam
1152 1380 1227 1400 com—

375 1421 578 1451 mendationem
611 1420 748 1449 iustorum
780 1419 870 1457 quoad
902 1423 1014 1447 statum
1044 1418 1169 1452 mortis,-
1200 1422 1228 1447 et

375 1469 466 1506 primo
487 1468 642 1498 ostenditur
664 1468 721 1501 liic,
741 1476 794 1495 non
810 1475 869 1495 esse
886 1466 991 1495 Sanctis
1012 1466 1144 1495 damnosa
1159 1469 1227 1495 tem-

374 1516 477 1554 poralis
498 1516 596 1544 mortis
617 1515 804 1548 acceleratim
826 1514 947 1543 secundo
970 1513 1100 1542 subditur
1122 1513 1226 1544 accele-

374 1563 501 1592 rationis
534 1563 628 1597 ratio,
660 1562 716 1591 ihi:
751 1562 875 1591 placens
908 1561 985 1594 Deo;
1018 1560 1099 1590 tertio
1130 1561 1225 1598 populi

375 1611 532 1648 aspicientis
553 1610 643 1639 stulta
665 1610 779 1647 opinio:
802 1609 912 1646 Populi
931 1612 1030 1637 autem
1050 1608 1185 1637 videntes.

454 1658 544 1695 (Vers.
568 1659 615 1693 7.).
638 1657 739 1685 Iustus
761 1660 858 1685 autem
879 1659 948 1690 etc,
970 1656 1049 1693 quasi
1078 1655 1166 1684 dicat:
1188 1656 1227 1685 sic

375 1708 417 1735 est
430 1706 464 1735 de
478 1705 593 1742 iniquis;
609 1709 723 1739 autem,
740 1713 791 1741 pro
805 1704 868 1738 sed;
884 1704 981 1733 iustus
995 1704 1023 1732 si
1035 1707 1127 1732 morte
1140 1712 1227 1741 prae-

376 1756 536 1789 occupatus
566 1750 675 1789 faerit,
710 1752 735 1780 id
767 1754 807 1780 est
838 1751 990 1780 accelerata
1021 1754 1084 1780 ante
1116 1754 1227 1788 tempus

376 1802 465 1828 morte
487 1802 669 1837 praeventus,
702 1799 856 1828 secundum
885 1798 953 1827 illud
980 1798 1063 1827 Isaiae
1084 1799 1227 1835 trigesimo

375 1847 510 1876 octavo2:
537 1858 550 1871 «
566 1846 636 1874 Dum
658 1845 749 1874 adhuc
770 1845 888 1879 ordirer,
910 1845 1027 1873 succidit
1048 1853 1091 1873 me
1106 1857 1133 1872 ».
1156 1846 1227 1874 Bene

375 1894 461 1923 dixit:
481 1896 730 1931 praeoccupatus,
752 1892 818 1929 quia
839 1892 931 1921 subita
947 1895 1050 1926 morte,
1072 1892 1099 1920 id
1121 1895 1162 1921 est
1177 1893 1228 1921 im-

376 1941 499 1978 provisa,
531 1949 585 1969 non
617 1943 707 1977 potest
737 1940 808 1968 mori
840 1940 944 1973 iustus,
975 1940 1041 1976 quia
1070 1939 1172 1968 dicitur
1198 1940 1226 1968 in

378 1988 483 2017 Psalmo
504 1988 537 2016 de
558 1995 677 2024 persona
692 1986 773 2015 iusti:
801 1998 813 2011 «
833 1984 1012 2015 Providebam
1036 1986 1184 2015 Dominum
1200 1986 1227 2014 in

377 2038 526 2072 conspectu
540 2043 602 2063 meo
624 2042 733 2071 semper
747 2046 760 2059 υ
781 2037 848 2067 etc.;
872 2033 949 2062 item:
977 2045 990 2058 «
1006 2033 1101 2061 Anima
1124 2041 1186 2061 mea
1200 2033 1228 2061 in

376 2083 505 2111 manibus
525 2082 594 2111 meis
622 2089 773 2119 semper»,
799 2081 878 2118 quasi
905 2080 992 2109 dicat:
1016 2083 1137 2117 paratus
1165 2088 1227 2109 sum

378 2130 493 2159 reddere
514 2138 590 2164 eam,
623 2128 856 2166 quandocumque
882 2128 938 2156 Deo
969 2127 1121 2164 placuerit,
1153 2127 1228 2164 quod

377 2186 427 2215 ego
447 2177 560 2206 moriar.
582 2177 696 2210 Iustus,
718 2175 848 2212 inquam,
869 2175 897 2203 sl
914 2177 1152 2212 praeoccupatus
1165 2172 1229 2212 fue-

377 2225 429 2259 rit,
446 2225 476 2253 z'n
490 2223 648 2262 refrlyerio
662 2223 731 2257 erit,
753 2223 857 2252 scilicet
873 2225 1002 2251 aeternae
1024 2221 1139 2259 quietis;
1156 2222 1229 2251 Psal-

378 2280 452 2301 mus:
473 2271 688 2300 «Transivimus
710 2278 759 2307 per
782 2270 873 2307 ignem
902 2273 929 2298 et
959 2277 1076 2306 aquam,
1106 2272 1133 2298 et
1161 2268 1229 2298 edu-

378 2319 443 2348 xisti
465 2326 515 2347 nos
537 2319 563 2346 in
586 2317 800 2355 refrigerium».

457 2365 546 2402 (Vers.
572 2366 598 2393 8.
622 2365 669 2400 9.).
697 2364 831 2393 Senectus
854 2364 929 2392 enim
951 2366 1017 2397 etc,
1039 2363 1119 2400 quasi
1140 2362 1229 2391 dicat:

378 2420 428 2442 nec
449 2412 528 2441 obest
548 2411 759 2449 praeoccupatio
774 2411 885 2444 aetatis;
907 2413 1036 2439 senectus
1050 2410 1127 2438 euim
1149 2418 1229 2438 vene-

378 2459 483 2488 rabilis
496 2462 561 2494 etc.;
583 2459 678 2487 Glossa
690 2458 714 2487 ³:
735 2470 748 2483 «
764 2458 820 2486 Non
843 2461 917 2487 aetas
932 2457 1073 2494 corporis,
1096 2457 1144 2486 sed
1159 2457 1230 2486 vitae

379 2506 526 2535 maturitas
547 2509 574 2535 et
595 2514 706 2534 morum
728 2505 851 2542 probitas
872 2504 1003 2533 laudatur
1023 2515 1055 2538 »;
1080 2503 1231 2532 venerabi-

380 2554 429 2588 lis,
451 2554 577 2590 inquam,
599 2552 625 2582 id
641 2556 682 2581 est
703 2553 784 2589 digna
803 2552 980 2581 veneratione
1001 2551 1074 2588 apud
1096 2551 1185 2579 Deum
1203 2553 1230 2579 et

974 165 1145 194 COMMENT.
1167 165 1199 193 lN
1220 164 1412 194 SAPlENTlAM
1434 165 1461 193 C.
1484 165 1526 194 IV.

1280 243 1395 280 Angelos
1415 245 1443 271 et
1461 243 1588 272 homines
1610 243 1711 278 iustos;
1733 247 1773 273 est
1793 252 1852 272 uon
1872 244 2035 279 diuturna,
2057 247 2128 275 mul-

1280 289 1397 318 titudine
1417 289 1540 324 dierum;
1563 290 1608 319 lob
1630 290 1770 327 trigesimo
1791 291 1926 320 secundo:
1953 303 1967 317 «
1985 291 2043 321 Non
2064 296 2130 322 sunt

1280 335 1404 373 longaevi
1427 336 1563 373 sapientes
1579 347 1609 371 »ς
1630 345 1682 366 nec
1702 345 1825 366 numero
1840 345 1989 366 armorum
2011 346 2128 376 compu-

1281 386 1358 416 tata,
1380 382 1407 410 id
1428 385 1470 411 est
1495 390 1545 412 nec
1566 383 1744 413 multitudine
1765 392 1910 413 annorum.
1932 396 1946 410 «
1961 382 2033 414 Puer
2055 385 2128 415 enim

1282 432 1393 459 centum
1415 438 1553 459 annorum
1574 431 1722 466 morietur,
1745 433 1772 461 et
1794 435 1920 469 peccator
1948 436 2060 461 centum
2080 441 2129 461 an-

1281 485 1383 506 norum
1404 477 1567 507 maledictus
1595 478 1690 513 erit»,
1713 479 1795 508 Isaiae
1823 480 1995 517 sexagesimo
2022 480 2127 518 quinto.

1283 524 1360 553 Cani
1378 525 1455 553 enim
1475 528 1545 553 sunt
1564 533 1667 554 seusus
1688 525 1828 561 hominis,
1852 527 1878 555 id
1899 530 1941 556 est
1962 527 2021 556 loco
2048 535 2130 557 cano-

1282 579 1361 607 rum;
1376 571 1506 601 Glossa⁴t
1533 584 1547 597 «
1561 572 1660 609 Quasi:
1684 573 1752 601 hene
1774 576 1815 602 est
1829 581 1915 603 canus
1936 574 1984 612 qui
2000 575 2069 605 bene
2089 578 2131 605 est

1282 622 1450 654 sensatus»,
1479 619 1632 648 secundum
1662 620 1729 649 illud
1751 620 1870 650 Danielis
1898 621 2004 651 decimo
2032 622 2129 652 tertio:

1286 678 1300 692 «
1315 667 1374 695 Tibi
1395 666 1469 695 dedit
1491 666 1565 696 Deus
1591 666 1723 696 honorem
1753 668 1903 697 senectutis
1917 680 1944 703 n,
1966 668 1994 697 id
2021 672 2076 698 est·
2089 669 2130 698 di-

1283 713 1447 743 scretionem
1469 715 1496 742 et
1510 713 1684 750 sapientiam,
1706 722 1777 751 quae
1792 715 1861 743 solet
1882 722 1941 744 esse
1956 715 1984 744 in
2005 715 2130 750 senibus,

1283 761 1436 790 secundum
1461 760 1529 788 illud
1561 760 1606 789 lob
1636 760 1818 790 duodecimo:
1845 773 1859 787 (ι
1884 761 1912 790 ln
1943 762 2063 799 antiquis
2091 765 2132 791 est

1283 808 1428 845 sapientia,
1443 807 1512 836 etin
1534 807 1622 836 multo
1643 810 1767 844 tempore
1782 808 1930 844 prudentia
1944 820 1974 843 »;
1996 809 2061 838 item
2082 809 2131 839 Ec-

1283 854 1424 883 clesiastici
1458 854 1590 891 vigesimo
1621 854 1733 891 quinto:
1761 854 1896 883 «Corona
1926 863 2024 884 senum
2045 856 2133 885 multa

1284 902 1382 939 peritia
1397 913 1423 930 ».
1439 917 1475 922 —
1494 902 1526 929 Et
1547 905 1628 929 aetas
1642 901 1808 935 senectutis,
1831 901 1858 929 id
1872 904 1914 930 est
1934 902 2031 931 aetatis
2045 902 2132 932 vicem

1284 949 1428 986 supplens,
1449 949 1511 977 vita
1531 948 1739 982 immaculata,
1767 960 1780 973 «
1797 949 1876 985 quasi
1891 948 1975 977 dicat:
1997 949 2067 979 hene
2091 954 2132 980 est

1284 1004 1370 1025 senex
1391 996 1513 1024 mundus
1533 998 1561 1024 et
1582 995 1723 1032 simplex⁵
1738 1006 1769 1030 »;
1793 995 2006 1024 Proverhiorum
2027 996 2133 1026 decimo

1284 1046 1379 1071 sexto:
1407 1054 1421 1068 κ
1438 1042 1545 1071 Corona
1575 1042 1715 1079 dignitatis
1747 1045 1890 1077 senectus,
1923 1050 1994 1080 quae
2025 1043 2053 1072 in
2081 1044 2132 1073 viis

1286 1090 1404 1118 iustitiae
1426 1089 1583 1127 reperietur
1600 1101 1626 1117 υ.

1364 1137 1488 1165 Plaeeus
1518 1137 1573 1165 Deo
1595 1140 1645 1165 etc.
1673 1136 1718 1165 Hic
1748 1136 1859 1173 ponitur
1887 1137 2035 1174 multiplex
2063 1138 2134 1167 ratio

1284 1184 1477 1213 accelerandae
1499 1184 1612 1218 mortis,
1628 1192 1748 1221 quarum
1765 1184 1853 1220 prima
1867 1187 1908 1213 est
1929 1184 2076 1213 iustorum
2091 1185 2134 1213 di-

1282 1231 1400 1268 9nz‘tas,·
1421 1231 1555 1265 secunda,
1576 1231 1680 1259 mortis
1707 1231 1838 1260 utilitas:
1863 1232 1975 1268 Raptus
2002 1235 2042 1261 est
2063 1235 2131 1266 etc.;

1286 1278 1378 1311 tertia,
1401 1278 1477 1306 vilae
1495 1278 1719 1315 periculositas.-
1743 1279 1913 1307 Fas-eumatio
1928 1282 1996 1313 etc.;
2018 1282 2131 1316 quarta,

1285 1325 1422 1362 temporis
1444 1325 1665 1361 opportunitas:
1690 1325 1917 1354 Cousummatus
1932 1328 1999 1360 etc-.;
2021 1326 2131 1364 quinta,

1285 1371 1456 1408 beneplacita
1477 1372 1530 1399 Del
1552 1372 1702 1400 voluutas:
1726 1372 1842 1401 Placita
1864 1375 1915 1401 etc.

1363 1418 1452 1455 (Vers.
1478 1419 1543 1455 lO.).
1577 1418 1701 1447 Placen-s
1730 1419 1801 1452 Deo,
1834 1419 1938 1448 scilicet
1969 1428 2018 1457 per
2040 1428 2134 1449 veram

1284 1466 1380 1499 fidem,
1396 1465 1549 1494 secundum
1565 1465 1632 1494 illud
1647 1465 1681 1494 ad
1697 1466 1833 1494 Hebraeos
1849 1466 2027 1496 undeciino⁶:
2048 1479 2061 1493 «
2072 1467 2135 1496 Sine

1284 1513 1337 1542 side
1358 1513 1526 1550 impossibile
1557 1515 1599 1542 est
1620 1513 1728 1549 placere
1750 1513 1806 1541 Deo
1825 1524 1856 1546 »;
1878 1512 1977 1550 factus
1997 1514 2134 1549 dilectus,

1284 1564 1399 1597 propter
1421 1560 1571 1597 perfectam
1587 1560 1774 1594 dilectionem,
1797 1560 1949 1589 secundum
1975 1561 2042 1590 illud
2071 1561 2135 1590 Pro-

1284 1607 1445 1636 verbiorum
1473 1610 1585 1635 octavo:
1613 1618 1626 1632 «
1647 1607 1700 1644 Ego
1728 1607 1872 1644 diligentes
1900 1615 1943 1636 me
1967 1608 2051 1645 diligo
2062 1619 2089 1643 »3
2111 1612 2136 1637 et

1283 1655 1395 1689 vivens,
1418 1655 1521 1684 scilicet
1543 1662 1593 1692 per
1621 1655 1751 1691 gratiam,
1775 1663 1829 1683 non
1851 1656 1972 1684 moriens
1999 1663 2049 1693 per
2077 1656 2135 1685 cul-

1284 1711 1366 1739 pam;
1398 1703 1472 1731 inter
1502 1705 1686 1740 peccatores,
1719 1702 1822 1731 scilicet
1853 1702 2028 1740 impollutus,
2060 1704 2133 1741 quod

1284 1750 1362 1779 valde
1392 1757 1522 1787 magnum
1545 1752 1601 1783 est,
1623 1757 1687 1778 cum
1716 1750 1851 1787 scriptum
1878 1750 1913 1778 sit
1940 1750 1968 1779 in
1991 1750 2135 1779 PsaImo⁷z

1289 1798 1382 1826 «Cum
1398 1805 1531 1834 perverso
1545 1797 1714 1834 perverteris
1726 1808 1751 1832 »;
1771 1797 1819 1826 sed
1839 1797 1930 1826 iustus
1948 1798 2026 1835 quasi
2048 1798 2135 1827 lilium

1284 1844 1356 1873 inter
1378 1844 1486 1880 spinas,
1508 1843 1574 1881 quia
1595 1851 1645 1872 nec
1671 1844 1771 1872 amittit
1793 1852 1858 1873 suae
1887 1844 2016 1881 puritatis
2037 1844 2136 1874 cando-

1285 1899 1344 1920 rem
1366 1899 1416 1919 nec
1437 1898 1503 1919 suae
1531 1890 1618 1919 famae
1639 1891 1771 1925 odorem3
1801 1891 1977 1920 Canticorum
1998 1891 2135 1921 secundo:

1290 1949 1303 1962 α
1317 1937 1393 1966 Sicut
1415 1937 1503 1966 lilium
1525 1937 1597 1966 inter
1618 1937 1710 1974 spinas
1724 1950 1738 1962 »
1758 1941 1809 1966 etc.
1839 1938 2015 1967 Translatus
2029 1942 2087 1973 est,
2102 1938 2136 1967 de

1284 1984 1369 2014 exilio
1391 1985 1476 2013 huius
1497 1984 1593 2013 mundi
1614 1984 1647 2013 ad
1670 1985 1788 2022 patriani
1811 1985 1972 2019 caelestem,
1994 1985 2027 2014 de
2045 1988 2134 2015 morte

1285 2031 1319 2060 ad
1340 2031 1438 2065 vitam,
1460 2031 1493 2060 de
1515 2031 1665 2060 certamine
1687 2031 1721 2060 ad
1743 2039 1881 2060 coronam.

1365 2078 1533 2112 Notandum,
1555 2078 1629 2115 quod
1651 2078 1797 2115 multiplex
1820 2082 1862 2108 est
1882 2079 2054 2109 translatio.-
2080 2080 2137 2117 pri-

1286 2134 1342 2161 ma,
1364 2125 1398 2155 de
1419 2126 1502 2163 culpa
1530 2125 1556 2154 in
1575 2126 1725 2163 yratt'aiw
1747 2126 1852 2163 primae
1882 2126 1988 2156 Ioannis
2009 2126 2091 2156 tertio
2105 2127 2135 2156 ⁸:

1291 2185 1304 2199 «
1319 2174 1372 2202 Nos
1393 2173 1508 2207 scimus
1531 2173 1596 2210 quia
1617 2173 1742 2202 translati
1765 2181 1863 2202 sumus
1877 2173 1910 2202 de
1931 2176 2021 2203 morte
2035 2185 2063 2208 22,
2085 2173 2136 2203 sci-

1287 2221 1350 2250 licet
1364 2221 1470 2258 culpae,
1486 2232 1499 2246 «
1512 2220 1545 2249 ad
1557 2220 1640 2249 vitam
1653 2233 1680 2255 »,
1696 2221 1809 2258 gratiae,
1826 2233 1839 2246 «
1850 2221 1980 2258 quoniam
1995 2221 2136 2258 diligimus

1286 2268 1387 2296 fratres
1398 2279 1424 2295 ».
1441 2267 1579 2302 Secunda,
1600 2267 1634 2296 de
1649 2268 1738 2305 gratia
1755 2268 1916 2305 imperfecta
1930 2267 1964 2296 ad
1975 2267 2136 2305 perfectam

1285 2315 1433 2352 ,aramum
1454 2314 1591 2343 secundae
1611 2314 1645 2343 ad
1666 2314 1823 2343 Corinthios
1845 2315 1942 2344 tertio:
1969 2315 2137 2344 «Transfor-

1286 2370 1397 2390 mamur
1418 2361 1446 2390 in
1467 2361 1582 2390 eandem
1603 2361 1750 2399 imaginem
1783 2370 1799 2390 a
1819 2362 1944 2391 claritate
1971 2362 1998 2390 in
2027 2361 2137 2391 clarita-

1288 2412 1358 2443 tem,
1380 2411 1512 2446 tanquam
1534 2417 1550 2437 a
1570 2408 1678 2437 Domini
1701 2409 1846 2445 Spiritu».
1869 2409 1974 2443 Tertia,
1995 2409 2029 2438 de
2050 2409 2138 2446 gratia

1288 2455 1410 2493 perfecta
1430 2455 1465 2484 ad
1483 2455 1630 2493 9loriam;
1651 2455 1685 2484 de
1706 2464 1762 2493 qua
1782 2456 1842 2485 hic:
1871 2456 2047 2485 Translatus
2068 2459 2115 2485 est.

1367 2502 1455 2539 (Vers.
1474 2502 1540 2537 11.).
1557 2503 1670 2539 Raptus
1691 2506 1747 2537 est,
1763 2503 1842 2540 quasi
1864 2503 1951 2532 dicat:
1972 2511 2026 2532 non
2047 2503 2137 2532 solum

1289 2549 1454 2578 translatus
1481 2552 1535 2584 est,
1565 2549 1612 2578 sed
1641 2553 1763 2587 raptus,
1785 2550 1851 2587 quia
1879 2550 1933 2578 cito
1954 2552 2083 2579 mortuus
2110 2553 2137 2579 et

444 2750 452 2763 ²
469 2751 514 2774 Cfr.
531 2757 602 2779 supra
619 2758 674 2779 pag.
692 2752 750 2779 133,
766 2754 819 2774 nota
837 2752 860 2774 6.

444 2789 453 2803 ²
471 2791 592 2813 Vers.=12.
608 2804 639 2808 —
657 2792 790 2820 Sequuntur
806 2792 841 2814 Ps.
861 2792 903 2819 15,
922 2792 949 2820 8;
968 2791 1021 2818 118,
1039 2790 1180 2819 409.et65‚
1194 2790 1231 2812 12.

444 2828 453 2841 ³
471 2830 558 2858 Nempe
581 2830 753 2859 interlinearis,
774 2837 800 2853 ex
817 2830 926 2858 Rabano,
944 2830 983 2853 ubi
1001 2836 1044 2858 pro
1061 2829 1123 2853 vitae
1139 2829 1232 2857 ponitur

381 2868 474 2892 mentis.
485 2881 516 2886 —
528 2869 578 2892 Duo
590 2875 656 2898 seqq.
668 2870 710 2892 loci
725 2872 778 2892 sunt
790 2869 829 2892 lob
847 2870 890 2897 32,
907 2871 929 2892 9.
947 2872 970 2892 et
986 2870 1035 2892 lsai.
1053 2870 1095 2898 65,
1113 2870 1154 2892 20:
1173 2869 1233 2897 Quo-

381 2908 443 2931 niam
461 2914 520 2936 puer
537 2911 630 2931 centum
648 2911 691 2931 etc.

445 2945 456 2959 ⁴
473 2947 563 2970 Scilicet
582 2946 752 2970 interlinearis.
771 2960 802 2964 —
822 2948 874 2970 Post
894 2947 950 2971 cam*
968 2948 1066 2976 Vulgata
1089 2949 1170 2971 aulem
1189 2954 1233 2976 pro

383 2986 453 3010 enim.
471 2987 602 3016 Sequuntur
620 2987 675 3009 Dan.
698 2987 737 3014 13,
754 2987 796 3016 503
814 2986 853 3009 lob
872 2987 912 3014 12,
931 2987 968 3010 12.
985 2990 1008 3010 et
1024 2988 1091 3010 Eccli.
1108 2989 1151 3015 25,
1168 2988 1191 3010 8.

1351 2746 1361 2760 ⁵
1379 2749 1458 2771 Glossa
1475 2747 1650 2771 interlinearis:
1668 2748 1750 2777 Quasi:
1769 2748 1828 2771 bene
1844 2750 1879 2771 est
1895 2754 1964 2771 senex
1980 2748 2020 2778 qui
2037 2748 2139 2772 mundus

1289 2790 1323 2810 est
1340 2786 1401 2817 [eti]
1418 2787 1522 2815 simplex.
1540 2799 1571 2804 —
1589 2787 1697 2816 Sequitur
1714 2788 1782 2810 PrOV.
1800 2788 1841 2816 16,
1859 2788 1896 2810 31.

1352 2825 1362 2839 ⁵
1379 2827 1444 2849 Vers.
1462 2827 1485 2849 6.
1501 2838 1533 2843 —
1550 2826 1655 2849 Subinde
1675 2829 1728 2855 post
1743 2826 1822 2856 factus
1839 2827 1939 2855 Vulgata
1956 2827 2071 2850 interserit
2087 2827 2133 2855 est,

1289 2866 1354 2895 quod
1371 2866 1436 2889 deest
1451 2866 1474 2888 in
1492 2866 1556 2888 card.
1572 2866 1677 2894 Hugone.
1695 2866 1748 2895 Seq.
1766 2866 1830 2889 locus
1846 2869 1881 2889 est
1897 2867 1966 2889 Prov.
1983 2867 2009 2894 8,
2028 2866 2065 2889 17.

1353 2903 1362 2918 ⁷
1381 2906 1463 2929 Psalm.
1481 2905 1523 2934 17,
1540 2905 1579 2928 27.
1595 2918 1626 2922 —
1644 2905 1753 2934 Sequitur
1770 2905 1834 2928 Cant.
1852 2906 1879 2933 2,
1896 2906 1918 2928 2.

1352 2942 1362 2956 Β
1380 2945 1445 2967 Vers.
1463 2944 1501 2967 14.
1518 2957 1548 2960 -
1565 2944 1670 2967 Subinde
1686 2944 1796 2972 allegatur
1814 2945 1837 2967 ll.
1855 2944 1907 2967 Cor.
1924 2945 1952 2972 3,
1970 2945 2007 2967 18.

2169 1141 2249 1162 secundo
2254 1156 2259 1164 .

2151 1165 2233 1185 eiusdem
2251 1166 2261 1185 5

2151 1188 2237 1209 rationes.

2182 1453 2218 1467 ma-

2152 1424 2205 1443 Ratiu
2217 1424 2253 1449 pri·
2286 1389 2292 1482 ¹

2290 1746 2292 1767 l

2153 2081 2252 2102 'translatio
2291 2095 2293 2099 .

2166 2106 2238 2131 triplex.

2154 2505 2246 2526 Secunda.
