2296 3316
280 1668 352 1686 Divisio
366 1668 384 1686 iu
397 1668 409 1686 2

312 1693 381 1715 parles.

281 2087 354 2106 Divisio
367 2088 386 2106 in

306 2111 396 2130 membra.

425 150 481 179 394

424 227 496 256 sicut
522 225 711 262 multiplicitas
739 225 823 254 huius
852 224 970 253 nominis
989 232 1106 252 sanum.
1128 224 1203 253 Unde
1225 231 1271 252 ve-

424 273 533 301 rissimo
564 272 645 300 modo
674 271 777 300 dicitur
807 272 883 299 Deus
913 278 963 307 per
992 274 1154 304 naturam,
1179 270 1272 298 minus

424 327 491 348 vero
511 318 593 347 modo
613 318 719 347 dicendi
734 326 784 355 per
798 317 1071 355 participationem,
1087 316 1200 345 minime
1222 324 1271 353 per

424 365 688 402 nuncupationem,
718 365 783 401 quia
810 363 964 393 secundum
991 363 1077 392 solam
1106 362 1272 391 aestimatio-

425 418 497 439 nem.
519 410 589 447 Quia
617 418 683 447 ergo
704 409 946 438 calumniabantur
975 417 1011 438 ex
1039 409 1107 443 hoc,
1128 408 1203 445 quod
1224 416 1272 436 no-

423 464 486 486 men
508 456 554 485 dei
574 456 624 485 sibi
652 456 837 490 attribuerat;
860 455 974 492 probat,
1002 455 1077 493 quod
1104 455 1154 484 sibi
1184 457 1273 491 potest

424 503 482 532 sine
496 503 668 540 blasphemia
681 503 853 537 attribuere3
875 502 955 539 quia,
978 502 1000 531 si
1021 502 1127 530 amicus
1141 502 1184 530 vel
1199 501 1273 530 tilius

423 550 471 578 Dei
492 549 638 587 adoptivus
658 550 729 578 deus
749 549 861 584 dicitur,
883 552 911 578 et
937 557 1002 578 vere
1023 549 1098 577 Deus
1118 548 1273 577 honoratur

424 596 482 625 sine
502 596 691 633 blasphemia;
714 596 804 625 multo
825 597 912 633 magis
933 596 977 624 ille
999 596 1047 632 qui
1068 598 1110 624 est
1125 595 1209 623 Filius
1223 602 1272 632 per

423 645 568 676 naturam;
590 645 617 671 et
638 645 679 671 est
700 643 777 672 locus
799 651 818 671 a
839 643 980 671 minori&

503 690 548 717 57.
571 690 681 726 Quaest.
705 689 745 718 lV.
775 690 842 718 Item
873 689 1020 726 quaeritur
1049 688 1083 717 de
1114 689 1166 716 hoc
1198 688 1273 725 quod

423 736 537 765 dicunt:
560 737 684 765 loannes
705 736 821 775 quidem
842 736 956 765 nullum
977 735 1096 773 siynum
1117 734 1203 772 fecit:

504 785 528 812 1.
551 783 621 820 Quia
649 783 751 812 dicitur
779 784 867 812 Lucae
888 783 1015 820 primoss:
1038 783 1103 819 lpse
1122 782 1274 819 praecedet

425 833 492 858 ante
512 838 578 858 cum
599 830 631 858 in
651 830 761 867 spiritu
782 833 807 859 ct
827 830 934 858 virtute
957 829 1052 858 Eliae:
1074 837 1140 866 ergo
1168 828 1190 857 si
1216 828 1272 856 vir-

423 880 470 906 tus
496 877 568 906 Eliae
596 877 648 905 suit
676 877 704 905 in
731 877 865 906 miracula
896 876 1034 910 faciendo,
1056 876 1176 909 videtur,
1198 875 1272 912 quod

423 923 557 952 Dominus
578 924 706 952 debuerit
726 924 749 952 ei
772 924 838 952 dare
859 926 1021 960 potestatem
1043 923 1251 951 miraculorum.

504 971 529 998 9..
547 970 628 1004 ltem,
644 970 665 998 si
681 978 736 998 non
750 970 803 998 fuit
816 970 914 998 maior
930 970 1038 998 Ioanne
1053 969 1200 1006 quisquam
1213 969 1234 1002 ⁸,
1246 971 1273 997 et

423 1016 558 1044 Dominus
578 1016 721 1053 discipulis
741 1016 774 1045 de
801 1016 859 1053 ipso
888 1015 1098 1045 testificantibus
1123 1015 1272 1051 potentiam

424 1062 496 1091 dedit
519 1062 737 1097 miraculorum;
759 1070 847 1100 quare
868 1071 922 1091 non
948 1062 1074 1091 similiter
1095 1064 1122 1090 et
1143 1061 1259 1090 loanni?

1048 146 1217 175 COMMENT.
1241 146 1272 174 ΙΝ
1294 145 1439 175 ΙΟΑΝΝΕΜ
1461 145 1489 174 C.
1511 146 1553 174 xl.

1409 224 1588 252 Rasronueo:
1610 223 1778 257 Dicendum,
1793 223 1867 260 quod
1888 223 2001 251 Ioannes
2016 230 2032 251 a
2047 222 2175 259 pluribus
2193 229 2250 254 neap.

1329 270 1526 298 aestimabatur
1541 277 1600 298 esse
1614 269 1757 303 Christus,
1773 269 1845 298 sicut
1866 271 1940 306 patet
1961 277 1997 298 ex
2018 269 2109 306 primo
2129 276 2173 297 ca-

1329 315 1455 352 111311οὴ
1477 315 1538 344 ideo
1559 318 1695 352 quantum
1716 315 1749 343 ad
1771 315 1896 344 homines
1917 315 2060 344 sensibiles
2080 314 2176 344 debuit

1329 362 1483 391 differentia
1504 362 1641 391 sensibilis
1661 369 1721 391 esse
1741 361 1814 391 inter
1835 362 1964 390 loannem
1978 365 2006 391 et
2020 362 2175 395 Christum,

1329 412 1362 437 ut
1381 412 1493 446 possent
1513 409 1691 443 discernere;
1714 409 1761 438 sed
1782 417 1837 437 11011
1858 408 1954 438 debuit
1974 409 2002 437 111
2022 408 2177 437 sanctitate

1329 456 1420 490 vitae,
1442 456 1508 493 quia
1528 463 1640 485 necesse
1661 458 1717 489 est,
1737 458 1834 484 testem
1855 455 1964 484 fidelem
1985 457 2112 484 sanctum
2132 462 2177 484 re—

1330 502 1442 539 putari:
1463 510 1530 539 ergo
1550 502 1689 539 oportuit,
1711 501 1786 539 quod
1806 504 1878 531 esset
1905 501 1934 530 in
1962 501 2177 530 miraculorum

1330 549 1437 577 virtute
1448 548 1467 576 ⁵.

1412 596 1436 623 1.
1458 595 1536 631 Quod
1564 594 1693 623 obiicitur
1715 594 1748 623 de
1769 594 1878 631 spiritu
1898 597 1923 622 et
1943 594 2063 628 virtute,
2084 593 2176 622 dicen-

1329 641 1412 675 dum,
1434 641 1509 677 quod
1530 641 1646 670 verbum
1670 640 1742 669 Eliae
1763 644 1823 669 erat
1843 640 1976 678 igneum3
1997 640 2036 669 sic
2063 643 2091 669 et
2114 648 2177 669 ver-

1330 687 1398 716 bum
1414 687 1533 721 loannis,
1548 687 1620 715 sicut
1635 687 1693 724 ipse
1707 687 1840 715 Dominus
1854 686 1926 715 dixit
1940 694 2026 723 supra
2040 686 2138 723 quinto
2148 685 2176 714 ⁶:

1332 735 1396 771 lpse
1416 737 1479 762 erat
1501 734 1623 762 lucerna
1643 733 1752 762 ardens
1772 737 1798 762 et
1819 733 1924 762 lucens.

1409 783 1435 809 2.
1458 781 1536 818 Quod
1557 780 1686 809 obiicitur
1700 780 1734 809 de
1748 780 1906 817 discipulis,
1925 779 2088 814 dicendum,
2103 779 2178 817 quod

1329 827 1363 856 de
1384 828 1461 856 nullo
1481 827 1681 864 discipulorum
1703 829 1763 856 erat
1783 827 1916 864 suspicio,
1931 826 2006 864 quod
2027 826 2085 864 ipse
2106 828 2178 855 esset

1329 874 1472 908 Christus;
1487 877 1515 903 et
1528 874 1594 911 quia
1615 874 1744 903 omnibus
1765 874 1921 908 constabat,
1941 873 2015 911 quod
2036 873 2178 902 Christum

1329 921 1416 949 secuti
1437 920 1565 954 suerunt,
1587 923 1691 954 totum⁷
1713 920 1787 957 quod
1808 923 1868 949 erat
1889 920 1916 948 in
1942 920 1996 954 eis,
2024 922 2052 949 et.
2079 919 2179 949 sancti-

1330 968 1393 996 tatis
1414 970 1441 996 et
1463 967 1574 995 virtutis
1595 969 1622 995 et
1643 966 1788 1001 scientiae,
1807 966 1936 1003 Magistro
1957 966 2146 995 attribuebant
2157 966 2176 994 ⁷.

1329 1014 1380 1042 Sed
1403 1014 1515 1042 loannes
1543 1021 1597 1041 non
1626 1013 1717 1042 suerat
1744 1013 1891 1041 Dominum
1914 1014 2098 1047 secutusnec
2118 1011 2178 1041 eius

1330 1061 1490 1097 discipulus.

1193 1170 1354 1198 CAPrrULUiu
1375 1170 1417 1198 XI.

472 1279 569 1311 Quarto,
587 1279 662 1303 Filius
679 1280 717 1303 Dei
735 1287 758 1303 se
775 1280 910 1303 manifestat
926 1280 1051 1310 perfectum
1067 1279 1228 1309 reparatorem.

507 1376 530 1403 1.
563 1376 634 1404 Erat
662 1379 759 1403 autem
787 1375 910 1413 quidam
939 1374 1080 1411 lanyuetis
1108 1377 1159 1402 etc.
1183 1374 1273 1410 Supra

424 1421 543 1450 ostendit
563 1421 696 1450 Dominus
718 1429 747 1450 se
768 1425 925 1450 curatorem
947 1424 974 1449 et
998 1424 1219 1449 conservatorem
1246 1423 1272 1449 et

425 1468 606 1501 directorem,
629 1468 673 1496 bic
694 1468 828 1502 ostendit,
850 1475 879 1496 se
892 1475 951 1496 esse
963 1466 1124 1504 perfectum
1146 1475 1271 1504 repara-

426 1514 553 1548 torenz⁸;
574 1514 648 1551 quod
669 1515 700 1543 sit
721 1514 747 1542 in
769 1515 875 1543 animae
897 1517 924 1542 et
945 1514 1068 1550 corporis
1090 1514 1188 1542 iterata
1208 1521 1272 1542 con-

425 1561 587 1595 iunctione;
619 1564 646 1589 et
678 1562 729 1589 boc
760 1561 879 1590 ostendit
909 1561 936 1589 iu
969 1561 1061 1589 Lazari
1093 1560 1271 1597 quatriduani

425 1608 620 1641 suscitatione;
649 1610 676 1636 et
696 1607 779 1635 durat
800 1608 868 1636 llaec
899 1616 963 1644 pars
984 1615 1074 1644 usque
1095 1607 1169 1635 circa
1189 1607 1272 1635 finem

426 1654 554 1690 capituli,
583 1654 659 1681 ibi⁰t
691 1653 870 1691 Collcyerunt
888 1662 955 1691 erqo
973 1653 1123 1690 pontifices
1148 1656 1198 1681 etc.
1227 1653 1273 1681 Di-

426 1700 529 1728 viditur
550 1703 643 1728 autem
665 1700 692 1727 in
713 1700 798 1728 duas:
820 1700 886 1737 quia
908 1701 997 1737 primo
1030 1703 1172 1737 ponuntur
1194 1703 1273 1728 ante-

427 1746 555 1774 cedentia
582 1746 622 1774 ad
653 1746 849 1779 miraculum,-
880 1746 1001 1775 secundo
1034 1746 1146 1782 ponitur
1174 1746 1273 1783 ipsunt

427 1792 624 1827 miraculum,
647 1792 683 1821 ibi
696 1791 734 1820 ¹⁰:
757 1793 836 1821 Haec
850 1801 917 1821 cuni
932 1793 1067 1827 dixisset,
1082 1801 1147 1821 voce
1162 1801 1274 1830 inagna

426 1839 573 1868 clamavit.

541 1941 599 1964 Pars
616 1941 703 1971 prima,
721 1940 747 1963 de
764 1940 952 1964 antecedentibus
969 1940 998 1964 ad
1014 1940 1158 1964 miraculum.

505 2027 596 2056 Prima
610 2035 675 2064 pars
689 2027 773 2055 habet
787 2030 908 2064 quatuor
923 2030 1015 2063 partes
1036 2027 1190 2055 secundum
1205 2035 1274 2063 qua-

400 2088 410 2105 t
427 2077 491 2102 tuor
512 2073 716 2107 antecedentia,
737 2080 809 2110 quae
830 2072 1003 2101 determinat.
1030 2073 1057 2100 In
1082 2073 1172 2109 prima
1197 2076 1273 2101 nota-

427 2123 474 2148 tur
495 2119 676 2148 denuntiatio
701 2119 902 2156 infirmitatis,·
927 2119 954 2147 in
979 2119 1112 2153 secunda,
1132 2119 1274 2147 aduentus

428 2167 540 2200 Medici,
552 2166 589 2195 ibi
602 2167 640 2194 ¹¹:
658 2166 765 2194 Deinde
775 2170 841 2203 post
855 2165 926 2194 haec
939 2166 1009 2194 dicit
1023 2165 1178 2202 discipulis
1192 2165 1273 2198 suis,-

1329 1279 1357 1307 in
1379 1279 1475 1312 tertia,
1491 1278 1656 1307 intercessio
1671 1279 1728 1307 sive
1743 1278 1873 1307 meritum
1888 1277 1972 1315 fidei,
1987 1277 2042 1306 ibi:
2058 1275 2177 1305 Martha

1329 1334 1411 1363 erqo,
1433 1330 1467 1353 ut
1487 1325 1618 1359 audivit,
1640 1325 1712 1363 quia
1733 1325 1815 1353 Iesus
1829 1324 1906 1352 venit
1925 1327 1990 1358 etc.;
2012 1324 2039 1352 in
2061 1326 2176 1360 quarta,

1329 1373 1479 1401 eoeautlitio
1507 1372 1641 1409 pietatis,
1664 1372 1716 1400 ibi:
1739 1372 1820 1400 lesus
1850 1380 1935 1409 erqo,
1956 1374 1990 1399 ut
2020 1370 2092 1400 vidit
2113 1379 2178 1399 earn

1327 1419 1502 1456 plorantem.

1407 1466 1580 1495 Describitur
1602 1474 1668 1503 ergo
1682 1465 1772 1502 primo
1793 1464 1977 1502 infirmitatis
1997 1463 2178 1493 denuntiatio
2195 1470 2294 1497 Pamm-

1330 1513 1382 1541 hoc
1402 1513 1514 1542 ordine:
1537 1513 1627 1550 primo
1648 1513 1771 1550 tangitur
1793 1511 1959 1550 languentis
1979 1511 2104 1540 conditio
2111 1521 2122 1545 ‚·
2136 1519 2178 1540 se-
2206 1500 2294 1538 tiatiovii-

1331 1606 1425 1639 ratio;
1447 1608 1564 1642 quarto,
1584 1605 1722 1634 sanitatis
1743 1605 1845 1633 dilatio
1858 1605 1889 1633 ¹2.

1409 1653 1435 1680 2.
1459 1652 1547 1688 (Vers.
1580 1652 1625 1687 1.).
1658 1651 1837 1689 Languentis
1867 1651 1952 1688 igitur
1980 1650 2105 1679 conditio
2131 1650 2178 1679 de-
2190 1657 2294 1682 Exposita

1331 1746 1401 1774 dam
1423 1745 1567 1783 lanquens
1587 1745 1728 1774 Lazarus
1735 1755 1746 1778 ‚·
1766 1753 1783 1773 a
1799 1744 1920 1781 patria,
1947 1752 2010 1773 cum
2032 1743 2176 1773 subditur:

1331 1800 1350 1819 a
1372 1790 1534 1829 Bethania,
1556 1791 1583 1819 in
1615 1799 1698 1828 quem
1731 1791 1822 1819 locum
1853 1790 1957 1819 solebat
1977 1790 2111 1819 Dominus
2131 1797 2178 1819 ve-

1331 1839 1392 1867 nire
1404 1830 1445 1872 ¹³}
1465 1846 1481 1866 a
1498 1837 1668 1875 parentela,
1690 1845 1754 1866 cum
1775 1837 1920 1866 subditur:
1936 1837 1970 1865 de
1985 1836 2098 1865 castello
2116 1836 2179 1865 Ma-

1331 1885 1396 1913 riae
1410 1888 1434 1913 et
1449 1884 1600 1919 Marthae,
1621 1893 1759 1913 sororum
1774 1884 1854 1917 eius,·
1869 1884 1958 1913 Lucae
1971 1883 2092 1912 decimo:
2113 1894 2126 1908 «
2137 1883 2179 1912 ln-

1331 1931 1415 1959 travit
1436 1931 1511 1959 Iesus
1531 1931 1559 1959 in
1580 1930 1718 1967 quoddam
1740 1930 1900 1965 castellum,
1922 1932 1950 1959 et
1971 1929 2072 1958 mulier
2093 1937 2179 1967 quae-

1331 1978 1407 2012 dam,
1422 1978 1530 2006 Martha
1544 1978 1664 2011 nomine,
1680 1977 1790 2014 excepit
1805 1977 1882 2006 illum
1895 1977 1923 2005 in
1934 1977 2047 2006 domum
2064 1984 2178 2005 suam».

1332 2025 1362 2053 Et
1384 2025 1539 2062 specialiter
1560 2024 1692 2054 describit
1713 2024 1841 2053 Mariam:

1410 2072 1436 2100 3.
1459 2072 1548 2108 <Vera
1571 2073 1619 2107 2).
1643 2072 1718 2100 Erat
1738 2075 1835 2100 autem
1856 2071 1973 2105 Maria,
1994 2078 2069 2109 quae
2094 2069 2181 2098 unxit

1331 2119 1490 2147 Dominum
1511 2122 1659 2156 unyuento
1680 2122 1705 2146 et
1732 2118 1851 2147 extersit
1873 2118 1960 2155 pedes
1980 2117 2043 2146 eius
2064 2116 2180 2154 capillis

1330 2166 1412 2200 suis,
1434 2165 1463 2194 in
1484 2174 1539 2203 quo
1561 2165 1633 2194 miro
1651 2165 1733 2194 modo
1748 2165 1877 2194 laudatur
1892 2165 1952 2194 eius
1967 2163 2092 2198 devotio;
2107 2162 2181 2192 iufra

428 2340 524 2367 Gregor.
550 2339 575 2367 (1.
600 2340 684 2362 Homil.
708 2340 731 2361 in
756 2340 838 2362 Ezech.
859 2340 938 2362 homil.
956 2340 977 2362 8.
995 2346 1018 2361 n.
1037 2340 1057 2362 3.
1075 2342 1097 2362 et
1114 2340 1138 2362 ΙΙ.
1156 2340 1235 2362 homil.
1253 2340 1275 2362 3.

428 2385 449 2400 n.
467 2378 512 2406 7.)‚
530 2378 569 2407 qui
587 2379 690 2407 sequitur
707 2379 775 2401 Hilar.
793 2378 832 2407 (de
850 2378 937 2406 Synod.
954 2385 976 2400 n.
994 2379 1035 2406 36;
1053 2379 1094 2400 cfr.
1118 2378 1140 2400 in
1163 2379 1199 2401 Ps.
1223 2378 1274 2400 «134.

428 2422 450 2438 n.
473 2416 518 2444 9.),
534 2416 695 2446 nuncupative
721 2417 790 2439 utitur
815 2423 843 2439 eo
868 2423 949 2445 sensu,
967 2422 1014 2445 quo
1041 2416 1184 2444 Augustinus
1201 2416 1274 2438 verbo

425 2454 610 2484 participatione
627 2454 679 2483 (pro
697 2462 744 2484 quo
761 2456 775 2477 1.
793 2456 854 2478 Sent.
872 2455 896 2478 d.
913 2455 935 2477 4.
946 2462 969 2484 q.
982 2455 1003 2477 3.
1017 2455 1040 2477 in
1053 2461 1116 2483 corp.
1129 2454 1275 2477 substituitur

428 2492 554 2522 adoptive).
569 2506 601 2510 —
617 2495 650 2516 De
667 2494 833 2522 multiplicitate
848 2495 948 2517 nominis
964 2494 1020 2517 sani
1035 2495 1076 2516 cfr.
1095 2495 1108 2516 1.
1127 2495 1186 2516 Sent.
1200 2494 1223 2516 d.
1238 2494 1275 2516 46.

428 2538 451 2560 q.
469 2533 491 2554 5.
508 2532 531 2554 in
549 2539 612 2560 corp.
631 2536 653 2555 et
671 2533 694 2555 d.
712 2534 733 2555 l.
750 2539 772 2555 a.
788 2534 809 2555 3.
827 2540 850 2562 q.
869 2534 889 2556 l.
907 2533 936 2556 ad
957 2534 974 2555 1.
994 2534 1027 2562 (v.
1044 2540 1067 2562 g.
1086 2540 1168 2556 sanum
1192 2533 1275 2555 dicitur

427 2570 533 2599 animal,
551 2571 615 2595 cibus
633 2573 694 2601 ete).

492 2610 498 2623 ¹
517 2610 549 2632 De
566 2617 613 2638 quo
631 2612 672 2633 cfr.
689 2614 745 2633 tom.
763 2611 778 2633 1.
797 2617 851 2639 pag.
870 2612 928 2638 835,
945 2614 998 2634 nota
1017 2612 1038 2634 5.

490 2647 500 2661 ²
518 2650 582 2672 Vers.
602 2650 638 2672 v17.

491 2686 501 2699 ³
518 2688 594 2710 Matth.
615 2689 636 2710 11
647 2705 654 2716 ‚
672 2689 714 2715 ·11;
732 2688 788 2711 ibid.
807 2690 848 2716 10,
866 2690 888 2712 l.
905 2689 1000 2716 dicitur,
1017 2689 1082 2718 quod
1098 2688 1203 2712 Christus
1220 2689 1275 2711 duo-

429 2727 505 2749 decim
522 2727 641 2754 discipulis
658 2727 722 2750 dedit
738 2730 875 2755 potestatem
896 2728 1002 2751 eliciendi
1024 2728 1162 2756 daemones,
1179 2727 1275 2750 curandi

429 2766 544 2794 inflrmos3
561 2767 602 2789 cfr.
622 2767 675 2788 Luc.
693 2767 720 2793 9,
740 2767 760 2789 i.
777 2773 844 2796 seqq.
1044 2766 1054 2779 “¹
1071 2767 1137 2789 Vers.
1155 2767 1192 2789 49.
1209 2773 1274 2795 seqq.

491 2803 501 2816 ⁵
518 2805 627 2833 Gregor.,
645 2805 697 2827 XX.
715 2806 793 2827 Moral.
810 2812 829 2828 c.
847 2806 869 2828 7.
886 2813 910 2828 n.
929 2806 968 2828 17:
987 2806 1093 2828 Probatio
1116 2806 1205 2834 quippe
1227 2811 1276 2827 san-

429 2843 512 2866 ctitatis
524 2849 567 2865 non
580 2846 614 2866 est
625 2844 690 2871 signa
702 2845 788 2871 tacere,
800 2845 840 2867 sed
852 2851 1045 2874 unumquemque
1054 2849 1079 2867 111
1090 2851 1114 2867 se
1123 2845 1220 2872 diligere
1232 2846 1275 2866 etc.

491 2880 501 2893 ⁵
518 2882 583 2905 Vers.
601 2883 640 2905 35.
657 2895 687 2899 --
704 2883 772 2905 Eccli.
798 2883 839 2910 48,
863 2884 892 2906 sl:
914 2885 939 2906 Et
961 2884 1058 2906 surrexit
1080 2884 1139 2906 Elias
1161 2884 1275 2911 propheta

429 2921 495 2950 quasi
511 2921 579 2949 ignis,
596 2924 618 2944 et
635 2921 734 2944 verbum
753 2922 824 2949 ipsius
841 2923 906 2951 quasi
924 2923 996 2945 [301113
1014 2922 1117 2945 ardebat.

1395 2338 1403 2351 ⁷
1422 2340 1464 2362 Ed.
1479 2338 1667 2367 attribuebatur,
1685 2345 1746 2368 quae
1763 2338 1831 2361 etiam
1850 2338 1943 2361 interius
1962 2339 2015 2366 post
2036 2343 2078 2361 nec
2098 2337 2181 2365 repetit

1331 2379 1418 2408 fuerat.

1395 2416 1404 2429 ⁸
1421 2417 1465 2440 Csr.
1483 2424 1554 2446 supra
1571 2424 1592 2440 c.
1609 2418 1630 2439 5.
1647 2423 1670 2439 n.
1689 2417 1711 2439 ¹1.

1394 2455 1404 2468 ⁹
1421 2457 1487 2479 Vers.
1506 2456 1543 2479 47.

1396 2494 1415 2507 ¹⁰
1432 2495 1497 2517 Vers.
1518 2495 1554 2517 43.

1396 2533 1413 2546 ¹¹
1432 2534 1497 2556 Vers.
1515 2534 1542 2562 7,
1560 2534 1599 2557 ubi
1612 2540 1654 2561 pro
1666 2533 1723 2557 dicit
1733 2533 1771 2556 ed.
1782 2540 1836 2556 cum
1849 2533 1947 2561 Vulgata
1959 2531 2027 2556 divit.
2039 2532 2104 2555 Duae
2115 2538 2180 2561 seqq.

1332 2576 1409 2602 partes
1426 2573 1540 2595 habentur
1556 2580 1580 2595 v.
1597 2573 1635 2595 20.
1652 2575 1675 2595 et
1692 2573 1730 2595 33.

1395 2611 1415 2624 ¹²
1433 2612 1474 2634 Ed.
1490 2618 1544 2634 011111
1562 2618 1609 2634 11011
1626 2611 1706 2639 paucis
1723 2611 1792 2634 codd.
1809 2617 1933 2639 perperam
1945 2609 2013 2634 terlio
2025 2609 2134 2633 sanitatis
2146 2609 2181 2634 di—

1333 2650 1401 2679 latio,
1419 2652 1505 2680 qztarto
1523 2650 1669 2680 infirmitatis
1686 2649 1757 2673 ratio.

1396 2687 1415 2701 ¹⁸
1432 2688 1478 2711 Csr.
1494 2690 1571 2712 ltlattli.
1588 2689 1613 2711 24
1626 2706 1631 2716 ,
1650 2689 1688 2711 17.
1704 2691 1727 2711 et
1743 2689 1786 2716 26,
1804 2689 1826 2710 6.
1843 2688 1902 2711 Vide
1919 2694 1990 2716 supra
2002 2694 2055 2716 pag.
2068 2687 2125 2716 258,
2141 2693 2181 2710 no·

1332 2730 1378 2750 tam
1391 2729 1399 2750 1
1410 2728 1415 2750 1
1428 2746 1432 2756 ,
1444 2727 1484 2750 ubi
1497 2728 1565 2750 etiam
1577 2734 1604 2750 ex
1616 2727 1716 2755 Origene
1733 2727 1823 2754 dicitur,
1839 2727 1903 2756 quod
1921 2726 2035 2750 Bethania
2051 2726 2180 2749 secundum

1331 2767 1496 2794 etymologiam
1520 2766 1582 2788 idem
1599 2766 1628 2788 sit
1649 2772 1676 2788 ac
1701 2765 1785 2789 domus
1802 2764 1952 2788 obedientiae.
1969 2765 2091 2793 Lazarus,
2109 2767 2134 2787 ut
2150 2765 2181 2787 ait

1332 2804 1425 2827 Hieron.
1444 2804 1492 2833 (lib.
1509 2804 1538 2827 de
1555 2803 1670 2826 Nominib.
1688 2803 1794 2826 Hebralc.
1815 2810 1871 2826 nov.
1894 2805 1982 2826 testam.
2005 2802 2096 2831 Mare),
2119 2802 2180 2825 idem

1332 2846 1366 2866 est
1382 2849 1409 2866 ac
1425 2842 1522 2866 adiutus
1541 2843 1562 2871 (a
1580 2843 1695 2871 Domino).
1713 2842 1759 2865 cfr.
1776 2842 1832 2864 iufra
1850 2849 1874 2865 v.
1892 2842 1929 2864 ⁴9.
1945 2848 1969 2864 n.
1985 2842 2066 2864 30.—
2078 2840 2182 2864 Subinde

1332 2883 1442 2911 allegatur
1458 2883 1514 2905 Luc.
1536 2883 1573 2909 lO,
1592 2883 1630 2905 38.

2187 600 2224 619 nd
2235 601 2253 620 1.

2194 786 2224 806 Ad
2232 787 2252 807 Β.

2207 1496 2237 1513 tur
2251 1494 2275 1513 di..
2287 1505 2294 1510 -

1330 1559 1437 1594 cundo,
1460 1559 1616 1597 lanquoris
1646 1558 1845 1592 denuntiatio,-
1867 1558 1962 1593 tertio,
1994 1557 2178 1596 infirmitatis
2206 1542 2293 1607 ffifflq'

1331 1699 1464 1727 scribitur
1485 1707 1502 1727 a
1521 1698 1653 1730 nomine,
1675 1706 1739 1727 cum
1761 1698 1879 1726 dicitur:
1903 1698 1976 1726 Erat
1996 1701 2094 1726 autem.
2114 1697 2178 1736 qui·
2196 1681 2276 1739 Ριιῑῗιῗιῗῖἶ
