2296 3316
2 651 5 706 l

2 707 103 750 potandum
108 732 113 737 .

32 1567 110 1586 Divisio.

727 161 897 190 COMMENT.
920 161 952 190 IN
973 161 1164 190 SAPIENTlAM
1185 162 1212 190 C.
1234 162 1276 190 xi.

135 252 149 266 «ι
163 241 190 269 id
211 243 253 270 est
273 240 453 270 ineffabilium
474 240 655 269 afflictionum
670 251 697 275 »‚
719 242 751 268 ut
771 239 838 268 dicit
850 239 977 273 Glossa¹;

130 287 232 316 eduxit
251 287 328 322 illos,
345 287 448 316 scilicet
462 287 534 316 filios
549 287 646 321 lsrael,
662 287 689 315 in
705 287 757 315 hoc
771 286 888 320 scilicet,
903 285 977 323 quod

130 334 255 363 inimicos
275 342 386 368 eorum,
408 333 456 371 qui
470 341 518 362 eos
531 333 660 362 volebant
680 333 745 362 illuc
759 332 892 361 mittendo
906 332 977 361 occi-

130 380 211 415 dere,
233 381 298 409 illuc
319 380 472 409 transmisit
504 380 545 409 vel
570 380 698 417 proiecit;
724 379 903 408 Ecclesiastici
934 379 978 407 ul-

131 426 211 456 timo:
237 436 251 452 <z
265 427 303 456 De
323 427 468 456 altitudine
489 426 594 456 ventris
616 426 696 455 inferi
717 429 774 455 eta
788 426 882 463 lingua
902 426 977 454 coin-

130 473 244 512 quinata
254 476 282 503 et
295 482 312 503 a
325 474 411 503 verbo
424 474 597 504 mendacii».
614 474 679 502 Ideo
694 473 779 508 iusti,
794 473 898 502 scilicet
912 473 976 510 quia

130 521 269 551 cumillis
296 525 356 551 erat
386 521 534 559 sapientia;
556 521 640 556 iusti,
668 521 772 550 scilicet
800 520 847 549 filii
878 521 976 556 Israel,

130 569 259 598 tulerunt
277 569 372 607 spolia
400 569 578 607 impiorum,-
599 568 731 598 Glossa²z
761 580 775 594 «
790 568 860 598 Vasa
891 576 977 598 aurea

129 618 162 645 et·
170 618 300 654 argentea
314 616 509 654 Aegyptiorum
521 628 548 651 »,
563 618 595 645 ut
610 618 684 653 patet
699 615 785 644 Exodi
799 615 975 649 duodecim03

130 663 342 693 Proverbiorum
364 664 470 693 decimo
491 663 586 693 tertio:
612 675 625 689 α
640 663 802 693 Custoditur
822 663 895 692 iusto
910 663 975 692 sub-

128 711 228 741 stantia
241 712 393 749 peccatoris
406 723 433 740 ».
449 712 529 746 Nota,
544 711 619 749 quod
633 719 687 740 non
702 711 768 740 dicit
782 710 974 745 abstula-unt,

112 759 194 797 ¹quia
214 759 248 788 de
268 759 397 788 mandato
418 759 586 797 superioris,
608 759 712 788 scilicet
732 758 794 793 Dei,
816 759 884 788 haec
904 758 975 787 fece-

128 808 210 841 runt;
232 809 259 835 et
290 806 351 835 ideo
380 806 487 835 furtum
518 806 559 835 vel
592 806 718 843 rapinam
746 814 801 835 non
831 805 976 834 commise-

128 855 210 888 runt,
232 854 328 882 saltem
350 854 388 882 illi
410 853 458 891 qui
480 861 534 882 non
559 853 725 890 cupiditate,
754 852 801 882 sed
823 852 975 881 intentione

127 899 271 929 obediendi
293 900 350 929 Deo
371 900 439 929 haec
459 900 585 929 fecerunt
596 900 615 928 ³.

206 946 296 983 (Vers.
311 947 379 983 20).
398 948 432 975 Et
446 947 687 981 decantaverunt,
703 946 730 975 id
744 949 785 975 est
799 946 896 975 devote
910 954 974 975 can-

128 996 270 1028 taverunt,
284 994 387 1023 scilicet
398 996 460 1031 post
470 994 617 1023 transitum
632 994 717 1022 maris
731 993 827 1027 rubri:
845 994 973 1027 Domine,

127 1048 231 1069 nomen
243 1044 381 1069 sanetum
395 1044 495 1074 tuum,·
511 1040 595 1069 Exodi
610 1040 717 1069 decimo
731 1041 863 1078 quinto4:
880 1052 893 1065 (ι
905 1040 973 1069 Can-

128 1089 219 1115 temus
229 1086 345 1116 Domino
359 1090 420 1121 etc„
436 1087 569 1115 Dominus
582 1087 661 1124 quasi
675 1087 716 1115 vir
728 1090 874 1124 pugnator,
886 1087 974 1115 omni—

128 1135 225 1170 potens
235 1141 335 1162 nomen
345 1134 406 1162 eius
418 1144 444 1168 »3
461 1134 500 1162 sic
510 1136 604 1162 autem
615 1134 844 1162 decantaverunt
859 1141 910 1170 pro
924 1141 974 1162 sua

128 1179 297 1209 liberatione.
314 1181 350 1209 Et
362 1181 509 1209 victricem
524 1188 646 1209 manum
662 1183 762 1214 taam,
778 1180 804 1208 id
818 1183 860 1209 est
879 1183 974 1217 poten-

1826 164 1879 191 177

1035 239 1116 273 tiam,
1138 239 1336 269 laudaverunt
1349 241 1476 278 pariter,
1492 241 1518 270 id
1533 244 1575 270 est
1593 240 1690 275 simul,
1706 241 1808 270 scilicet
1829 248 1880 278 pro

1034 293 1150 314 suorum
1162 286 1386 320 adversariorum
1397 288 1560 322 deiectione;
1572 287 1646 316 unde
1657 288 1770 317 ibidem:
1784 299 1798 313 <1
1806 288 1879 317 Dex-

1035 336 1095 361 tera
1109 336 1172 367 tua,
1188 333 1318 368 Domine,
1334 334 1508 371 magnificata
1521 337 1563 364 est
1577 335 1604 363 in
1619 334 1779 364 fortitudine
1794 346 1820 363 ».

1112 379 1201 414 (Vers.
1218 381 1285 417 21).
1303 381 1451 419 Quoniam
1464 381 1610 419 sapientia
1624 384 1685 416 etc,
1701 382 1780 419 quasi
1794 381 1878 410 dicat:

1033 428 1060 454 et
1082 426 1181 455 merito
1201 427 1430 456 decantaverunt
1456 431 1483 457 et
1503 428 1701 457 laudaverunt
1721 431 1789 462 etc.;
1811 436 1879 467 quo-

1033 472 1116 501 niam
1136 474 1297 511 sapientia,
1318 482 1365 503 eos
1386 475 1489 504 scilicet
1510 475 1646 509 liberans,
1661 475 1792 513 aperuit,
1808 475 1879 504 scili-

1033 523 1077 549 cet
1097 520 1125 549 in
1147 520 1255 549 laudem
1288 521 1406 550 nominis
1436 521 1536 555 divini,
1558 530 1590 550 os
1610 525 1778 556 mutorum,
1800 522 1879 559 prius

1033 575 1099 604 prae
1114 567 1213 596 timore
1228 567 1493 603 obmutescentium;
1510 568 1595 597 Exodi
1616 569 1722 598 decimo
1742 568 1878 606 quarto⁵:

1038 625 1051 639 «
1066 614 1200 643 Viderunt
1221 614 1269 643 filii
1292 615 1373 644 lsrael
1394 616 1538 653 Aegyptios
1559 619 1620 652 post
1641 624 1669 645 se
1683 619 1711 645 et
1725 616 1879 645 timuerunt

1032 662 1111 691 valde
1125 674 1152 690 ».
1176 663 1211 691 El
1231 662 1350 700 linquas
1371 662 1550 701 infantium,
1566 663 1593 692 id
1613 666 1654 693 est
1669 663 1719 692 fari
1736 671 1878 701 nequeun-

1033 710 1119 745 tium,
1140 709 1208 748 feeit
1228 710 1365 745 disertas,
1388 710 1414 740 id
1435 713 1477 740 est
1497 710 1673 748 eloquentes,
1695 711 1765 740 forte
1779 710 1812 739 ad
1834 710 1878 739 lit-

1032 761 1137 791 teram,
1163 758 1270 795 linguas
1302 766 1454 795 puerorum
1489 758 1691 792 Hebraeorum,
1723 757 1876 787 secundum

1031 804 1100 833 illud
1121 805 1219 833 Psalmi
1240 808 1351 834 octavo:
1379 817 1392 830 <t
1408 805 1447 833 Ex
1469 813 1517 834 ore
1546 804 1689 834 infantium
1718 808 1746 834 et
1774 805 1876 834 lacten-

1032 852 1100 880 tium
1117 864 1129 877 »
1157 856 1208 881 etc.
1232 852 1295 881 Vel:
1317 851 1490 890 infantium,
1506 852 1533 881 id
1547 855 1588 881 est
1609 852 1820 890 Imperitorum‚
1837 852 1877 881 10-

1030 900 1079 936 qui
1094 900 1274 929 nescientium
1290 899 1324 928 ad
1339 900 1451 929 modum
1467 900 1624 934 infantium,
1640 900 1791 929 secundum
1808 899 1875 928 illud

1032 947 1160 976 [eremiae
1188 947 1317 984 primoss:
1354 959 1367 972 «
1382 947 1476 976 Nescio
1510 948 1597 985 loqui,
1629 947 1695 984 quia
1726 955 1795 984 puer
1827 955 1877 984 ego

1030 1002 1093 1022 sum
1109 1005 1135 1028 »;
1158 994 1245 1023 Lucae
1268 994 1399 1031 vigesimo
1420 994 1525 1031 primo:
1552 1006 1565 1019 «
1581 994 1635 1031 Ego
1655 994 1726 1022 dabo
1747 994 1825 1022 vobis
1846 1001 1877 1022 os

1030 1044 1057 1069 et
1078 1041 1265 1078 sapientiam»
1291 1044 1359 1075 etc.;
1383 1041 1468 1070 Exodi
1500 1044 1613 1078 quarto:
1639 1052 1652 1066 «
1668 1041 1735 1077 Quis
1762 1041 1825 1069 fecit
1846 1048 1877 1069 os

1031 1088 1149 1116 bominis
1160 1090 1194 1116 »t
1215 1087 1321 1116 Glossa:
1349 1100 1363 1113 «
1377 1088 1439 1117 Sine
1453 1088 1586 1125 sapientia
1600 1088 1648 1116 Dei
1664 1088 1786 1116 humana
1800 1095 1878 1116 mens

1031 1142 1081 1162 nec
1102 1134 1222 1171 cogitare
1247 1134 1352 1171 aliquid
1379 1142 1429 1163 nec
1446 1134 1535 1171 digne
1566 1134 1691 1171 proferre
1719 1136 1816 1170 potest.
1839 1133 1877 1161 Ab

1031 1181 1091 1217 ipso
1111 1188 1177 1217 ergo
1199 1184 1226 1209 et
1247 1181 1381 1217 sapientia
1400 1184 1428 1210 et
1448 1181 1605 1218 eloquentia
1619 1180 1736 1217 petenda
1756 1183 1797 1208 est
1812 1191 1838 1207 n.

896 1277 1058 1306 CAPrrULUM
1080 1278 1121 1306 xl.

233 1373 270 1404 De
291 1371 428 1404 beneficiis
449 1373 655 1413 pertinentibus
675 1373 871 1413 principaliter

313 1420 350 1451 ad
371 1420 594 1451 adversariorum
614 1420 797 1460 punitionem.

209 1515 322 1544 Diremit
342 1524 432 1553 opera
452 1524 562 1544 eorum.
578 1516 624 1545 Hic
639 1516 695 1553 agit
708 1516 742 1545 de
757 1516 898 1545 beneficiis
912 1524 976 1553 per-

127 1561 278 1591 tinentibus
298 1561 333 1591 ad
354 1562 599 1591 actvm-sariorum
616 1562 816 1599 punitionem,
837 1565 865 1591 et
885 1563 976 1599 primo

127 1608 161 1637 de
182 1608 384 1646 pertinentibus
404 1609 438 1638 ad
459 1609 632 1646 punitionem
652 1617 703 1646 per
724 1617 826 1647 poenas
847 1609 975 1644 leviores,

128 1655 268 1684 ordinatas
288 1655 321 1684 ad
343 1663 440 1684 eorum
462 1656 675 1690 correctionem,
697 1656 801 1685 scilicet
816 1656 842 1684 in
859 1656 911 1685 isto
932 1664 976 1685 ca-

128 1701 216 1739 pitulo
236 1704 264 1731 et
285 1702 311 1730 in
333 1702 454 1739 capitulo
474 1702 672 1737 duodecimo⁷;
695 1702 816 1732 secundo
837 1703 870 1732 de
892 1703 977 1740 perti-

128 1748 258 1777 nentibus
278 1748 313 1777 ad
327 1749 498 1785 punitionem
520 1756 570 1786 per
590 1757 692 1786 poenas
711 1749 883 1786 yravz'ores,
902 1749 976 1778 ordi-

128 1797 206 1824 natas
236 1795 270 1823 ad
300 1795 572 1830 condemnationem,
594 1796 697 1825 scilicet
728 1796 849 1833 capitulo
869 1796 976 1825 decimo

129 1841 210 1870 tertio
230 1844 258 1870 et
278 1841 415 1879 deinceps.

208 1927 328 1962 Primo,
350 1928 384 1956 de
401 1928 555 1965 punitione
573 1937 628 1965 per
645 1937 756 1965 poenas
777 1928 895 1957 leviores

407 1975 509 2012 aqitur
530 1975 694 2012 dupliciter.

206 2060 235 2089 In
257 2060 345 2097 prima
364 2061 455 2098 primo
481 2061 538 2098 agit
565 2061 754 2098 principaliter
774 2061 808 2090 de
833 2061 976 2098 punitione

129 2107 339 2145 Aegyptiorum
371 2107 506 2137 Israelitas
536 2108 638 2137 iniuste
669 2108 900 2145 deprimentium;
934 2116 976 2137 se-

127 2153 234 2188 cundo,
254 2153 288 2182 de
309 2154 452 2191 punitione
484 2153 732 2184 Chananaeorum
753 2163 851 2184 eorum
872 2158 975 2184 terram

127 2199 229 2229 iniuste
248 2200 446 2236 detinentium,
462 2202 565 2230 scilicet
585 2202 706 2239 capitulo
726 2202 896 2231 duodecimo.

154 2285 242 2317 Primo,
258 2285 285 2309 do
301 2286 419 2316 punitione
435 2286 598 2318 Aegyptiorum
614 2287 705 2318 propter
721 2286 804 2317 duplex
820 2287 949 2318 peceatum,

303 2324 375 2355 primo
391 2325 482 2355 propter
498 2325 661 2356 depressionem
678 2325 797 2349 iniustam.

206 2403 235 2432 In
257 2404 346 2441 prima
366 2404 456 2441 primo
470 2405 562 2442 agitur
575 2404 609 2433 de
624 2405 767 2442 punitione
780 2405 976 2442 Aegyptiorum

128 2453 242 2488 propter
263 2451 385 2480 filiorum
407 2451 489 2480 lsrael
516 2451 728 2489 depressionem
748 2452 906 2486 iniustam,-
934 2460 976 2481 se-

129 2496 228 2532 cundo,
240 2500 354 2534 propter
368 2497 583 2527 idololatriam.-
601 2499 684 2535 Quod
697 2499 820 2537 quidam
834 2502 975 2527 errantes.

193 2656 202 2670 ¹
220 2658 307 2686 Nempe
324 2658 492 2683 interlinearis.
508 2671 540 2677 -—
556 2660 665 2689 Sequitur
682 2660 749 2683 Eccli.
766 2661 809 2688 51,
826 2661 849 2683 7.

191 2695 201 2709 ⁹
219 2697 308 2719 Scilicet
323 2696 492 2721 interlinearis.
509 2711 539 2714 —
556 2699 606 2721 Duo
623 2705 689 2728 seqq.
705 2699 748 2722 loci
766 2702 819 2722 sunt
841 2700 910 2722 Exod.
932 2700 974 2727 42,

130 2735 168 2758 35.
187 2741 248 2764 seq.:
266 2736 381 2759 Petierunt
397 2736 427 2759 ab
444 2737 563 2765 Aegyptiis
580 2744 635 2760 vasa
653 2740 761 2766 argentea
778 2741 801 2761 et
825 2744 895 2761 aurea
918 2741 974 2766 etc.;

129 2774 197 2797 Prov.
215 2775 256 2802 13,
274 2775 312 2798 22.

192 2812 203 2826 ⁸
219 2813 267 2837 Csr.
283 2814 308 2837 11.
326 2814 386 2837 Sent.
403 2814 427 2837 d.
445 2814 487 2843 40,
504 2815 562 2838 dub.
579 2816 600 2838 2.

191 2852 201 2866 ⁴
218 2854 284 2876 Vers.
302 2854 354 2881 1-3;
371 2853 428 2876 ibid.
445 2861 467 2877 v.
485 2855 508 2877 6.
524 2857 559 2878 est
575 2861 624 2884 seq.
641 2856 713 2878 locus.

192 2891 202 2905 ⁵
219 2893 285 2915 Vers.
306 2893 341 2916 10.
357 2905 389 2910 -
411 2893 520 2922 Sequitur
542 2894 577 2916 Ps.
603 2895 629 2921 8,
647 2895 669 2917 3.
694 2895 773 2918 Glossa
798 2894 974 2918 interlinearis:

132 2930 250 2959 Quoniam
267 2931 394 2961 sapientia,
406 2931 502 2961 Christi,
513 2932 620 2963 aperuit,
640 2934 670 2956 ad
694 2934 792 2956 litteram
813 2934 850 2956 vel
867 2933 975 2961 mystice,

130 2976 156 2993 os
172 2971 309 2999 mutorum,
326 2972 347 2994 et
365 2970 459 3000 linquas
476 2974 520 2994 etc.

225 3016 249 3039 S.
265 3017 357 3041 Bomw.
372 3030 403 3036 -·
420 3018 480 3042 Torn
504 3019 545 3041 Vl.

1110 1374 1139 1403 ln
1160 1374 1250 1411 prima
1280 1375 1371 1411 primo
1402 1374 1557 1403 ostenditur
1585 1382 1651 1411 erga
1682 1375 1752 1403 filios
1783 1375 1881 1409 lsrael,

1032 1429 1102 1458 quos
1123 1421 1247 1450 detinere
1269 1421 1411 1455 volebant,
1436 1421 1487 1450 Dei
1507 1421 1730 1455 misericordia;
1751 1422 1880 1456 secundo,

1032 1470 1129 1496 contra
1150 1467 1293 1504 Aegyptios
1320 1468 1443 1496 volentes
1471 1468 1572 1496 iniuste
1597 1467 1720 1496 detinere
1741 1468 1802 1497 illos
1831 1468 1881 1496 Dei

1032 1514 1161 1543 iustitia:
1185 1514 1242 1542 Per
1262 1523 1337 1552 quae
1357 1515 1441 1543 enim.
1465 1531 1503 1535 —
1524 1515 1552 1543 In
1574 1515 1664 1551 prima
1684 1515 1774 1552 primo
1794 1515 1881 1552 tangi-

1033 1564 1080 1590 tur
1102 1561 1288 1590 Israelitarum
1310 1562 1338 1590 in
1369 1562 1413 1590 via
1440 1561 1578 1595 directio,-
1606 1561 1739 1596 secundo,
1768 1562 1882 1599 impedi-

1034 1611 1191 1637 mentorum
1214 1608 1241 1637 in
1257 1609 1301 1637 via
1314 1609 1522 1638 occurrentium
1537 1609 1678 1646 eoepeditio
1693 1609 1750 1638 sive
1764 1609 1881 1638 amotio:

1034 1654 1195 1688 Steterunt,·
1217 1655 1312 1689 tertio,
1335 1656 1460 1692 ipsorum
1480 1656 1507 1684 in
1524 1656 1568 1684 via
1582 1654 1715 1693 refectio.-
1731 1656 1880 1684 Sitierunt.

1909 1381 1936 1400 De
1950 1384 2026 1405 peccato

1899 1405 1978 1432 iniustae
1993 1405 2027 1432 de-

1907 1433 2008 1452 messionis

1878 1468 1883 1473 ,
1915 1454 2001 1470 notantur

1933 1476 1978 1494 duo.

1900 1522 1926 1541 De
1944 1523 2004 1546 primo

1905 1548 2004 1572 tanguntur

1906 1571 1946 1588 tria.

1113 1702 1202 1738 (Vers.
1227 1702 1272 1738 1.).
1295 1702 1366 1731 Dicit
1386 1710 1468 1739 ergo:
1486 1702 1615 1736 Diremit,
1631 1703 1709 1739 quasi
1725 1702 1811 1731 dicat:
1828 1711 1881 1731 non
1895 1709 2027 1732 Expositiotit-

1034 1749 1124 1777 solum
1146 1749 1286 1786 praedicta
1307 1749 1440 1778 beneficia
1454 1749 1517 1778 fecit
1532 1749 1665 1786 sapientia
1679 1750 1781 1786 populo
1796 1749 1881 1778 Israe-

1033 1796 1120 1830 litico,
1142 1796 1188 1824 sed
1220 1796 1302 1824 etiam
1333 1796 1443 1824 direxit
1472 1804 1562 1833 opera
1590 1795 1879 1829 illorum,·G10ssa⁸:

1038 1843 1251 1872 «israelitarum
1267 1854 1293 1877 »,
1322 1841 1384 1879 post
1414 1850 1554 1871 recessum
1585 1843 1688 1871 scilicet
1718 1850 1814 1872 eorum
1846 1843 1879 1872 de

1033 1890 1168 1926 Aegypto;
1190 1889 1221 1917 in
1242 1889 1397 1923 manibus,
1420 1889 1446 1917 id
1467 1892 1508 1918 est
1536 1890 1563 1917 in
1592 1892 1725 1926 potestate
1750 1893 1778 1918 et
1808 1890 1879 1927 regi-

1033 1937 1115 1970 mine,
1139 1935 1299 1973 Prophetae
1319 1936 1432 1969 saneti;
1453 1935 1562 1965 Glossa:
1589 1947 1602 1961 «
1618 1936 1701 1972 Moysi
1717 1948 1743 1970 »,
1759 1936 1805 1973 qui
1828 1936 1880 1965 fuit

1030 1982 1173 2020 propheta
1204 1983 1294 2020 quoad
1325 1982 1502 2016 doctrinam;
1534 1983 1739 2012 Deuteronomii
1773 1983 1879 2012 decimo

1032 2033 1144 2059 octavo:
1171 2041 1184 2055 «
1200 2030 1363 2067 Prophetam
1387 2029 1459 2058 sicut
1479 2037 1523 2058 me
1554 2029 1698 2058 suscitabit
1718 2029 1765 2058 tibi
1787 2022 1884 2058 Domiss

1033 2085 1086 2105 nus
1101 2087 1127 2111 »;
1148 2080 1269 2105 sanetas
1288 2076 1379 2114 quoad
1398 2076 1497 2110 vitam;
1520 2076 1606 2104 Exodi
1628 2076 1768 2113 trigesimo
1782 2076 1878 2105 tertio:

1037 2123 1193 2152 «Invenisti
1214 2123 1331 2160 gratiam
1362 2130 1455 2151 coram
1476 2131 1562 2151 me».
1585 2122 1631 2151 Hic
1652 2130 1698 2151 eos
1718 2122 1832 2151 docebat
1852 2126 1879 2151 et

1032 2171 1145 2208 regebat
1166 2179 1220 2199 non
1242 2171 1332 2199 solum
1353 2170 1459 2204 verbis,
1474 2170 1540 2207 quia
1551 2169 1707 2207 propheta,
1729 2170 1776 2198 sed
1797 2170 1877 2198 etiam

1033 2217 1180 2254 exemplis,
1202 2217 1268 2254 quia
1288 2221 1424 2250 sancius,
1446 2219 1478 2245 ut
1500 2217 1585 2253 possit
1605 2216 1658 2245 dici
1686 2216 1720 2245 de
1750 2224 1782 2245 eo
1811 2216 1877 2245 illud

1034 2265 1121 2293 Lucae
1152 2264 1284 2301 vigesimo
1312 2267 1429 2301 quarto:
1455 2275 1468 2289 «
1483 2264 1545 2292 Fuit
1575 2264 1709 2301 propheta
1736 2266 1831 2300 potens
1852 2264 1877 2292 in

1032 2319 1116 2348 opere
1137 2314 1164 2340 et
1185 2319 1312 2340 sermone
1326 2323 1353 2339 ι).

1111 2357 1199 2394 (Vers.
1223 2359 1271 2392 2).
1293 2357 1351 2386 Iter
1371 2356 1520 2395 feeerunt;
1540 2357 1673 2386 Glossa⁹:
1699 2368 1713 2382 «
1728 2357 1879 2394 Properan-

1034 2408 1074 2433 tes
1094 2404 1128 2433 ad
1150 2408 1253 2433 terram
1275 2404 1465 2441 promissionis
1480 2415 1506 2438 »;
1518 2413 1573 2442 per
1587 2404 1711 2438 deserta,
1733 2404 1760 2432 id
1774 2407 1815 2432 est
1830 2412 1878 2440 per

1033 2452 1115 2489 plura
1136 2452 1195 2480 loca
1214 2451 1360 2485 derelicta,
1382 2451 1485 2480 scilicet
1505 2459 1521 2479 a
1536 2451 1706 2485 cultoribus;
1728 2459 1802 2489 quae
1821 2460 1878 2479 non

1033 2498 1261 2532 habitabantur,
1282 2498 1385 2527 scilicet
1405 2498 1440 2526 ab
1461 2498 1557 2527 incolis
1585 2498 1753 2526 hominibus.
1775 2498 1806 2526 Et
1827 2498 1877 2526 hoc

1095 2659 1105 2672 ⁶
1122 2661 1188 2683 Vers.
1213 2661 1235 2682 6.
1257 2672 1288 2677 -
1312 2660 1445 2689 Sequuntur
1469 2660 1524 2682 Luc.
1549 2660 1574 2682 24
1587 2678 1592 2687 ,
1610 2660 1652 2687 ⁴5;
1670 2659 1740 2681 Exod.
1758 2659 1784 2685 4,
1803 2659 1839 2685 11,
1857 2661 1878 2680 et

1032 2700 1112 2722 Glossa
1129 2698 1254 2722 ordinaria
1271 2706 1297 2721 ex
1315 2698 1423 2721 Rabano:
1440 2699 1493 2721 Sine
1512 2698 1623 2727 sapientia
1648 2698 1689 2720 Dei
1715 2704 1756 2720 nec
1778 2698 1876 2723 humana

1033 2745 1098 2761 mens
1114 2739 1201 2767 aliquid
1218 2738 1288 2766 digne
1304 2738 1418 2766 cogitare,
1436 2744 1478 2760 nec
1495 2744 1521 2760 os
1538 2738 1642 2766 proferre
1654 2739 1729 2765 potest
1746 2739 1789 2759 etc.

1094 2775 1103 2789 ⁷
1121 2777 1169 2799 Hoc
1186 2777 1287 2804 primum
1306 2776 1437 2799 membrum
1455 2777 1563 2799 omittunt
1579 2776 1633 2798 edd.

1094 2814 1104 2827 Β
1121 2816 1182 2838 Haec
1198 2818 1221 2838 et
1245 2822 1294 2844 seq.
1316 2816 1395 2838 Glossa
1416 2818 1469 2838 sunt
1493 2814 1664 2838 interlineares.
1688 2827 1719 2831 —
1744 2815 1877 2842 Sequuntur

1032 2856 1098 2878 Deut.
1116 2856 1158 2882 18,
1177 2856 1216 2883 15ς
1234 2855 1304 2877 Exod.
1321 2855 1363 2883 33,
1382 2855 1419 2877 17.
1437 2855 1485 2884 (cfr.
1505 2855 1550 2883 42.)
1569 2857 1591 2877 et
1607 2855 1662 2876 Luc.
1679 2854 1721 2881 24,
1741 2854 1777 2876 19.

1095 2892 1104 2906 ⁹
1122 2894 1212 2916 Scilicet
1229 2893 1395 2916 interlinearis.
1413 2906 1444 2910 —
1461 2894 1511 2916 Duo
1528 2900 1594 2922 seqq.
1612 2893 1653 2915 loci
1672 2895 1724 2915 sunt
1735 2892 1771 2914 Ps.
1784 2892 1825 2918 70,
1838 2892 1875 2913 24.

1032 2936 1054 2956 et
1071 2934 1111 2956 ler.
1130 2934 1156 2960 2,
1173 2934 1196 2955 6.

1749 3017 1777 3039 23

1923 1733 1993 1751 ieratis.

1899 1756 1990 1774 Primum.
