2296 3316
270 637 345 660 Quaest.
358 636 386 654 in-

289 659 360 678 cidens.

304 775 383 794 Solulio.

286 963 382 986 Quartum.

254 1616 387 1641 Spirituaiiter.

406 181 463 209 480
1003 174 1173 203 COMMENT.
1195 174 1227 203 IN
1248 174 1395 203 IOANNEM
1415 174 1444 202 C.
1464 174 1551 203 XVIII.

406 256 592 293 Evangelista,
613 255 687 293 quod
710 255 762 283 hoc
789 254 903 290 propria
933 253 1037 281 virtute
1064 252 1147 286 fecit;
1175 252 1249 280 unde

405 304 469 332 dicit
482 314 487 331 .·

480 351 529 378 lc.
553 350 641 386 (Vers.
665 350 712 384 9.).
740 348 776 376 Ut
795 347 966 384 impleretur
979 354 1091 380 sermo,
1106 354 1190 384 quem
1205 346 1249 373 ili—

404 397 463 428 αηῗι,
480 404 566 433 supra
579 396 685 424 decimo
700 395 817 431 septiino
829 395 853 421 ¹:
870 393 947 428 Quia
961 400 1033 430 quos
1047 392 1152 420 (tedisii
1165 391 1248 426 milti,

404 452 420 471 o
442 444 533 475 Pater,
554 451 612 470 rnon
629 441 749 479 perdidi
768 449 802 468 ex
824 440 864 468 eis
879 447 1071 477 quemquam,-
1086 438 1151 475 quia
1173 438 1249 466 solus

404 490 459 527 pati
482 489 582 521 voluit;
607 488 688 517 Isaiae
710 486 882 523 sexagesiino
904 485 1000 514 tertio:
1021 485 1179 513 «Torcular
1194 484 1248 513 cal-

404 536 462 565 cavi
484 536 575 569 solus,
597 538 624 563 et
644 535 678 563 de
699 534 828 571 gentihus
849 541 902 561 non
923 535 965 561 est
985 532 1028 560 vir
1049 539 1157 560 mecum
1174 543 1200 559 n.

486 584 526 611 17.
549 582 599 611 Sed
622 581 687 619 quid
703 584 745 609 est
760 580 833 617 quod
848 580 913 608 dicit
927 590 932 607 ε
949 578 1014 607 Non
1028 578 1145 615 perdidi
1158 586 1193 606 cm
1207 578 1248 606 eis

402 638 574 668 quemquam
582 629 595 657 τ)
603 629 697 657 Nonne
704 628 806 656 (licitur
815 626 942 655 Matthaei
951 626 1057 654 decimo
1068 628 1148 654 sexto
1156 625 1181 653 ⁵³:
1192 625 1250 660 Qui

399 676 561 714 perdiderit
575 676 709 704 animam
723 682 811 702 suam
823 677 944 710 propter
957 681 1002 700 mc
1020 672 1144 700 inveniet
1163 671 1247 700 eam?

482 724 629 759 Propterea
649 721 764 758 exponit
778 720 949 757 Augustinus
959 720 970 736 ⁵
984 719 1018 748 de
1033 719 1186 756 perditione
1201 726 1248 746 ae-

402 774 501 804 terna,
528 782 540 795 κ
553 770 619 807 quia
640 769 762 798 nondum
794 768 833 797 sic
854 767 1004 796 credebant
1024 767 1051 795 in
1073 774 1153 800 eum,
1176 766 1247 795 sicut

402 817 519 847 credunt
539 816 709 853 quicumque
730 824 784 843 non
814 817 970 851 pereunt».
992 813 1062 842 Illud
1092 815 1185 842 autem
1206 813 1247 841 di-

401 867 476 893 ctum
498 867 539 892 cst
560 862 738 891 credentibus
758 861 887 898 perfecte.

482 911 525 938 18.
548 910 637 946 (Vers.
662 910 727 944 10.).
750 908 852 937 Simon
871 907 990 935 autem4
1005 907 1120 935 Petrus.
1137 906 1183 934 Hic
1198 914 1247 934 no—

401 960 476 986 tatur
497 960 630 993 quartum
651 956 776 992 signum,
798 954 873 991 quod
893 954 1049 982 voluntarIe
1065 953 1246 989 comprehen-

400 1012 460 1033 sus:
483 1004 548 1040 quia
569 1003 691 1031 Petrum
712 1002 887 1030 resistentem
910 1000 1092 1037 compescuit.
1118 1000 1246 1028 Innuitur

400 1058 466 1087 ergo
486 1050 579 1077 fervor
603 1047 672 1077 Petri
694 1049 721 1076 in
744 1048 848 1076 tuendo
867 1047 1015 1076 Dominum
1038 1047 1065 1075 in
1087 1047 1155 1080 hoc,
1171 1045 1246 1083 quod

401 1096 507 1125 liabens
527 1096 678 1133 ylaclz'um,
694 1095 795 1123 eduxit
808 1102 889 1128 eum,
904 1094 983 1130 quasi
999 1101 1052 1122 non
1069 1096 1167 1130 potens
1181 1100 1246 1121 con-

400 1144 502 1177 tinere;
525 1147 550 1171 ct
580 1142 723 1179 percussit
753 1150 870 1169 servum
898 1140 1061 1178 pontificis,
1089 1140 1167 1176 quasi
1190 1148 1245 1168 non

399 1190 559 1219 discernens
580 1196 740 1226 personam,
755 1191 780 1216 et
794 1187 959 1224 amputavit
970 1187 981 1204 ⁵
996 1187 1165 1215 auriculam
1182 1186 1246 1215 cias

400 1237 556 1265 dexteram.
579 1236 807 1272 Chrysostomus:
827 1234 947 1263 «innuit
968 1234 1102 1271 impetum
1116 1234 1245 1270 Apostoli,

400 1284 465 1321 quia
485 1283 519 1311 ad
541 1283 632 1320 ipsum
660 1286 743 1319 caput
771 1282 905 1318 impetum
927 1281 1028 1309 fecit».
1053 1281 1125 1309 Erat
1146 1284 1244 1309 autem

399 1338 502 1358 nomen
523 1338 605 1357 sci-uo
627 1327 775 1361 Malchuae
791 1328 857 1362 hoc,
873 1330 905 1356 ut
918 1327 984 1356 dicit
998 1327 1213 1364 Chrysostomus
1224 1327 1245 1361 ⁶,

399 1377 471 1405 dixit
490 1376 661 1413 Evangelista
675 1376 708 1404 ad
722 1376 854 1404 maiorem
870 1375 1065 1403 certitudmem
1081 1374 1244 1403 habendam.

400 1424 513 1456 Petrus,
535 1423 593 1451 zelo
624 1422 702 1459 Legis
732 1430 879 1455 accensus,
902 1421 1038 1458 percussit
1059 1421 1121 1450 illos
1140 1421 1245 1450 malefi-

400 1478 461 1504 cos;
485 1470 565 1506 primi
588 1469 816 1498 Machabaeorum
848 1468 986 1496 secundo:
1011 1479 1024 1493 «κ
1040 1468 1113 1496 Vidit
1140 1468 1244 1496 Matha-

400 1518 472 1546 thias
493 1520 519 1545 et
540 1516 643 1549 doluit,
665 1519 693 1544 et
712 1523 846 1544 accensus
867 1518 908 1543 est
929 1515 1004 1543 zelus
1029 1514 1182 1543 secundum
1202 1515 1244 1543 iu-

399 1564 501 1593 dicium
524 1563 614 1600 Legis,
629 1566 657 1591 et
671 1563 784 1591 accessit
799 1566 826 1590 et
842 1562 989 1590 trucidavit
1003 1569 1068 1590 euin
1083 1573 1110 1589 ».
1127 1578 1164 1582 —
1180 1561 1244 1599 Spi-

400 1610 564 1638 ritualiter.-
586 1610 698 1640 Petrus,
714 1616 865 1646 agnoscens
877 1608 897 1642 ⁷,
912 1608 1068 1644 amputavit
1088 1609 1243 1637 auriculam

397 1657 558 1689 dexteram,
580 1656 606 1684 id
628 1659 669 1684 est
693 1655 884 1684 obedientiam.
908 1671 944 1676 —
967 1655 1077 1683 Petrum
1106 1662 1173 1691 ergo
1204 1655 1243 1683 sic

398 1704 569 1732 resistentem
592 1702 777 1739 compescuit;
799 1702 873 1730 unde
894 1702 1038 1738 sequitur:

479 1751 521 1778 19.
544 1750 632 1786 (Vers.
658 1751 723 1785 ·11.).
750 1749 829 1777 Dixit
849 1757 917 1785 erqo
939 1749 1021 1777 lesus
1042 1749 1143 1777 Petro:
1165 1749 1243 1777 Mitte

393 1796 530 1833 yladium
551 1799 633 1824 titum
656 1795 687 1823 in
708 1795 857 1832 vayinam.
880 1794 1012 1823 Victor⁸:
1038 1806 1051 1820 «
1066 1795 1160 1823 Cesset
1181 1795 1241 1823 vin-

461 1943 469 1956 ¹
488 1944 552 1966 Ver-s.
575 1945 612 1966 12:
631 1945 694 1972 Quos
710 1944 793 1967 dedisti
819 1944 874 1966 mihi
897 1944 1024 1972 custodivi,
1042 1947 1064 1967 et
1081 1950 1149 1967 nemo
1166 1951 1192 1967 ex
1209 1945 1243 1967 eis

396 1984 463 2011 periit
480 1984 522 2007 nisi
540 1984 600 2007 filius
616 1984 758 2012 perditionis.
774 1996 806 2001 —
823 1984 931 2012 Sequitur
948 1984 998 2006 lsai.
1015 1984 1057 2012 63,
1076 1984 1097 2006 3.

458 2021 468 2035 2
485 2023 550 2045 Vers.
568 2023 605 2045 25.

458 2060 468 2073 ⁸
485 2062 509 2084 ln
526 2062 586 2084 ioan.
604 2062 691 2090 Evang.
710 2064 737 2084 tr.
755 2062 806 2084 «142.
824 2068 847 2084 n.
864 2061 885 2084 4.

457 2099 466 2113 ⁴
485 2102 593 2129 Vulgata,
611 2107 681 2129 quam
698 2101 802 2130 sequitur
819 2101 868 2129 ed.,
886 2107 951 2130 erqo.

458 2139 467 2152 ⁶
486 2141 583 2168 Vulgata
593 2139 697 2163 abscidit.
707 2153 737 2156 -
746 2140 871 2168 chrysost„
882 2141 903 2162 in
913 2141 972 2163 loon.
983 2141 1062 2163 homil.
1072 2141 1109 2163 83.
1120 2140 1185 2169 (alias
1194 2141 1241 2169 82.)

394 2186 417 2201 n.
434 2180 460 2201 2:
479 2180 523 2201 Nec
540 2180 589 2201 sine
607 2185 676 2201 causa
693 2178 831 2202 auriculam
847 2178 972 2202 dea-teram
988 2179 1055 2206 dicit,
1073 2180 1126 2207 sed,
1145 2183 1169 2202 ut
1191 2181 1243 2209 qui-

395 2218 447 2241 dem
465 2222 532 2246 puto,
550 2225 596 2247 quo
614 2218 715 2246 Apostoli
733 2218 845 2246 impetum
863 2218 1002 2247 declararet,
1019 2219 1083 2247 quod
1100 2219 1177 2247 ipsum
1196 2220 1242 2241 fere

394 2259 463 2284 caput
480 2257 609 2284 impeteret.

456 2293 465 2306 Β
483 2296 534 2317 Loc.
553 2296 602 2317 cit.:
621 2295 673 2318 ideo
697 2301 781 2317 nomen
803 2296 855 2318 eius
870 2296 948 2323 posuit
968 2296 1128 2324 Evangelista‚
1147 2299 1171 2318 ut
1190 2302 1242 2324 pos-

393 2337 443 2356 sent
455 2334 469 2356 ii
486 2334 527 2362 qui
539 2337 594 2356 tunc
604 2335 717 2362 legerent,
736 2335 871 2363 perquirere
888 2338 910 2357 et
926 2335 959 2357 rei
976 2335 1096 2357 veritatem
1113 2336 1240 2363 explorare.

393 2385 425 2390 -—
440 2374 549 2402 Sequitur
566 2375 581 2396 l.
599 2373 700 2396 Machab.
718 2374 745 2401 2,
762 2374 800 2396 24.

456 2411 464 2424 ⁷
482 2413 584 2440 Hieron.,
603 2414 632 2435 de
650 2413 784 2435 Nominibus
801 2413 919 2440 Hebraic.,
936 2420 963 2436 ex
975 2414 1048 2436 Luca:
1061 2414 1160 2441 Fen-us,
1172 2420 1241 2441 agno-

392 2458 470 2478 scens,
488 2452 543 2474 ibid.
561 2452 590 2474 de
607 2453 654 2475 Act.
673 2453 788 2480 Apostol.:
806 2453 903 2481 Petrus,
921 2459 1065 2481 cognoscens
1086 2454 1136 2476 sive
1161 2453 1240 2476 dissol-

392 2496 456 2512 vens.
475 2503 504 2505 —
522 2490 589 2513 Card.
606 2492 686 2519 Hugo,
698 2492 720 2513 in
734 2493 794 2514 hunc
811 2492 900 2514 locum:
919 2491 1002 2515 Simon
1019 2498 1077 2521 erqo
1090 2492 1181 2520 Petrus,
1198 2492 1240 2515 lta-

392 2528 449 2552 bens
464 2529 579 2558 cladium,
593 2530 676 2553 eduait
687 2537 752 2558 eum,
768 2537 810 2559 per
821 2537 891 2559 quem
904 2531 1054 2559 designantur
1065 2532 1160 2560 quidam
1174 2538 1240 2559 prae-

391 2568 429 2589 lati
452 2568 562 2591 habentes
584 2570 657 2591 zelum
680 2575 729 2592 ‘non
747 2569 878 2593 secimdum
894 2569 1017 2593 scientiam
1035 2569 1112 2599 [Rom.
1130 2571 1172 2597 10,
1190 2570 1238 2600 2.],

392 2608 431 2636 qui
449 2607 564 2635 videntes,
582 2608 697 2630 Christum
721 2609 770 2636 capi
790 2609 811 2631 in
834 2608 958 2636 memhris,
981 2609 1056 2631 statim
1074 2609 1176 2632 educunt
1194 2610 1240 2637 gla-

392 2646 456 2668 dium
469 2647 712 2669 excommunicationis
722 2650 744 2669 et
755 2650 877 2675 amputant
893 2648 992 2670 subditis
1009 2654 1089 2670 aurem
1108 2648 1238 2676 dexteram,

392 2684 415 2707 id
432 2688 465 2707 est
482 2685 635 2708 obedientiam
654 2687 830 2715 aliquantulam,
853 2693 926 2715 quam
948 2687 1014 2715 prius
1035 2686 1162 2714 habebant;
1186 2687 1239 2709 ideo

392 2723 446 2745 dicit
463 2724 495 2746 cis
513 2724 636 2746 Dominus:
654 2725 717 2747 Mine
734 2725 841 2754 cladium
859 2728 914 2753 etc.,
932 2726 955 2748 id
973 2728 1018 2753 est,
1041 2731 1125 2748 revoca
1148 2728 1239 2748 senten-

391 2762 446 2784 tiam
464 2764 706 2785 excommunicationis
723 2770 767 2785 suo
784 2767 890 2791 tempore
905 2770 950 2786 non
967 2764 1045 2787 datam
1063 2767 1105 2787 etc.
1122 2764 1168 2787 Csr.
1185 2765 1239 2787 Ber-

391 2802 470 2828 nard.,
489 2802 560 2824 Serm.
580 2803 601 2824 in
618 2802 701 2825 Cantic.
720 2809 789 2825 serm.
806 2804 843 2825 58.
856 2810 877 2826 n.
891 2804 918 2831 5,
936 2803 976 2826 ubi
993 2804 1059 2830 dicit,
1077 2804 1141 2833 quod
1158 2804 1239 2826 Petrus

391 2842 445 2862 tunc
458 2840 529 2862 nimio
546 2842 635 2863 fervore
654 2842 738 2863 levavit
756 2842 871 2869 gladium,
888 2843 943 2871 quia
959 2845 1008 2865 erat
1020 2842 1081 2866 hora
1097 2844 1119 2866 et
1133 2844 1238 2872 potestas

391 2878 543 2901 tenebrarum
561 2879 624 2908 [Luc.
642 2881 684 2907 22,
702 2880 764 2910 53.],
783 2882 803 2902 in
822 2888 876 2909 qua,
893 2882 910 2904 si
933 2882 1052 2911 «quisque
1069 2882 1236 2910 discipulorum

390 2918 476 2940 levaret
494 2919 595 2946 gladium
615 2920 650 2941 vel
669 2920 720 2941 ferri
733 2921 768 2942 vel
781 2920 860 2947 verbi,
872 2923 911 2943 aut
924 2922 982 2943 ferro
996 2922 1137 2944 truncandus
1150 2924 1199 2943 erat
1215 2924 1237 2943 et

390 2957 505 2979 neminem
529 2958 656 2980 lucraretur
678 2965 720 2980 nec
743 2959 863 2987 quidpiam
888 2960 974 2982 tructus
996 2961 1098 2987 afferret,
1116 2963 1155 2982 aut
1177 2962 1238 2982 certe

1306 252 1394 286 dicta,
1423 252 1592 281 exhibeatur
1622 251 1794 288 patientia»,
1822 251 1903 280 iuxta
1933 251 2001 280 illud
2022 252 2149 282 Matthaei

1306 299 1419 335 quinto:
1447 310 1459 323 α
1476 298 1529 335 Ego
1549 298 1610 327 dico
1631 298 1724 332 vobis,
1746 306 1800 326 non
1833 298 1961 327 resistere
1993 298 2081 333 malo,
2103 299 2149 328 sed

1307 345 1328 373 si
1359 344 1423 381 quis
1453 348 1479 373 te
1511 345 1680 381 percusserit
1710 344 1737 373 in
1769 352 1853 373 unam
1884 345 2027 373 maxillam
2056 347 2149 380 tuam,

1306 391 1408 427 praebe
1428 391 1452 420 ei
1473 391 1587 420 alteram
1604 404 1629 419 ι».
1654 391 1684 420 Et
1714 391 1849 420 rationem
1881 391 1984 420 reddit:
2008 391 2149 426 Calicem,

1306 446 1389 476 quem
1411 438 1489 466 (ledit
1508 437 1583 467 milii
1596 439 1702 472 Pater,
1716 447 1775 467 iton
1789 438 1850 473 vis,
1866 442 1897 467 ut
1909 439 1919 455 ⁰
1936 438 2031 467 bibam
2047 438 2150 467 illum?

1306 485 1389 521 Quasi
1410 485 1497 513 dicat:
1520 485 1541 513 si
1563 488 1638 514 recte
1652 485 1737 522 sapis,
1753 493 1864 514 necesse
1879 485 1977 519 habes,
1992 485 2063 514 velle
2076 485 2150 523 quod

1307 532 1366 560 vult
1389 532 1474 560 Pater.
1498 532 1535 560 De
1557 533 1609 561 hoc
1640 532 1723 561 calice
1751 532 1878 567 Matthaei
1901 532 2033 569 vigesimo
2054 535 2149 561 sexto:

1310 589 1324 603 <t
1338 578 1431 612 Pater,
1453 578 1474 607 si
1497 578 1556 607 fieri
1578 581 1683 615 potest,
1705 581 1828 608 transeat
1848 587 1864 607 a
1895 587 1940 608 me
1961 579 2034 608 calix
2055 579 2107 608 iste
2121 591 2148 608 n.

1306 625 1382 653 Hunc
1403 625 1515 653 calicem
1537 625 1620 653 Filius
1641 625 1724 660 bibit;
1747 626 1820 655 unde
1851 626 1979 654 Matthaei
2002 626 2149 663 vigesimo:

1310 683 1324 697 «
1339 672 1453 700 Potestis
1473 672 1568 700 bibere
1582 672 1711 706 calicem,
1726 680 1809 710 quem
1825 680 1875 709 ego
1890 672 2030 701 bibiturus
2045 680 2108 701 sum
2119 675 2150 701 n?

1305 721 1332 747 et
1352 718 1386 747 de
1407 718 1548 747 voluntate
1577 719 1676 753 Patris3
1702 719 1775 748 unde
1806 719 1840 748 ad
1871 720 2006 748 Romanos
2036 722 2148 748 octavo:

1309 777 1322 790 «
1337 765 1452 802 Proprio
1473 765 1538 793 Filio
1553 773 1604 794 suo
1619 774 1673 794 non
1692 766 1830 803 pepercit,
1846 766 1893 795 sed
1907 774 1958 804 pro
1972 766 2051 795 nobis
2065 767 2150 795 omni-

1304 813 1358 841 bus
1378 813 1491 841 tradidit
1512 812 1589 841 illum
1604 824 1631 840 ».

1383 860 1429 888 20.
1452 860 1547 894 (Vers.=
1566 860 1631 894 12).
1656 858 1764 888 Cohors
1790 868 1859 897 erqo
1886 863 1911 888 el
1939 860 2078 889 tribunus
2097 862 2150 890 etc.
2163 864 2191 884 no
2204 848 2296 892 ωμψτιῗὺ

2180 888 2270 909 honsione*
2287 894 2296 906 ι

1304 905 1351 934 Hic
1373 907 1453 934 tertio
1473 905 1641 940 ostenditur,
1663 906 1737 942 quod
1758 906 1968 943 comprehensio
1982 906 2084 936 Christi
2098 907 2296 946 fuitissnomiuiosjz

1304 952 1500 989 iynominiosa
1515 960 1550 980 ex
1567 956 1644 989 parte
1666 953 1804 986 cohortis,
1826 953 1892 989 quia
1913 953 2003 990 ipsum
2025 961 2150 991 compre-

1304 999 1462 1028 henderunt
1475 1002 1503 1028 et
1518 999 1674 1035 ligaverunt
1688 1002 1820 1036 tanquam
1836 999 1980 1028 latronem.
1995 1000 2058 1029 Ideo
2071 1000 2149 1029 dicit:

1305 1045 1414 1074 Coliors
1435 1054 1520 1083 erqo,
1544 1046 1569 1074 id
1590 1049 1632 1074 est
1653 1046 1803 1075 multitudo
1833 1046 1952 1074 militum
1974 1047 2002 1075 in
2023 1055 2079 1075 una
2106 1055 2150 1076 so-

1303 1093 1401 1121 cietate
1422 1093 1586 1126 constituta,
1608 1097 1634 1121 ct
1655 1092 1809 1127 tribunus,
1831 1093 1879 1130 qui
1900 1093 1940 1122 eis
1960 1096 2100 1130 praeerat,
2125 1097 2150 1122 et

1304 1139 1435 1168 ministri
1455 1140 1636 1168 Iudaeorum
1657 1138 1934 1176 comprehenderunt
1954 1140 2052 1168 Iesum
2070 1143 2095 1168 et
2116 1140 2150 1169 li—

1302 1190 1447 1224 9aoeriwtt
1468 1195 1542 1215 eum.
1566 1187 1659 1215 Victor
1671 1187 1694 1204 ¹⁰
1714 1187 1796 1221 dicit,
1818 1186 1891 1224 quod
1918 1198 1932 1212 «
1945 1195 2005 1216 mos
2025 1190 2086 1216 erat
2106 1187 2150 1216 Iu-

1303 1234 1393 1267 daeis,
1416 1237 1460 1267 ut,
1482 1242 1565 1270 quem
1587 1237 1677 1262 morte
1697 1233 1811 1270 dignum
1832 1233 2001 1268 iudicarent,
2022 1233 2148 1263 vinctum

1305 1280 1421 1317 praesidi
1444 1280 1628 1314 traderent»,
1649 1283 1676 1309 et
1698 1280 1736 1309 ita
1767 1283 1898 1317 tanquam
1926 1280 2147 1315 malefactorem;

1303 1327 1364 1356 ideo
1375 1328 1503 1356 Matthaei
1515 1327 1647 1364 vigesimo
1662 1330 1742 1356 sexto
1756 1327 1823 1356 dicit
1836 1327 1970 1356 Dominus
1984 1327 2037 1356 eis:
2057 1327 2149 1356 «Tan-

1303 1383 1386 1411 quam
1403 1375 1448 1403 ssad
1477 1375 1610 1403 latronem
1639 1374 1737 1403 existis
1768 1381 1832 1402 cum
1860 1373 1958 1411 gladiis
1979 1377 2006 1402 et
2026 1373 2148 1403 fustibus

1302 1421 1537 1458 comprehendere
1559 1429 1601 1449 me
1616 1433 1642 1449 n.
1667 1421 1697 1450 Et
1718 1421 1883 1458 ligaverunt,
1898 1428 1932 1449 ne
1946 1420 2068 1458 fugeret,
2083 1420 2149 1458 quia

1301 1468 1412 1497 dixerat
1435 1468 1513 1497 ludas
1534 1468 1616 1496 Marci
1637 1468 1744 1496 decimo
1765 1470 1878 1505 quarto:
1905 1479 1919 1492 τι
1932 1467 2020 1504 Quem
2041 1467 2149 1496 oscula-

1302 1518 1347 1543 tus
1368 1515 1462 1549 fuero,
1485 1515 1543 1551 ipse
1564 1518 1618 1548 est;
1641 1518 1731 1543 tenete
1752 1523 1815 1543 eum
1838 1518 1865 1543 et
1885 1514 1979 1547 ducite
1999 1516 2080 1543 caute
2094 1526 2121 1542 n.

1625 1609 1827 1645 Qnansriouizs.

1379 1703 1424 1729 21.
1447 1702 1557 1738 Quaest.
1581 1702 1598 1729 1.
1621 1702 1672 1730 Sed
1693 1702 1839 1739 quaeritur
1861 1703 1905 1731 hic
1927 1702 2017 1739 primo
2031 1703 2065 1732 de
2087 1703 2147 1737 hoc,

1299 1748 1373 1785 quod
1394 1748 1529 1776 Dominus
1549 1756 1578 1777 se
1599 1749 1690 1785 ipsum
1712 1749 1812 1777 obtulit
1834 1749 1948 1778 ludaeis.
1965 1766 2001 1771 —
2017 1749 2146 1784 Videtur,

1298 1794 1372 1831 quod
1393 1794 1501 1833 dederit
1521 1795 1561 1823 eis
1581 1795 1752 1823 occasionem
1774 1796 1845 1824 male
1866 1795 1991 1825 faciendi.

1300 1945 1388 1967 timoris
1410 1945 1487 1972 gladio
1505 1945 1534 1967 ad
1556 1945 1690 1973 negandum
1714 1945 1835 1973 cogendus
1846 1954 1858 1965 υ
1877 1948 1920 1968 etc.
1938 1958 1969 1963 —
1985 1946 2080 1968 Inferius
2095 1949 2148 1974 post

1300 1984 1454 2007 obedientiam
1472 1984 1507 2007 ed.
1525 1991 1578 2007 cum
1591 1985 1694 2007 Gorrano
1706 1985 1782 2007 addit:
1794 1984 1891 2008 abstulit
1901 1991 2039 2015 synagogae
2049 1984 2148 2009 Iudaeo-

1299 2029 1369 2051 rum,
1387 2024 1413 2046 iot
1429 2029 1471 2046 nec
1488 2023 1534 2053 ipsi
1549 2023 1655 2052 deinceps
1672 2025 1773 2046 veterem
1790 2024 1873 2053 Leqe‘m
1890 2023 1938 2047 nisi
1959 2023 2090 2047 secundum
2109 2030 2148 2047 su-

1296 2062 1418 2093 perficiem
1436 2062 1527 2085 litterae
1540 2062 1634 2092 possint
1649 2062 1746 2090 audire,
1769 2069 1811 2086 nec
1833 2062 1960 2092 quisquam
1981 2062 2087 2094 fidelium
2108 2069 2147 2087 eos

1299 2102 1384 2125 audire
1401 2101 1486 2125 debeat.
1504 2102 1549 2125 Csr.
1567 2103 1596 2125 de
1613 2104 1655 2125 hac
1673 2103 1814 2130 expositione
1831 2102 1936 2130 Origen,
1954 2103 1977 2125 in
1994 2103 2070 2125 Matth.
2082 2102 2147 2126 Com-

1300 2143 1369 2167 ment.
1386 2141 1469 2169 series,
1486 2148 1508 2163 n.
1530 2141 1584 2168 lOl;
1607 2141 1711 2168 Hieron„
1728 2142 1750 2163 in
1774 2142 1849 2163 Matth.
1873 2142 1915 2166 26,
1933 2141 1970 2168 51,
1992 2143 2014 2164 et
2035 2141 2146 2169 August,

1299 2180 1321 2202 in
1339 2171 1397 2203 ioan.
1421 2181 1510 2208 Ex‘ang.
1532 2183 1558 2202 tr.
1577 2180 1628 2202 112,
1647 2187 1669 2202 ηΔ
1688 2180 1714 2207 ὅ,
1732 2186 1832 2209 quorum
1855 2180 1964 2202 sententia
1987 2179 2107 2203 exhibetur
2123 2180 2147 2202 in

1298 2219 1377 2241 Glossa
1395 2218 1519 2242 ordinaria
1538 2220 1559 2241 in
1579 2220 1654 2241 Matth.
1672 2220 1714 2246 26,
1732 2220 1769 2242 51.
1787 2222 1809 2242 et
1826 2220 1887 2242 loan.
1905 2220 1945 2246 18,
1958 2219 1994 2241 40.
2007 2219 2066 2242 Vide
2077 2219 2146 2241 etiam

1298 2258 1380 2286 iiiior„
1397 2258 1420 2280 in
1437 2259 1513 2281 Matth.
1530 2265 1549 2281 c.
1568 2259 1605 2281 32.
1622 2265 1643 2280 n.
1662 2260 1688 2285 2;
1701 2258 1821 2285 Ambros.,
1834 2258 1863 2280 X.
1875 2259 1898 2280 in
1910 2259 1965 2281 Luc.
1977 2259 2019 2287 22,
2032 2258 2069 2281 49.
2081 2264 2147 2287 seqq.

1298 2304 1320 2319 n.
1337 2297 1375 2319 66.
1392 2304 1469 2326 seqq,
1486 2301 1508 2320 et
1525 2298 1649 2326 Bernard.‚
1667 2298 1740 2320 Serm.
1753 2298 1774 2320 in
1786 2297 1872 2320 Cantic.
1889 2304 1959 2320 serm.
1976 2298 2013 2319 28.
2031 2304 2054 2320 n.
2066 2297 2093 2325 5,
2106 2297 2147 2320 ubi

1298 2336 1339 2359 alia
1356 2337 1424 2359 datur
1440 2337 1569 2365 explicatio.
1774 2342 1776 2344 ’

1361 2373 1370 2386 Β
1387 2374 1431 2398 Cir.
1449 2382 1518 2403 supra
1536 2382 1590 2403 pag.
1602 2375 1660 2403 275,
1672 2378 1725 2398 nota
1739 2376 1746 2397 i
1756 2376 1775 2398 l.
1788 2376 1862 2404 Beda,
1874 2376 1912 2399 IV.
1923 2376 1947 2398 in
1959 2376 2035 2398 Matth.
2049 2376 2091 2403 26,
2103 2375 2144 2398 52:

1299 2415 1365 2437 Time
1382 2415 1416 2437 ait
1432 2414 1469 2437 illi
1485 2415 1565 2437 Iesus:
1583 2414 1695 2438 Converte
1712 2414 1820 2444 yladium
1832 2416 1901 2438 tuum
1912 2417 1968 2442 etc.,
1981 2415 2004 2437 id
2016 2417 2061 2442 est,
2073 2418 2147 2437 cesset

1296 2454 1409 2481 vindicta,
1427 2454 1532 2476 remissio
1550 2454 1667 2481 largiatur.
1684 2454 1763 2476 Glossa
1781 2453 1942 2477 interlinearis
1959 2454 1982 2476 in
1999 2454 2100 2476 eundem
2116 2453 2146 2476 lo·

1296 2500 1349 2516 cum
1368 2493 1410 2515 ait:
1427 2492 1505 2515 Cesset
1526 2493 1641 2520 vin'dieta,
1664 2492 1799 2515 exhibeatur
1821 2493 1943 2521 patientia,
1965 2495 1990 2515 ut
2011 2493 2145 2521 patientiam

1296 2535 1386 2555 nostros
1403 2532 1540 2559 doceamus,
1558 2538 1604 2554 non
1616 2532 1741 2554 vindictam
1754 2531 1889 2561 [Rabanusz
1901 2532 1936 2554 Ac
1945 2532 1964 2554 si
1976 2532 2081 2554 dixisset:
2094 2531 2145 2555 Ces-

1295 2574 1330 2593 set
1347 2571 1459 2598 vindicta,
1476 2571 1583 2593 remissio
1600 2571 1717 2598 largiatur.
1736 2570 1842 2599 Oportuit
1859 2571 1934 2598 enim,
1952 2573 1976 2593 ut
1998 2563 2146 2598 auctor'gra-

1296 2610 1340 2632 tiae
1357 2610 1469 2638 populum
1487 2610 1648 2637 evangelicum
1666 2616 1709 2632 suo
1725 2611 1830 2637 exemplo
1852 2610 1988 2638 patientiam
2009 2610 2102 2632 doceret
2123 2612 2146 2632 et

1296 2649 1372 2677 potius
1390 2649 1417 2671 ad
1436 2648 1596 2671 sustinendum
1615 2649 1701 2670 sortiter
1719 2649 1815 2671 adversa
1829 2649 1962 2676 instrueret,
1973 2655 2045 2678 quam
2057 2649 2087 2671 ad
2097 2648 2145 2671 vin-

1295 2688 1421 2710 dicandum
1439 2690 1577 2715 provocaret
1594 2687 1657 2716 etc.].
1679 2687 1724 2709 Cfr.
1746 2688 1851 2716 Origen,‚
1869 2688 1892 2710 in
1914 2688 1991 2710 Matth.
2012 2687 2142 2710 comment.

1295 2727 1378 2753 series,
1396 2733 1418 2749 n.
1437 2727 1489 2748 102.
1506 2733 1555 2755 seq.
1572 2739 1602 2743 —
1620 2727 1723 2749 Subinde
1740 2728 1852 2755 allegatur
1869 2727 1947 2749 Matth.
1964 2726 1990 2754 5,
2008 2726 2046 2749 39.

1358 2764 1367 2777 ⁹
1386 2766 1483 2793 Vulgata
1495 2772 1550 2788 non.
1562 2778 1594 2782 —
1605 2766 1708 2788 Subinde
1721 2766 1847 2794 allegantur
1858 2766 1934 2788 Matth.
1944 2766 1984 2794 26,
1997 2766 2039 2793 393
2052 2766 2093 2793 20,
2106 2766 2144 2788 22.

1294 2808 1317 2827 et
1334 2805 1400 2827 Rom.
1418 2805 1445 2832 8,
1463 2805 1500 2827 32.

1358 2842 1377 2856 ¹⁰
1394 2843 1440 2867 Csr.
1457 2851 1528 2872 supra
1546 2851 1599 2873 pag.
1617 2845 1675 2873 275,
1686 2847 1740 2867 nota
1753 2845 1789 2867 it.
1802 2845 1887 2867 Eadem
1900 2844 1970 2867 verba
1982 2845 2052 2866 refert
2063 2844 2142 2866 Glossa

1294 2882 1420 2906 ordinaria
1437 2883 1459 2905 in
1476 2884 1537 2905 hune
1554 2884 1638 2906 locum.
1655 2896 1686 2900 —
1703 2884 1753 2906 Duo
1765 2890 1829 2912 seqq.
1842 2884 1886 2906 loci
1897 2886 1950 2906 sunt
1962 2884 2038 2906 Matth.
2050 2883 2092 2910 26,
2105 2883 2141 2905 55,

1295 2924 1316 2943 et
1334 2922 1402 2943 Marc.
1423 2921 1461 2949 14,
1481 2921 1517 2944 44.

2276 967 2278 989 l

2275 1020 2277 1033 1

2275 1106 2278 1124 1

2276 1141 2277 1150 l
