2296 3316
254 326 296 345 Alia
309 324 380 352 exposi—

254 350 384 395 Tripitilag'finis.

301 418 381 437 Primus.

276 695 379 715 Secundus.

300 883 381 902 Tertius.

270 1399 383 1418 introductio

273 1425 292 1442 et
305 1422 380 1442 divisio.

314 2150 361 2169 Pars
372 2149 386 2168 1.

267 2174 387 2198 Quadruplex

275 2197 381 2221 plenitudo.

260 2244 323 2271 Prima
331 2244 387 2271 estin

268 2273 319 2287 ornru
330 2269 386 2287 iusto.

260 2338 356 2359 secunda,
369 2338 389 2356 in

280 2362 372 2385 perfecto.

399 191 454 219 538

477 269 502 296 7.
526 267 573 295 Vei
594 266 689 294 aliter:
710 264 862 293 Habicoeou
883 264 914 293 in
935 263 1034 297 nobis,
1057 263 1083 292 id
1104 265 1146 292 est
1159 262 1242 291 intra

398 324 468 348 nos‚·
489 314 536 342 ubi
559 315 647 350 potest
668 312 770 345 notari,
792 310 866 348 quod
881 310 1016 339 Dominus
1035 310 1140 339 habitat
1161 310 1243 338 intra

397 370 450 390 nos
470 360 504 389 ad
533 358 795 395 sanctificandum,
827 358 903 386 inter
927 366 980 386 nos
1007 357 1042 386 ad
1065 356 1242 394 reyendum,

398 408 480 436 eirea
493 415 546 435 nos
560 406 594 434 ad
605 405 823 442 proteyendum.
832 414 871 424 -’
881 404 995 432 Obsessi
1008 411 1119 437 sumus,
1135 402 1182 432 sed
1194 403 1244 431 Do-

399 454 490 482 minus
504 452 610 481 habitat
627 452 709 480 cirea
723 460 776 479 nos
790 451 824 479 ad
840 450 1066 487 proteqendum·
1080 449 1141 478 ideo
1160 461 1173 474 «
1188 457 1243 478 non

399 499 619 529 commovebitur
644 498 670 526 in
698 501 844 527 aeternum
871 497 918 534 qui
949 497 1054 526 habitat
1082 497 1109 525 in
1138 497 1244 526 ierusa-

401 548 467 581 lem,
488 546 554 583 quia
575 545 709 574 Dominus
729 545 757 573 in
779 545 899 574 circuitu
925 544 1019 581 populi
1041 544 1083 573 sui
1099 556 1130 578 n,
1146 551 1244 573 secun-

397 594 464 622 dum
495 592 570 630 quod
600 592 702 621 dicitur
723 592 751 620 in
783 592 923 626 Psaim013
946 594 973 620 et
1004 591 1087 620 Isaiae
1111 591 1245 628 vigesimo

398 642 493 669 sexto:
513 651 527 665 «ι
542 640 666 668 Salvator
687 641 806 676 ponetur
820 639 848 667 in
869 646 902 667 ea
916 650 943 672 »,
965 638 992 666 id
1006 638 1090 667 estin
1112 638 1244 673 Ecclesia,

402 699 415 712 «
429 695 530 716 murus
550 689 578 715 et
597 686 770 715 antemurale
784 698 810 714 n.
827 702 864 707 —-
880 686 987 724 Iynari
1007 693 1117 720 sumus,
1139 689 1166 715 et
1186 686 1245 723 ipse

399 734 503 763 habitat
517 734 593 762 inter
608 742 661 762 nos
675 733 709 762 ad
729 733 906 771 recentium:
920 733 1095 770 Apocalypsis
1113 733 1245 770 vigesimo

399 781 502 819 primo:
523 792 537 806 α
552 781 631 815 Ecce,
648 780 857 810 tabernaculum
879 780 927 809 Dei
942 788 1006 809 cum
1028 780 1200 815 hominibus,
1218 783 1246 810 et

401 828 533 858 habitabit
554 836 618 857 cum
640 828 708 862 iiiis;
733 830 761 857 et
782 828 833 865 ipsi
861 828 982 865 populus
1003 827 1063 856 eius
1091 831 1190 861 erunt,
1218 830 1245 857 et

400 878 456 914 ipse
477 876 551 905 Deus
572 883 636 904 cum
657 875 697 904 eis
710 875 764 904 erit
785 883 883 904 eorum
897 875 972 904 Deus
985 886 1012 903 n.
1029 891 1067 896 —
1082 875 1182 903 Miseri
1198 883 1245 904 su-

399 933 475 958 mus,
498 923 545 953 sed
566 923 625 960 ipse
646 923 752 951 habitat
766 922 846 951 intra
861 931 914 951 nos
934 923 969 951 ad
990 922 1201 951 consolandum
1218 925 1246 952 et

397 972 660 1009 sanctificandum,-
681 970 715 999 de
736 978 792 1007 quo
813 973 901 1006 potest
921 970 1036 1007 intelligi
1065 970 1139 1007 quod
1161 978 1247 1007 supra

399 1020 524 1049 habitum
548 1022 589 1048 est
616 1017 729 1047 secundi
754 1016 985 1045 Machabaeorum
1010 1017 1117 1045 decimo
1131 1019 1245 1054 quarto,

398 1070 425 1096 et
445 1066 519 1104 quod
540 1066 585 1095 hic
606 1065 722 1094 dicitur:
745 1063 897 1093 Habitavit
917 1064 948 1092 in
968 1063 1059 1092 nobis.

723 1166 865 1190 COLLATiO
883 1167 914 1189 lli.

477 1256 566 1292 (Vers.
591 1255 657 1289 16,).
682 1254 720 1282 De
738 1253 919 1291 plenitudine
934 1253 997 1281 eius
1014 1261 1067 1281 nos
1081 1261 1179 1281 omnes
1200 1261 1249 1281 ac—

399 1303 538 1341 cepimus.

481 1352 505 1378 1.
527 1349 586 1378 Dici
607 1349 689 1383 solet,
714 1348 789 1386 quod
804 1348 847 1377 cui
870 1350 954 1384 caput
977 1347 1135 1381 infirmum,
1158 1349 1250 1376 cetera

401 1397 525 1427 membra
548 1397 656 1430 dolent;
678 1399 705 1424 et
729 1403 744 1424 e
769 1402 903 1424 converso
926 1394 979 1423 dici
1006 1397 1107 1431 potest:
1135 1394 1180 1422 cui
1205 1402 1250 1423 ca-

401 1448 451 1482 put
462 1447 504 1473 est
515 1451 626 1477 sanum,
641 1446 734 1471 cetera
748 1441 873 1470 membra
887 1441 980 1478 vigent
991 1441 1011 1469 ².
1027 1441 1100 1469 Bona
1111 1441 1184 1470 enim
1195 1440 1250 1469 dis-

400 1492 501 1529 positio
522 1491 619 1528 capitis
639 1493 680 1519 est
701 1489 891 1518 membrorum
911 1488 1035 1517 omnium
1058 1488 1206 1525 vigoratio,
1224 1490 1252 1516 et

402 1539 499 1577 capitis
512 1538 682 1568 abundantia
697 1537 821 1574 corporis
842 1536 981 1565 relevatio.
1004 1535 1161 1564 Secundum
1184 1535 1251 1563 haec

402 1587 458 1616 duo
472 1589 604 1615 notantur
618 1586 646 1614 in
662 1585 754 1614 verbis
765 1584 835 1613 istis:
852 1583 1037 1612 abundantia
1052 1581 1172 1619 eapitis,
1187 1589 1251 1610 cum

403 1634 518 1663 dicitur:
542 1633 582 1661 De
599 1631 779 1669 plenitudine
799 1631 875 1664 eius,
898 1630 924 1659 id
939 1633 980 1659 est
1001 1629 1120 1663 Christi,
1141 1629 1188 1666 qui
1211 1630 1252 1657 est

405 1681 537 1710 Ecclesiae
552 1683 634 1716 caput
647 1696 682 1700 —
694 1682 722 1708 et
740 1678 875 1707 relevatio
890 1677 1038 1715 eorporis,
1054 1684 1118 1705 cum
1133 1675 1251 1704 dicitur:

406 1728 462 1757 Nos
483 1735 581 1756 ornnes
602 1726 786 1763 accepimus,
807 1725 854 1762 qui
877 1724 981 1753 scilicet
1002 1731 1101 1752 sumus
1117 1722 1252 1751 Ecclesiae

404 1782 513 1812 corpus.
536 1774 607 1802 Fluit
627 1773 700 1802 enim
716 1772 836 1810 quodam
858 1771 939 1800 modo
953 1770 1090 1807 spirituaii
1112 1778 1128 1798 a
1142 1769 1252 1798 Christo

404 1821 492 1859 capite
520 1821 547 1849 in
568 1828 638 1854 nos,
660 1820 708 1857 qui
730 1827 827 1848 sumus
848 1818 974 1847 membra
995 1817 1070 1851 eius,
1099 1816 1252 1853 spiritualis

406 1872 497 1897 motus
511 1870 538 1896 et
552 1875 664 1901 sensus;
680 1869 722 1895 est
736 1866 825 1899 enim,
848 1864 1001 1894 secundum
1017 1864 1091 1901 quod
1106 1863 1208 1892 dicitur
1224 1863 1251 1891 in

406 1915 510 1944 Psalmo
522 1914 547 1949 ³,
567 1926 580 1939 α
596 1914 667 1942 sicut
681 1915 855 1950 unguentum
877 1912 904 1940 in
927 1911 1028 1948 capite,
1051 1911 1124 1948 quod
1139 1910 1252 1939 descen-

404 1961 444 1989 dit
464 1961 492 1989 in
513 1960 644 1993 barbam,
666 1959 781 1988 barbam
802 1961 854 1987 etc.
876 1961 903 1987 et
918 1965 1007 1994 usque
1028 1957 1056 1985 in
1077 1964 1154 1985 oram
1169 1956 1252 1985 vesti-

406 2008 489 2037 menti
511 2007 571 2036 eius
584 2019 614 2041 »,
629 2007 674 2035 cui
689 2009 836 2035 attestatur
851 2005 925 2042 quod
946 2005 991 2033 hic
1006 2004 1122 2033 dicitur:
1143 2004 1181 2032 De
1193 2003 1251 2041 ple-

406 2055 536 2084 nitudine
556 2054 619 2083 eius
640 2062 693 2082 nos
714 2061 813 2082 omnes
834 2052 1009 2089 accepimus.

482 2103 508 2131 2.
539 2102 579 2130 De
604 2100 784 2138 plenitudine
804 2099 875 2128 eius.
908 2098 1079 2132 Notandum,
1105 2097 1180 2134 quod
1210 2100 1252 2126 est

404 2149 582 2188 quadruplex
609 2147 767 2185 plenitudo,
796 2146 900 2176 scilicet
927 2145 1136 2184 sufficientiae,
1159 2144 1252 2173 abun-

404 2196 537 2229 dantiae,
558 2194 738 2223 excellentiae
764 2197 792 2222 et
819 2192 1081 2230 supereffluentiae.
1106 2208 1140 2212 -—
1166 2191 1252 2220 Pleni-

405 2244 471 2272 tudo
487 2242 678 2281 suffieientz'ae
699 2241 839 2278 reperitur
853 2240 880 2268 in
896 2240 1020 2277 quolibet
1041 2239 1135 2272 iusto,·
1149 2239 1183 2268 de
1197 2247 1253 2276 qua

406 2290 564 2319 Psalmus4:
590 2301 603 2314 (ι
619 2289 714 2326 Aperis
735 2292 766 2317 tu
782 2295 893 2316 manum
915 2290 992 2315 tuam
1011 2289 1038 2315 et
1059 2286 1157 2323 imples
1171 2293 1252 2314 omne

405 2337 505 2365 animai
519 2336 707 2365 benedictione
719 2347 745 2363 ι).
761 2352 796 2356 -
808 2334 950 2363 Plenitudo
961 2333 1163 2362 abundantiae
1174 2340 1253 2369 repe-

406 2384 478 2412 ritur
500 2384 527 2411 in
549 2383 673 2420 quolibet
693 2382 754 2410 viro
773 2380 914 2419 perfeeto,
944 2379 1097 2409 secundum
1119 2379 1192 2416 quod
1215 2379 1252 2408 le-

407 2431 481 2468 gitur
497 2432 612 2459 Actuum
635 2432 730 2459 sexto:
751 2440 764 2454 «
779 2428 948 2465 Stephanus,
967 2427 1066 2464 plenus
1080 2427 1169 2464 gratia
1179 2437 1210 2461 ¹³3
1226 2429 1253 2455 et

894 185 1119 214 COLLATIONES
1142 185 1172 213 ΙΝ
1194 183 1339 213 ΙΟΑΝΝΕΜ
1361 185 1429 212 CAP.
1453 184 1477 218 i„
1492 184 1585 212 COLL.
1609 185 1647 213 lli.

1298 262 1415 291 Actuum
1438 262 1575 291 secundo:
1602 274 1615 288 α
1630 262 1732 299 Repieti
1754 266 1820 292 sunt
1840 271 1935 293 omnes
1956 263 2060 301 Spiritu
2082 272 2144 293 san-

1298 311 1343 338 cto
1357 320 1371 334 »
1393 311 1444 338 etc.
1461 325 1498 330 —-
1514 309 1656 338 Plenitudo
1677 309 1857 339 excellentiae
1878 310 2019 348 reperitur
2039 310 2067 339 in
2082 310 2146 340 bea-

1299 356 1406 385 tissima
1427 355 1553 393 Virgine,
1568 356 1613 385 cui
1627 356 1732 385 dictum
1747 360 1789 386 est
1800 357 1889 386 Lucae
1903 357 1994 394 primo
2005 357 2030 385 ⁵:
2050 368 2063 382 «
2078 357 2145 393 Ave,

1299 402 1388 439 gratia
1409 402 1489 439 plena
1504 413 1534 436 »;
1560 410 1644 440 quam
1670 403 1870 440 plenitudinem
1891 406 2027 438 tractans,
2049 403 2148 432 beatus

1300 449 1459 478 Bernardus
1472 449 1525 478 ait:
1546 460 1560 475 α
1574 449 1702 487 Legimus
1716 450 1886 487 Stephanum
1900 450 2018 488 plenum
2031 450 2147 488 qratia,

1300 497 1442 533 Apostolos
1462 496 1582 534 repletos
1603 497 1708 534 Spiritu
1730 500 1837 532 sancto,
1859 497 1906 527 sed
1928 497 2008 534 longe
2028 497 2149 527 dissimi-

1300 543 1364 572 liter
1385 543 1413 572 in
1434 543 1526 572 Maria.
1549 544 1606 572 Non
1627 543 1700 573 enim
1724 544 1858 573 habitavit
1887 544 1914 573 in
1945 544 1986 573 eis
2006 543 2149 581 plenitudo

1300 590 1457 619 Divinitatis
1487 590 1682 627 corporaliter,
1714 591 1949 628 quemadmodum
1977 591 2005 620 in
2026 591 2148 620 Maria».

1302 654 1338 659 —
1361 637 1504 667 Plenitudo
1524 637 1779 675 supereffluentiae
1803 638 1944 675 reperitur
1965 638 1994 668 in
2016 637 2149 674 Christe,

1300 684 1335 713 de
1355 692 1426 721 qu0‚
1448 684 1600 713 secundum
1623 684 1697 721 quod
1712 685 1757 713 hic
1770 685 1887 720 dicitur,
1907 693 1961 714 nos
1982 693 2080 714 omnes
2100 693 2150 714 ac-

1301 731 1438 769 cepimus.
1467 731 1543 760 Unde
1571 734 1598 760 et
1628 732 1687 769 ipse
1718 731 1784 761 dicit
1813 731 1993 761 Ecciesiastici
2018 732 2150 770 vigesimo

1301 782 1418 816 quarto:
1445 790 1458 804 «
1473 779 1599 808 Transite
1620 779 1653 808 ad
1676 786 1733 813 me,
1755 787 1865 814 omnes,
1887 780 1935 817 qui
1957 779 2151 817 concupiscitis

1301 834 1361 861 me,
1383 830 1411 855 et
1431 834 1448 855 a
1467 826 1692 863 generationibus
1714 826 1783 855 meis
1804 826 1998 863 implemini».

1381 873 1407 902 3.
1429 873 1490 902 Fuit
1504 876 1597 902 autem
1619 873 1647 902 in
1668 873 1778 902 Christo
1792 873 1970 911 quadruplex
1991 873 2150 911 plenitudo,

1302 921 1406 951 scilicet
1415 921 1577 958 sapientiae
1591 937 1628 942 —
1643 921 1809 950 clementiae
1822 938 1861 942 —
1875 921 1994 950 virtutis
2005 938 2044 942 —
2054 920 2151 959 1319ἰο-

1302 968 1374 997 riae.
1391 967 1534 996 Plenitudo
1553 967 1715 1004 sapientiae
1729 968 1858 1004 apparuit
1872 968 1901 996 in
1917 967 2151 1005 praedieatione,

1302 1015 1445 1052 plenitudo
1466 1014 1630 1043 elementiae
1650 1014 1677 1043 in
1696 1015 1850 1051 passione,
1872 1014 2015 1052 plenitudo
2031 1014 2152 1043 virtutis

1303 1062 1330 1090 in
1345 1061 1574 1095 resurrectione,
1589 1061 1732 1098 plenitudo
1745 1061 1858 1099 9loriae
1872 1061 1899 1090 in
1915 1061 2091 1090 ascensione.
2114 1076 2151 1082 --

1303 1108 1365 1137 Fuit
1385 1116 1452 1145 ergo
1473 1108 1572 1145 plenus
1593 1108 1755 1145 sapientia,·
1770 1109 1859 1137 Lucae
1880 1108 2036 1138 secundo⁶:
2057 1108 2153 1137 «Puer

1304 1158 1398 1184 autem
1419 1155 1561 1184 crescebat
1586 1158 1614 1184 et
1635 1155 1856 1190 confortabatur,
1884 1156 1984 1193 plenus
2004 1155 2153 1193 sapientia,

1305 1206 1332 1232 et
1353 1202 1441 1240 gratia
1462 1202 1510 1231 Dei
1532 1205 1592 1231 erat
1613 1202 1641 1231 in
1663 1202 1709 1231 ilio
1727 1214 1754 1231 ».
1778 1219 1814 1224 —
1834 1203 1895 1231 Fuit
1916 1203 2015 1240 plenus
2035 1202 2154 1231 elemen-

1306 1250 1367 1283 tia‚·
1389 1249 1462 1279 unde
1489 1250 1513 1278 ei
1542 1249 1670 1278 convenit
1697 1249 1771 1287 quod
1799 1250 1901 1279 dicitur
1927 1249 2025 1279 Esther
2048 1249 2155 1278 decimo

1306 1297 1420 1334 quinto:
1446 1308 1460 1321 «
1475 1296 1559 1325 Valde
1580 1296 1715 1325 mirabilis
1736 1305 1781 1331 es,
1803 1297 1935 1331 Domine,
1956 1300 1984 1326 et
2004 1296 2086 1326 facies
2107 1299 2156 1325 tua

1307 1344 1388 1381 plena
1408 1346 1450 1372 est
1470 1343 1623 1381 gratiarum
1640 1355 1666 1371 n.
1686 1344 1728 1372 Tu
1749 1344 1861 1381 quidem
1877 1343 2024 1373 mirabilis
2037 1352 2076 1378 es,
2102 1344 2155 1372 Do-

1307 1391 1397 1425 mine,
1421 1393 1521 1419 cuncta
1542 1391 1686 1425 creando,
1701 1393 1729 1420 et
1742 1390 1836 1427 facies
1851 1394 1916 1425 tua,
1932 1391 2055 1426 Christe,
2067 1390 2156 1428 plena

1307 1438 1451 1475 apparuit
1475 1438 1666 1475 gratiarum,
1688 1438 1781 1467 omnia
1809 1439 1976 1467 recreando.
1999 1438 2058 1475 lpse
2082 1438 2155 1467 enim

1308 1488 1349 1514 est
1369 1485 1533 1522 sapientia,
1560 1496 1574 1510 <r
1588 1493 1660 1522 quae
1681 1485 1830 1514 desursum
1852 1488 1909 1519 est,
1924 1493 1996 1523 quae
2013 1485 2095 1522 plena
2115 1488 2157 1514 est

1308 1532 1498 1562 misericordia
1519 1535 1546 1561 et
1566 1532 1699 1569 operibus
1720 1532 1800 1561 bonis
1815 1544 1842 1567 n,
1858 1532 2011 1562 secundum
2026 1532 2100 1570 quod
2114 1532 2155 1561 di-

1308 1580 1382 1609 citur
1403 1579 1490 1608 Iacobi
1513 1579 1603 1608 tertio.
1621 1596 1657 1600 —
1673 1580 1772 1608 Plenus
1787 1580 1838 1608 suit
1859 1580 1966 1608 virtute
1980 1583 2007 1609 et
2026 1579 2156 1617 potentia,

1308 1627 1335 1655 in
1351 1627 1432 1656 cuius
1453 1634 1571 1664 persona
1584 1626 1687 1655 dicitur
1702 1627 1839 1655 Michaeae
1860 1627 1942 1655 tertio
1954 1627 1979 1655 ⁷:
2003 1638 2017 1652 (ι
2028 1626 2157 1664 Repletus

1309 1682 1371 1703 sum
1393 1681 1443 1711 ego
1464 1673 1626 1703 fortitudine
1644 1674 1764 1710 Spiritus
1784 1674 1910 1708 Domini,
1931 1673 2033 1703 iudicio
2053 1676 2080 1703 et
2101 1673 2157 1702 vir-

1309 1723 1368 1749 tute
1390 1732 1416 1748 ».
1443 1737 1479 1740 —
1504 1720 1604 1748 Plenus
1625 1719 1677 1748 suit
1697 1720 1814 1757 9l07·ia,·
1835 1720 1909 1749 unde
1930 1720 1963 1749 ad
1984 1720 2158 1749 Colossenses

1309 1768 1443 1796 secundo:
1471 1779 1484 1793 α
1499 1767 1527 1796 In
1543 1767 1602 1804 ipso
1618 1767 1752 1796 habitavit
1766 1767 1909 1804 plenitudo
1927 1767 2083 1796 Divinitatis
2097 1775 2158 1796 cor-

1308 1814 1440 1851 poraliter
1456 1826 1481 1842 ».

1388 1862 1421 1890 4,*
1438 1861 1608 1898 Sapientia,
1623 1863 1654 1889 ut
1669 1861 1774 1889 dictum
1796 1864 1851 1895 est,
1873 1861 2002 1898 apparuit
2023 1862 2051 1890 in
2069 1869 2158 1898 prae-

1308 1908 1474 1941 dieatione,·
1499 1908 1614 1936 docebat
1638 1908 1712 1936 enim
1737 1915 1784 1936 eos
1803 1919 1816 1933 «
1832 1907 1904 1936 sicut
1925 1910 2087 1944 potestatem
2109 1907 2158 1936 ha-

1308 1955 1377 1984 bens
1388 1967 1401 1980 »
1416 1958 1478 1989 etc.,
1491 1955 1644 1983 secundum
1659 1955 1734 1992 quod
1749 1954 1851 1983 dicitur
1866 1954 1994 1983 Matthaei
2009 1954 2126 1991 septimo
2135 1954 2155 1982 ³.

1308 2019 1347 2023 —-
1370 2002 1525 2031 Clementia
1547 2002 1574 2030 in
1593 2002 1752 2039 passione;
1775 2005 1841 2031 tunc
1862 2002 1935 2031 enim
1958 2002 2062 2039 patuit,
2084 2001 2159 2039 quod

1313 2049 1411 2086 «apud
1432 2049 1580 2078 Dominum
1602 2049 1792 2078 misericordia
1819 2051 1846 2078 et
1867 2049 1977 2086 copiosa
1997 2048 2071 2086 apud
2095 2056 2159 2078 eum

1308 2096 1461 2132 redemptio
1476 2108 1504 2129 »,
1519 2096 1671 2124 secundum
1686 2096 1760 2133 quod
1771 2096 1874 2125 dicitur
1886 2096 1913 2124 in
1926 2096 2040 2125 Psalmo.
2054 2112 2091 2117 —
2103 2095 2160 2124 Po-

1309 2143 1397 2172 tentia
1411 2143 1439 2172 in
1454 2143 1684 2176 resurreetione‚·
1699 2147 1766 2172 tunc
1780 2143 1853 2172 enim
1868 2143 1931 2172 data
1950 2155 1964 2168 «
1977 2146 2019 2172 est
2033 2143 2057 2172 ei
2071 2142 2161 2172 omnis

1308 2193 1468 2227 potestas»,
1489 2190 1516 2219 id
1544 2194 1586 2219 est
1606 2190 1665 2219 dari
1688 2190 1876 2224 manifestata,
1902 2190 2055 2219 secundum
2084 2189 2159 2227 quod

1308 2238 1411 2267 dicitur
1436 2238 1565 2267 Matthaei
1593 2238 1701 2267 ultimo.
1724 2255 1762 2258 —
1787 2238 1890 2267 Gloria
1912 2238 1939 2266 in
1971 2237 2160 2271 ascensione;

1309 2289 1376 2314 tunc
1407 2285 1480 2314 enim
1508 2297 1521 2310 «
1542 2285 1662 2314 vidimus
1692 2286 1807 2322 gloriam
1829 2285 1905 2319 eius,
1938 2285 2054 2322 gloriam
2080 2284 2160 2322 quasi

1309 2332 1444 2369 Unigeniti
1467 2340 1482 2360 a
1505 2332 1583 2361 Patre
1601 2344 1629 2366 ιι,
1652 2333 1758 2361 ioannis
1780 2333 1886 2369 primo,
1909 2332 2020 2369 quando
2047 2332 2160 2369 quidem

1314 2391 1328 2404 «
1342 2383 1483 2408 assumtus
1504 2383 1546 2408 est
1567 2380 1593 2408 in
1616 2380 1724 2408 caelum
1745 2382 1773 2408 et
1794 2379 1871 2408 sedet
1891 2379 1925 2408 ad
1946 2379 2090 2408 dexteram
2113 2379 2161 2408 Pa-

1309 2426 1360 2455 tris
1376 2438 1402 2461 »,
1424 2426 1577 2455 secundum
1599 2426 1674 2463 quod
1694 2426 1796 2455 dicitur
1818 2426 1900 2455 Marci
1923 2426 2029 2455 ultimo.

472 2636 479 2649 ¹
498 2637 579 2659 Psaim.
600 2636 656 2663 124,
674 2637 695 2658 2,
713 2648 743 2653 -
761 2636 895 2658 immediate
912 2638 964 2663 post
981 2635 1085 2664 sequitur
1105 2635 1155 2657 lsai.
1172 2635 1214 2662 26,
1235 2634 1254 2656 i.

409 2679 431 2699 et
447 2676 547 2699 subinde
564 2677 635 2703 Apoc.
653 2676 690 2702 21,
708 2676 729 2697 3.
747 2678 769 2697 et
786 2676 810 2697 il.
829 2675 902 2697 Mach.
920 2674 962 2701 ⁴4,
980 2674 1017 2696 35.
1034 2673 1080 2697 Csr.
1097 2680 1120 2696 n.
1138 2674 1158 2695 6.

471 2713 481 2727 ²
498 2715 598 2742 Hieron„
615 2715 683 2742 Epist.
702 2715 738 2737 58.
758 2714 822 2742 (alias
840 2714 887 2742 13.)
905 2720 927 2735 n.
942 2713 982 2735 ii:
999 2712 1079 2741 Capite
1090 2713 1179 2742 quippe
1190 2718 1254 2739 sano,

410 2761 490 2778 omnes
514 2760 595 2786 sensus
620 2747 705 2782 vigent.
731 2753 779 2776 Lib.
802 2754 816 2776 i.
840 2753 969 2776 Comment.
991 2754 1014 2775 in
1036 2752 1086 2775 lsai.
1104 2752 1125 2779 1,
1143 2752 1172 2774 5:
1196 2752 1255 2774 inter

410 2795 472 2822 ipsos
492 2800 586 2822 quoque
608 2799 689 2815 sensus
706 2795 728 2815 et
744 2793 820 2815 omnia
846 2792 951 2815 membra
976 2792 1080 2820 corporis
1104 2791 1254 2819 principalem

410 2833 486 2855 locum
503 2831 591 2854 obtinet
606 2834 687 2859 caput,
705 2831 726 2853 in
743 2837 790 2859 quo
808 2831 872 2853 visus
888 2833 911 2853 et
927 2831 1050 2858 odoratus,
1067 2830 1160 2852 auditus
1177 2832 1198 2852 et
1215 2835 1255 2857 gu-

410 2874 459 2893 stus
470 2874 511 2892 est.
523 2870 581 2893 Cum
598 2870 667 2898 igitur
678 2872 748 2897 caput
759 2870 870 2896 doluerit,
883 2869 959 2892 omnia
978 2868 1082 2891 membra
1100 2868 1183 2890 debilia
1195 2870 1255 2890 sunt.

473 2908 482 2921 ¹³
499 2910 581 2932 Psaim.
601 2910 658 2936 132,
676 2910 697 2931 2.

473 2947 483 2960 ⁴
500 2949 582 2971 Psaim.
598 2948 653 2975 144,
667 2949 704 2970 16.
717 2960 748 2965 —·
760 2948 810 2970 Duo
821 2954 886 2977 seqq.
899 2948 941 2970 ioci
958 2950 1011 2970 sunt
1027 2948 1075 2970 Act.
1089 2947 1115 2974 6,
1128 2947 1148 2968 8.
1162 2949 1184 2968 et
1195 2947 1221 2974 2,
1234 2946 1256 2968 4.

473 2986 483 3000 ⁵
500 2988 566 3010 Vers.
578 2988 658 3010 28.—
670 2987 787 3015 Bernard.‚
804 2988 886 3010 Hornii.
903 2988 925 3010 3.
942 2993 1013 3015 super
1030 2986 1118 3010 Missus
1135 2987 1181 3013 est,
1193 2992 1215 3008 n.
1229 2986 1254 3007 2:

1310 2634 1420 2662 Legimus
1437 2633 1460 2655 in
1477 2632 1572 2656 Actibus
1589 2634 1752 2661 Apostolorum
1765 2636 1787 2655 et
1800 2633 1942 2661 Stephanum
1961 2633 2055 2661 plenum
2077 2632 2161 2660 gratia,

1311 2675 1333 2695 et
1350 2673 1473 2700 Apostolos
1496 2673 1565 2695 tuisse
1588 2672 1688 2700 repletos
1706 2673 1792 2700 Spiritu
1809 2675 1903 2701 sancto;
1921 2672 1962 2695 sed
1979 2672 2048 2699 longe
2064 2671 2162 2694 dissimi-

1311 2711 1361 2734 liter
1373 2717 1385 2733 a
1398 2711 1474 2733 Maria.
1486 2711 1591 2740 Alioquin
1604 2717 1647 2734 nec
1664 2711 1687 2733 in
1705 2711 1742 2733 iilo
1760 2710 1872 2734 habitavit
1885 2709 2009 2740 plenitudo
2026 2709 2161 2733 Divinitaa's

1311 2750 1469 2779 corporaliter
1487 2750 1543 2778 [Coi.
1561 2751 1588 2777 2,
1606 2749 1653 2780 9.]‚
1665 2750 1866 2779 quemadmodum
1884 2750 1906 2772 in
1925 2749 2002 2772 Maria.
2015 2761 2047 2766 —
2059 2748 2162 2771 Subinde

1311 2789 1422 2817 allegatur
1440 2790 1505 2812 Eccli.
1523 2789 1566 2816 24,
1584 2790 1622 2811 26.

1374 2827 1384 2840 ⁶
1400 2829 1468 2851 Vers.
1486 2828 1523 2851 40.
1537 2841 1568 2845 —
1580 2829 1713 2857 Sequuntur
1730 2829 1810 2851 Esther
1824 2828 1864 2855 15,
1883 2828 1919 2850 17.
1937 2830 1960 2850 et
1976 2828 2020 2850 iac.
2037 2827 2063 2854 3,
2083 2827 2120 2849 17.
2132 2839 2162 2843 —-

1311 2868 1407 2890 Inferius
1424 2874 1466 2895 pro
1483 2867 1585 2893 Christe,
1596 2867 1680 2897 plena,
1693 2867 1757 2896 quod
1770 2867 1839 2890 habet
1850 2867 1880 2894 C,
1892 2867 1911 2889 A
1920 2867 1936 2889 B
1950 2865 2058 2890 Christus
2067 2865 2161 2895 plenus.

1375 2905 1383 2918 ⁷
1404 2907 1467 2929 Vers.
1485 2907 1507 2929 8.
1524 2919 1555 2924 —-
1571 2906 1675 2929 Subinde
1692 2907 1804 2935 allegatur
1821 2906 1868 2929 Col.
1885 2907 1912 2934 2,
1930 2906 1951 2928 9.

1375 2944 1384 2957 ⁸
1403 2946 1468 2968 Vers.
1493 2946 1530 2968 29.
1549 2958 1580 2962 —
1602 2947 1736 2975 Sequuntur
1762 2946 1798 2968 Ps.
1822 2946 1879 2973 129,
1901 2944 1927 2972 7;
1950 2945 2027 2967 Matth.
2050 2944 2093 2971 28,
2117 2944 2162 2971 18;

1313 2986 1373 3008 ioan.
1393 2986 1414 3013 1,
1432 2985 1469 3007 14.
1488 2988 1510 3007 et
1527 2986 1596 3008 Marc.
1616 2986 1656 3014 16,
1675 2985 1712 3007 19.

2162 318 2230 342 rema.
2239 301 2270 347 ini

2278 297 2296 346 tt

2183 341 2270 370 Marius-*if
2278 348 2296 374 p.

2265 485 2272 504 ⁴i

2259 504 2277 530 ,ἓν

2266 565 2268 578 ι

2267 625 2272 644 i

2165 645 2239 669 Quarta,
2250 646 2268 666 111

2178 668 2252 689 Christo.
2266 690 2267 693 Ἴ

2177 879 2197 898 in
2208 873 2273 911 ‹1111in

2167 902 2236 950 gfeaffl
2247 903 2282 955 {5213

2272 1009 2273 1025 i

2272 1040 2274 1091 i

2272 1094 2275 1111 1

2173 1112 2264 1133 Plenitudo
2272 1118 2274 1134 ῑ

2170 1136 2264 1161 sapientiae
2273 1135 2275 1150 ³

2170 1207 2285 1235 Clementia„

2283 1237 2296 1256 ‘li

2282 1263 2295 1281 i·

2280 1284 2296 1312 ³¹.

2282 1313 2296 1331 a

2274 1334 2296 1358 it*

2174 1582 2271 1602 Potentiae»
2285 1587 2288 1590 ’

2174 1723 2253 1743 Gloriae.
2274 1728 2276 1744 t

2188 1864 2269 1889 Singulas*
2276 1871 2277 1876 ¹

2171 1888 2263 1913 explicanti
2275 1902 2278 1906 .
