2296 3316
17 1043 86 1063 iai-tum.

717 114 887 143 COMMENT.
910 113 943 142 IN
964 113 1111 143 IOANNEM
1133 113 1160 142 C.
1183 115 1236 143 XII.

102 197 165 223 erat
185 202 253 222 cam
273 202 321 227 eo,
343 193 461 231 quando
481 193 638 222 Lazarum
657 192 773 220 vocavit
792 192 826 220 de
845 200 948 220 mona-

102 244 212 275 mento‚
234 240 342 269 dicens:
369 251 383 265 «
398 240 514 273 Lazare,
535 238 598 268 veni
619 238 693 267 foras
708 250 735 272 ι),
755 238 950 267 exsuscitavit

104 296 169 317 eum
196 295 216 315 a
236 286 370 315 mortuis.
393 286 446 314 Ista
467 285 550 314 turba
575 284 739 322 perhibebat
760 284 949 313 testimonium

103 335 163 364 eius
193 332 426 370 omnipotentiae,
458 332 541 361 turba
575 331 679 360 scilicet
709 331 888 368 simplicium
923 334 950 360 et

102 381 184 410 etiam
212 380 296 409 turba
322 379 515 416 sapientium.-
536 378 731 416 sapientium,
757 379 875 407 Actuum
903 378 950 407 de-

102 427 173 456 cimo
185 427 207 455 ¹:
234 438 248 452 «
261 426 329 455 Huic
349 433 445 455 omnes
465 425 618 462 Prophetae
643 425 830 454 testimonium
856 425 950 462 perhi-

102 473 209 507 bent»;
234 471 429 509 simpliciam,
458 471 596 501 Psalmus:
630 482 643 496 a
660 472 700 500 Ex
728 479 776 500 ore
803 471 949 500 infantium

103 523 130 550 et
156 519 316 549 lactentium
337 519 476 556 perfecisti
503 518 612 547 laudem
627 530 653 547 ».
684 519 798 556 Propter
819 518 893 556 quod
914 518 950 547 si-

101 575 186 605 gnum
202 570 229 596 et
250 566 437 595 testimonium
459 566 575 595 collatus
595 568 637 595 est
657 566 681 595 ei
703 566 949 601 hon01·iste;ideo

102 613 185 643 dicit:

182 660 228 689 24.
251 660 340 697 (Vers.
372 660 437 695 18.).
468 660 649 697 Propterea2
677 659 793 688 obviam
820 660 897 688 venit
924 660 951 688 ei

104 706 203 742 turba,
219 707 291 746 qu-z'a
305 706 481 741 audierunt,
503 707 601 744 ipsam
622 706 724 744 fecisse
745 705 797 735 hoc
817 706 945 744 signam.

104 754 198 783 Turba
218 754 336 791 simplex
358 754 453 783 videns
474 754 552 791 signa
578 754 742 783 movebatur
763 754 797 783 ad
818 754 900 783 iidem
921 756 949 783 et

103 801 288 835 devotionem;
317 804 431 838 propter
462 800 537 838 quod
568 800 669 829 dicitur
700 801 828 829 Matthaei
859 809 947 829 nono:

107 860 121 874 «
136 847 264 877 Videntes
285 848 384 877 turbae
400 848 554 876 timuerunt
568 851 595 876 et
609 848 835 884 glorificaverunt
849 848 948 882 Deum,

103 895 151 933 qui
171 895 246 924 dedit
266 897 430 932 potestatem
450 895 533 923 talem
555 894 714 923 hominibus
729 906 755 929 »;
778 894 826 924 sed
840 894 948 923 scribae

101 942 244 977 dicebant,
265 941 340 979 quod
361 941 573 978 blasphemaret.

182 990 228 1018 25.
251 989 339 1025 (Vers.
365 989 430 1025 19.).
460 987 620 1017 Pharisaei
649 997 717 1026 erqo
745 989 885 1017 dixerant
909 988 949 1017 ad

102 1036 275 1073 semetipsos.
298 1036 432 1073 Tangitur
464 1035 508 1064 hic
530 1038 678 1072 quartum,
705 1036 808 1065 scilicet
839 1034 949 1064 Phari-

102 1091 240 1112 saeorum
261 1091 296 1111 eac
323 1083 439 1111 invidia
460 1082 633 1115 obstinatio:
654 1085 801 1119 propterea
822 1082 950 1111 dicebant

102 1130 175 1159 inter
203 1137 248 1158 se:
277 1129 384 1163 Videte,
406 1129 478 1167 qaia
508 1127 583 1157 nihil
610 1128 816 1166 proficimus&
846 1128 949 1158 scilicet

103 1177 227 1215 quandiu
248 1176 331 1211 vivit;
353 1176 489 1205 secundae
503 1176 536 1205 ad
562 1176 736 1205 Timotheum
759 1176 853 1205 tertio:
872 1176 950 1205 «Ve-

104 1224 179 1253 ritati
211 1224 363 1258 resistunt,
395 1224 521 1253 homines
551 1224 676 1260 corrupti
708 1227 814 1258 mente,
837 1223 950 1260 reprobi

105 1271 179 1301 circa
206 1271 304 1305 fidem,
333 1270 380 1300 sed
408 1271 483 1299 ultra
511 1279 564 1299 non
594 1270 738 1307 proficient
755 1283 782 1299 n.
812 1271 843 1299 Et
872 1273 949 1307 post:

105 1319 193 1353 Eece,
216 1321 291 1347 totas
311 1318 442 1346 mandas
464 1321 529 1355 post
556 1326 621 1346 eam
643 1317 722 1346 abiit.
746 1318 774 1346 ln
795 1326 851 1355 quo
872 1321 950 1346 nota—

105 1368 167 1400 tur,
189 1365 263 1403 quod
285 1365 374 1394 iaculo
399 1365 517 1393 invidiae
538 1365 668 1393 commoti
688 1367 753 1393 sunt
761 1375 768 1399 ;
790 1365 864 1394 unde
884 1364 951 1393 dici—

104 1414 151 1441 tur
172 1412 300 1441 Matthaei
322 1411 453 1449 vigesimo
474 1411 564 1448 primo
574 1412 596 1446 4,
617 1411 690 1448 quod
706 1411 829 1440 videntes
844 1411 951 1440 scribae

103 1463 131 1488 et
152 1459 290 1488 Pharisaei
315 1458 475 1495 «indignati
496 1461 603 1493 sunt»,
625 1459 691 1496 quia
711 1467 747 1488 ex
769 1458 883 1487 invidia
903 1458 952 1487 do-

104 1505 209 1540 lebant,
230 1514 267 1535 ex
287 1505 427 1543 superbia
447 1505 646 1542 despiciebant,
669 1513 704 1535 ex
726 1506 785 1543 ipsa
805 1506 855 1534 ira
876 1505 952 1534 fure-

103 1553 185 1588 bant;
207 1555 234 1582 et
253 1553 315 1582 ideo
346 1553 374 1581 in
404 1552 510 1581 malitia
539 1552 669 1582 obstinati
701 1556 795 1588 erant;
823 1552 952 1581 «invidia

102 1600 203 1629 diaboli
224 1608 300 1629 mors
321 1600 435 1628 intravit
455 1599 483 1628 in
505 1600 601 1629 orbem
626 1603 767 1629 terrarum
782 1613 796 1626 2>
821 1603 883 1634 etc„
905 1600 952 1628 Sa-

103 1647 222 1684 pientiae
236 1647 358 1676 secundo
369 1646 393 1681 ⁵3
409 1646 588 1676 Ecclesiastici
604 1647 709 1676 decimo
724 1650 837 1685 quarto:
857 1647 952 1676 «Ocu-

103 1693 148 1723 lus
167 1694 257 1722 malus
278 1694 306 1722 in
328 1693 439 1722 tristitia
460 1693 513 1722 erit
534 1701 619 1730 super
641 1702 763 1723 mensam
785 1702 865 1723 suam
879 1706 906 1722 ».

1794 114 1850 143 415

1327 194 1528 230 Quaesmouns.

1085 286 1130 314 26.
1153 287 1263 323 Quaest.
1286 288 1303 315 I.
1326 288 1377 316 Sed
1392 288 1538 325 quaeritur
1560 288 1619 317 hic:
1641 288 1707 325 quia
1728 287 1851 320 videtur,

1006 332 1080 369 quod
1113 332 1245 362 Dominus
1275 334 1302 362 in
1334 335 1467 371 operibus
1496 335 1554 364 suis
1585 334 1670 363 fuerit
1701 334 1753 363 sibi
1786 341 1851 362 con-

1006 379 1126 407 trarius:

1088 427 1111 454 1.
1134 426 1204 462 Quia
1224 435 1309 464 supra
1331 427 1498 457 undecimo6
1523 428 1641 463 dicitur,
1663 427 1737 465 quod
1758 427 1852 456 Domi-

1006 480 1060 501 nus
1080 472 1232 501 abscondit
1252 481 1282 501 se
1302 482 1318 502 a
1338 474 1407 503 facie
1428 474 1592 504 ludaeorum
1608 474 1851 512 persequentium;

1006 518 1052 548 hic
1072 522 1166 548 autem
1187 519 1225 548 ita
1245 520 1387 549 manifeste
1409 528 1438 549 se
1458 521 1546 549 offert.

1085 566 1111 593 Ξ.
1135 565 1217 599 item,
1238 565 1373 595 Dominus
1394 574 1480 603 supra
1500 567 1602 596 sexto⁷
1624 567 1702 605 fayz't
1717 567 1748 595 z'n
1768 576 1851 596 moot-

1006 615 1078 646 tem,
1099 611 1211 649 quando
1231 612 1381 641 voluerunt
1411 620 1476 642 eum
1497 613 1586 642 facere
1608 622 1716 650 regem;
1739 614 1784 643 hic
1805 621 1852 642 su-

1006 658 1087 696 scipit
1113 660 1247 688 honorem
1278 659 1407 688 collatum
1439 660 1490 689 sibi
1523 663 1655 697 tanquam
1676 661 1733 698 regi
1755 664 1781 689 et
1803 669 1852 698 ap-

1006 706 1113 743 probat.

1085 754 1266 782 Respouneo:
1297 753 1463 788 Dicendum,
1496 754 1571 791 quod
1602 754 1748 788 Dominus,
1781 755 1852 783 sicut

1005 800 1071 829 dicit
1092 800 1262 837 Augustinus
1272 800 1293 834 ⁸,
1315 809 1370 829 non
1390 800 1455 830 facit
1475 801 1639 835 contraria,
1661 801 1708 830 sed
1722 809 1773 838 pro
1788 809 1853 830 con*

1005 847 1126 884 gruitate
1147 847 1211 876 facit
1232 848 1363 882 (aversa,
1385 848 1458 877 sicut
1479 849 1558 886 prius
1579 851 1659 877 vetus
1680 852 1707 877 et
1729 851 1790 885 post
1804 857 1852 877 no-

1006 902 1073 922 vum
1095 894 1179 923 edidit
1200 898 1405 924 testamentum.

1088 942 1112 969 1.
1135 942 1249 979 Propter
1276 943 1350 980 quod
1377 942 1540 977 dicendum,
1563 943 1637 980 quod
1659 946 1769 980 tempus
1790 951 1852 980 pas—

1006 988 1090 1017 sionis
1112 989 1190 1024 prius
1217 989 1340 1018 nondum
1368 989 1530 1024 advenerat,
1558 990 1639 1018 modo
1659 989 1770 1024 aderat,
1792 989 1854 1019 ideo

1005 1036 1085 1073 prius
1106 1043 1135 1064 se
1155 1036 1325 1071 occultabat,
1341 1037 1406 1074 quia
1421 1039 1529 1073 tempus
1550 1037 1742 1074 exspectabat,
1760 1036 1853 1071 modo,

1006 1090 1071 1111 cum
1091 1082 1168 1111 adest
1188 1083 1382 1119 opportunitas
1403 1086 1430 1112 et
1450 1087 1573 1120 tempus,
1595 1091 1624 1113 se
1644 1084 1800 1113 manifestat
1812 1084 1832 1112 ⁹.

1086 1130 1112 1158 2.
1135 1129 1264 1158 Similiter
1285 1130 1319 1158 ad
1340 1130 1508 1159 secundum:
1531 1130 1596 1168 quia
1616 1134 1680 1160 ante
1700 1131 1855 1168 passionem

1006 1177 1117 1214 ignotus
1137 1184 1197 1205 esse
1219 1177 1341 1211 volebat,
1363 1185 1449 1213 prope
1470 1179 1497 1206 et
1521 1180 1583 1214 post
1607 1178 1761 1214 passionem
1789 1186 1855 1206 vero

1006 1222 1218 1259 glorificandus3
1241 1223 1301 1251 ideo
1316 1226 1382 1252 tunc
1403 1223 1536 1252 honorem
1552 1224 1659 1261 regium
1674 1227 1701 1253 et
1715 1232 1770 1252 non
1791 1228 1854 1253 ante

1007 1269 1129 1306 suscepit
1142 1270 1171 1297 ¹⁰.
1195 1286 1233 1290 -—
1253 1270 1310 1298 Alia
1331 1270 1400 1298 ratio
1422 1273 1478 1304 est,
1500 1270 1566 1307 quia
1586 1270 1631 1299 isti
1652 1279 1706 1299 non
1729 1271 1855 1299 fecerunt

1007 1324 1072 1345 eum
1094 1324 1203 1353 regem,
1225 1316 1273 1345 sed
1293 1324 1309 1345 a
1331 1317 1386 1345 Deo
1407 1317 1523 1346 missum
1546 1318 1792 1354 recognoscebant;
1808 1318 1855 1346 sed

1008 1363 1046 1392 illi
1068 1371 1133 1392 eum
1155 1371 1248 1401 regem
1263 1363 1353 1392 facere
1374 1364 1511 1393 volebant.
1529 1381 1564 1385 —-
1586 1364 1679 1393 Tertia
1704 1364 1774 1393 ratio
1799 1367 1854 1394 est:

1008 1411 1074 1448 quia
1088 1411 1222 1440 Dominus
1243 1411 1335 1440 statim
1356 1411 1435 1449 quasi
1450 1414 1511 1448 post
1531 1412 1599 1440 haec
1621 1414 1681 1440 erat
1704 1419 1855 1448 passurus,

1008 1458 1096 1487 voluit
1116 1458 1263 1493 honorari,
1279 1461 1311 1487 ut
1325 1466 1361 1488 ex
1383 1459 1435 1488 hoc
1456 1459 1562 1488 honore
1583 1461 1734 1496 augeretur
1749 1461 1776 1488 et
1794 1467 1856 1488 suc-

1008 1505 1107 1534 cedens
1128 1505 1277 1542 ignominia
1298 1506 1431 1543 passionis
1444 1507 1474 1534 1¹.

1088 1554 1134 1581 27.
1156 1553 1266 1589 Quaest.
1290 1553 1318 1581 ll.
1341 1553 1406 1582 Item
1428 1554 1574 1591 quaeritur
1594 1554 1628 1583 de
1649 1554 1856 1583 contrarietate:

1090 1601 1113 1628 1.
1136 1600 1206 1637 Quia
1220 1600 1322 1629 dicitur
1336 1601 1465 1630 Matthaei
1487 1601 1618 1638 vigesimo
1633 1602 1723 1638 primo
1735 1602 1767 1636 ¹2,
1782 1602 1856 1639 quod

1009 1646 1100 1683 primo
1122 1647 1196 1676 misit
1217 1647 1244 1675 in
1275 1648 1418 1676 castellum
1446 1656 1498 1685 pro
1528 1648 1621 1683 asino,
1653 1648 1750 1678 deinde
1782 1649 1856 1686 quod

1010 1694 1093 1723 turba
1114 1694 1189 1723 venit
1209 1694 1233 1723 ei
1254 1694 1372 1723 obviam.

167 1890 175 1904 ²
194 1892 258 1921 Vers.
277 1891 315 1914 43.
326 1904 357 1909 —
368 1891 472 1915 Subinde
488 1893 600 1921 allegatur
611 1893 648 1916 Ps.
665 1894 690 1922 8,
708 1893 730 1915 3.
741 1905 772 1910 —
784 1893 895 1921 Superius
907 1899 950 1922 pro

103 1931 126 1954 et
140 1930 211 1954 etiam
228 1930 302 1953 maior
319 1937 373 1959 pars
389 1931 459 1954 codd.
476 1930 533 1961 quia
549 1931 630 1955 etiam.

165 1968 175 1982 '¹
192 1970 291 1998 Vulgata
308 1970 372 1993 addit
388 1972 420 2000 et,
437 1973 460 1993 et
482 1971 550 1999 paulo
567 1971 661 1994 inferius
678 1978 721 2000 pro
738 1971 817 2001 ipsam
833 1971 952 1994 substituit

104 2015 158 2032 cum
174 2009 192 2031 B
209 2015 271 2032 cum.
282 2022 314 2026 —
326 2010 435 2038 Sequitur
451 2011 528 2033 Matth.
546 2011 573 2039 9,
591 2011 604 2032 8
611 2019 618 2038 ;
636 2010 691 2033 ibid.
703 2017 725 2033 v.
743 2011 770 2033 3:
783 2011 809 2033 Et
820 2017 886 2038 ecce,
903 2011 951 2040 qui-

104 2048 158 2071 dam
175 2048 205 2071 de
221 2048 304 2071 scribis
321 2049 427 2072 dixerunt
442 2049 501 2072 intra
518 2056 555 2072 se:
573 2050 614 2072 Hic
631 2049 784 2078 blasphemat.

166 2085 176 2099 ³
194 2088 303 2116 Vulgata:
325 2087 425 2117 Videtzsss,
448 2088 504 2118 quia
521 2088 581 2111 nihil
602 2088 804 2119 proficimus?—
817 2089 869 2118 Seq.
886 2089 951 2112 locus

104 2129 139 2149 est
155 2126 178 2149 ll.
197 2126 258 2149 Tim.
275 2127 300 2155 3,
319 2127 340 2149 8.
357 2129 380 2150 et
394 2127 415 2149 9.

166 2164 176 2177 ‘¹
193 2165 258 2188 Vers.
278 2166 314 2189 ¹65.
331 2178 362 2183 —
380 2167 491 2195 Superius
509 2169 560 2195 post
576 2166 634 2190 abiit
649 2167 686 2189 ed.
703 2167 767 2190 addit
786 2166 834 2190 sive
846 2168 894 2190 tota
911 2167 950 2190 Iu-

106 2203 164 2227 daea
180 2206 235 2234 post
249 2211 304 2228 eum
320 2204 392 2229 vadit.

166 2242 176 2255 ⁵
193 2243 260 2267 Vers.
276 2244 314 2266 24.
331 2244 420 2273 (Plures
437 2245 504 2268 codd.
521 2246 584 2268 hunc
605 2251 699 2268 versum
720 2252 768 2268 non
784 2245 900 2274 allegant).
919 2258 950 2262 —

105 2283 213 2312 Sequitur
230 2283 297 2306 Eccli.
316 2283 358 2311 44,
377 2284 412 2306 to.

165 2320 176 2334 ⁶
192 2322 259 2345 Vers.
276 2322 318 2351 54,
335 2322 374 2345 ubi
397 2323 493 2351 dicitur,
509 2324 573 2352 quod
593 2324 678 2346 «lesus
695 2330 751 2352 ergo
774 2330 820 2347 non
837 2324 861 2346 in
872 2325 948 2352 palam

104 2360 237 2384 ambulabat
253 2362 317 2390 apud
339 2362 446 2391 ludaeos,
463 2363 505 2385 sed
526 2362 582 2385 abiit
598 2363 621 2385 in
644 2363 765 2391 regionem
788 2363 848 2386 iuxta
871 2363 950 2386 deser-

104 2403 153 2423 tum
165 2409 177 2421 n
196 2403 239 2423 etc.
256 2400 303 2424 Cfr.
320 2402 346 2430 8,
368 2401 410 2424 59:
428 2402 539 2424 Tulerunt
561 2408 618 2430 ergo
642 2402 744 2431 lapides,
761 2405 786 2425 ut
802 2402 903 2425 iacerent
926 2403 950 2425 in

103 2445 170 2468 eum;
189 2440 250 2462 lesus
267 2442 344 2462 autem
362 2439 484 2463 abscondit
500 2447 525 2464 se
543 2444 586 2464 ew.

165 2476 174 2490 ⁷
194 2479 258 2501 Vers.
277 2479 313 2501 15.

166 2515 175 2529 ⁸
192 2517 237 2541 Cfr.
253 2518 324 2546 Epist.
348 2519 401 2541 138.
427 2519 491 2548 (alias
508 2519 538 2548 5.)
565 2527 587 2542 n.
605 2521 657 2547 2-8,
681 2520 721 2543 ubi
746 2521 776 2543 ad
793 2521 950 2549 interrogatio-

103 2563 172 2579 nem:
192 2566 204 2577 α
215 2557 261 2580 Cur
278 2558 315 2580 hie
332 2558 406 2585 Deus,
423 2559 463 2587 qui
480 2561 503 2581 et
518 2559 603 2582 veteris
620 2560 749 2582 testamenti
766 2560 827 2582 Deus
847 2566 898 2583 esse
914 2560 950 2582 fir-

104 2598 192 2623 matur,
210 2597 293 2624 spretis
309 2596 428 2620 veteribus
444 2597 574 2625 sacrificiis,
594 2598 719 2621 delectatus
741 2599 769 2621 sit
793 2599 875 2626 novis·;
895 2599 950 2621 nibil

104 2635 167 2657 enim
183 2635 269 2663 corrigi
285 2641 354 2663 posse
374 2639 491 2664 asserunt,
508 2636 551 2659 nisi
569 2637 633 2665 quod
650 2639 702 2660 ante
720 2643 764 2660 non
781 2640 843 2660 recte
864 2638 950 2660 factum

104 2673 254 2701 probaretur,
271 2675 308 2697 vel
325 2675 389 2703 quod
406 2675 476 2697 semel
494 2678 556 2698 recte
573 2677 657 2698 factum
674 2676 703 2699 sit
719 2677 849 2699 nullatenus
867 2677 950 2699 immu-

104 2712 146 2734 tari
172 2712 281 2735 debuisse
301 2721 313 2733 x>
341 2715 396 2741 etc„
420 2714 541 2742 respondit
564 2714 640 2743 primo
665 2716 769 2743 exempla
795 2715 949 2738 adducendoz

107 2751 209 2774 «Nonne
234 2752 305 2774 hiemi
328 2755 403 2775 aestas
422 2753 501 2775 addito
526 2753 610 2776 sensim
628 2753 703 2776 calore
728 2754 849 2776 succedit?
871 2754 950 2777 Nonne

104 2789 193 2812 diurnis
210 2793 314 2819 tempora
331 2793 443 2814 nocturna
461 2794 582 2815 vertuntur
594 2800 605 2812 n
615 2793 625 2813 ἲ)
643 2795 696 2821 etc.,
709 2796 731 2815 et
746 2792 846 2815 subinde
862 2792 898 2822 [n.
918 2792 948 2822 4.]

104 2828 150 2851 ait:
171 2837 181 2849 ι(
192 2829 242 2852 Non
260 2830 337 2859 itaque
352 2836 435 2853 verum
452 2833 487 2853 est
502 2831 567 2860 quod
584 2831 678 2854 dicitur:
696 2831 771 2854 Semel
788 2834 849 2854 recte
865 2832 949 2854 sactum

104 2867 232 2891 nullatenus
244 2874 295 2891 esse
307 2869 454 2892 mutandum.
464 2870 548 2893 Mutata
566 2870 654 2899 quippe
666 2870 777 2899 temporis
793 2877 874 2898 causa,
886 2871 950 2899 quod

104 2909 166 2929 recte
182 2910 235 2930 ante
250 2908 336 2930 facturn
361 2909 434 2931 suerat
457 2909 486 2931 ita
504 2909 588 2932 mutari
605 2916 660 2932 vera
677 2910 735 2932 ratio
754 2910 891 2939 plerumque
910 2910 950 2932 ssa-

1008 1894 1077 1922 gitat,
1094 1897 1130 1923 ut,
1148 1900 1201 1917 curn
1218 1895 1263 1923 ipsi
1279 1895 1368 1923 dicant,
1386 1898 1446 1918 recte
1464 1901 1511 1918 non
1528 1896 1585 1924 sieri,
1598 1896 1615 1918 si
1628 1899 1741 1923 mutetur;
1763 1900 1855 1924 contra,

1007 1933 1092 1955 veritas
1109 1933 1204 1962 clamet,
1221 1936 1284 1956 recte
1304 1940 1349 1956 non
1367 1934 1429 1962 fieri,
1447 1934 1490 1957 nisi
1513 1937 1629 1962 mutetur;
1653 1935 1707 1964 quia
1730 1938 1856 1965 utrumque

1008 1975 1062 1996 tunc
1079 1973 1122 1995 erit
1138 1976 1239 2002 rectum,
1257 1973 1275 1996 si
1295 1974 1338 1996 erIt
1354 1980 1397 2002 pro
1420 1976 1552 2002 temporum
1575 1975 1685 1997 varietate
1702 1974 1854 1998 diversam...

1871 761 1927 786 Resp.

1870 948 1900 967 Aa
1913 948 1930 966 1.

1873 1135 1902 1154 Ad
1914 1135 1932 1154 2.

1872 1182 1948 1225 'tripli-zi(
1960 1187 1990 1201 ra-

1922 1212 1928 1225 l
1943 1220 1946 1224 .

1874 1604 1980 1624 Contraria-

1893 1630 1921 1647 ωε
1935 1628 1952 1647 ¹1.

1008 2011 1040 2041 [n.
1057 2011 1088 2041 8.]
1106 2012 1223 2042 quispiam
1240 2013 1342 2035 fortassis
1358 2015 1475 2041 exspectet
1492 2019 1573 2036 causas
1595 2020 1608 2036 a
1627 2013 1695 2036 nobis
1717 2014 1790 2042 ipsius
1809 2021 1855 2037 mu·
1875 2028 1878 2031 κ

1007 2052 1099 2074 tationis
1116 2052 1245 2080 accipere...
1264 2052 1430 2075 Verumtamen
1448 2052 1550 2075 breviter
1572 2053 1616 2075 dici
1635 2055 1733 2081 potest...
1752 2054 1800 2076 aliis
1823 2060 1855 2077 sa-

1007 2091 1131 2114 cramentis
1148 2091 1306 2119 praenuntiari
1317 2091 1442 2119 Christum,
1460 2098 1513 2114 cum
1525 2094 1638 2115 venturus
1650 2095 1721 2119 esset,
1733 2093 1789 2122 aliis,
1801 2099 1854 2116 cum

1006 2131 1114 2158 venisset,
1132 2131 1263 2153 annuntiari
1275 2131 1417 2159 oportuisse,
1435 2131 1493 2154 sicut
1505 2131 1576 2153 modo
1588 2137 1630 2153 nos
1643 2131 1744 2160 idipsum
1761 2132 1856 2161 loquen-

1007 2170 1041 2191 tes
1057 2168 1182 2192 diversitas
1199 2175 1278 2192 rerum
1301 2170 1413 2197 compulit
1434 2169 1502 2192 etiam
1520 2169 1593 2192 verba
1615 2172 1717 2199 mutare;
1739 2170 1854 2200 siquidem

1006 2207 1075 2231 aliud
1091 2211 1125 2231 est
1142 2209 1311 2237 praenuntiari,
1328 2208 1397 2232 aliud
1413 2209 1558 2237 annuntiat-13
1575 2208 1654 2237 aliud,
1672 2216 1725 2232 cum
1743 2213 1855 2233 venturus

1007 2250 1079 2275 esset,
1095 2247 1172 2276 aliud,
1190 2254 1245 2270 cum
1263 2248 1362 2270 venisset
1374 2257 1396 2270 n.
1419 2248 1492 2270 Simili
1509 2248 1580 2271 modo
1601 2248 1722 2276 impugnat
1744 2249 1855 2272 Faustum

1007 2286 1106 2310 diversis
1123 2287 1146 2309 in
1163 2287 1233 2315 loeis,
1251 2288 1292 2310 cfr.
1310 2287 1345 2309 Vl.
1363 2290 1441 2309 contra
1459 2288 1580 2315 Faustum,
1604 2294 1624 2310 c.
1642 2288 1663 2310 9.
1681 2288 1752 2311 ΧΧΠ.
1774 2295 1793 2311 c.
1811 2289 1854 2318 77,-

1008 2326 1102 2349 xxxo.
1119 2332 1140 2349 c.
1156 2327 1179 2349 9.
1497 2320 1506 2329 ³

1068 2364 1078 2377 ⁹
1096 2365 1140 2388 Csr.
1158 2372 1228 2394 supra
1245 2372 1266 2388 c.
1283 2367 1305 2388 8.
1322 2372 1345 2388 n.
1363 2366 1401 2388 87.
1418 2368 1440 2388 et
1456 2372 1477 2389 c.
1496 2366 1533 2388 11.
1550 2372 1573 2388 n.
1589 2366 1627 2389 72.

1070 2403 1090 2416 ¹⁰
1107 2405 1185 2427 Glossa
1203 2403 1329 2427 ordinaria
1352 2404 1375 2426 in
1393 2405 1469 2426 Matth.
1492 2405 1516 2426 2⁴
1528 2422 1534 2431 ,
1558 2405 1595 2427 1¹0.
1613 2404 1649 2433 (ex
1666 2404 1797 2433 Chrysost.,
1816 2412 1854 2434 op.

1006 2444 1134 2472 imperfect.
1154 2443 1233 2466 homil.
1255 2443 1292 2466 37.
1311 2443 1336 2465 in
1357 2443 1497 2473 principio):
1516 2444 1656 2473 Frequenter
1678 2445 1797 2473 ingressus
1820 2449 1854 2468 est

1007 2482 1123 2505 civitatem
1141 2482 1274 2509 Ierusalem,
1292 2482 1333 2504 sed
1351 2488 1397 2504 non
1414 2488 1467 2504 cum
1484 2482 1519 2505 his
1536 2482 1643 2505 laudibus
1649 2491 1655 2510 3
1673 2489 1719 2506 non
1731 2490 1770 2506 rex
1787 2490 1854 2506 voca-

1007 2524 1055 2549 tur⁷
1072 2522 1135 2550 quod
1153 2527 1245 2549 semper
1263 2522 1365 2550 fugerat,
1382 2521 1426 2543 nisi
1443 2521 1522 2549 modo,
1539 2527 1592 2544 cum
1610 2522 1714 2545 ascendit
1735 2529 1854 2551 passurus.

1007 2561 1073 2589 Quod
1092 2560 1144 2583 ideo
1162 2561 1246 2582 factum
1265 2563 1310 2588 est,
1328 2562 1352 2583 ut
1369 2560 1468 2588 amplius
1480 2561 1570 2583 illorum
1588 2561 1712 2584 adversum
1730 2568 1754 2584 se
1771 2563 1854 2585 excita-

1006 2602 1041 2622 ret
1058 2599 1182 2626 invidiam,
1200 2599 1254 2627 quia
1272 2599 1318 2621 iam
1336 2601 1428 2627 tempus
1447 2599 1560 2627 passionis
1577 2600 1683 2623 instabat.
1694 2613 1726 2618 —
1742 2602 1853 2630 Superius

1006 2644 1049 2666 pro
1063 2639 1129 2668 post,
1147 2638 1211 2667 quod
1229 2637 1314 2660 habent
1330 2638 1413 2665 codd.,
1433 2638 1571 2662 retinuimus
1587 2639 1708 2662 lectionem
1726 2640 1762 2663 ed.
1779 2647 1853 2671 prope

1006 2678 1027 2700 et
1040 2678 1103 2706 post.

1070 2715 1088 2728 ¹¹
1106 2716 1152 2739 Cfr.
1169 2716 1243 2743 Beda,
1260 2716 1293 2738 lll.
1305 2716 1327 2738 in
1339 2716 1406 2739 Marc.
1419 2717 1443 2738 Μ
1454 2733 1460 2744 ,
1478 2717 1514 2739 40.
1528 2729 1559 2734 -
1571 2717 1648 2740 Verbo
1666 2717 1741 2741 voluit
1757 2718 1774 2741 C
1786 2724 1853 2747 prae-

1007 2755 1057 2783 figit
1073 2754 1134 2783 ideo,
1152 2757 1174 2777 et
1189 2755 1288 2778 subinde
1305 2755 1388 2778 omittit
1403 2755 1500 2779 honore.

1070 2793 1089 2806 ¹²
1108 2795 1173 2817 Vers.
1190 2795 1212 2816 l.
1229 2800 1292 2823 seq:
1310 2795 1375 2817 Tunc
1392 2795 1453 2818 lesus
1471 2795 1532 2818 misit
1546 2796 1606 2819 duos
1617 2797 1755 2825 discipulos,
1773 2798 1852 2820 dicens

1006 2833 1055 2855 eis:
1072 2834 1103 2855 lte
1120 2833 1142 2855 in
1159 2833 1276 2855 castellum
1288 2835 1344 2860 etc.;
1361 2833 1418 2856 ibid.
1430 2840 1452 2855 v.
1471 2834 1496 2856 8:
1508 2834 1606 2857 Plurima
1624 2838 1701 2858 autem
1719 2835 1785 2858 turba
1798 2839 1852 2858 stra-

1007 2875 1090 2894 verunt
1106 2872 1242 2895 vestimenta
1259 2875 1302 2895 etc.
