2296 3316
226 626 318 653 Secundo.
326 632 360 651 pu-

261 652 314 669 ritas.

225 814 253 833 De
260 814 311 841 fonte
318 819 360 840 pro-

243 843 340 856 cessmms.

257 1096 353 1120 Quaestio.

296 1236 353 1260 Resp.

374 169 426 196 158

370 245 488 278 creavit,
511 244 582 281 regit
609 246 636 272 et
656 243 806 277 ordinat»;
832 241 976 276 mobilior,
1005 242 1134 278 inquam,
1162 249 1217 270 non

370 292 435 329 quia
449 293 602 324 moveatur,
624 290 672 319 sed
686 289 752 327 quia
772 289 863 318 onmia
878 292 982 323 movet,
998 288 1146 317 immobilis
1160 296 1218 316 ma-

370 344 453 370 nens,
475 337 629 366 secundum
651 335 719 364 illud
741 335 844 365 Boethii
858 336 880 363 ¹:

529 414 667 443 Stabilisque
684 420 780 437 manens
797 414 839 437 das
856 416 938 436 cuncta
956 413 1053 436 moveri.

450 479 516 508 Item
538 479 655 507 Aetuum
676 478 783 507 decimo
804 477 957 514 septimo²:
984 489 998 502 «
1013 477 1041 506 ln
1063 477 1122 514 ipso
1149 477 1219 506 vivi-

371 535 446 560 mus,
469 533 613 555 movemur
634 528 661 554 et
682 532 781 553 sumus
795 536 821 552 ».

450 572 573 610 Attinyit
587 575 683 600 autem
698 574 749 600 etc.
765 571 811 599 Hic
828 571 947 600 ostendit
961 571 1021 599 eius
1040 570 1217 608 puritatem,

371 619 461 656 primo
481 626 530 655 per
551 618 603 646 hoc.
624 617 699 655 quod
719 625 736 646 a
750 617 900 654 purissimo
921 617 996 646 fonte
1013 616 1158 654 procedit,
1175 616 1217 645 vel

371 668 491 700 emanat;
507 665 640 698 secundo,
656 665 722 702 quia
742 664 825 693 fontis
839 664 992 693 claritatem
1014 664 1042 692 in
1057 672 1086 693 se
1101 672 1218 701 reprae-

370 716 479 741 sentat:
504 712 622 741 Candor
642 715 684 740 est
703 714 754 740 etc.

450 760 487 788 lta
508 758 582 793 dixi,
603 758 677 796 quod
699 758 833 787 omnibus
848 758 1002 787 mobilibus
1024 758 1158 787 mobilior
1179 762 1220 787 est

370 806 532 844 sapientia;
546 814 596 834 nec
611 806 718 840 solum}
732 809 827 834 autem
838 829 846 839 ,
862 814 912 842 pro
927 805 974 834 sed
983 816 989 840 ;
1005 805 1053 834 sed
1068 805 1142 842 quod
1158 804 1220 841 plus

371 856 427 888 est,
449 853 566 891 attingit
587 853 706 892 ubique,
724 853 752 882 id
772 856 814 882 est
835 861 849 881 a
872 852 926 881 tine
941 860 1089 889 supremae
1110 854 1220 880 creatu—

371 909 418 930 rae
446 908 535 938 usque
565 900 599 929 ad
620 903 775 929 extremam
807 903 980 933 creaturain;
1003 899 1163 928 Ambrosius
1191 898 1219 927 in

371 948 599 977 Hexaemeron3:
627 958 640 972 «
654 947 745 984 Usque
766 947 800 975 ad
822 947 955 975 locustam
981 946 1074 975 divina
1088 945 1221 982 sapientia

372 995 526 1032 penetravit
542 1007 568 1023 ».

451 1043 503 1070 San
524 1050 647 1071 conrna:
669 1041 715 1070 lob
742 1041 874 1078 vigesimo
899 1043 995 1069 octavo
1010 1041 1037 1068 ¹¹:
1065 1051 1078 1065 «
1100 1040 1221 1077 Abyssus

371 1089 451 1118 dicit:
473 1090 530 1117 Non
552 1092 593 1117 est
614 1089 639 1117 in
663 1096 722 1122 me;
748 1096 824 1116 mare
845 1088 984 1124 loquitur:
1012 1087 1068 1115 Non
1095 1090 1136 1115 est
1164 1095 1220 1116 me-

372 1144 436 1165 Cllm
451 1148 477 1163 ¹).

451 1182 650 1220 Respondetur,
671 1182 745 1219 quod
767 1182 802 1210 ibi
818 1182 829 1199 ⁵
857 1181 986 1218 loquitur
1003 1190 1057 1209 non
1089 1181 1123 1210 de
1144 1184 1221 1210 cr‘ea-

372 1230 455 1263 turis,
478 1230 525 1258 sed
545 1230 578 1258 de
603 1232 796 1260 creaturarum
826 1228 906 1257 vitiis.
930 1228 978 1257 Vel
1000 1228 1100 1257 melius
1127 1228 1220 1257 dicen-

371 1278 453 1311 dum,
476 1276 550 1314 quod
571 1277 645 1305 Deus
666 1284 720 1305 non
741 1279 782 1305 est
804 1276 831 1311 in
852 1276 951 1312 abysso
973 1276 1015 1304 vel
1037 1276 1064 1303 in
1086 1276 1156 1304 mari
1171 1283 1220 1312 per

372 1324 583 1358 continentiam,
605 1331 669 1352 cum
690 1331 705 1351 a
726 1323 802 1351 nullo
824 1322 909 1359 possit
931 1322 1081 1356 contineri,
1110 1322 1158 1351 sed
1179 1325 1220 1350 est

372 1371 409 1399 ibi
432 1379 481 1408 per
509 1370 708 1407 praesentiam,
731 1369 882 1398 secundum
911 1369 979 1397 illud
1001 1369 1097 1397 Psalmi
1111 1369 1138 1397 ⁶:
1165 1380 1178 1393 «
1194 1368 1219 1397 Si

373 1417 521 1446 ascendero
543 1417 569 1445 in
591 1417 714 1450 caelum,
737 1419 766 1445 tu
796 1416 850 1444 illic
871 1424 919 1449 es;
949 1416 969 1444 si
998 1415 1166 1444 descendero
1193 1415 1220 1443 in

374 1464 529 1498 infernum,
551 1463 616 1492 ades
630 1475 657 1491 ».

454 1511 576 1548 Propter
589 1519 677 1539 suam
691 1511 866 1539 nzzmclitiam
875 1533 882 1544 ,
906 1510 931 1538 id
953 1513 994 1539 est
1008 1509 1220 1538 abstractionem

373 1558 407 1587 ab
425 1558 498 1587 omni
520 1558 651 1586 materiae
672 1557 834 1591 feculentia3
856 1558 921 1594 quia
948 1557 1020 1585 enim
1044 1560 1085 1585 est
1109 1557 1221 1585 omnino

373 1605 540 1639 immobilis,
563 1605 623 1633 ideo
650 1609 691 1633 est
723 1604 1035 1641 incircumscriptibilis,
1067 1604 1219 1633 secundum

373 1653 574 1681 Damascenum
587 1651 606 1680 ⁷.

451 1700 539 1736 (Vers.
562 1700 630 1735 ⁶25).
660 1700 756 1736 Vapor
784 1702 822 1727 ccl
850 1698 927 1727 enim
955 1698 1074 1727 virtutis
1106 1699 1171 1733 Dei,
1194 1698 1221 1727 id

373 1750 415 1776 est
440 1755 456 1775 a
487 1746 543 1775 Deo
575 1747 654 1775 Patre
684 1754 830 1779 emanans,
853 1746 924 1774 sicut
956 1754 1041 1782 vapor
1063 1754 1079 1774 a
1111 1746 1220 1781 calore;

372 1794 466 1823 Glossa
478 1793 504 1822 S:
531 1805 544 1818 «
560 1793 586 1822 lci
605 1796 646 1822 est
667 1793 700 1821 ad
715 1793 929 1822 calefaciendum
944 1793 1032 1829 frigus
1053 1793 1222 1822 infidelitatis

372 1844 483 1870 nostrae
497 1851 528 1874 »;
551 1840 730 1869 Ecclesiastici
752 1839 884 1877 vigesimo
905 1842 1018 1876 quarto:
1046 1851 1059 1864 «
1074 1839 1158 1875 Quasi
1180 1839 1222 1867 Li-

372 1889 461 1917 banus
482 1896 535 1916 non
551 1888 654 1916 incisus
676 1887 804 1924 vaporavi
821 1886 1019 1915 habitationem
1040 1894 1128 1915 meam
1141 1898 1166 1914 n.
1190 1887 1223 1915 Et

372 1934 519 1963 emanatio
541 1934 687 1972 quaedam
701 1937 742 1962 est
762 1933 908 1961 claritatis
929 1932 1130 1970 omnipotentis
1153 1933 1221 1967 Dei,

373 1981 400 2009 id
421 1984 462 2010 est
482 1988 614 2009 emanans
644 1989 660 2009 a
681 1980 737 2009 Deo
758 1981 852 2014 Patre,
885 1983 916 2008 ut
937 1979 1067 2016 splendor
1098 1988 1115 2007 a
1143 1979 1220 2014 luce,

373 2028 476 2057 scilicet
495 2027 529 2055 ad
550 2027 763 2055 illuminandum
789 2027 916 2055 tenebras
938 2026 1093 2054 intellectus
1114 2026 1220 2060 nostri;

373 2076 407 2104 ad
429 2075 565 2104 Hebraeos
592 2074 718 2110 prim0⁹:
745 2074 825 2110 «Qui
854 2081 918 2101 cum
943 2073 978 2101 sit
1005 2072 1134 2109 splendor
1164 2073 1221 2109 glo-

374 2123 430 2151 riae
442 2134 455 2147 »
481 2125 545 2154 etc.;
570 2121 635 2149 item
651 2120 734 2149 Isaiae
755 2120 926 2157 sexagesimo
945 2119 1078 2148 secundo:
1104 2131 1118 2157 ς(
1130 2120 1221 2148 Donec

373 2168 531 2206 egrediatur
560 2170 590 2195 ut
615 2167 744 2204 splendor
766 2167 856 2195 iustus
877 2166 937 2195 eius
952 2178 978 2194 ».
1001 2166 1137 2200 Sincera,
1163 2166 1221 2195 sine

374 2215 543 2245 admixtione
558 2214 702 2247 tenebrae;
726 2213 830 2250 primae
858 2213 965 2242 loannis
983 2213 1091 2250 primo:
1119 2225 1133 2239 «
1147 2213 1221 2242 Deus

375 2263 425 2291 lux
446 2264 503 2295 est,
518 2264 545 2290 et
566 2261 696 2290 tenebrae
716 2260 744 2288 in
758 2268 791 2288 eo
805 2268 859 2288 non
881 2263 946 2289 sunt
967 2260 1039 2288 ullae
1051 2272 1077 2288 ».
1102 2260 1153 2288 Iste
1171 2268 1220 2288 au-

375 2312 429 2338 tem
446 2316 596 2346 processus,
612 2310 654 2336 est
668 2307 726 2336 sine
745 2306 926 2336 diminutione
940 2309 1071 2343 paternae
1093 2306 1221 2335 substan-

960 163 1129 191 COMMENT.
1153 163 1184 192 IN
1207 163 1397 191 SAPIENTIAM
1419 162 1446 190 C.
1470 162 1522 190 VII.

1276 241 1344 275 tiae,
1366 240 1409 269 vel
1430 240 1615 276 separatione,
1631 240 1678 269 sed
1699 248 1763 269 cum
1785 241 1921 277 personali
1936 241 2122 276 distinctione,

1275 287 1427 316 secundum
1459 287 1527 315 illud
1558 287 1696 316 Athanasii
1712 287 1750 315 ¹⁰:
1777 299 1790 313 «
1812 288 1905 324 Neque
1926 288 2123 318 confundentes

1275 342 1422 371 personas,
1451 341 1541 370 neque
1563 333 1744 362 substantiam
1774 336 1973 371 separantes».
2001 335 2031 364 Et
2059 336 2124 373 quia

1275 381 1347 410 sicut
1368 381 1419 409 lux
1450 380 1588 417 procedit,
1621 388 1692 417 quae
1723 380 1903 409 contaminari
1932 390 1986 410 non
2018 385 2123 419 potest;

1277 428 1338 457 ideo
1359 427 1433 456 nillil
1457 427 1662 465 inquinatum,
1692 427 1880 464 inquinatione
1902 428 2005 457 scilicet
2029 429 2123 466 culpa-

1276 475 1338 509 bili,
1361 475 1404 503 vel
1425 475 1507 503 etiam
1530 474 1665 508 naturali;
1687 474 1817 502 incurrit
1837 475 1868 503 in
1897 475 1995 509 illam,
2021 476 2124 505 scilicet

1276 522 1437 559 sapientiam
1462 522 1628 555 increatam;
1650 520 1744 549 Glossa
1757 522 1794 549 ²¹:
1822 522 1963 550 «Summo
1983 522 2055 551 bono
2070 531 2124 552 non

1276 569 1480 606 appropinquat
1502 568 1605 597 malum
1624 580 1651 596 ι).

1355 616 1444 652 (Vers.
1467 616 1535 650 ⁹201).
1559 615 1589 643 Et
1611 622 1676 643 vere
1696 614 1770 643 nillil
1785 615 1974 653 inquinatum
1995 617 2125 647 incurrit

1277 663 1308 691 in
1329 662 1420 691 illam.
1445 662 1564 690 Candor
1585 665 1626 689 est
1649 661 1725 690 enim
1754 661 1828 690 lucis
1850 665 2000 697 aeternae,
2029 663 2057 692 id
2084 667 2126 693 est

1278 710 1329 739 lux
1350 709 1500 746 purissima
1520 708 1554 737 de
1576 708 1637 737 luce
1658 711 1785 742 aeterna,
1808 709 1911 737 scilicet
1931 717 1947 737 a
1962 709 2041 738 Patre
2061 718 2125 747 pro-

1277 757 1391 790 cedens;
1414 756 1487 784 unde
1508 758 1636 784 cantatur
1648 755 1687 783 ²²:
1714 767 1727 780 «
1742 756 1803 784 Lux
1824 756 1858 784 de
1880 756 1941 785 luce
1955 757 2124 794 apparuisti,

1277 804 1385 833 Christe
1400 816 1427 832 υ.
1449 804 1477 831 ln
1498 803 1550 832 ista
1578 803 1639 831 luce
1661 803 1711 831 lux
1731 806 1844 832 aeterna
1872 803 1997 838 videtur,
2027 812 2125 833 secun-

1277 851 1342 880 dum
1365 850 1432 878 illud
1466 850 1577 879 Psalmi:
1605 850 1661 877 «ln
1694 849 1797 878 lumine
1828 852 1877 878 tuo
1908 850 2062 880 videbimus
2083 851 2126 880 lu-

1277 906 1340 927 men
1356 908 1386 931 »;
1408 897 1473 926 item
1489 897 1596 926 loannis
1616 896 1724 925 decimo
1738 899 1854 934 quarto:
1881 909 1895 922 ε(
1910 897 1961 934 Qui
1984 897 2058 927 videt
2081 906 2125 927 me

1277 945 1351 974 videt
1371 948 1399 973 et
1420 945 1528 973 Patrem
1544 956 1570 972 ».
1595 945 1644 973 Est
1662 951 1728 981 ergo
1750 944 1862 972 candor
1877 943 1951 973 lucis
1972 948 2124 980 aeternae,

1278 994 1414 1029 quantum
1436 991 1470 1019 ad
1491 990 1773 1028 repraesentationem
1794 991 1958 1027 sapientiae,
1980 996 2006 1020 et
2025 1000 2126 1029 specu-

1278 1040 1338 1068 lum
1360 1039 1422 1067 sine
1442 1038 1562 1067 macula
1583 1038 1745 1067 maiestatis
1768 1038 1832 1072 Dei,
1851 1038 1943 1075 quoad
1964 1047 2126 1076 repraesen-

1279 1086 1409 1114 tationem
1437 1086 1545 1114 divinae
1566 1085 1716 1114 maiestatis
1742 1088 1769 1114 et
1797 1085 1949 1123 potentiae,
1971 1086 2123 1115 secundum

1277 1133 1345 1162 illud
1378 1133 1484 1161 loannis
1514 1133 1611 1170 quinto
1624 1132 1661 1160 13;
1689 1144 1702 1158 «
1717 1133 1914 1169 Quaecumque
1945 1133 2018 1162 enim
2039 1133 2125 1167 ille»,

1278 1180 1381 1209 scilicet
1403 1180 1490 1215 Pater,
1517 1180 1655 1214 «fecerit,
1686 1180 1753 1208 haec
1774 1182 1801 1208 et
1829 1179 1912 1208 Filius
1940 1180 2065 1209 similiter
2086 1180 2126 1209 fa-

1278 1227 1351 1255 cit».
1376 1227 1443 1256 Sine
1462 1227 1599 1261 onacula,
1620 1227 1747 1264 inquam,
1771 1227 1889 1263 peccati,
1911 1227 1977 1264 quia
2002 1238 2015 1252 «
2031 1235 2126 1264 pecca-

1279 1277 1338 1303 tum
1368 1283 1421 1302 non
1454 1274 1517 1303 fecit
1539 1286 1552 1299 »
1581 1277 1652 1308 ete,
1684 1274 1789 1310 primae
1824 1274 1895 1302 Petri
1930 1274 2059 1303 secundo.
2093 1276 2126 1303 Et

1278 1320 1376 1358 iniaqo
1399 1320 1535 1349 bonitatis
1556 1320 1654 1354 illius;
1675 1320 1819 1349 Glossa14:
1846 1331 1858 1345 «
1876 1320 1903 1349 ld
1919 1323 1960 1349 est
1981 1321 2062 1357 plena
2083 1328 2126 1349 re-

1278 1367 1462 1404 praesentatio
1484 1367 1620 1395 bom'tan's
1642 1367 1722 1396 illius
1737 1378 1764 1401 »;
1780 1367 1813 1395 ad
1828 1368 2001 1396 Colossenses
2022 1367 2125 1404 primo:

1282 1426 1295 1439 «
1311 1414 1386 1450 Quae
1408 1418 1449 1443 est
1470 1414 1560 1451 imago
1581 1414 1628 1443 Dei
1651 1414 1835 1443 invisibilis».

2154 620 2181 640 De
2194 622 2247 642 sontii
2270 622 2274 648 ᾗ

2141 649 2247 668 rapi-aenen—
2270 656 2275 673 3
2287 659 2288 662 ,

2142 668 2218 688 tatione.

2286 1210 2287 1239 l

2285 1270 2287 1307 l

2284 1320 2288 1448 l

1357 1461 1527 1494 Notandum,
1549 1461 1624 1497 quod
1645 1461 1794 1497 speculum
1815 1464 1856 1490 est
1872 1461 1924 1490 Dei
1945 1461 2054 1496 Filius,
2076 1462 2126 1490 im·
2139 1464 2189 1489 Quid
2197 1465 2264 1490 sittpa-
2284 1470 2286 1480 ¹

1278 1508 1447 1536 maculatum
1463 1511 1527 1536 actu
1549 1510 1576 1536 et
1591 1507 1719 1544 potentia.
1743 1507 1897 1544 Speculum
1913 1508 1994 1537 etiam
2009 1511 2051 1537 est
2065 1509 2126 1538 An-

1276 1555 1368 1593 yelus,
1384 1554 1536 1583 secundum
1552 1554 1713 1591 Dionysium
1729 1554 1759 1589 ¹⁵,
1774 1563 1879 1591 purum
1891 1557 1918 1584 et
1929 1555 2126 1591 clarissimum,

1278 1605 1305 1631 et
1326 1602 1389 1630 licet
1409 1601 1617 1630 immaculatum
1639 1604 1719 1636 actu,
1734 1602 1903 1630 maculatum
1920 1605 2010 1631 tamen
2031 1606 2126 1640 poten-

1279 1649 1331 1684 tia,
1353 1649 1448 1677 saltem
1464 1652 1578 1677 remota.
1595 1648 1750 1686 Speculum
1771 1648 1852 1677 etiam
1872 1651 1914 1677 est
1927 1649 2052 1686 spiritus
2073 1649 2126 1679 liu-

1277 1705 1403 1730 manus,
1426 1696 1452 1724 in
1474 1704 1530 1733 quo
1558 1695 1664 1724 relucet
1685 1695 1774 1732 imago
1801 1695 1909 1729 divina,
1931 1687 2043 1725 Genesis
2070 1697 2127 1734 pri-

1280 1751 1324 1771 mo
1340 1743 1372 1777 ¹⁶,
1393 1743 1562 1771 maculatum
1584 1745 1648 1771 actu
1668 1745 1696 1771 et
1717 1742 1845 1779 potentia.
1869 1742 2024 1779 Speculum
2045 1743 2125 1772 etiam

1279 1789 1381 1818 dicitur
1402 1790 1497 1818 omnis
1518 1793 1672 1823 creatura,
1695 1790 1761 1827 quia
1782 1797 1831 1826 per
1848 1797 1908 1818 eam
1931 1792 2062 1827 tanquam
2077 1798 2126 1827 per

1279 1836 1340 1865 eius
1370 1837 1515 1873 vestigium
1549 1838 1794 1873 repraesentantur
1826 1836 1873 1864 Dei
1902 1836 2064 1872 invisibilia;
2092 1837 2126 1865 ad

1280 1884 1414 1912 Romanos
1434 1875 1539 1920 primo:
1566 1894 1579 1908 «
1596 1883 1743 1913 Invisibilia
1764 1883 1812 1912 Dei
1834 1891 1883 1920 per
1904 1891 1936 1912 ea
1956 1891 2028 1921 quae
2055 1883 2126 1913 facta

1279 1933 1360 1965 sunt,
1382 1938 1398 1958 a
1424 1933 1554 1959 creatura
1582 1930 1677 1959 mundi
1706 1930 1843 1959 intellecta
1870 1931 2079 1969 conspiciuntur
2094 1942 2125 1965 »;

1279 1976 1344 2005 item
1367 1977 1472 2013 primae
1493 1977 1527 2005 ad
1547 1977 1704 2006 Corinthios
1725 1978 1831 2006 decimo
1846 1978 1942 2006 tertio:
1969 1978 2126 2007 «Videmus

1278 2032 1353 2052 nunc
1375 2032 1423 2060 per
1445 2024 1589 2061 speculum
1610 2025 1638 2053 in
1659 2025 1850 2062 aenigmate».
1874 2025 2029 2062 Speculum
2043 2025 2125 2054 etiam

1279 2073 1320 2100 est
1340 2079 1430 2099 sacra
1452 2071 1626 2108 Scriptura3
1649 2071 1736 2100 Iacobi
1762 2072 1852 2108 primo
1864 2072 1902 2100 ¹⁷:
1928 2083 1942 2097 «
1957 2072 2003 2101 Hic
2018 2079 2127 2109 compa-

1279 2120 1359 2146 ratur
1390 2117 1449 2146 viro
1477 2117 1659 2146 consideranti
1691 2118 1799 2146 vultum
1828 2118 1977 2147 nativitatis
2005 2126 2071 2147 suae
2098 2118 2126 2147 in

1279 2165 1392 2202 speculo
1406 2177 1432 2193 ».

1357 2212 1446 2246 (Vers.
1463 2212 1530 2249 27).
1549 2213 1662 2240 Etcum
1683 2213 1722 2241 sit
1742 2221 1820 2246 una,
1842 2212 1945 2242 scilicet
1963 2212 1990 2241 in
2010 2213 2128 2242 essentia

1278 2267 1343 2288 cum
1365 2259 1459 2293 Patre,
1481 2259 1634 2288 secundum
1650 2259 1718 2291 illud
1733 2259 1840 2288 loannis
1860 2259 1966 2288 decimo
1979 2259 2016 2288 18;
2043 2271 2056 2284 «
2071 2259 2126 2297 Ego

1278 2309 1305 2335 et
1327 2306 1405 2335 Pater
1426 2314 1514 2335 unum
1535 2314 1634 2335 sumus
1649 2317 1679 2341 »ς
1695 2306 1795 2335 omnia
1813 2309 1920 2343 potest,
1942 2306 1969 2335 id
1987 2309 2041 2341 est,
2063 2314 2126 2335 ean-

440 2469 446 2484 ¹
464 2469 526 2492 Libr.
543 2470 576 2492 lll.
593 2470 622 2492 de
639 2469 729 2493 Consol.
742 2472 808 2492 metr.
825 2469 847 2491 9.
860 2469 904 2492 Csr.
917 2475 986 2497 supra
1000 2475 1053 2497 pag.
1067 2469 1124 2496 157,
1137 2472 1190 2492 nota
1202 2470 1224 2491 2.

438 2508 447 2521 ²³
466 2510 531 2532 Vers.
549 2510 587 2531 28.

437 2546 447 2560 Β
464 2548 526 2571 Libr.
539 2548 566 2571 V.
583 2554 602 2571 c.
617 2549 653 2571 23.
671 2555 693 2571 n.
706 2549 751 2570 82:
768 2548 846 2577 Usque
863 2548 892 2570 ad
910 2548 1021 2570 locustam
1039 2554 1134 2577 quoque
1151 2548 1223 2576 gratia

375 2588 453 2611 divina
470 2588 606 2616 penetravit.

437 2625 447 2639 ⁴
465 2627 530 2649 Vers.
548 2627 585 2649 44.

438 2664 448 2678 ⁵
464 2666 525 2688 Loco
537 2672 563 2688 ex
575 2665 615 2688 Iob
627 2666 724 2694 allegato
732 2684 737 2694 ,
749 2671 820 2694 quem
832 2665 915 2688 eodem
928 2665 998 2688 modo
1014 2665 1107 2693 exponit
1118 2665 1224 2693 Gregor.,

376 2705 453 2728 XVlll.
470 2705 547 2728 Moral.
565 2711 585 2728 c.
603 2705 639 2728 42.
656 2712 680 2728 n.
699 2704 737 2727 67.
754 2711 820 2734 seqq.

438 2742 448 2756 ⁶
465 2744 547 2766 Psalm.
567 2744 623 2772 138,
641 2744 662 2766 8.

439 2781 447 2795 ⁷
464 2782 525 2806 Libr.
543 2784 559 2806 l.
575 2783 604 2806 de
620 2783 675 2805 Fide
691 2783 783 2805 orthod.
799 2789 819 2806 c.
839 2783 876 2805 13.

439 2819 449 2833 ⁸
464 2821 553 2850 Nempe
572 2820 743 2849 interlinearis,
761 2827 822 2850 quae
843 2828 886 2849 pro
908 2820 941 2844 ad
962 2820 1148 2851 calefaciendum
1171 2820 1224 2844 sub-

376 2860 448 2883 stituit
464 2860 612 2890 calefaciens.
628 2873 659 2877 —
676 2860 784 2889 Sequitur
801 2861 868 2883 Eccli.
888 2860 931 2887 24,
949 2860 987 2882 21.

439 2898 449 2911 ⁹
466 2899 532 2922 Vers.
545 2900 566 2922 3.
578 2911 609 2916 -
620 2900 671 2922 1)υο
683 2905 747 2928 seqq.
759 2899 802 2921 loci
818 2902 870 2922 sunt
884 2899 933 2922 lsai.
946 2899 988 2927 62,
1002 2899 1022 2921 1.
1034 2902 1057 2922 et
1068 2900 1082 2921 l.
1095 2899 1156 2921 loan.
1169 2899 1189 2926 1,
1202 2898 1223 2921 5.

440 2936 460 2950 ¹⁰
477 2939 526 2966 Vel,
546 2941 570 2961 ut
587 2938 677 2966 dicitur,
693 2938 770 2966 vigilii
787 2938 922 2967 ramensis,
935 2938 957 2960 in
969 2937 1096 2966 symbolo:
1114 2937 1224 2966 Quicum>

378 2984 422 3008 que
438 2981 482 3001 etc.

1344 2467 1362 2481 ¹¹
1380 2469 1468 2497 Nempe
1493 2468 1654 2492 interlinearis
1678 2474 1705 2491 ex
1732 2468 1834 2491 Rabano.
1851 2481 1882 2485 —
1901 2469 2007 2497 August„
2024 2469 2047 2491 in
2066 2469 2128 2492 loan.

1281 2509 1369 2536 Evang.
1388 2511 1416 2530 tr.
1434 2508 1455 2530 5.
1473 2514 1495 2530 n.
1513 2508 1558 2530 45:
1576 2508 1622 2530 Lux
1639 2510 1661 2530 et
1679 2507 1708 2530 ab
1725 2508 1880 2531 illuminandis
1897 2514 1954 2536 pura
1972 2508 2091 2536 excipitur,
2105 2510 2128 2531 et

1281 2547 1301 2569 si
1317 2553 1359 2575 per
1375 2547 1509 2569 immundos
1527 2549 1638 2574 transeat,
1655 2553 1702 2569 non
1720 2547 1859 2575 inquinatur.
1897 2563 1900 2567 .

1345 2584 1363 2598 ¹²
1381 2587 1405 2608 ln
1422 2586 1478 2608 sesto
1495 2586 1648 2614 Epiphaniae,
1665 2585 1691 2608 in
1707 2585 1842 2615 Evanyelio,
1861 2586 1967 2614 Antiph.,
1983 2587 2053 2614 prout
2068 2586 2128 2608 exhi-

1282 2624 1320 2647 bet
1337 2623 1404 2647 Liber
1419 2625 1565 2652 Responsalis
1583 2624 1654 2653 (inter
1671 2631 1742 2653 opera
1759 2624 1876 2653 Gregorii,
1893 2625 1969 2653 Migne
1981 2625 2062 2647 Patrol.
2080 2625 2126 2647 Lat.

1282 2666 1336 2686 tom.
1349 2662 1387 2685 78.
1399 2663 1441 2685 col.
1453 2663 1522 2692 743).
1534 2675 1565 2680 -—
1577 2664 1710 2692 Sequuntur
1722 2664 1806 2686 Psalm.
1821 2664 1863 2690 35,
1877 2663 1914 2686 10,
1928 2666 1951 2686 et
1967 2664 2026 2685 loan.
2046 2662 2087 2690 14,
2104 2663 2126 2685 9.

1345 2701 1365 2715 ¹²³
1382 2703 1447 2726 Vers.
1466 2703 1503 2726 19.
1522 2715 1553 2720 -
1571 2703 1623 2731 Seq.
1641 2704 1705 2726 locus
1722 2705 1756 2725 est
1773 2703 1787 2725 l.
1805 2703 1862 2725 Petr.
1881 2704 1908 2731 2,
1926 2703 1962 2725 22.

1345 2741 1364 2754 ¹⁴
1382 2742 1472 2765 Scilicet
1487 2741 1654 2765 interlinearis.
1672 2754 1703 2759 —
1720 2741 1824 2765 Subinde
1840 2742 1951 2770 allegatur
1966 2741 2013 2764 Col.
2030 2742 2052 2770 1,
2070 2741 2107 2764 15.

1344 2780 1364 2793 ¹⁵
1381 2781 1441 2804 Vide
1457 2787 1527 2809 supra
1544 2787 1599 2809 pag.
1619 2781 1677 2809 457,
1694 2783 1748 2804 nota
1767 2779 1815 2806 40.st

1344 2818 1364 2832 ¹⁸
1380 2821 1446 2843 Vers.
1458 2821 1497 2843 26.
1515 2827 1579 2849 seq.:
1592 2820 1712 2843 Faciamus
1730 2820 1846 2843 hominem
1859 2820 1889 2842 ad
1901 2820 2026 2848 imaginem
2043 2823 2085 2842 etc.
2097 2832 2129 2836 -——

1281 2860 1331 2882 Duo
1349 2865 1414 2888 seqq.
1430 2859 1473 2882 loci
1490 2862 1543 2882 sunt
1558 2860 1626 2882 Rom.
1647 2859 1667 2888 1,
1685 2860 1722 2882 20.
1739 2862 1762 2882 et
1778 2860 1793 2882 l.
1810 2859 1862 2882 Cor.
1878 2860 1969 2888 13,12.
1982 2859 2026 2882 Cfr.
2039 2859 2053 2881 1.
2066 2859 2127 2881 Sent.

1280 2899 1303 2921 d.
1321 2899 1342 2921 3.
1360 2905 1382 2927 p.
1401 2900 1415 2921 l.
1433 2905 1456 2927 q.
1476 2899 1497 2922 2.
1515 2899 1537 2921 in
1553 2899 1607 2921 fine.
1621 2911 1652 2915 —
1663 2898 1709 2921 Csr.
1725 2898 1805 2921 Collat.
1822 2899 1843 2921 in
1861 2899 1982 2926 Hexaem.,
1999 2899 2071 2922 collat.
2089 2899 2126 2921 12.

1280 2944 1303 2961 n.
1321 2937 1400 2960 14-16.
1971 2936 1989 2950 ¹⁷
2007 2938 2071 2960 Vers.
2089 2938 2128 2960 23.

1344 2975 1363 2989 ¹⁸
1382 2977 1446 3000 Vers.
1463 2977 1501 3000 30.
1520 2989 1551 2994 -
1568 2978 1675 3006 Sequitur
1692 2978 1746 3006 Sap.
1766 2978 1808 3004 18,
1827 2977 1863 2999 15.

2167 1489 2233 1507 culum.

2143 2216 2215 2239 Tertio,
2226 2220 2254 2240 po·

2168 2241 2229 2259 testas.
