2296 3316
6 517 11 535 ¹:
56 514 111 537 neap.

55 840 111 865 Rem.

56 1168 110 1192 Reep.

13 1260 116 1286 potitiolit-

13 1285 87 1304 <taralis

16 1310 31 1328 »ο
42 1312 122 1332 compre-

10 1331 80 1353 ,rinsione
93 1336 124 1349 vo-

15 1355 72 1374 ntaria
80 1359 124 1378 qua-

16 1384 41 1398 ur.

24 1589 110 1608 Primum.

727 145 897 175 COMMENT.
920 146 953 175 IN
973 145 1119 175 IOANNEM
1139 146 1167 175 C.
1191 147 1278 175 XVIII.

128 227 160 255 ut
179 233 196 254 a
215 224 339 254 tumultu
360 224 504 253 hominum
525 231 555 253 se
575 224 754 254 subtraheret
775 227 802 253 et
823 224 856 253 de
880 232 975 253 neces-

128 271 207 301 sariis
228 271 399 308 loqueretur.

206 318 232 346 8.
254 318 364 355 Quaest.
386 317 428 346 IV.
450 317 531 351 Item,
553 325 616 346 cum
636 317 716 346 Iudas
737 317 894 354 reliquisset
909 325 974 346 eum

127 365 216 399 domi,
241 364 380 402 quomodo
407 372 460 392 non
482 363 565 392 duxit
585 363 651 393 illuc
679 364 837 397 eohortem,
866 363 913 392 sed
940 364 974 393 ad

129 412 242 441 hortum
255 414 266 439 ⁸?

206 457 360 494 Respondet
388 457 634 493 Chrysostomus¹‚
655 457 731 494 quod
758 456 889 485 libentius
910 464 973 485 eum

127 505 199 534 domi
221 506 382 541 quaereret,
404 506 436 532 ut
460 503 642 532 dormientem
665 503 817 537 inveniret:
839 503 886 532 sed
907 503 975 532 scie-

127 551 189 585 bat,
210 558 275 580 eum
307 550 535 579 consuetudinem
567 549 671 579 habere
701 550 863 587 frequenter
894 552 976 578 extra

128 599 300 635 pernoctare.

213 645 238 673 9.
270 644 381 681 Quaest.
413 643 444 672 V.
480 643 547 672 Item
578 644 743 680 quaeritur:
775 651 839 672 cum
875 644 976 672 cohors

127 692 173 721 illa
196 693 269 721 esset
296 691 415 719 militum
445 691 606 728 gentilium,
637 690 776 728 quomodo
806 691 976 728 sequebatur

127 738 221 768 Iudam
233 741 245 767 ⁴?

205 786 383 815 Rasrounno:
405 784 484 821 Quod
505 785 631 822 corrupti
658 787 739 814 erant
758 793 808 822 per
829 785 975 822 pecuniam

125 833 231 867 datam,
253 827 297 861 vel
318 831 490 868 promissam.
513 831 589 861 Unde
609 831 808 869 chysostomus
822 832 849 860 2:
875 843 889 857 α
913 831 974 860 Veri

127 882 207 909 erant
227 878 340 913 milites,
361 878 543 916 pecuniarum
565 879 654 916 gratia
667 878 759 908 omnia
778 878 869 908 facere
889 878 975 908 medi-

129 929 217 955 tantes
232 937 258 954 ι».

209 974 252 1002 10.
275 973 385 1010 Quaest.
407 973 450 1002 Vl.
472 973 537 1002 Item
560 973 686 1010 quaestio
704 976 761 1002 est:
783 981 870 1010 quare
884 973 918 1002 de
932 973 975 1002 die

128 1028 181 1049 non
203 1023 341 1050 venerunt
361 1019 395 1048 ad
416 1020 708 1057 comprehendendum
730 1028 811 1054 eum,
834 1028 897 1048 cum
926 1020 975 1048 ha-

128 1068 225 1097 berent
245 1069 348 1095 tantam
370 1067 534 1095 cohortem?

206 1114 238 1143 Et
252 1113 400 1150 respondet
414 1113 630 1150 Chrysostomus
642 1113 662 1148 ⁵,
677 1114 752 1151 quod
766 1113 901 1143 timebant
916 1116 976 1142 tur-

127 1161 191 1196 bas,
212 1168 284 1198 quae
305 1168 369 1189 eum
391 1159 425 1188 de
445 1159 489 1188 die
510 1160 707 1197 sequebantur.

208 1209 252 1236 11.
275 1207 357 1235 Iesus
378 1210 476 1235 autem
487 1207 509 1241 4,
524 1206 625 1235 sciens.
649 1207 696 1236 Hic
716 1207 886 1241 ostenditur,
901 1206 976 1244 quod

127 1253 338 1290 comprehensio
352 1252 454 1281 Christi
469 1252 640 1281 voluntaria
660 1253 712 1282 fuit
726 1261 762 1282 ex
782 1256 860 1290 parte
874 1253 975 1282 Christi

127 1299 362 1338 quadrupliciter:
384 1299 476 1336 primo
497 1299 525 1327 in
547 1299 613 1334 hoc,
636 1299 710 1336 quod
735 1307 798 1328 cum
824 1303 916 1336 posset
937 1300 975 1328 la—

128 1347 226 1381 titare,
245 1346 386 1384 seipsum
407 1346 523 1379 obtulit;
538 1346 671 1380 seeundo,
693 1346 768 1383 quod
787 1354 815 1375 se
836 1346 976 1375 offerendo

129 1394 264 1424 inimicos
281 1393 466 1431 prostravit;
487 1393 582 1428 tertio,
604 1393 679 1430 quod
700 1401 729 1422 se
749 1393 889 1422 offerendo
916 1393 976 1422 solo

128 1441 251 1479 imperio
272 1440 432 1478 discipulos
453 1440 603 1474 liberavit;
624 1443 740 1478 quarto,
762 1440 837 1478 quod
857 1449 904 1469 eos
931 1449 976 1469 re-

127 1489 229 1517 sistere
248 1496 308 1517 uon
325 1487 468 1525 permisit.

206 1534 295 1572 (Vers.
318 1535 366 1570 4.).
388 1535 504 1563 Notatur
518 1542 585 1572 ergo
606 1534 709 1571 prim0,
730 1534 804 1571 quod
819 1534 975 1564 voluntarie

128 1582 345 1619 comprehensus
365 1584 422 1616 est,
444 1581 510 1618 quia
531 1581 648 1610 latitare
665 1581 779 1618 potuit,-
800 1581 873 1609 unde
894 1581 974 1609 dicit:

128 1629 209 1657 Iesus
231 1632 345 1663 autem,
373 1628 466 1657 scieris
494 1628 611 1662 omnia,
637 1636 712 1666 quae
738 1631 864 1656 ventura
881 1630 977 1656 'eraut

127 1684 216 1712 super
236 1684 319 1709 eum,
341 1682 373 1703 ac
394 1682 444 1711 per
466 1675 518 1703 hoc
539 1675 633 1703 valens
654 1682 701 1703 eos
721 1674 875 1708 declinare,
900 1678 976 1702 ante-

128 1730 211 1759 quam
227 1722 365 1756 venirent;
381 1721 561 1750 Ecclesiastici
584 1721 716 1758 vigesimo
735 1721 817 1750 tertio
828 1721 852 1749 5:
873 1733 886 1746 «
897 1720 975 1749 Oculi

129 1768 235 1797 Domini
250 1768 339 1797 multo
359 1768 421 1805 plus
436 1767 584 1797 lucidiores
605 1771 670 1797 sunt
688 1775 773 1804 super
795 1768 880 1796 solem
892 1779 905 1793 »
924 1771 974 1797 etc.

131 1815 161 1843 Et
181 1819 273 1844 tamen
293 1823 322 1844 se
343 1815 435 1852 ipsum
456 1815 571 1849 obtulit;
593 1814 667 1844 unde
687 1815 804 1843 dicitur:
830 1815 977 1843 Processit

129 1867 153 1892 et
173 1863 249 1892 dixit
269 1863 326 1891 eis.-
351 1863 440 1899 Quem
462 1862 629 1900 quaeritis?
646 1862 807 1897 Processit,
830 1862 857 1891 id
878 1865 931 1897 est,
948 1870 976 1891 se

130 1909 285 1938 voluntarIe
315 1909 433 1943 obtulit;
465 1909 548 1938 Isaiae
583 1909 814 1946 quinquagesimo
846 1909 927 1938 tertio
949 1909 975 1937 ⁶:

133 1968 147 1982 «
162 1956 278 1985 Oblatus
302 1959 358 1990 est,
387 1956 453 1993 quia
480 1956 538 1992 ipse
559 1956 679 1985 voluit»
704 1959 772 1990 etc.;
801 1956 829 1985 in
851 1957 975 1985 Psalmo:

133 2015 147 2028 α
162 2003 372 2032 Consundantur
399 2006 426 2031 et
457 2005 640 2031 revereantur
666 2006 832 2040 quaerentes
856 2003 976 2032 animam

131 2058 219 2079 meam
234 2062 260 2078 ».
282 2049 470 2087 Augustinus:
497 2061 511 2075 «
532 2050 570 2078 Illi
592 2057 656 2078 eum
684 2050 855 2087 quaerebant
875 2050 909 2079 ad
930 2058 976 2079 oc-

192 2229 200 2243 ¹
218 2231 272 2253 Loc.
288 2231 338 2253 cit.:
355 2231 406 2259 Quo
422 2233 542 2259 permotus
559 2231 626 2254 ludas
642 2232 681 2254 illo
698 2232 777 2254 venit?
796 2233 835 2255 Vel
848 2233 910 2256 unde
922 2233 979 2256 didi-

130 2269 172 2296 cit,
188 2270 226 2292 illo
243 2270 384 2292 veniendum
402 2271 470 2293 esse?
487 2270 544 2292 Hinc
562 2270 640 2299 liquet,
657 2271 731 2293 Iesum
752 2277 822 2299 saepe
833 2272 887 2294 toris
898 2278 979 2300 perno-

131 2309 235 2331 ctavisse.
254 2309 332 2338 Neque
349 2309 422 2337 enim,
440 2310 459 2332 si
476 2310 539 2332 domi
559 2310 657 2337 egisset,
674 2310 710 2332 ille
726 2310 749 2332 in
766 2311 884 2334 desertum
900 2311 977 2334 locum

130 2347 242 2375 venisset,
266 2348 307 2370 sed
329 2348 439 2375 domum,
461 2350 486 2370 ut
507 2348 661 2371 dormientem
683 2348 727 2371 illic
748 2352 848 2378 caperet.
866 2350 897 2372 Ne
914 2356 978 2377 vero,

132 2387 224 2409 hortum
247 2386 355 2415 audiens,
373 2387 394 2408 in
417 2386 544 2409 latibulum
561 2387 652 2410 venisse
669 2390 775 2416 putares,
793 2388 869 2411 addit:
887 2388 979 2412 Sciebat

131 2425 203 2449 Iudas
220 2425 299 2449 locum
315 2429 358 2448 etc.
374 2438 406 2443 —
423 2427 518 2449 interius
535 2432 578 2454 pro
591 2428 735 2456 pernoctare
751 2427 789 2450 ed.
805 2428 968 2457 pernoctandi.

192 2463 201 2476 ²
218 2465 271 2487 Loc.
289 2465 338 2487 cit.:
356 2465 436 2487 Milites
457 2467 534 2492 erant,
556 2465 596 2494 qui
621 2465 734 2493 pecuniae
758 2472 828 2488 causa
854 2466 908 2489 nihil
933 2473 979 2490 non

130 2509 200 2531 agere
217 2504 291 2531 parati
307 2506 372 2526 erant
388 2503 470 2532 (ποιεῖν
487 2502 561 2526 πάντα
578 2503 773 2534 μεμελετηκότες).
802 2530 806 2534 ,

193 2540 203 2554 ⁹
219 2542 272 2565 Loc.
289 2542 339 2564 cit.:
356 2542 402 2565 Cur
418 2549 472 2565 cum
489 2543 560 2566 armis
576 2543 639 2566 illum
657 2544 746 2572 capturi
767 2544 881 2566 veniunt?
905 2545 980 2566 Time-

132 2580 186 2603 bant
202 2581 251 2604 eius
268 2587 391 2610 sequaces,
409 2584 431 2604 et
448 2582 500 2604 ideo
517 2582 653 2610 intempesta
671 2585 738 2605 nocte
755 2583 778 2606 id
795 2584 899 2611 aggressi
919 2587 979 2606 sunt.

193 2619 203 2632 ⁴
221 2621 319 2649 Vulgata
336 2620 422 2650 itaque.

194 2657 203 2670 ⁵
220 2659 284 2681 Vers.
303 2659 340 2681 28.
357 2671 388 2676 —
405 2659 535 2688 chrysost„
553 2660 576 2682 in
598 2661 659 2683 loan.
682 2661 760 2683 homil.
784 2662 821 2684 83.
845 2662 909 2687 (alias
932 2661 978 2690 82.)

131 2703 153 2719 n.
172 2698 197 2719 t:
215 2698 264 2720 Non
281 2704 307 2720 ex
325 2698 415 2720 illorum
433 2698 534 2720 adventu
552 2699 609 2721 haec
626 2699 702 2726 primo
724 2699 816 2728 didicit,
834 2700 873 2723 sed
898 2700 980 2728 imper-

132 2736 223 2759 turbato
240 2737 331 2763 animo,
348 2739 373 2759 ut
390 2737 465 2759 omnia
483 2737 569 2764 sciens,
587 2739 644 2760 baec
660 2738 694 2760 sic
710 2738 766 2761 dixit
783 2741 806 2761 et
823 2739 883 2761 fecit.

193 2774 203 2787 ⁶
220 2776 286 2798 Vers.
303 2776 323 2798 7.
342 2789 372 2793 --
390 2777 497 2805 Sequitur
514 2777 549 2799 Ps.
567 2777 610 2805 315,
629 2777 649 2800 4.
668 2779 781 2801 Sententia
800 2779 897 2806 August.
910 2778 980 2801 habe-

132 2816 168 2836 tur
179 2814 201 2836 in
214 2815 274 2837 ioan.
292 2816 379 2843 Evang.
397 2819 424 2837 tr.
444 2817 494 2838 112.
511 2822 535 2838 n.
551 2817 580 2838 3:
598 2817 656 2839 Eum
673 2817 761 2846 quippe
779 2818 809 2840 illi
826 2818 979 2840 occidendum

132 2853 274 2881 quaerebant
289 2854 428 2881 saeviendo,
445 2855 486 2877 sed
503 2855 630 2884 quaerebat
647 2862 689 2878 nos
700 2860 723 2878 et
735 2857 784 2884 ipse
797 2857 918 2879 moriendo
931 2856 979 2886 [ed.

132 2897 184 2914 cum
203 2893 305 2915 Gorrnno
322 2893 354 2915 ad
369 2893 513 2916 salvandum
530 2894 673 2924 moriendo}

194 2929 202 2942 ⁷
221 2931 320 2957 Vulgata
332 2932 396 2954 addit
407 2932 434 2954 ei.
446 2946 475 2948 —
484 2932 609 2959 chrysost„
619 2934 641 2955 in
651 2935 710 2956 toan⁴
722 2935 799 2956 homil.
811 2935 847 2956 83.
858 2935 923 2961 (alias
934 2935 979 2962 82.)

1820 149 1876 177 479

1030 224 1177 253 cidendum
1205 225 1366 261 saeviendo,
1399 226 1447 255 sed
1477 226 1629 264 quaerebat
1659 235 1709 256 nos
1743 227 1789 256 ille
1819 235 1878 256 mo-

1031 270 1127 299 riendo
1142 282 1168 298 ».

1112 318 1155 346 12.
1177 318 1266 354 (Vers.
1297 318 1344 352 5.).
1370 320 1627 356 Respmtderunffl:
1650 320 1746 348 Iesum
1774 319 1877 349 Naza-

1031 371 1152 398 renum,
1174 364 1201 392 in
1223 364 1275 393 hoc
1300 368 1390 402 patet,
1412 365 1486 403 quod
1515 374 1579 395 eum
1601 374 1656 395 non
1683 367 1875 404 agnoscebant.

1031 409 1260 447 chrysostomus:
1287 423 1300 437 «
1319 411 1347 440 In
1375 412 1465 441 medio
1491 413 1615 442 existens
1635 413 1794 442 excaecavit
1813 421 1876 448 eos,

1031 459 1058 485 et
1079 457 1118 485 sic
1140 457 1225 486 latere
1246 458 1336 494 potuit
1350 470 1376 486 υ.

1113 504 1188 532 Dicit
1209 504 1249 533 eis
1271 505 1368 534 Iesus:
1394 506 1451 543 Eyo
1472 514 1548 534 sum.
1574 506 1622 535 Hic
1652 509 1780 541 notatur,
1802 507 1878 544 quod

1032 550 1189 579 voluntarie
1209 552 1428 588 comprehensus
1449 555 1505 587 est,
1527 553 1593 590 quia
1614 561 1643 582 se
1657 553 1798 582 offerendo
1813 553 1877 582 tttos

1028 598 1208 634 prostravit;
1229 598 1303 627 unde
1324 599 1464 636 sequitur:
1486 599 1589 629 Stabat
1609 604 1705 629 autem
1728 604 1752 630 et
1773 601 1877 635 Iudas,

1031 644 1084 682 qui
1115 644 1248 672 tradebat
1278 653 1361 679 eum,
1392 654 1460 674 cum
1491 646 1580 683 ipsis,
1607 647 1711 676 scilicet
1732 655 1796 676 cum
1817 647 1878 676 aliis

1032 690 1184 725 stantibus;
1207 691 1254 720 sed
1285 692 1379 720 audito
1410 692 1508 726 verbo,
1530 701 1584 722 non
1616 697 1768 729 steterunt,
1794 694 1878 723 immo

1032 737 1201 766 ceciderunt.
1225 738 1339 775 Propter
1360 738 1435 775 quod
1455 738 1536 767 dicit:

1113 784 1156 813 13.
1180 785 1269 820 (Vers.
1293 786 1340 819 6.).
1372 785 1407 814 Ut
1433 794 1502 823 erqo
1530 786 1606 815 dixit
1634 787 1690 815 eis:
1714 788 1773 825 Eyo
1794 796 1877 822 sum,

1031 831 1168 860 abierunt
1189 836 1367 867 retrorsum,
1389 832 1540 862 avertendo
1561 833 1657 862 faciem
1680 841 1759 862 suam
1780 834 1815 863 ab
1836 842 1877 869 eo,

1032 879 1185 907 secundum
1207 879 1277 908 illud
1297 880 1396 908 Psalmi
1409 879 1435 908 8:
1463 892 1476 905 «
1491 881 1659 909 Avertantur
1680 883 1835 910 retrorsum
1852 884 1879 910 et

1031 926 1237 955 confundantur
1259 927 1307 964 qui
1329 927 1451 964 cogitant
1482 927 1548 956 mibi
1581 928 1654 956 mala
1667 939 1694 956 12.
1719 929 1754 956 Et
1774 928 1879 957 oecide-

1031 977 1104 1001 runt
1124 973 1155 1001 iu
1176 977 1297 1002 terram.
1321 974 1507 1011 Augustinus:
1527 986 1541 1000 «
1556 975 1614 1003 Una
1629 983 1685 1003 vox
1700 977 1803 1003 tantam
1819 978 1879 1003 tur-

1031 1020 1094 1049 bam
1115 1020 1184 1049 odiis
1205 1020 1338 1056 ferocem,
1359 1021 1444 1050 armis
1476 1021 1627 1051 terribilem
1661 1022 1719 1051 sine
1746 1022 1804 1050 ullo
1825 1022 1879 1051 telo

1032 1066 1184 1103 percussit,
1207 1067 1325 1103 repulit,
1346 1067 1445 1096 stravit
1466 1068 1569 1097 virtute
1591 1068 1700 1097 latentis
1713 1068 1878 1098 Divinitatis.

1031 1113 1103 1149 Quid
1124 1113 1299 1142 iudicaturus
1320 1110 1416 1148 faciet,
1438 1114 1485 1151 qui
1517 1114 1682 1143 iudicandus
1713 1115 1766 1144 hoc
1796 1115 1879 1144 fecit?

1032 1159 1103 1196 Quid
1125 1163 1294 1196 regnaturus
1315 1161 1425 1197 poterit,
1440 1162 1487 1198 qui
1503 1161 1659 1190 moriturus
1673 1162 1725 1191 hoc
1747 1162 1879 1199 potuit»?

1032 1207 1078 1235 Iob
1099 1207 1231 1243 vigesimo
1252 1208 1371 1236 sext09:
1398 1220 1412 1233 «
1427 1208 1458 1236 Et
1479 1216 1542 1237 cum
1567 1209 1614 1237 vix
1629 1209 1728 1238 stillam
1744 1210 1880 1238 sermonis

1031 1254 1092 1282 eius
1112 1254 1300 1288 audierimus,
1323 1254 1477 1283 tonitruum
1498 1255 1696 1292 magnitudinis
1721 1256 1796 1285 illius
1816 1256 1879 1293 quis

1032 1301 1133 1337 poterit
1156 1301 1257 1329 intueri
1271 1303 1304 1329 »?

1115 1348 1158 1376 14.
1182 1348 1269 1384 (Vers.
1300 1348 1348 1384 7.).
1371 1348 1482 1377 Iterum
1513 1357 1581 1386 erqo
1609 1349 1803 1387 interrogavit
1822 1359 1877 1379 eos.

1032 1394 1079 1423 Hic
1100 1397 1213 1423 notatur
1236 1394 1318 1423 tertia
1338 1394 1424 1429 ratio,
1446 1403 1535 1432 quare
1566 1395 1722 1424 voluntarie
1753 1403 1880 1433 compre-

1032 1442 1151 1475 hensus,
1174 1442 1240 1478 quia
1261 1449 1289 1470 se
1311 1442 1403 1479 ipsum
1426 1442 1626 1471 manifestando
1640 1442 1800 1480 discipulos
1814 1443 1880 1472 libe-

1032 1488 1119 1516 ravit.
1143 1488 1296 1516 Manifestat
1311 1496 1377 1525 ergo
1399 1496 1428 1518 se
1449 1489 1503 1523 eis,
1519 1497 1582 1518 cum
1597 1489 1699 1517 iterum
1714 1489 1880 1526 interrogat:

1034 1534 1123 1569 Quem
1144 1534 1308 1572 quaeritis?
1330 1534 1378 1563 Illi
1398 1538 1496 1564 autem
1517 1535 1672 1569 dixerunt,
1695 1535 1767 1564 sicut
1788 1536 1879 1572 prius:

1031 1581 1129 1612 Iesum
1150 1581 1356 1610 Nazarenum.
1383 1582 1415 1611 Et
1445 1582 1517 1611 sicut
1548 1582 1650 1611 iterum
1682 1582 1880 1620 interrogavit,

1032 1628 1069 1656 ita
1091 1628 1212 1657 secundo
1233 1629 1314 1657 offert
1335 1631 1363 1658 et
1382 1629 1538 1658 manifestat
1559 1637 1597 1658 se.

1114 1676 1156 1703 li.
1181 1676 1269 1711 (Vers.
1287 1675 1336 1712 8.).
1353 1676 1509 1713 Respondit
1530 1677 1571 1705 eis
1584 1677 1607 1693 ¹⁰
1629 1677 1724 1705 lesus.-
1741 1677 1813 1705 Dixi
1832 1686 1880 1706 vo-

1033 1721 1090 1755 bis,
1113 1722 1184 1760 quia
1206 1731 1255 1759 eqo
1276 1731 1352 1750 sum.
1375 1723 1407 1751 Et
1428 1723 1494 1760 quia
1523 1725 1590 1751 tunc
1616 1731 1670 1751 non
1696 1724 1880 1760 cognovistis,

1033 1769 1134 1797 iterum
1156 1769 1233 1803 dico,
1256 1772 1287 1797 ut
1309 1770 1487 1806 cognoscatis.
1505 1769 1648 1798 Excaecati
1663 1772 1751 1804 erant,
1767 1778 1801 1799 ne
1816 1778 1880 1799 eum

1033 1820 1246 1853 cognoscerent,
1269 1816 1340 1845 sicut
1362 1817 1451 1845 Lucae
1472 1817 1585 1845 ultimo:
1606 1828 1618 1841 «
1634 1816 1713 1845 Oculi
1728 1825 1825 1846 eorum
1842 1820 1881 1846 te-

1033 1863 1188 1897 nebantur,
1211 1871 1244 1892 ne
1276 1871 1339 1892 eum
1368 1867 1590 1901 agnoscerent».
1614 1864 1761 1901 Postquam
1783 1872 1812 1893 se
1833 1865 1881 1893 ob-

1034 1911 1112 1945 tulit,
1133 1911 1284 1947 discipulos
1313 1910 1440 1939 liberavit
1461 1911 1520 1939 solo
1542 1911 1686 1948 imperim
1714 1911 1788 1940 unde
1816 1911 1881 1940 sub-

1033 1957 1087 1986 dit:
1111 1957 1143 1986 Si
1155 1959 1176 1974 ¹¹
1198 1966 1242 1986 me
1270 1958 1431 1995 quaeritis,
1453 1958 1538 1986 sinite
1560 1957 1611 1986 hos
1638 1958 1729 1986 abire.
1756 1958 1883 1995 Augusti-

1033 2012 1101 2033 nus:
1119 2015 1132 2029 «
1148 2004 1266 2033 Inimicis
1288 2004 1381 2038 iubet,
1402 2007 1430 2033 et
1444 2005 1496 2033 hoc
1511 2004 1627 2039 faciunt,
1644 2005 1716 2042 quod
1732 2005 1824 2040 iubet;
1847 2005 1882 2034 si-

1034 2053 1106 2079 nunt
1126 2059 1173 2079 eos
1194 2051 1287 2085 abire,
1309 2059 1379 2088 quos
1400 2060 1454 2080 non
1476 2051 1536 2080 vult
1557 2051 1648 2088 perire
1663 2063 1689 2079 ».
1712 2052 1744 2080 Et
1764 2051 1884 2080 ostendit

1035 2240 1056 2256 n.
1076 2234 1101 2256 l:
1119 2234 1201 2261 Viden,
1219 2232 1398 2261 insuperabilem
1417 2233 1555 2261 potentiam,
1572 2233 1691 2261 quomodo
1704 2232 1725 2255 in
1738 2233 1814 2255 medio
1832 2238 1883 2255 con-

1035 2273 1117 2295 sistens
1135 2273 1197 2300 ipsos
1214 2272 1387 2295 excaecaverit?
1405 2272 1472 2300 Quod
1492 2271 1553 2293 enim
1571 2272 1594 2293 id
1617 2278 1661 2293 non
1679 2277 1705 2293 ex
1728 2271 1829 2294 tenebris
1846 2278 1884 2294 no-

1035 2312 1077 2334 ctis
1094 2312 1237 2340 proveniret,
1256 2311 1365 2334 indicavit
1382 2311 1538 2339 Evangelista,
1556 2316 1609 2333 cum
1627 2311 1694 2337 dixit,
1712 2311 1760 2333 illos
1772 2312 1832 2333 taces
1844 2312 1884 2333 ha-

1035 2350 1121 2373 buisse.
1139 2351 1231 2373 Etiamsi
1254 2356 1309 2372 vero
1332 2351 1393 2372 faces
1415 2356 1462 2371 non
1484 2348 1623 2376 adfuissent,
1645 2356 1672 2372 ex
1695 2356 1752 2372 voce
1775 2350 1883 2377 cognosci

1036 2392 1137 2417 poterat;
1155 2389 1218 2418 quod
1235 2390 1253 2411 si
1271 2389 1299 2411 illi
1318 2388 1467 2417 ignorabant,
1489 2388 1609 2417 quomodo
1632 2388 1739 2416 ignorare
1761 2388 1835 2416 potuit
1852 2390 1883 2411 lu-

1036 2428 1090 2455 das,
1107 2428 1147 2456 qui
1167 2430 1298 2456 frequenter
1315 2433 1367 2449 cum
1386 2427 1436 2455 ipso
1458 2428 1522 2449 erat?
1540 2427 1595 2449 Nam
1619 2429 1641 2449 et
1661 2427 1711 2454 ipse
1734 2426 1808 2449 stabat
1829 2433 1883 2449 cum

1036 2468 1081 2495 eis,
1100 2474 1141 2489 nec
1157 2468 1210 2495 plus
1227 2473 1297 2496 quam
1316 2467 1344 2488 illi
1362 2465 1514 2494 agnoscebat,
1533 2466 1604 2488 immo
1621 2466 1689 2488 etiam
1712 2472 1766 2488 cum
1790 2466 1832 2489 illis
1849 2472 1884 2489 su-

1036 2507 1105 2534 pinus
1123 2507 1200 2534 lapsus
1216 2509 1257 2528 est.
1275 2506 1298 2528 ld
1316 2512 1372 2527 vero
1390 2505 1441 2527 tecit
1458 2506 1532 2533 lesus,
1550 2507 1575 2527 ut
1597 2505 1740 2532 ostenderet,
1757 2511 1797 2527 eos
1819 2511 1844 2528 se
1861 2505 1884 2527 in

1036 2546 1114 2568 medio
1131 2548 1228 2567 stantem
1247 2551 1292 2566 non
1310 2544 1379 2567 modo
1398 2550 1442 2566 non
1465 2549 1560 2572 capere,
1577 2544 1619 2566 sed
1635 2550 1664 2566 ne
1686 2544 1765 2566 videre
1788 2544 1883 2573 quidem

1037 2592 1117 2613 posse,
1134 2585 1176 2607 nisi
1194 2585 1243 2612 ipse
1261 2584 1336 2606 vellet.

1100 2622 1109 2635 θ
1127 2623 1209 2645 Psalm.
1221 2622 1258 2649 34,
1270 2622 1291 2644 4.
1300 2634 1331 2638 —-
1341 2622 1456 2644 Sententia
1469 2622 1565 2650 August.
1578 2621 1675 2645 habetur
1687 2622 1709 2644 in
1726 2623 1785 2645 loan.
1797 2623 1886 2651 Evang.

1037 2665 1064 2685 tr.
1084 2663 1135 2684 112.
1153 2668 1175 2684 n.
1192 2662 1218 2689 3,
1237 2661 1275 2683 ubi
1294 2664 1369 2683 tamen
1386 2664 1460 2683 textus
1477 2661 1594 2689 originalis
1611 2662 1676 2689 plura
1694 2661 1814 2684 interserit.

1100 2700 1110 2713 ⁹
1128 2702 1193 2723 Vers.
1212 2701 1248 2723 ⁴4.

1101 2739 1120 2753 ¹⁰
1139 2741 1235 2768 Vulgata
1253 2740 1335 2762 omittit
1352 2740 1392 2763 eis.
1409 2753 1439 2756 -
1457 2739 1561 2762 Subinde
1583 2740 1694 2768 allegatur
1710 2741 1764 2763 Luc.
1787 2740 1829 2768 24,
1850 2741 1885 2763 l6.

1038 2780 1082 2803 Csr.
1101 2786 1170 2807 supra
1188 2780 1264 2811 u..l‘2.
1283 2779 1354 2801 verba
1372 2779 1488 2806 Chrysost.

1103 2817 1120 2830 ¹²
1140 2818 1236 2844 Vulgata
1255 2817 1283 2840 Si
1298 2824 1363 2847 erqo.
1379 2830 1410 2834 —-
1427 2818 1537 2845 August,
1556 2818 1577 2839 in
1595 2818 1655 2840 loan.
1675 2819 1760 2845 Evang.
1783 2821 1810 2840 tr.
1833 2818 1885 2840 412.

1039 2864 1059 2880 n.
1080 2857 1105 2879 li:
1124 2857 1229 2879 inimicos
1247 2857 1320 2884 videt,
1338 2860 1360 2878 et
1378 2858 1421 2879 hoc
1438 2857 1523 2879 faciunt
1539 2859 1581 2879 etc,
1592 2869 1623 2873 —
1635 2857 1730 2879 Inferius
1747 2857 1845 2880 vocibus
1857 2858 1888 2881 Et

1040 2895 1140 2919 ostendit
1155 2902 1199 2917 non
1218 2896 1284 2923 patiri
1303 2896 1371 2918 codd.
1389 2896 1528 2918 interserunt
1544 2895 1595 2919 hoc.

1896 513 2012 533 Secundum.

1895 1355 1987 1374 Tertium.
