2296 3316
868 175 1112 204 PROLEGOMENA
1133 175 1161 203 C.
1184 176 1212 204 ll.
1860 178 1919 207 XXI

159 257 331 280 Commentario
355 257 379 279 in
403 256 567 286 Apocalypsim
592 256 654 279 edito
676 261 691 278 a
712 254 806 278 Bonelli.
823 254 920 277 Brevius
946 254 1013 276 solito

160 305 229 327 etiam
246 306 373 327 tractantur
389 304 537 333 quaestiones
553 303 704 326 scholasticae
720 302 808 331 passim
826 303 969 324 occurentes.

222 352 283 374 Haec
300 354 378 374 tamen
395 351 473 374 omnia
490 357 537 374 non
554 352 609 373 sunt
625 350 680 372 tanti
697 349 821 376 momenti,
839 351 864 371 ut
880 348 910 371 de
927 349 970 371 hac
986 354 1013 370 re

159 399 258 422 reddant
273 399 387 421 rationem
399 404 495 427 prorsus
506 398 655 426 exploratam.
667 396 766 419 Illinutae
777 396 838 418 enim
851 397 895 418 liae
906 395 1013 418 differen-

160 447 204 469 tiae
220 446 275 469 satis
292 445 399 474 explicari
417 448 511 474 possent
527 445 597 468 etiam
620 445 663 467 hac
685 443 846 472 suppositione
862 449 908 465 non
925 443 1013 470 impro-

160 492 243 520 babili,
259 492 324 522 quod
341 493 365 515 S.
381 492 543 514 Bonaventura
565 491 657 514 iuniore
679 492 754 513 aetate
775 492 798 512 et
815 491 868 512 ante
885 489 941 511 alios
958 495 1013 511 suos

159 539 344 563 Commentarios
360 538 445 561 librum
463 538 594 566 Sapientiae
611 537 635 560 in
651 537 736 560 scholis
752 536 908 565 explicaverit.

223 586 237 615 S
254 587 275 609 5.
294 585 324 609 De
342 584 506 610 Commentario
524 584 549 608 in
565 583 718 614 Evangeiium
734 582 834 606 Ioannis.

223 634 337 661 Prologus
354 632 445 661 incipit:
465 632 535 660 Ecce,
553 631 670 661 intelliget
692 637 777 654 servus
799 637 892 654 meus...
917 630 974 659 Cap.
992 630 1013 652 l.

161 681 252 710 incipit:
275 682 304 704 ln
325 679 446 710 principio
470 681 524 703 erat
550 678 678 702 Verbum...
705 679 750 702 Iste
775 677 846 706 liber,
867 677 910 708 qui
934 679 969 701 est
985 677 1013 700 de

162 727 237 752 Verbo
254 727 381 751 incarnato
397 729 441 749 etc.

223 775 323 798 Omnino
340 777 440 802 constat,
458 775 481 797 S.
504 775 691 797 Bonaventuram
713 773 834 801 scripsisse
856 772 972 795 Postillam
990 772 1012 794 in

160 870 174 899 ς)
192 869 222 899 l.)
245 869 315 892 relata
333 868 447 892 habemus
464 871 533 891 testes
549 868 613 891 omni
631 868 765 897 exceptione
788 868 887 890 maiores
904 869 954 890 tum
977 873 1014 890 ca-

160 916 269 947 taloqum
285 916 408 945 antiquum
435 916 504 945 (circa
527 922 564 938 an.
588 916 658 944 4300)
676 915 832 938 bibliothecae
855 916 879 937 S.
896 914 1013 937 Fortunati

160 962 314 990 Tudertinae,
331 965 381 985 tum
398 962 503 985 codicem
521 962 685 991 perantiquum
710 967 772 985 saec.
797 962 858 990 Xlll,
874 968 946 990 quem
963 968 1015 989 pro-

161 1010 211 1033 tulit
227 1011 251 1033 P.
268 1010 352 1033 Fidelis
368 1016 381 1032 a
398 1010 475 1032 Fanna
493 1009 570 1039 (Ratio
587 1012 631 1033 etc.
648 1016 703 1038 pag.
719 1010 750 1032 93
767 1009 854 1039 seqq),
870 1009 900 1032 de
917 1016 965 1038 quo
983 1009 1015 1031 in-

160 1058 194 1080 fra
211 1057 278 1085 plura
294 1057 409 1079 dicentur.

224 1106 270 1128 lam
288 1105 423 1127 monuimus
441 1104 521 1134 (supra
539 1111 559 1127 c.
576 1106 593 1127 l.
609 1105 622 1133 S
640 1104 680 1134 5.),
697 1104 896 1128 Commentariun]
914 1105 937 1127 in
950 1105 1015 1127 loan-

160 1158 228 1180 nem,
244 1152 286 1181 qui
302 1151 401 1174 habetur
417 1151 441 1173 in
459 1151 561 1174 editione
578 1151 689 1174 Vaticana
701 1154 723 1174 et
735 1150 946 1180 subsequentibus,
964 1157 1015 1173 esse

161 1200 267 1228 spurium
276 1218 281 1228 ,
298 1199 395 1222 alterum
413 1202 491 1222 autem
509 1199 637 1227 genuinum
650 1201 672 1222 et
683 1204 780 1227 prorsus
792 1199 913 1222 diversum
926 1198 1014 1221 editum

161 1253 213 1270 esse
224 1253 237 1269 a
248 1247 272 1269 P.
284 1246 409 1269 Benedicto
422 1246 509 1269 Bonelli
521 1245 698 1276 (Supplementi
713 1248 770 1268 torn.
784 1245 798 1268 l.
810 1246 854 1268 col.
873 1245 925 1268 446.
938 1245 1014 1274 seqq.)

160 1294 283 1323 doctisque
299 1294 358 1316 notis
375 1293 521 1316 illustratum.

225 1341 271 1364 Sed
287 1341 334 1363 iam
351 1343 404 1363 ante
420 1340 507 1363 Bonelli
524 1340 587 1363 idem
604 1346 664 1369 opus
682 1342 729 1363 rere
745 1340 877 1368 integrum,
894 1340 935 1363 sed
947 1339 1015 1362 valde

161 1388 328 1417 amplificatum
349 1390 372 1411 et
394 1388 448 1410 hinc
473 1388 527 1410 inde
551 1388 621 1410 etiam
646 1388 795 1411 immutatum
821 1388 882 1416 typis
904 1388 1015 1410 traditum

161 1438 197 1458 est
212 1435 257 1458 sub
273 1435 367 1458 nominc
384 1436 420 1458 Fr.
437 1435 522 1458 Nicolai
539 1436 570 1458 de
586 1435 674 1458 Gorran
692 1435 749 1458 Ord.
765 1435 846 1458 Praed.
858 1435 932 1458 Editio
950 1436 1015 1464 haec,

161 1488 222 1512 quae
238 1482 263 1504 in
280 1488 366 1510 magno
383 1482 502 1505 volumine
518 1482 619 1505 continet
634 1482 737 1510 postillas
753 1482 850 1505 Gorrani
875 1482 899 1504 in
915 1484 1016 1511 quatuor

162 1529 296 1558 Evangelia,
313 1530 371 1552 sacta
388 1532 423 1552 est
438 1536 451 1552 a
468 1530 506 1551 Fr.
522 1530 606 1551 Ioanne
617 1529 716 1552 Pesselio
727 1529 808 1551 Tilano
820 1529 885 1557 apud
896 1528 1015 1552 ColonIam

160 1576 315 1604 Agrippinam
331 1576 498 1598 DomInicanae
509 1576 670 1604 professionis,
687 1576 795 1598 dedicata
811 1575 893 1599 Carolo
910 1576 1017 1598 Geldriae

162 1625 184 1646 et
201 1623 271 1646 luliae
286 1623 353 1652 duci,
377 1629 415 1646 an.
441 1623 499 1646 1537
522 1624 635 1652 postridie
660 1623 714 1646 ldus
739 1623 811 1646 Martii
834 1623 898 1652 apud
923 1624 1017 1646 Petrum

162 1671 266 1699 Quentel.
282 1671 320 1693 sol.
337 1670 421 1693 Ornata
439 1673 474 1693 est
490 1672 548 1693 haee
569 1671 640 1693 editio
665 1673 713 1693 tum
740 1673 838 1694 stemate
859 1671 919 1694 illius
936 1671 1016 1700 ducis,

163 1720 212 1740 tum
229 1717 372 1746 imaginibus
388 1720 488 1747 quatuor
500 1718 699 1746 Evangelistarum
717 1718 833 1746 eleganter
850 1719 913 1747 ligno
931 1719 1017 1741 incisis.

161 1764 241 1787 Editor
257 1764 294 1787 ille
311 1765 463 1793 conqueritur
475 1765 505 1787 de
521 1764 583 1787 vitiis
600 1766 722 1793 codicum,
745 1765 832 1794 quibus
849 1772 906 1788 usus
922 1768 969 1793 est,
987 1766 1016 1788 ita

164 1820 176 1832 «
188 1813 214 1834 ut
229 1817 418 1840 nonnumquam,
430 1815 530 1841 quatuor
542 1812 652 1835 consultis
672 1812 857 1841 exemplaribus,
875 1813 969 1836 tandem
987 1813 1017 1835 ad

161 1858 319 1881 coniecturam
336 1859 505 1888 ingeniumque
522 1859 600 1882 hiulca
614 1860 665 1882 sive
682 1859 769 1882 hiantia
789 1860 839 1883 loca
856 1866 953 1888 cogerer
970 1861 1018 1882 sus—

162 1905 276 1928 sarcire».
292 1918 324 1923 —-
340 1907 404 1929 Hanc
422 1906 547 1929 editIOnem
565 1907 596 1929 ad
613 1913 696 1930 {nanus
713 1907 834 1930 habemus.
852 1908 928 1930 Altera
946 1908 1017 1931 editio

162 1953 250 1981 prodiit
273 1953 414 1982 Antverpiae
441 1954 501 1976 ⁴6¹7
528 1954 551 1976 in
570 1954 623 1977 solio
640 1954 704 1982 apud
720 1955 782 1977 loan.
799 1954 927 1983 Kecrberg,
945 1961 1016 1984 quam

163 2007 210 2023 non
228 2001 339 2024 vidimus.

225 2047 254 2069 Ut
269 2049 349 2070 autem
365 2048 458 2076 relatio,
475 2055 536 2077 quae
552 2051 587 2071 est
612 2049 670 2071 inter
693 2050 753 2072 hanc
770 2050 885 2078 postillam
907 2052 929 2072 et
947 2051 1018 2073 Bona-

163 2093 336 2121 venturianam‚
353 2095 518 2124 perspiciatur,
531 2096 651 2124 specimen
662 2096 782 2125 quoddam
795 2096 952 2119 exhibendum
965 2103 1018 2119 cen-

164 2141 261 2164 suImus.
279 2141 399 2171 Proloyus
424 2143 519 2165 omnino
542 2143 651 2166 convenit
673 2149 727 2166 cum
752 2144 814 2167 edito
839 2151 852 2166 a
875 2143 955 2173 nohis,
973 2145 1018 2168 nisi

163 2189 227 2217 quod
245 2190 315 2211 textui
333 2192 411 2212 nostro
430 2190 461 2219 (n.
479 2190 511 2219 2.)
529 2193 582 2219 post
599 2191 671 2213 verba
688 2190 799 2215 omnibus
811 2191 892 2215 diebus
908 2192 968 2215 bene
980 2192 1018 2215 ad—

163 2235 226 2258 ditur
242 2235 304 2259 vitae
319 2242 379 2260 suae
394 2240 418 2259 et
434 2237 521 2265 passim
538 2238 630 2267 aliquae
646 2239 755 2261 lectiones
771 2239 888 2262 disserunt.

228 2283 274 2305 Sed
290 2283 313 2306 in
331 2284 446 2312 principio
463 2285 478 2307 l.
496 2285 590 2313 capituli
601 2292 623 2308 n.
636 2286 658 2308 ’1.
670 2288 724 2314 post
739 2286 827 2309 verba:
841 2286 862 2309 in
874 2287 977 2310 secunda
994 2288 1018 2309 in

165 2331 340 2359 comparatione
356 2332 386 2354 ad
411 2338 437 2354 ea
460 2339 521 2361 quae
545 2333 656 2356 dicuntur
672 2340 714 2362 per
732 2333 848 2357 Verbum:
872 2334 959 2358 Omnia
973 2341 1017 2364 per

164 2376 244 2407 ipsum
255 2377 319 2407 facta
330 2380 399 2407 sunt,
416 2379 493 2402 addit:
513 2389 524 2399 «x
536 2380 562 2402 Et
579 2380 634 2409 quia
652 2381 713 2404 hunc
724 2380 809 2403 librum
822 2382 955 2410 composuit
967 2387 1018 2404 con-

164 2426 198 2447 tra
216 2425 344 2448 haereticos
361 2426 505 2449 destruentes
517 2427 704 2450 coaeternitatem
717 2431 739 2450 et
756 2428 1017 2451 consubstantialitatem

164 2472 225 2500 FilIi,
243 2472 295 2495 ideo
312 2472 334 2495 in
352 2473 427 2501 prima
444 2476 510 2502 parte
535 2477 601 2502 ponit
624 2478 725 2504 quatuor
742 2476 924 2504 propositiones:
942 2476 1018 2504 prima

164 2520 199 2540 est
215 2518 245 2540 de
261 2518 310 2541 Filii
327 2519 460 2541 aeternitate
467 2528 473 2546 ;
490 2520 594 2543 secunda
619 2521 649 2543 de
671 2521 817 2544 distinctione
843 2522 890 2544 Filii
908 2528 920 2544 a
939 2523 1017 2549 Patre;

164 2564 229 2586 tertia
247 2564 277 2587 de
293 2565 528 2589 consubstantialitate
549 2567 598 2589 Filii
624 2568 654 2590 ad
679 2568 783 2596 Patrem;
807 2572 889 2598 quarta
907 2569 936 2592 dc
953 2575 1019 2592 coao-

165 2611 275 2640 qualitate
291 2612 340 2634 Filii
358 2612 388 2635 ad
405 2613 503 2636 Patrem.
521 2614 563 2636 Per
579 2614 693 2644 primam,
710 2621 770 2643 quae
787 2618 837 2638 est:
855 2616 883 2638 1η
896 2615 1018 2646 principio

165 2660 219 2681 erat
239 2658 348 2688 Verbum,
366 2661 498 2683 confutatur
515 2662 633 2684 Nestorius
650 2664 672 2685 et
688 2662 799 2685 Claudius
816 2663 937 2691 haeretici,
954 2669 1019 2691 prae-

167 2706 285 2735 dicantes,
301 2706 418 2730 Christum
436 2708 527 2731 initium
545 2708 662 2732 habuisse.
678 2710 721 2732 Per
738 2710 877 2739 secundam,
895 2717 955 2739 quae
973 2713 1018 2733 est:

166 2753 197 2776 Et
216 2752 319 2777 Verbum
335 2756 388 2777 erat
402 2754 469 2784 apud
486 2755 574 2784 Deum,
599 2758 731 2779 confutatur
748 2757 873 2786 sabellius,
890 2758 930 2786 qui
949 2758 1018 2785 dixit,

165 2800 247 2822 Filium
264 2807 310 2823 non
326 2807 377 2824 esse
394 2802 527 2824 distinctum
545 2809 557 2824 a
575 2803 649 2826 Patre.
667 2804 709 2826 Per
726 2804 828 2831 tertiam,
846 2811 907 2834 quae
924 2808 971 2828 est:
988 2805 1019 2828 Ec

166 2847 230 2870 Deus
242 2848 295 2870 ertit
309 2847 424 2877 Verbum,
436 2851 568 2872 confutatur
579 2850 658 2879 Arius,
670 2850 712 2879 qui
723 2850 828 2878 dicebat,
839 2851 956 2874 Christum
968 2858 1019 2875 esse

166 2901 250 2922 puram
268 2899 398 2919 ereaturam
415 2899 438 2919 et
454 2897 516 2919 nullo
533 2898 604 2920 modo
623 2898 841 2921 consubstantialem
858 2902 881 2922 et
898 2900 1018 2929 aequalem

167 2941 235 2964 Patri.
248 2943 290 2965 Per
301 2946 421 2972 quartam,
433 2950 494 2973 quae
505 2947 555 2967 est:
568 2944 616 2968 Hoc
627 2947 680 2968 eruc
692 2945 716 2968 in
725 2945 845 2976 principio
857 2947 924 2976 apud
934 2948 1018 2975 Deum,

164 2989 314 3012 confutantur
330 2996 412 3013 omnes
429 2991 510 3020 simul,
527 2992 581 3020 quia
595 2992 636 3015 ista
649 2993 776 3021 propositio
794 2994 862 3021 dicit,
874 2994 956 3017 Filium
969 3000 1019 3017 esse

1069 256 1217 276 coaeternum
1235 257 1257 277 et
1274 254 1493 278 consubstantialem
1510 258 1533 278 et
1554 257 1704 285 coaequalem
1728 256 1786 279 Patri
1803 259 1826 280 et
1841 263 1919 285 perso-

1070 301 1150 323 naliter
1166 301 1300 324 distinctum
1318 308 1331 323 a
1356 302 1430 325 Patre.
1446 302 1505 325 Dicit
1530 309 1599 331 ergo:
1616 303 1644 326 1η
1660 302 1777 333 principio
1794 305 1847 327 erat
1866 304 1919 327 Ver-

1070 346 1133 370 bum.
1156 349 1199 370 lsta
1221 348 1349 377 propositio
1371 350 1493 377 exponitur
1518 349 1592 373 tribus
1614 351 1699 374 modis.
1722 352 1798 374 Primo
1820 352 1865 375 sic:
1890 352 1919 374 In

1066 393 1187 423 principio
1204 396 1259 417 erat
1279 394 1380 418 Verbum
1392 404 1415 418 u.
1433 396 1486 424 (NB.
1503 397 1567 425 Quae
1583 400 1712 426 sequuntur
1723 404 1769 420 uon
1780 399 1920 422 conveniunt

1070 447 1124 463 cum
1142 442 1164 463 S.
1183 442 1290 470 Bonav.).

1134 489 1189 511 item
1206 496 1228 512 n.
1245 490 1267 512 9.
1286 492 1339 518 post
1355 490 1442 513 verba:
1461 490 1548 514 Omnia
1561 497 1606 521 per
1624 491 1703 521 ipsum
1719 492 1785 521 facta
1801 494 1859 516 stt-nt
1869 496 1920 521 etc„

1070 536 1176 559 additur:
1198 537 1344 566 «Postquam
1360 538 1522 561 determinavit
1538 539 1564 561 13.
1581 538 1675 562 loannes
1688 540 1717 563 de
1731 540 1810 563 Verbo
1827 544 1919 564 aeterno

1071 583 1093 605 in
1110 584 1284 612 comparatione
1300 584 1331 607 ad
1348 585 1476 614 dicentem,
1493 586 1530 608 hic
1551 586 1690 609 determinat
1705 587 1735 609 de
1751 587 1803 615 ipso
1820 587 1843 610 in
1860 594 1921 610 com-

1071 630 1191 658 paratione
1207 631 1237 653 ad
1255 637 1282 653 ea
1298 637 1359 660 quae
1376 638 1418 660 per
1434 632 1540 655 Verbum
1561 633 1682 660 dicuntur,
1700 637 1723 656 et
1748 635 1792 656 hoc
1808 638 1921 663 quantum

1071 676 1101 698 ad
1117 679 1218 705 quatuor
1234 677 1384 700 conditiones.
1403 678 1544 701 Describitur
1560 679 1622 702 enim
1635 680 1710 708 primo
1723 680 1799 708 ipsum
1819 681 1923 704 Verbum

1072 725 1097 745 ut
1108 723 1248 752 principium
1260 725 1383 748 creationis
1394 725 1524 756 suffilctkns,
1540 732 1593 749 cum
1606 727 1676 750 dicit:
1690 728 1777 751 Omnia
1787 735 1830 758 per
1842 728 1921 759 ipsum

1071 770 1135 800 sacta
1151 773 1224 800 sinn,-
1241 772 1344 795 secundo
1361 775 1386 795 ut
1402 772 1550 804 indeficiens,
1567 780 1621 796 cum
1638 774 1708 797 dicit:
1721 775 1751 798 Et
1762 775 1813 799 sine
1824 775 1874 806 ipso
1886 776 1920 806 sa-

1072 820 1136 841 ctum
1152 820 1187 842 est
1203 819 1278 848 notu,-
1295 820 1362 843 tertio
1379 823 1405 843 ut
1418 827 1640 850 praecoque-scens,
1651 828 1705 845 cum
1717 822 1788 845 dicit:
1802 823 1871 851 Quod
1886 824 1922 853 fa-

1072 867 1137 889 ctum
1153 868 1189 890 est
1204 866 1230 890 in
1247 867 1297 897 ipso
1315 867 1363 891 vita
1380 870 1447 898 erat;
1464 872 1548 898 quarto
1566 873 1591 892 ut
1611 870 1665 893 αἰὶιζς
1683 870 1839 900 cognitionem
1854 878 1923 901 prae-

1072 914 1134 943 bens,
1147 921 1201 937 cum
1213 915 1279 937 dicit:
1289 915 1320 938 Ec
1329 915 1376 939 vila
1385 917 1439 939 erat
1447 916 1492 939 lua:
1503 916 1642 947 homimum·
1655 920 1677 940 et
1687 918 1742 947 quia
1754 924 1802 941 non
1814 919 1923 941 omnibus

1073 961 1169 989 praebet
1181 962 1337 990 cognitionem
1355 962 1390 985 sui
1408 963 1467 986 sicut
1475 966 1530 986 sunt
1542 967 1688 992 peccatores,
1701 965 1753 988 ideo
1765 966 1846 995 quinto
1855 966 1923 994 dicit,

1072 1008 1136 1037 quod
1148 1011 1283 1036 peccatores
1294 1009 1450 1037 cognitionem
1463 1010 1497 1033 sui
1510 1017 1558 1033 non
1569 1012 1777 1041 comprehendunt,
1789 1018 1843 1035 cum
1855 1013 1923 1036 dicit:

1072 1054 1102 1077 Ec
1113 1054 1158 1078 luz·
1175 1055 1200 1078 in
1217 1055 1319 1079 tenebris
1331 1055 1394 1079 lucet
1408 1058 1432 1080 et
1447 1056 1556 1080 tenebrae
1567 1060 1610 1080 etc.
1623 1058 1681 1081 Dicit
1692 1065 1764 1087 ergo:
1778 1058 1863 1082 omnia
1878 1066 1924 1089 per

1072 1102 1151 1132 ipsum
1162 1102 1227 1132 sacca
1237 1105 1310 1131 siml,-
1327 1104 1474 1127 continuatur
1491 1105 1536 1127 sic:
1553 1108 1672 1128 ostensum
1683 1108 1729 1133 est,
1742 1107 1804 1135 quod
1818 1106 1924 1129 Verbum

1072 1149 1142 1172 habet
1158 1150 1270 1172 rationem
1288 1150 1408 1180 principii,
1426 1154 1448 1174 ot
1465 1152 1509 1174 hoc
1525 1155 1638 1181 quantum
1652 1152 1681 1175 ad
1694 1154 1737 1176 hoc
1749 1153 1814 1182 quod
1830 1153 1860 1176 ab
1872 1154 1924 1182 ipso

1072 1197 1164 1226 omnia,
1182 1197 1235 1220 ideo
1260 1198 1380 1227 sequitur:
1399 1197 1485 1222 Omnia
1499 1205 1544 1228 per
1561 1199 1640 1229 ipsum
1656 1199 1721 1229 sacta
1737 1202 1811 1229 sum,-
1828 1200 1921 1227 omnia,

1072 1244 1157 1267 scilicet
1174 1245 1274 1267 visibilia
1290 1248 1313 1268 et
1329 1245 1464 1275 invisibilia,
1481 1246 1608 1274 spiritualia
1625 1249 1647 1269 et
1664 1248 1800 1276 temporalia
1817 1250 1925 1270 naturam

1073 1292 1246 1324 conservantia,
1263 1293 1328 1321 quod
1345 1293 1430 1316 dicitur
1446 1296 1542 1322 propter
1558 1297 1665 1323 peccata,
1682 1300 1743 1324 quae
1760 1297 1865 1318 naturam
1877 1301 1925 1318 non

1073 1342 1226 1367 conservant,
1242 1340 1283 1362 sed
1301 1343 1465 1369 corrumpunt3
1474 1346 1519 1370 per
1536 1340 1630 1370 ipsum,
1642 1342 1726 1370 supple
1738 1341 1850 1370 Verbum,
1862 1343 1927 1372 quod

1073 1387 1097 1409 in
1114 1387 1231 1416 principio
1247 1390 1297 1410 erat
1312 1388 1376 1416 apud
1394 1389 1481 1417 Deum;
1497 1388 1563 1418 sacca
1573 1390 1641 1417 sunl,
1659 1390 1742 1418 supple
1759 1396 1771 1412 a
1788 1390 1836 1412 Deo
1853 1391 1927 1414 Patre.

1074 1434 1140 1456 Unde
1157 1434 1224 1457 Eccli.
1242 1435 1282 1457 1¹8:
1301 1434 1349 1463 Qui
1364 1434 1422 1458 vivit
1437 1435 1463 1458 in
1479 1437 1615 1465 aeternum,
1633 1436 1724 1460 creavit
1739 1436 1820 1460 omnia
1836 1437 1926 1466 simul,-

1074 1484 1097 1504 et
1113 1483 1157 1504 hoc
1174 1488 1216 1510 per
1238 1482 1343 1505 Verbum
1368 1483 1448 1519 (quac,
1462 1486 1593 1512 sequuntur
1617 1484 1760 1507 conveniunt
1776 1491 1829 1508 cum
1847 1485 1926 1508 verbis

1074 1530 1098 1552 S.
1117 1530 1218 1558 Bonav.;
1235 1533 1332 1558 excepto
1349 1531 1413 1559 quod
1431 1531 1454 1553 in
1471 1537 1494 1553 n.
1514 1531 1550 1554 ⁴0.
1567 1531 1680 1554 omittitur
1691 1532 1772 1555 ultima
1784 1533 1925 1561 propositio:

1074 1577 1106 1600 Et
1121 1576 1146 1600 in
1163 1577 1207 1600 hoc
1221 1578 1323 1608 perfecte
1340 1580 1396 1606 cte,
1408 1581 1430 1601 et
1441 1579 1465 1601 in
1482 1585 1505 1601 n.
1523 1579 1560 1602 ll.
1572 1586 1615 1608 pro
1627 1580 1714 1602 ultimis
1726 1579 1805 1603 verbis
1816 1582 1839 1603 et
1849 1582 1925 1604 trans-

1075 1624 1176 1647 mutatio
1202 1624 1280 1648 omnis
1297 1624 1417 1648 nonnulla
1439 1631 1506 1649 mors
1528 1628 1564 1649 esc
1584 1626 1755 1649 substituuntur
1781 1628 1849 1650 haec:
1868 1627 1925 1650 Dicit

1074 1678 1131 1700 ergo
1143 1680 1148 1695 :
1167 1672 1237 1700 Quod
1251 1672 1344 1702 sactum
1356 1674 1391 1696 est
1403 1675 1459 1702 etc.;
1476 1674 1624 1696 continuatur
1636 1674 1680 1696 sie:
1693 1674 1716 1697 Si
1729 1674 1832 1697 Verbum
1845 1677 1893 1697 erat
1905 1675 1927 1697 in

1074 1718 1201 1747 principio,
1219 1725 1261 1747 per
1277 1720 1342 1748 quod
1360 1721 1418 1742 sacta
1435 1722 1489 1742 sunt
1505 1720 1582 1743 omnia
1604 1723 1627 1743 et
1651 1721 1701 1743 sine
1719 1721 1769 1749 ipso
1788 1722 1873 1751 factum
1891 1724 1925 1744 cst

1075 1766 1129 1788 nihil
1146 1772 1174 1788 eo
1191 1766 1256 1794 quod
1268 1767 1297 1789 sit
1307 1773 1346 1789 ars
1362 1769 1385 1790 et
1401 1767 1514 1794 sapientia
1532 1768 1616 1796 Patris,
1628 1768 1744 1797 sequitur,
1756 1768 1821 1797 quod
1832 1769 1923 1796 omnia,

1074 1814 1210 1842 quaefacta
1236 1816 1301 1841 sunt,
1327 1814 1392 1841 prius
1415 1815 1472 1836 facta
1498 1815 1590 1837 suerunt
1608 1814 1629 1837 in
1655 1821 1682 1837 co
1700 1818 1725 1838 ut
1750 1816 1773 1838 in
1789 1818 1850 1843 arte,
1867 1817 1926 1838 sicut

1074 1862 1130 1883 sacta
1149 1863 1202 1883 sunt
1219 1861 1242 1883 in
1259 1867 1339 1889 opere.
1356 1862 1382 1883 Et
1399 1862 1443 1884 hoc
1460 1864 1494 1884 est
1511 1861 1575 1891 quod
1590 1862 1681 1892 sactum
1698 1864 1744 1890 est,
1763 1863 1786 1885 id
1805 1866 1840 1885 est
1856 1870 1925 1886 omne

1074 1907 1186 1936 factibile,
1204 1907 1229 1930 in
1245 1907 1309 1937 ipso,
1326 1909 1409 1936 supple
1427 1908 1517 1936 Verbo,
1534 1909 1599 1938 quod
1616 1909 1662 1932 vita
1680 1912 1724 1938 est,
1741 1910 1790 1933 vita
1807 1911 1878 1939 erat).
1895 1923 1926 1927 —

1075 1954 1267 1983 Quacstionibus,
1285 1962 1345 1984 quas
1361 1956 1385 1978 S.
1402 1956 1490 1978 Bonav.
1506 1956 1584 1984 ponit,
1597 1959 1642 1979 tres
1654 1957 1711 1979 aliae
1723 1963 1735 1979 a
1747 1958 1850 1980 Gorrano
1862 1963 1926 1986 prae-

1075 2002 1203 2025 mittuntur.
1222 2003 1294 2025 Simili
1312 2003 1383 2026 modo
1400 2003 1423 2025 in
1441 2003 1593 2032 sequentibus
1610 2004 1681 2026 modo
1698 2004 1836 2027 exscribitur
1852 2005 1924 2027 Bona-

1074 2052 1171 2072 ventura
1189 2050 1219 2072 ita
1238 2050 1348 2077 fideliter,
1370 2053 1394 2073 ut
1419 2053 1520 2073 nostram
1546 2053 1620 2074 textus
1642 2051 1827 2074 emendationem
1846 2053 1926 2075 conflr-

1075 2099 1134 2124 met,
1152 2097 1223 2120 niodo
1240 2098 1283 2120 alia
1301 2098 1372 2121 multa
1390 2098 1536 2121 adiiciuntur.

1139 2145 1245 2167 Attamen
1261 2145 1358 2168 omnino
1375 2148 1463 2168 certum
1480 2148 1526 2173 est,
1543 2145 1741 2169 Commentarium
1759 2153 1771 2169 a
1794 2146 1862 2170 nobis
1880 2147 1926 2170 edi-

1076 2195 1124 2215 tum
1142 2198 1193 2215 esse
1210 2192 1339 2220 genuinum
1357 2195 1379 2215 et
1397 2193 1512 2221 integrum
1531 2200 1591 2221 opus
1603 2194 1626 2216 S.
1638 2193 1823 2217 Bonaventurae.
1836 2195 1925 2222 integra

1075 2240 1133 2263 fides
1150 2239 1257 2262 habenda
1274 2243 1308 2263 est
1325 2240 1400 2263 codici
1425 2247 1485 2263 saec.
1511 2242 1567 2264 ΧΙΙΙ,
1584 2241 1739 2264 bibliothecae
1759 2241 1927 2265 Ambrosianae

1075 2287 1224 2316 (Mediolani),
1236 2287 1297 2315 sign.
1309 2288 1327 2310 A
1341 2288 1349 2309 =l
1360 2288 1365 2310 l
1382 2289 1516 2316 superiore,
1534 2295 1560 2310 ex
1573 2295 1620 2318 quo
1632 2289 1703 2311 multa
1721 2289 1842 2317 exscripsit
1858 2290 1881 2311 Ρ.
1893 2289 1926 2311 Fi-

1076 2335 1133 2357 delis
1150 2341 1162 2357 a
1180 2335 1256 2357 Fauna
1274 2335 1351 2364 (Ratio
1368 2338 1419 2363 etc„
1431 2342 1486 2364 pag.
1498 2336 1601 2365 93-120).
1619 2337 1642 2358 ln
1660 2336 1695 2358 illo
1711 2339 1860 2359 recensentur
1877 2337 1925 2364 plu-

1075 2382 1136 2404 rium
1154 2385 1288 2410 auctorum,
1306 2383 1347 2405 sed
1365 2389 1420 2410 prae
1437 2383 1519 2405 ceteris
1543 2379 1720 2406 Bdnaventurae
1741 2390 1871 2412 sermoneS,
1889 2384 1927 2406 ad-

1076 2429 1129 2452 ditis
1145 2429 1323 2452 circumstantiis
1340 2430 1462 2458 temporis,
1479 2430 1523 2453 loci
1540 2433 1563 2453 et
1578 2431 1678 2453 nominis
1695 2431 1876 2458 praedicat01·is;
1889 2437 1925 2453 ru-

1076 2476 1153 2499 bricae
1170 2477 1266 2505 singulIs
1283 2477 1431 2500 sermonibus
1447 2477 1618 2505 superscriptae
1641 2484 1653 2499 a
1679 2478 1703 2499 P.
1730 2477 1806 2500 Fidele
1828 2478 1870 2500 loc.
1889 2478 1925 2500 cit.

1076 2523 1206 2552 publicatae
1223 2527 1283 2546 sunt.
1300 2525 1356 2552 Pag.
1375 2524 1420 2546 407
1444 2524 1489 2547 sub
1506 2530 1528 2546 n.
1548 2524 1601 2547 -141,
1618 2525 1712 2552 legitur:
1733 2533 1744 2545 α
1758 2526 1826 2553 ltem,
1849 2531 1926 2547 sermo

1076 2571 1151 2593 fratris
1169 2571 1330 2593 Bonaventure
1342 2571 1365 2593 in
1382 2571 1466 2593 scholis
1479 2571 1582 2598 Parisiis,
1594 2571 1688 2600 quando
1710 2571 1794 2599 incepit
1811 2572 1927 2593 loannem.

1076 2618 1147 2646 Ecce,
1166 2617 1279 2647 intelliqet
1294 2624 1378 2641 servus
1403 2624 1495 2641 meus...
1519 2617 1628 2642 sublimis
1645 2618 1692 2641 erit
1707 2618 1776 2641 valde
1788 2627 1810 2640 n.
1828 2619 1926 2640 Schema

1076 2665 1144 2687 liuius
1161 2665 1275 2687 sermonis
1291 2671 1318 2687 ex
1335 2665 1415 2687 codice
1432 2665 1469 2688 illo
1487 2672 1500 2687 a
1517 2665 1541 2688 Ρ.
1558 2665 1635 2688 Fidele
1652 2666 1793 2693 exscriptum
1810 2668 1833 2687 et
1854 2664 1927 2693 publi-

1076 2714 1152 2734 catum
1171 2711 1269 2735 liabetur
1285 2712 1354 2735 etiam
1373 2712 1430 2735 infra
1448 2719 1502 2741 pag.
1517 2712 1575 2740 240,
1588 2715 1641 2735 nota
1661 2713 1668 2734 l
1681 2731 1686 2741 ,
1696 2719 1750 2735 cum
1762 2712 1875 2735 nonnullis
1888 2718 1926 2734 no-

1076 2759 1128 2781 stris
1145 2758 1358 2782 observationibus.
1372 2771 1403 2776 —
1415 2759 1454 2782 liis
1466 2765 1528 2782 nunc
1540 2759 1661 2788 addimus,
1673 2759 1773 2781 eundem
1786 2764 1926 2785 sermonem,

1051 2813 1054 2815 “
1076 2806 1126 2828 sive
1143 2806 1219 2834 potius
1237 2807 1374 2834 prologum,
1392 2805 1471 2829 haberi
1489 2812 1534 2828 non
1553 2808 1641 2829 tantum
1665 2806 1688 2828 in
1706 2805 1799 2828 duobus
1824 2805 1893 2827 codd.
1910 2805 1926 2826 P

1077 2854 1096 2881 Q
1113 2859 1126 2875 a
1143 2852 1211 2875 nobis
1222 2859 1275 2875 cum
1288 2853 1350 2875 edito
1368 2853 1466 2881 collatis,
1478 2853 1518 2875 scd
1536 2853 1604 2875 etlam
1617 2853 1639 2875 in
1652 2852 1790 2875 bibliotheca
1802 2851 1924 2879 Carolopo-

1077 2900 1147 2922 litana
1164 2899 1330 2929 (Charlesville)
1349 2900 1401 2923 cod.
1418 2901 1455 2922 92.
1474 2899 1574 2922 membr.
1592 2900 1613 2922 in
1632 2900 1653 2922 8.
1670 2906 1730 2922 saec.
1748 2899 1804 2921 Xlll.
1816 2899 1926 2926 excuntis,

1077 2949 1115 2970 sol.
1133 2947 1174 2976 42,
1192 2953 1269 2970 sermo
1283 2948 1318 2969 18.
1332 2946 1434 2969 Habetur
1446 2947 1481 2969 ille
1493 2953 1569 2969 sermo
1582 2947 1618 2969 liic
1630 2946 1758 2969 diminutus
1775 2948 1807 2974 ct,
1821 2949 1845 2968 ut
1862 2945 1926 2968 vide-

1077 2996 1127 3023 tur,
1140 2995 1285 3024 reportatus.
1296 3005 1328 3011 -
1340 2994 1376 3016 llle
1388 2994 1441 3017 cod.
1453 2995 1469 3016 Ρ
1481 2996 1553 3016 exstat
1564 2993 1682 3021 Basileae,
1695 2992 1834 3015 bibliotheca
1845 2992 1926 3015 Civita-
