2296 3316
237 213 281 241 11.
303 212 392 249 (Vers.
414 211 463 246 4.).
487 210 571 246 Quod
591 209 705 247 factum
726 210 783 238 est²
805 209 837 237 in
857 209 919 246 ipso
939 209 1002 238 vita

9 263 138 284 conditio-'³
155 263 228 288 erat.
250 259 297 288 Hic
324 260 437 287 notatur
469 257 550 286 tertia
581 256 715 289 conditio,
736 256 840 285 scilicet
864 256 939 293 quod
959 258 1002 284 est

4 295 11 337 ³'l
152 306 337 344 principium
366 312 632 342 pyaeeogynoscenS,
661 303 726 340 quia
756 303 849 332 omnia
880 306 945 332 sunt
972 303 1001 332 in

156 354 231 390 ipso,
253 355 401 389 antequam
426 351 507 385 fiant,
529 353 557 379 et
578 350 605 378 in
627 350 686 386 ipso
711 350 824 384 vivunt,
846 350 917 379 sicut
937 358 1002 378 arca

155 400 182 429 in
196 402 288 428 mente
308 398 430 427 artificis.
452 397 528 426 Unde
549 396 741 434 Augustinus²
762 397 843 431 dicit,
864 396 939 433 quod
959 396 1001 424 Fi-

155 447 209 475 lius
229 448 271 475 est
296 457 309 470 «
324 453 370 474 ars
391 445 472 481 plena
491 444 617 473 omnium
637 444 776 472 rationum
798 443 951 472 viventium
967 453 1000 477 »;

132 515 134 517 .
155 492 334 522 Ecclesiastici
367 491 498 528 vigesimo
530 490 630 519 tertio:
657 502 670 515 «
686 491 802 519 Domino
823 491 894 524 Deo,
924 492 1000 518 ante-

154 547 238 577 quam
263 541 443 571 crearentur,
471 537 564 566 omnia
591 541 657 566 sunt
683 537 791 574 agnita;
813 537 852 566 sic
884 539 912 565 et
939 539 1001 576 post

154 586 308 624 perfectum
331 585 442 622 respicit
463 584 556 613 omnia
570 596 596 613 ».
619 584 680 613 ldeo
701 584 822 613 rationes
836 584 863 612 in
879 584 939 620 ipso
960 583 1000 612 vi-

6 643 10 668 1
155 635 240 667 vnnt,
256 632 322 669 quia
336 640 389 660 non
405 634 644 666 transmutantur;
662 632 748 660 lacobi
771 631 877 668 primo:
897 642 911 655 «ι
923 630 999 667 Apud

6 669 10 682 “
154 680 245 717 ipsun]
267 687 322 708 non
340 681 384 708 est
405 679 598 707 transmutatio
620 687 670 708 nec
690 678 888 708 vicissitudinis
900 677 1000 706 obum-

7 715 10 743 ¹
153 727 244 756 bratio
255 737 282 760 »;
297 728 325 755 et
338 726 535 754 transmutatio
548 726 638 755 omnis
658 726 791 755 nonnulla
813 733 887 754 mors
907 727 958 753 est.

9 774 10 805 l
234 775 278 802 12.
301 774 337 801 Et
356 773 417 801 vita
444 776 509 801 erat
535 772 588 801 lum·
615 772 775 801 hominum
804 772 851 800 Hic
877 771 999 808 tangitur

8 814 106 851 lauditio
118 825 136 846 ὅ
153 824 254 859 quarta
274 820 408 854 conditio,
429 827 500 857 quae
514 822 570 853 est,
586 820 659 857 quod
674 823 715 848 est
729 820 790 848 aliis
809 818 1000 856 coemtionem

150 867 309 905 praebens;
329 867 390 896 ideo
410 867 512 895 dicitur
533 867 585 895 lua:
607 866 772 900 hominum,
793 866 860 903 quia
875 865 1000 894 homines

153 913 291 943 illuminat
310 916 338 942 et
358 913 452 942 videre
473 913 552 948 facit;
575 913 648 942 unde
670 913 697 941 in
713 913 818 942 Psalmo
830 912 857 940 ³:
877 924 891 937 «
906 911 1000 948 Signa-

153 963 213 990 tum
234 963 275 990 est
295 968 380 998 super
401 968 452 989 nos
473 961 567 989 lumen
587 960 682 989 vultus
697 960 753 993 tui,
769 959 922 988 Domine».
938 958 1000 987 Sine

153 1017 209 1046 quo
229 1008 334 1037 lumine
354 1016 408 1036 non
429 1010 471 1036 est
492 1008 598 1041 videre,
619 1007 692 1036 sicut
711 1007 778 1035 dicit
798 1006 968 1043 Augustinus
979 1006 1000 1040 4,

153 1056 234 1093 quia,
256 1056 328 1084 sicut
347 1063 401 1083 non
424 1054 498 1083 videt
518 1054 632 1088 oculus,
654 1054 705 1082 nisi
734 1062 750 1082 a
782 1054 842 1082 luce
863 1053 1000 1089 corporali

153 1102 342 1136 illuminetur;
364 1102 403 1131 sic
423 1110 477 1130 non
500 1101 573 1130 videt
587 1101 758 1134 intellectus,
773 1100 825 1129 nisi
839 1108 856 1129 a
870 1101 932 1129 luce
947 1100 1001 1137 spi-

153 1150 332 1180 ritualissima
351 1149 515 1178 illustretur.
539 1148 570 1177 Et
591 1148 653 1177 licet
674 1148 804 1177 omnibus
819 1148 1000 1185 cognitionem

153 1197 299 1235 praebeat,
321 1205 376 1225 nou
398 1199 491 1224 tamen
522 1195 651 1224 omnibus
682 1195 796 1231 praebet
817 1195 1000 1231 cognitionem

154 1244 213 1279 sui,
235 1243 301 1281 quia
321 1246 480 1279 peccatores
495 1250 544 1278 per
566 1242 651 1278 ipsam
673 1244 844 1278 cognoscunt
864 1244 892 1270 et
914 1242 1000 1278 ipsam

153 1299 208 1320 non
229 1289 477 1327 comprehendunt.
500 1288 562 1317 Ideo
582 1288 660 1317 dicit:

235 1337 278 1366 13.
301 1337 389 1373 (Vers.
412 1337 460 1369 5.).
484 1336 519 1365 Et
538 1335 591 1364 lux
618 1335 650 1364 in
682 1334 803 1364 tenebris
825 1335 914 1369 lucet,
936 1343 1000 1363 cum

153 1387 312 1422 peccatores
339 1383 403 1412 facit
431 1391 498 1412 vera
525 1390 708 1420 cognoscere;
730 1386 755 1410 et
783 1382 915 1411 tenebrae
935 1390 1000 1410 eam

8 1430 9 1464 l
152 1440 211 1460 ‘non
231 1429 525 1468 cmprehenderunt;
546 1429 612 1467 quia
632 1429 801 1458 infidelitatis
816 1429 938 1458 tenebris
952 1429 1000 1457 ob-

8 1482 9 1485 ’
152 1478 254 1507 caecati
282 1485 337 1506 non
368 1479 552 1514 cognoscunt3
585 1476 697 1505 Genesis
727 1476 857 1513 primo⁵x
889 1476 1000 1504 «Tene-

152 1525 219 1554 brae
240 1527 320 1553 erant
350 1531 435 1560 super
462 1520 671 1560 faciemabyssi
687 1534 715 1557 »,
737 1523 763 1551 id
791 1526 832 1552 est
854 1523 1000 1552 infidelitas

152 1572 180 1601 in
201 1572 270 1601 facie
297 1571 387 1600 cordis
418 1571 542 1600 humani.
572 1570 647 1599 Unde
676 1570 709 1599 ad
731 1571 863 1607 Ephesios
883 1570 999 1607 quinto:

157 1630 171 1645 «
185 1619 285 1648 Fuistis
305 1618 453 1656 aliquando
474 1618 620 1652 tenebrae,
640 1625 716 1646 nunc
730 1620 823 1646 autem
838 1618 888 1646 lux
904 1617 931 1646 in
947 1618 1000 1645 Do-

152 1666 265 1700 mino»;
288 1665 394 1702 primae
415 1665 522 1693 Ioannis
550 1664 655 1701 primo:
682 1664 784 1692 «Deus
815 1664 866 1692 lux
895 1667 951 1698 est,
973 1667 1001 1692 et

152 1713 283 1742 tenebrae
303 1712 331 1741 in
352 1720 384 1741 eo
398 1720 452 1740 non
468 1714 534 1740 sunt
548 1712 629 1740 ullae.
644 1711 671 1740 Si
686 1711 855 1745 dixerimus,
870 1711 1001 1748 quoniam

153 1760 309 1789 societatem
331 1759 467 1788 habemus
488 1766 551 1787 cum
573 1766 606 1787 eo
627 1761 654 1787 et
674 1758 702 1786 in
728 1758 849 1787 tenebris
876 1757 1000 1791 ambula-

785 131 955 160 COMMENT.
979 131 1011 160 IN
1033 131 1178 160 IOANNEM
1199 132 1226 160 C.
1250 134 1267 161 1.

1842 133 1897 164 249

1058 217 1133 243 mus;
1156 210 1306 239 mentimur
1327 214 1355 239 et
1376 211 1518 240 veritatem
1547 219 1601 240 non
1623 212 1775 241 facimus».
1801 213 1830 241 Et
1851 221 1900 250 per

1058 255 1110 284 hoc
1131 256 1243 284 eliditur
1264 264 1344 286 error
1366 257 1426 291 ille,
1441 258 1489 294 qui
1508 258 1615 294 posuit,
1629 259 1722 288 omnia
1742 267 1802 288 esse
1816 268 1832 288 a
1846 261 1901 289 for-

1058 304 1140 336 tuna,
1160 305 1188 331 et
1209 311 1263 331 non
1287 311 1347 331 esse
1376 303 1589 339 providentiam,
1612 312 1661 333 nec
1692 306 1779 334 Deum
1802 315 1901 344 cogno—

1058 356 1135 377 scere
1154 352 1216 378 acta
1237 352 1331 378 nostra
1341 350 1362 378 ⁶.

1377 445 1578 481 QUAEsronss.

1137 538 1182 567 14.
1204 538 1316 575 Quaest.
1344 539 1361 567 1.
1389 539 1540 575 Quaeritur
1567 538 1601 567 de
1630 540 1681 568 hoc
1713 540 1785 576 quod
1817 541 1901 570 dicit:

1058 584 1125 613 Si‘ne
1145 585 1208 621 ipso
1229 584 1344 622 factum
1365 588 1406 613 est
1426 584 1507 613 m‘hz'l.

1134 631 1248 660 CoNTRA
1270 632 1322 660 hoc
1343 634 1397 666 est,
1418 632 1484 668 quia
1504 632 1551 669 qui
1573 632 1685 661 furatur
1705 633 1809 670 aliquid
1825 635 1901 664 facit:

1056 686 1123 715 ergo
1143 678 1250 707 furtum
1272 681 1314 707 est
1334 678 1454 716 aliquid:
1475 686 1542 716 ergo
1563 682 1604 708 est
1624 688 1641 708 a
1661 680 1732 708 Deo:
1754 686 1820 718 ergo
1841 689 1903 718 pec-

1056 727 1116 754 cata
1135 729 1164 754 et
1185 725 1257 754 mala
1277 728 1342 754 sunt
1362 734 1378 754 a
1399 726 1455 754 Deo
1475 729 1503 754 et
1524 734 1577 755 non
1600 726 1671 755 fiunt
1691 727 1750 755 sine
1779 728 1842 756 Deo.
1866 745 1902 750 —

1057 772 1090 800 Sz'
1110 775 1141 800 tu
1162 772 1261 806 dicas,
1283 772 1358 809 quod
1379 775 1522 809 peccatum
1544 773 1612 801 nihil
1634 777 1688 807 est,
1710 774 1784 803 unde
1805 782 1903 804 sensus

1056 821 1112 848 est:
1129 819 1195 848 Sine
1216 819 1279 856 ipso
1299 818 1413 856 factum
1434 823 1476 849 est
1495 819 1578 854 nillil,
1594 821 1621 849 id
1635 824 1676 850 est
1698 825 1856 858 peccatum,
1872 826 1903 850 ut

1056 866 1164 903 negotio
1203 866 1282 906 sistat
1321 866 1434 901 intra7;
1475 867 1514 896 sic
1555 868 1630 908 ultra
1662 868 1816 896 obtzcz'tur:
1838 869 1903 906 quia

1058 915 1200 949 peccatum
1217 905 1385 950 corrumpit,
1401 917 1428 942 et
1443 906 1518 951 quod
1532 922 1579 943 001
1582 915 1686 951 rumpit
1703 915 1773 952 agit,
1788 919 1816 944 et
1830 916 1903 952 quod

1056 960 1112 996 agit
1132 962 1174 989 est
1194 967 1258 994 ens,
1279 962 1308 989 et
1328 961 1402 997 quod
1423 964 1464 990 est
1484 969 1533 990 ens
1554 965 1595 990 est
1623 962 1742 999 aliquid:
1764 970 1830 999 ergo
1851 965 1902 991 etc

1137 1007 1314 1035 RusPONqu.
1330 1007 1494 1041 Dicendum,
1510 1008 1584 1045 quod
1592 1012 1745 1045 peccatum
1755 1009 1902 1046 aliquando
1921 1012 1977 1036 Μεν-

1057 1053 1180 1081 nominat
1201 1054 1342 1082 actionem
1357 1054 1493 1091 privatam
1508 1055 1601 1091 aliqua
1614 1055 1706 1083 debita
1721 1056 1903 1085 circumstan-
1919 1059 2050 1102 suffiftffia‘ffi

1058 1099 1113 1133 tia;
1134 1099 1282 1136 aliquando
1303 1100 1426 1129 nominat
1440 1100 1567 1129 debitum
1581 1109 1645 1130 cum
1660 1102 1814 1138 privatione
1829 1100 2000 1135 boni,i³11eiter

1057 1147 1091 1175 ad
1111 1147 1184 1184 quod
1206 1150 1265 1181 est;
1287 1148 1434 1185 aliquando
1456 1149 1579 1177 nominat
1600 1149 1687 1186 ipsam
1716 1149 1783 1177 bom'
1800 1150 1903 1186 priva-

1057 1194 1170 1222 tionem.
1195 1195 1284 1223 Primo
1306 1195 1386 1224 modo
1406 1198 1448 1224 est
1468 1195 1603 1233 aliqztz'ct;
1624 1196 1746 1225 secundo
1768 1196 1848 1224 modo
1863 1199 1904 1225 est

1056 1242 1216 1274 seeundum
1237 1242 1328 1280 quid,·
1350 1243 1431 1271 tertio
1452 1243 1532 1271 modo
1554 1246 1595 1271 est
1616 1243 1733 1271 omnmo
1754 1242 1835 1271 m'lzz‘l.
1858 1243 1904 1272 Se-

1057 1288 1179 1317 cundum
1201 1289 1286 1326 igitur
1307 1289 1381 1326 quod
1402 1290 1544 1318 concernit
1571 1290 1679 1318 honum
1703 1290 1903 1324 substratum,

1057 1335 1163 1364 ratione
1178 1336 1252 1364 illius
1263 1339 1304 1365 est
1314 1344 1331 1364 a
1343 1336 1413 1370 Deo,
1425 1336 1471 1365 sed
1483 1336 1589 1365 ratione
1600 1335 1807 1373 deformitati-,5
1819 1337 1903 1365 non⁸

1135 1383 1214 1419 Quod
1235 1391 1302 1420 eigo
1322 1383 1468 1417 obiicitur,
1490 1383 1564 1421 quod
1593 1387 1736 1420 peccatum
1758 1384 1829 1421 agit;
1852 1384 2050 1429 hocsemfflgpbie-

1056 1431 1098 1458 est
1112 1437 1161 1466 per
1176 1432 1305 1458 naturam
1320 1430 1383 1458 honi
1399 1430 1583 1464 substratam,
1600 1433 1631 1458 ut
1645 1430 1711 1458 dicit
1725 1430 1903 1467 Dionysius.
1884 1430 1894 1448 ⁹

1138 1477 1181 1505 15.
1204 1477 1314 1513 Quaest.
1336 1477 1365 1505 Il.
1388 1477 1455 1506 Item
1476 1477 1621 1514 quaeritur
1643 1477 1677 1505 de
1698 1477 1750 1505 hoc
1771 1477 1845 1514 quod
1865 1477 1905 1505 di-

1057 1524 1111 1552 cit:
1136 1524 1219 1559 Quod
1238 1522 1353 1561 factum
1374 1528 1415 1552 est
1435 1524 1466 1552 in
1487 1524 1551 1561 ipso
1571 1524 1632 1552 vita
1654 1528 1725 1552 erat.

1135 1570 1268 1599 CONTRA:
1289 1570 1388 1599 Omnia
1408 1571 1479 1599 facta
1500 1573 1566 1599 sunt
1586 1571 1613 1599 in
1636 1571 1710 1608 ipso:
1733 1579 1799 1608 ergo
1813 1571 1905 1600 omnia

1057 1621 1122 1647 sunt
1144 1619 1216 1652 vita;
1236 1618 1263 1646 in
1286 1618 1391 1647 Psalmo
1403 1618 1440 1645 ¹⁰:
1460 1618 1566 1659 Omnia
1581 1618 1612 1646 111
1626 1618 1773 1655 sapientia
1793 1617 1889 1655 fecisti
1896 1629 1904 1647 .-

1057 1672 1123 1701 ergo
1144 1665 1213 1701 lapis
1234 1664 1309 1693 vivit.

1136 1712 1317 1740 Respouuuo:
1338 1712 1508 1746 Dicendum,
1530 1712 1604 1749 quod
1626 1712 1693 1741 illud
1715 1712 1832 1741 verbum
1854 1721 1903 1742 ex-
1923 1714 1979 1738 [³⁶⁵⁹-

1058 1758 1134 1795 ponit
1155 1758 1369 1795 Chrysostomus
1381 1759 1403 1775 ¹¹
1419 1759 1455 1787 sic
1471 1770 1475 1786 :
1494 1759 1576 1795 Quod
1590 1758 1703 1796 factum
1725 1763 1782 1793 est,
1803 1767 1903 1788 conne-
1920 1750 2023 1797 Essssffiffim

215 1911 224 1925 ¹
241 1912 319 1936 Verba
337 1911 401 1942 quod
416 1912 508 1942 factum
524 1914 560 1935 est
572 1913 670 1940 Vulgata
683 1919 739 1936 cum
748 1919 830 1936 versus
843 1914 1001 1941 praecedentis

151 1952 231 1975 verbis
247 1953 270 1975 et
285 1951 336 1975 sine
352 1951 403 1981 ipso
420 1951 511 1981 factum
528 1953 563 1974 est
578 1950 639 1974 nihil
655 1952 780 1980 coniungit.

215 1989 224 2003 ²
241 1990 303 2014 Libr.
321 1991 359 2013 Vl.
375 1991 405 2013 de
422 1990 485 2013 Trin.
503 1996 524 2013 c.
542 1991 579 2013 10.
595 1997 619 2013 11.
638 1991 679 2014 ll:
696 1992 739 2014 Ars
758 1992 874 2020 quaedam
897 1992 1000 2020 omnipo-

151 2031 219 2054 tentis
235 2033 305 2059 atque
321 2030 431 2058 sapientis
443 2030 497 2057 Dei,
508 2030 574 2058 plena
586 2033 628 2053 etc.
642 2031 664 2053 ln
676 2031 736 2053 loan.
749 2032 836 2059 Evang.
849 2034 876 2054 tr.
889 2032 909 2054 1.
923 2038 946 2053 n.
959 2031 1000 2054 1¹7:

151 2071 209 2093 Arca
226 2070 250 2092 10
266 2075 338 2098 opere
353 2075 399 2091 non
417 2072 451 2092 est
468 2069 527 2098 vita,
544 2075 596 2091 arca
620 2069 642 2092 in
665 2072 713 2092 arte
736 2070 780 2092 vita
803 2073 848 2098 est,
866 2071 919 2099 quia
943 2070 1001 2093 vivit

151 2109 228 2132 anima
245 2108 349 2136 artificis,
361 2107 401 2130 ubi
419 2111 472 2131 sunt
488 2109 529 2131 ista
546 2109 636 2136 omnia,
648 2112 772 2138 antequam
790 2111 944 2137 proferantur.
955 2109 1001 2133 Cfr.

151 2149 168 2171 1.
184 2148 246 2170 Sent.
263 2147 286 2170 d.
303 2147 341 2169 36.
359 2153 380 2170 a.
397 2148 419 2169 2.
436 2154 459 2176 q.
478 2147 499 2169 1.
515 2160 546 2164 -
564 2147 668 2170 Subinde
685 2148 811 2176 allegantur
828 2149 895 2171 Eccli.
907 2149 949 2176 23,
962 2149 999 2171 29.

151 2189 174 2209 et
189 2187 232 2209 lac.
251 2187 275 2215 1,
295 2186 332 2209 17.
348 2187 458 2215 August,
476 2187 500 2209 11.
517 2186 547 2209 (10
563 2187 627 2209 Trin.
645 2193 665 2209 c.
682 2187 705 2210 9.
721 2194 745 2210 n.
766 2184 811 2209 151
825 2188 874 2215 lpsa
887 2187 1001 2210 mutabili-

151 2228 186 2249 tas
202 2232 247 2248 non
264 2225 451 2248 inconvenienter
468 2226 593 2248 mortalitas
610 2225 700 2249 dicitur.

214 2263 224 2277 ⁸
241 2265 323 2288 Psalm.
344 2265 370 2293 4,
387 2265 409 2287 7.

214 2303 224 2316 ‘²
241 2304 304 2327 Libr.
323 2305 338 2326 1.
356 2304 449 2333 Soliloq.
466 2310 485 2326 0.
503 2305 524 2326 8.
542 2311 564 2326 n.
583 2305 625 2327 45:
647 2305 704 2327 Nam
726 2307 748 2327 et
772 2308 831 2327 terra
858 2305 953 2328 visibilis
979 2308 1001 2328 et

151 2343 201 2371 lux,
218 2344 259 2366 sed
277 2346 336 2366 terra
353 2344 396 2366 nisi
413 2344 465 2366 luce
481 2344 590 2366 illustrata
608 2344 682 2367 videri
698 2351 744 2367 non
761 2347 844 2373 potest.
858 2346 918 2373 Ergo
930 2348 952 2368 et
964 2346 1000 2368 illa

151 2389 212 2413 quae
228 2383 251 2405 in
268 2383 395 2411 disciplinis
412 2383 559 2405 traduntur...
578 2383 720 2406 credendum
733 2386 777 2412 est,
790 2389 815 2406 ea
828 2390 874 2406 non
886 2391 955 2412 posse
968 2385 1001 2406 in-

151 2421 234 2450 telligi,
251 2421 296 2444 nisi
312 2421 343 2443 ab
360 2421 404 2443 alio
421 2421 488 2450 quasi
505 2427 548 2443 suo
565 2422 612 2444 sole
629 2422 778 2445 illustrentur.
798 2423 857 2451 Ergo
880 2423 999 2452 quomodo

151 2460 175 2482 in
191 2461 236 2483 hoc
252 2461 300 2483 sole
317 2460 359 2483 tria
375 2460 491 2489 quaedam
510 2460 562 2483 licet
578 2461 775 2484 animadvertere:
793 2462 858 2490 quod
874 2465 921 2489 est,
936 2462 1000 2491 quod

151 2499 235 2527 fulget,
252 2499 316 2528 quod
334 2499 458 2527 illuminat,
475 2500 505 2522 ita
521 2500 543 2522 in
561 2500 598 2522 illo
615 2500 768 2523 secretissimo
791 2501 851 2530 Deo,
869 2507 941 2530 quem
965 2501 1000 2523 vis

152 2538 289 2566 intelligere,
306 2539 349 2560 tria
366 2538 480 2567 quaedam
503 2542 567 2562 sunt:
585 2540 649 2568 quod
671 2542 718 2567 est,
735 2540 799 2569 quod
822 2540 961 2568 intelligitur,
978 2543 1001 2562 et

151 2578 216 2607 quod
233 2580 309 2600 cetera
326 2578 378 2600 facit
395 2578 496 2606 intelligi.
512 2577 558 2601 Csr.
575 2578 596 2601 in
614 2579 675 2601 ioan.
692 2579 781 2607 Evang.
798 2581 825 2601 tr.
844 2579 865 2602 1.
883 2586 904 2601 n.
925 2580 960 2601 18.
979 2582 1001 2602 οῖ

151 2619 178 2639 tr.
197 2617 219 2639 3.
235 2622 257 2638 n.
276 2616 296 2639 4.
314 2617 381 2639 Plura
398 2616 428 2639 de
446 2618 488 2639 hac
505 2623 530 2639 re
547 2617 601 2640 vide
618 2618 642 2639 in
659 2618 752 2646 Quaest.
767 2618 853 2646 disput.
865 2618 894 2640 de
906 2618 1000 2641 scientia

151 2655 246 2683 Christi,
263 2662 287 2684 q.
307 2655 327 2678 4.
346 2655 410 2684 (tom.
429 2656 476 2684 V.).
492 2668 523 2673 —
539 2657 633 2679 Inferius
655 2663 698 2685 pro
721 2656 878 2686 coemtionem
902 2657 942 2680 sui
963 2658 999 2680 ed.

152 2694 384 2724 comprehensionem
401 2694 448 2717 sui.

214 2732 224 2745 ⁵
241 2734 308 2757 Vers.
326 2735 348 2756 2.
365 2746 395 2749 —
412 2734 463 2756 Duo
480 2740 546 2763 seqq.
562 2735 606 2757 loci
623 2737 676 2757 sunt
693 2736 749 2763 Eph.
767 2736 795 2763 5,
812 2736 834 2758 8.
857 2738 880 2758 et
902 2736 915 2757 l.
939 2736 999 2758 Ioan.

153 2773 161 2794 1
172 2791 176 2801 ,
191 2772 212 2795 5.
224 2779 274 2802 seq.
285 2785 316 2790 —
328 2773 439 2801 Superius
456 2776 509 2801 post
525 2772 643 2797 obcaecati
654 2774 681 2803 (B
690 2774 706 2797 C
716 2775 733 2797 E
742 2775 759 2797 N
771 2774 900 2803 excaecati)
914 2775 951 2797 ed.
962 2775 1001 2797 ad-

152 2812 185 2835 dit
201 2813 223 2835 et
239 2811 344 2835 absentes
362 2811 425 2840 luci,·
442 2813 482 2834 cfr.
499 2818 570 2840 supra
587 2819 641 2841 pag.
658 2814 699 2836 211
710 2830 716 2841 ,
733 2816 787 2836 nota
804 2813 825 2836 4.

214 2849 224 2862 ⁵
241 2850 285 2873 Cir.
303 2857 373 2879 supra
390 2850 520 2874 Comment.
537 2852 560 2873 in
577 2852 632 2880 Sap.
649 2852 691 2880 14,
704 2853 730 2881 3;
748 2854 763 2875 l.
781 2853 843 2875 Sent.
855 2853 877 2876 d.
894 2854 932 2875 38.
944 2859 964 2875 a.
977 2854 999 2875 2.

152 2896 175 2919 q.
188 2891 196 2912 ¹l
207 2907 213 2917 ‚
225 2890 248 2912 d.
261 2890 298 2912 39.
310 2896 330 2912 a.
344 2891 365 2912 1.
377 2897 400 2919 q.
413 2891 420 2912 1
433 2898 439 2919 ;
450 2891 558 2914 Hexaem.
578 2891 652 2914 collat.
671 2892 693 2914 6.
711 2898 733 2914 n.
751 2893 773 2914 2.
790 2898 856 2921 seqq.
875 2892 941 2920 (tom.
952 2892 1000 2920 V.).

3 2927 14 3050 j
214 2927 223 2941 ⁷
240 2929 269 2951 Ut
286 2930 379 2958 exponit
395 2930 505 2957 August.;
522 2931 563 2953 cfr.
585 2936 655 2958 supra
676 2937 730 2959 pag.
752 2931 810 2959 130,
833 2934 885 2954 nota
909 2932 946 2953 12.
968 2943 999 2947 -

249 2975 274 2999 S.
291 2977 381 3000 Bonae.
398 2989 429 2994 —
447 2977 514 2999 Tom.
532 2977 568 3000 Vl.

1058 1913 1099 1936 Ed.
1116 1913 1199 1935 omittit
1215 1913 1283 1936 sismt
1300 1912 1325 1935 in
1342 1912 1454 1941 termino,
1472 1913 1536 1941 qnod
1554 1912 1638 1935 habent
1656 1913 1672 1935 E
1688 1915 1710 1935 et
1727 1913 1758 1940 N,
1775 1913 1812 1935 alii
1834 1913 1902 1936 codd.

1058 1952 1166 1975 videntur
1183 1951 1269 1974 habere
1291 1951 1359 1975 statut
1375 1951 1448 1974 intra.
1466 1952 1489 1974 B.
1508 1952 1600 1979 Albert„
1618 1951 1640 1974 in
1658 1953 1720 1975 hunc
1741 1952 1833 1975 locum:
1851 1952 1903 1975 ldeo

1057 1992 1087 2014 ad
1105 1993 1164 2013 hanc
1176 1992 1289 2014 haeresim
1301 1990 1501 2021 [Manichaeorum
1514 1991 1650 2019 dicentium,
1663 1991 1727 2020 quod
1738 1991 1838 2019 malum,
1850 1997 1903 2014 cum

1058 2031 1086 2054 sit
1102 2031 1201 2060 aliquid,
1219 2037 1264 2053 non
1287 2030 1316 2053 sit
1335 2031 1419 2053 sactum
1442 2030 1491 2052 sine
1511 2029 1574 2060 ipso]
1593 2030 1771 2058 destruendam,
1789 2024 1905 2058 accipiunt

1059 2071 1133 2093 Sancti
1155 2070 1283 2093 secundum
1306 2076 1400 2092 sensum
1420 2070 1554 2098 locutionis,
1575 2070 1604 2092 ita
1624 2070 1688 2098 quod
1710 2069 1802 2099 neqatz'o
1820 2069 1905 2092 stetin

1058 2109 1158 2133 termino
1176 2108 1273 2132 subiecti
1289 2109 1337 2131 sic:
1355 2107 1512 2138 Non-aliquid
1535 2109 1619 2131 sactum
1637 2111 1671 2131 est
1687 2108 1736 2131 sine
1755 2109 1819 2136 ipse,
1836 2110 1861 2131 ut
1878 2109 1905 2131 sit

1058 2155 1151 2171 sensus:
1170 2148 1192 2171 ld
1211 2148 1275 2177 quod
1295 2149 1378 2170 sactum
1397 2150 1431 2170 est
1446 2147 1610 2177 non-aliquid,
1628 2147 1687 2170 sicut
1704 2148 1804 2175 malum,
1821 2148 1904 2170 tactum

1057 2190 1092 2210 est
1108 2188 1157 2210 sine
1174 2187 1238 2216 ipso,
1255 2189 1280 2210 ut
1295 2187 1324 2209 sit
1340 2187 1406 2215 quasi
1424 2187 1553 2215 propositio
1575 2186 1664 2209 habens
1683 2185 1813 2209 subiectum
1831 2187 1906 2209 termi-

1058 2233 1114 2249 num
1132 2227 1245 2249 infinitum
1263 2222 1359 2250 etc.CP.
1373 2222 1641 2251 I,Sent‚d.5.dttb.11.

1121 2264 1130 2277 ¹³
1147 2265 1192 2288 Csr.

1057 2311 1078 2327 a.
1096 2305 1117 2327 2.
1134 2311 1157 2333 q.
1175 2305 1197 2327 1.

1120 2342 1130 2355 ⁰
1147 2343 1209 2366 Libr.
1226 2344 1256 2366 de
1272 2344 1323 2366 Div.
1335 2344 1400 2365 Nom.
1417 2349 1438 2365 0.
1456 2343 1476 2365 4.
1495 2343 1508 2371 ἓ
1526 2343 1562 2365 19.
1581 2349 1646 2371 seqq.
1659 2355 1688 2358 ——
1700 2343 1743 2364 Pro
1759 2341 1905 2365 substratam

1058 2383 1074 2404 B
1084 2383 1101 2405 N
1118 2382 1241 2405 substrati.

1121 2420 1141 2434 ¹⁰
1158 2422 1241 2444 Psalm.
1255 2422 1309 2449 103,
1322 2421 1360 2444 24.
1372 2421 1416 2444 Csr.
1430 2422 1534 2449 August„
1546 2421 1568 2443 in
1587 2421 1647 2443 loan.
1659 2421 1747 2448 Evang.
1759 2423 1787 2442 tr.
1800 2420 1820 2442 1.
1832 2426 1854 2442 n.
1868 2420 1905 2442 16.

1210 2267 1234 2288 ll.
1252 2266 1312 2288 Sent.
1330 2265 1353 2288 d.
1370 2266 1406 2288 35.
1425 2271 1467 2293 per
1489 2267 1560 2287 totam
1584 2267 1607 2287 et
1631 2264 1653 2287 d.
1672 2264 1708 2287 37.
1726 2270 1747 2286 a.
1766 2265 1786 2286 1.
1804 2270 1827 2293 q.
1846 2265 1866 2286 l.
1884 2267 1907 2287 et

1121 2460 1139 2473 ¹¹
1157 2462 1180 2483 In
1198 2462 1258 2483 loan.
1276 2461 1354 2483 homil.
1371 2461 1393 2483 5.
1410 2460 1476 2489 (alias
1494 2460 1523 2488 4.)
1541 2466 1564 2482 n.
1577 2460 1600 2482 q:
1615 2460 1647 2482 Ne
1663 2466 1719 2482 vero
1737 2462 1816 2487 putes,
1829 2459 1904 2487 ipsum

1057 2507 1084 2523 ea
1101 2503 1189 2523 tantum
1207 2506 1348 2526 memorare,
1366 2506 1426 2528 quae
1443 2500 1533 2527 Moyses
1544 2500 1658 2526 narravit,
1670 2498 1802 2526 subiungit:
1815 2497 1845 2521 Et
1855 2498 1905 2521 sine

1058 2541 1107 2570 ipso
1122 2541 1212 2570 factum
1229 2541 1264 2563 est
1279 2539 1350 2567 nihil,
1368 2538 1431 2569 qnod
1446 2539 1549 2568 factum,
1568 2539 1611 2561 hoc
1628 2541 1674 2567 est,
1692 2544 1718 2561 ex
1735 2538 1806 2560 rebus
1829 2538 1904 2565 sactis,

1058 2580 1107 2601 sive
1124 2579 1169 2601 sub
1185 2581 1305 2606 aspectum
1330 2578 1380 2600 sive
1404 2577 1448 2600 sub
1473 2578 1612 2600 intellectum
1631 2580 1719 2600 tantum
1737 2577 1832 2603 cadant,
1850 2576 1904 2598 nihil

1057 2619 1106 2641 sine
1122 2618 1170 2640 Filii
1187 2618 1271 2640 virtute
1287 2617 1426 2645 productum
1445 2619 1485 2639 est.
1498 2617 1576 2646 Neque
1594 2616 1655 2638 enim
1673 2619 1785 2644 punctum
1803 2622 1905 2644 appone-

1058 2664 1110 2680 mus
1127 2660 1180 2685 post
1197 2657 1251 2679 illud
1267 2656 1338 2684 nihil,
1354 2658 1380 2679 ut
1396 2656 1503 2678 haeretici
1521 2656 1612 2678 faciunt.
1625 2656 1656 2678 llli
1668 2656 1742 2683 enim,
1755 2661 1809 2677 cum
1820 2655 1905 2681 velint,

1057 2696 1167 2724 Spiritum
1185 2698 1287 2718 creatum
1309 2701 1371 2722 esse,
1390 2695 1418 2717 ita
1441 2695 1535 2723 legunt:
1554 2694 1623 2722 Quod
1643 2695 1733 2724 factum
1754 2696 1789 2717 est
1807 2694 1832 2716 in
1855 2693 1904 2723 ipso

1057 2735 1106 2758 vita
1122 2736 1175 2758 erat
1190 2738 1232 2757 etc.
1249 2747 1279 2750 ——
1294 2734 1417 2756 Terminus
1434 2733 1576 2763 implicatae
1593 2734 1707 2761 significat
1723 2733 1904 2762 propositionem

1057 2774 1184 2796 relativam.
1203 2774 1240 2795 Sic
1262 2774 1321 2795 Petr.
1337 2773 1439 2801 Hispan„
1462 2773 1575 2795 Summul.
1595 2776 1622 2795 tr.
1641 2772 1668 2795 de
1685 2771 1844 2799 Restrz'cte‘one,
1863 2772 1904 2799 ait,

1057 2813 1224 2835 restrictionem
1245 2812 1294 2834 fieri
1317 2818 1386 2840 posse
1410 2818 1453 2840 per
1477 2812 1670 2839 implicationem,
1688 2814 1714 2834 ut
1730 2818 1781 2834 curn
1807 2811 1904 2833 dicitur:

1058 2854 1139 2880 homo,
1157 2853 1196 2881 qui
1214 2855 1248 2874 est
1264 2851 1343 2879 albus,
1361 2852 1431 2874 currit
1448 2854 1492 2875 etc.
1508 2852 1541 2873 De
1558 2851 1725 2879 significatione
1742 2850 1766 2881 ly
1783 2852 1823 2873 cfr.
1834 2856 1903 2878 supra

1058 2898 1113 2920 pag.
1134 2891 1188 2918 144,
1206 2894 1259 2913 nota
1278 2892 1298 2913 1.
1317 2891 1338 2913 10
1356 2891 1409 2913 ssne.

1779 2975 1807 2996 32
