2296 3316
27 935 29 938 ’
46 942 104 966 Βοψ.

5 1573 8 1576 .
15 1556 51 1576 :isio
64 1557 83 1575 in
96 1556 107 1574 4

8 1582 79 1599 *cartes-

718 153 889 183 COMMENT.
910 153 943 183 IN
963 148 1110 182 IOANNEM
1130 151 1159 181 C,
1180 152 1269 182 XVIII.

123 245 137 259 α
152 234 180 263 10
202 234 254 263 hoc
275 232 467 270 cognovimus,
489 225 620 268 quoniam
642 231 744 268 inipso
764 238 921 265 manemus,
936 232 963 259 et

119 281 177 318 ipse
197 281 225 310 in
245 280 340 314 nobis,
361 279 491 316 quoniam
505 278 539 307 de
559 278 665 315 Spiritu
687 286 738 307 suo
751 277 825 307 dedit
844 277 961 306 nobis».

120 328 151 357 Et
171 328 218 366 qui
240 328 316 357 hunc
338 326 470 364 Spiritum
491 325 575 355 habet
594 328 622 354 et
643 324 739 353 Filium
768 332 885 354 securus
905 327 963 358 est,

118 379 150 406 ut
164 375 264 406 habeat
278 375 394 405 Patrem.
410 372 485 403 Unde
500 368 669 410 Augustinus
681 373 689 389 ¹
704 371 782 406 dicit,
796 371 872 409 quod
891 383 904 399 1(
916 371 963 402 Pa-

119 426 161 453 ter
181 423 278 453 Filium
299 429 383 452 suum
402 420 477 451 dedit
490 420 518 450 in
537 419 657 457 pretium
672 419 882 456 redemptionis,
903 419 963 456 Spi-

119 470 205 500 ritum
232 473 357 499 sanctum
388 468 416 497 in
447 468 547 505 pignus
567 467 733 504 adoptionis,
764 474 794 497 se
814 466 907 504 ipsum
933 466 962 496 in

120 515 298 544 hereditatem
319 514 491 551 adoptatis».
536 549 539 551 ι

439 608 640 644 QUAESTioNES.

197 702 244 731 46.
266 701 376 738 Quaest.
399 701 417 729 l.
437 700 488 730 Sed
509 700 655 737 quaeritur
670 701 705 729 de
726 701 778 730 hoc
792 700 866 737 quod
886 700 963 728 dicit:

121 753 163 784 ut,
187 748 238 778 ubi
256 756 308 786 eqo
328 756 409 782 sum,
430 751 457 776 et
477 747 521 776 illi
543 747 601 775 sint
628 755 749 776 mecum.
775 763 813 768 —-
837 746 963 776 Contra:

120 797 210 834 Supra
229 795 335 824 decimo
354 796 456 831 quarto
470 794 494 822 ²:
517 794 551 823 In
572 794 656 823 domo
680 793 781 823 Patris
801 793 858 823 mei
880 801 965 822 man-

120 843 214 872 siones
234 841 343 870 multae
361 844 440 869 sunt.

199 889 373 919 Responneo:
392 899 406 914 α
417 888 445 916 10
460 887 563 924 dispari
573 887 699 916 claritate
713 895 763 924 par
774 886 925 924 gaudium⁸
938 897 964 921 υ;

121 935 228 965 ratione
242 935 374 965 claritatis
386 934 506 972 disparis
526 938 567 963 est
588 934 749 968 multitudo;
772 933 878 964 ratione
892 941 966 962 com-

121 982 213 1012 munis
234 982 339 1019 gaudii,
360 982 408 1011 ubi
430 984 513 1018 caput
534 984 561 1010 et
582 981 715 1010 membra.

1804 152 1865 184 477

1098 230 1144 259 47.
1166 230 1276 265 Quaest.
1300 230 1328 258 11.
1351 230 1433 265 Item,
1462 231 1572 263 habitat
1593 234 1685 263 lucem
1712 233 1866 262 inaccessi-

1021 276 1117 310 bilem,
1140 277 1245 313 primae
1266 276 1298 304 ad
1320 276 1493 307 Timotheum
1516 280 1637 308 1111111104

1101 323 1278 358 1111500Νο00,
1293 324 1368 361 quod
1386 321 1582 355 inaccessibile
1593 326 1621 359 ⁵,
1640 326 1684 355 vel
1705 326 1770 362 quia
1790 326 1866 354 nullo

1018 370 1117 405 modo,
1132 370 1176 401 vel
1189 370 1255 408 quia
1267 371 1430 407 difficulter,
1451 372 1496 400 vel
1516 371 1583 408 quia
1602 379 1657 400 000
1676 372 1797 401 humana
1811 372 1867 401 vir—

1021 420 1097 453 tute,
1119 418 1162 447 vel
1183 418 1249 456 quia
1268 418 1409 448 acceditur
1429 418 1488 447 sola
1508 417 1602 446 divina
1622 417 1715 454 gloria.

1098 465 1145 494 48.
1167 465 1277 502 Quaest.
1299 465 1339 494 Ill.
1355 465 1432 498 Item,
1447 463 1628 493 excellentiae
1648 464 1866 501 corrumpnnt³3

1019 512 1067 542 sed
1086 512 1197 542 claritas
1216 512 1264 541 Dei
1285 514 1327 541 est
1347 510 1586 540 excellentissima.

1099 559 1276 588 Respommo:
1293 556 1519 594 Intelligendum:
1534 556 1581 586 ubi
1596 557 1806 595 apprehendens
1825 560 1867 587 est

1020 605 1187 642 corporale,
1208 605 1416 642 apprehensum
1437 606 1527 641 potest
1548 604 1662 634 laedere.

1098 651 1146 680 49.
1167 652 1278 687 Quaest.
1301 650 1342 679 lV.
1365 650 1431 680 Item
1445 650 1591 687 quaeritur
1610 651 1645 681 de
1662 652 1718 680 ‘hoc
1732 651 1808 688 quod
1827 650 1868 680 di-

1021 698 1075 733 cit,
1095 698 1171 735 quod
1191 698 1338 732 mundus,
1367 697 1394 727 id
1415 701 1457 727 est
1477 698 1625 733 mundani,
1646 707 1705 728 non
1732 706 1868 735 0097101113-

1022 747 1102 774 runt.
1128 760 1166 767 --
1192 744 1317 774 Contra:
1339 743 1378 773 Ad
1399 744 1534 776 Romanos
1562 745 1689 782 primo⁷z
1713 744 1771 780 Qut
1801 753 1868 774 cum

1022 792 1114 822 Deum
1141 791 1356 829 cognovissem,
1381 801 1440 822 non
1462 793 1541 823 sieut
1572 793 1662 821 Deam
1688 790 1869 829 plorisz'caoe·

1022 843 1094 869 runt
1113 841 1165 868 etc.

1102 886 1278 916 Responnzo:
1301 886 1346 916 Est
1366 887 1470 916 notitia
1488 886 1612 923 simplex
1634 888 1661 915 et
1682 884 1868 922 approbatio-

1023 933 1070 962 nis
1081 933 1108 967 ⁸‚·
1124 933 1252 970 simplici
1264 934 1367 963 notitia
1390 937 1542 967 noverunt,
1563 931 1786 970 approbationis
1800 939 1868 966 non;

1022 983 1050 1008 et
1070 979 1131 1009 ideo
1152 981 1339 1017 cognoscendo
1360 981 1428 1010 nihil
1451 982 1625 1010 meruerunt.

859 1102 1021 1131 CAPlTULUM
1041 1103 1128 1132 XVlll.

233 1219 354 1252 Secundo
373 1219 473 1258 agitur
493 1218 527 1249 de
548 1218 592 1248 his
613 1227 683 1258 quae
704 1218 855 1257 passionem

299 1266 532 1303 coneomttantm,
554 1265 785 1305 quadrupliciter.

203 1362 228 1390 1.
249 1361 329 1390 Haec
350 1369 417 1390 cam
438 1360 559 1389 dixisset
578 1363 629 1389 etc.
652 1360 742 1397 Supra
761 1361 817 1397 egit
837 1360 871 1389 de
891 1364 967 1390 ante-

123 1409 284 1439 cedentibus
304 1408 338 1438 ad
359 1408 526 1445 passionem,
547 1407 651 1436 scilicet
672 1416 688 1436 a
708 1407 763 1436 fine
787 1408 924 1437 undecimi
939 1408 966 1443 ⁹3

123 1456 169 1485 hic
189 1455 245 1493 agit
268 1455 302 1484 (10
322 1455 375 1489 1115,
396 1455 424 1483 10
446 1454 548 1492 quibus
566 1454 668 1491 passio
689 1459 921 1483 consummatur.
938 1456 968 1483 Et

123 1503 189 1540 quia
209 1502 236 1531 in
257 1502 384 1539 passione
404 1501 621 1538 comprehensus
642 1504 684 1530 est
704 1505 730 1530 et
752 1502 901 1536 iudicatus,
922 1510 967 1531 oc-

123 1549 197 1579 cisus
217 1552 244 1578 et
270 1549 412 1585 sepultus;
433 1548 494 1577 ideo
518 1548 650 1577 dividitur
671 1549 738 1577 haec
759 1557 824 1585 pars
851 1549 878 1577 in
900 1557 968 1586 qua-

124 1599 187 1625 tuor
208 1600 309 1633 partes.
331 1596 359 1624 In
381 1596 471 1632 prima
490 1596 582 1632 agitur
603 1595 637 1624 de
657 1595 758 1625 Christi
786 1595 967 1633 eomprehen-

124 1643 220 1677 sione,·
234 1644 262 1672 in
277 1643 410 1677 secunda,
425 1642 459 1672 de
474 1643 534 1672 eius
551 1643 802 1677 condemnatione,
825 1643 860 1672 ibi
875 1644 910 1671 ¹⁰:
934 1644 969 1671 Et

125 1690 315 1721 adduxerunt
335 1698 402 1719 eum
432 1690 473 1718 ad
493 1692 630 1725 Annam,·
657 1691 685 1719 in
717 1691 812 1725 tertia,
844 1690 877 1719 de
908 1690 968 1719 eius

122 1737 275 1774 passione,
296 1737 349 1765 ibi:
382 1737 577 1774 Suseeperunt
604 1742 701 1766 (tutent
722 1738 818 1766 Iesum
840 1740 907 1771 etc.;
940 1737 967 1765 in

190 1929 199 1942 ¹
217 1931 258 1953 Vel
276 1931 352 1958 potius
369 1933 448 1953 auctor
464 1930 518 1953 libri·
533 1932 563 1954 (10
580 1932 665 1959 Spiritu
682 1936 704 1954 et
720 1933 796 1954 anima
819 1932 886 1961 (inter
903 1937 974 1959 opera

130 1968 250 1998 August),
268 1975 288 1991 0.
306 1969 343 1992 54.
361 1969 383 1992 10
401 1970 458 1992 fine:
478 1979 489 1989 a
501 1970 581 1992 Filium
598 1970 661 1993 dedit
679 1970 762 2000 [Pater]
781 1971 802 1992 in
825 1971 925 1999 pretium
942 1977 975 1992 re-

129 2008 282 2038 demptionis,
300 2009 410 2036 Spiritum
428 2011 532 2032 sanctum
550 2010 573 2032 in
590 2010 737 2038 privilegium
755 2010 853 2037 amoris,
871 2016 896 2032 se
911 2009 976 2032 deni-

128 2053 175 2077 que
191 2050 269 2070 servat
285 2047 435 2070 hereditatem
453 2048 567 2076 adoptatis
579 2057 601 2071 ».
618 2049 680 2071 Idem
698 2049 798 2072 occurrit
815 2049 836 2070 10
859 2049 903 2071 alio
920 2054 976 2076 opu-

129 2087 205 2114 sculo,
227 2086 291 2115 quod
313 2089 348 2109 est
369 2087 425 2109 iuter
450 2093 521 2116 opera
543 2088 676 2115 Augustini,
694 2088 729 2110 cui
752 2088 830 2110 titulus
850 2087 974 2115 Manuale,

129 2132 150 2148 c.
167 2126 208 2153 26,
226 2125 265 2148 ubi
283 2132 325 2155 pro
342 2125 460 2156 adoptatis
477 2126 621 2149 substituitur
636 2126 778 2157 adoptionis.

191 2163 201 2176 ⁹
218 2165 285 2187 Vers.
302 2165 324 2187 2.

195 2201 204 2215 ⁸
218 2204 247 2226 Ut
262 2203 318 2226 dicit
334 2204 440 2232 Prosper,
457 2203 518 2226 Libr.
538 2205 701 2227 sententiarum
720 2210 747 2226 ex
769 2205 866 2232 August.
884 2211 906 2226 0.
923 2204 976 2226 362.

131 2242 196 2271 (alias
213 2242 289 2271 360.):
304 2243 385 2265 Multae
402 2243 491 2271 quippe
506 2243 637 2266 mansiones
654 2244 676 2265 in
694 2249 739 2266 una
757 2243 802 2265 vita
820 2243 896 2266 varias
912 2243 977 2266 meri-

131 2283 206 2306 torum
230 2282 360 2310 significant
381 2282 513 2311 dignitates.
535 2283 580 2305 Sed
602 2284 629 2306 nt
646 2283 708 2305 Deus
729 2282 809 2305 omnia
826 2282 851 2305 in.
868 2282 977 2306 omnibus

130 2320 173 2342 erit
188 2319 215 2350 [l.
233 2320 283 2343 Cor.
303 2321 344 2348 15,
362 2320 422 2351 28.]‚
439 2321 478 2344 flet
499 2322 567 2344 etiam
585 2322 608 2344 10
630 2322 718 2350 dispari
734 2322 836 2344 claritate
853 2328 894 2349 per
909 2321 978 2351 [allas

127 2365 192 2388 par;
209 2360 250 2382 cfr.
271 2362 326 2382 tom.
350 2360 387 2382 lV.
404 2366 458 2388 pag.
480 2361 539 2388 999,
561 2364 615 2383 nota
634 2361 654 2383 1.
671 2363 694 2383 01
710 2367 764 2388 pag.
783 2360 855 2387 1010,
873 2363 924 2382 nota
943 2360 977 2390 3.]

131 2397 255 2426 gaudium,
274 2400 298 2420 ut
314 2398 377 2427 quod
395 2398 480 2421 habent
496 2399 581 2427 singuli
597 2405 721 2422 commune
738 2399 766 2421 sit
782 2398 899 2421 omnibus.
920 2399 978 2427 Quo-

131 2435 194 2458 niam
215 2441 258 2464 per
283 2437 448 2461 connexionem
470 2437 597 2460 dilectionis
619 2444 631 2460 a
654 2437 728 2465 gloria
750 2437 832 2465 capitis
853 2437 914 2459 nulla
937 2436 979 2459 erit

132 2474 205 2497 aliena
221 2481 277 2504 pars
292 2476 403 2505 corporis.
419 2476 467 2500 Csr.
483 2477 592 2505 August„
610 2477 634 2499 in
651 2478 711 2499 ioan.
728 2477 814 2505 Evang.
832 2480 859 2498 tr.
872 2477 908 2499 67.
922 2482 943 2498 0.
957 2477 978 2498 2.

133 2525 163 2530 -
180 2514 274 2537 Inferius
291 2521 333 2542 pro
350 2516 371 2538 et
386 2515 493 2539 membra
508 2516 545 2539 ed.
556 2522 609 2539 cum
622 2522 668 2538 uno
680 2517 798 2545 alteroque
809 2517 861 2539 cod.
873 2515 904 2539 ibi
916 2516 979 2544 (Gor-

133 2558 215 2576 ranus:
232 2552 265 2576 ibi
279 2555 351 2577 erunt
365 2555 397 2583 et)
415 2554 529 2578 membra.

195 2591 205 2604 ⁴
223 2592 287 2615 Vere.
306 2593 343 2616 16.
359 2606 390 2610 -
407 2594 447 2617 Ed.
465 2600 518 2616 cum
536 2594 640 2618 Gorrano
657 2594 722 2617 addit
738 2600 794 2624 erqo
811 2594 893 2618 nullus
904 2595 978 2624 potest

133 2630 166 2655 ad
181 2637 235 2654 eum
250 2631 360 2655 accedere
377 2632 503 2661 (Gorranus
520 2633 668 2662 prosequitur
684 2639 726 2657 nec
743 2639 791 2657 esse
808 2633 849 2657 ubi
864 2633 912 2663 ipse
927 2634 979 2662 est).

197 2669 207 2682 ⁶
223 2670 297 2694 Codd.
314 2674 366 2700 post
383 2671 553 2700 inaccessibile,
572 2673 660 2695 addunt
676 2672 739 2696 sicut
749 2673 799 2696 sine
813 2673 888 2696 risnw
906 2673 978 2697 Arist.

135 2709 161 2733 in
169 2710 259 2734 Posiet·.
271 2710 387 2734 arismon.
400 2712 463 2740 Quae
475 2711 552 2739 priora
564 2712 635 2734 verba
647 2712 789 2734 coniecimus
800 2712 830 2734 ita
841 2712 979 2739 corrigenda

135 2755 197 2774 esse:
222 2749 281 2773 sicut.
296 2749 347 2772 sine
368 2749 470 2779 111-131710,
494 2750 625 2773 Aristoteles
648 2751 668 2774 in
693 2751 868 2774 Posterioribus.
890 2752 980 2779 loseph.

136 2789 244 2812 Laurent.
259 2789 369 2816 Lueens.‚
386 2789 504 2812 Amalthea
521 2790 674 2813 onomastica:
694 2799 705 2810 <l
722 2790 843 2818 Orismus,
865 2790 979 2818 definitio,

136 2828 229 2851 schema
247 2828 388 2852 rhetoricum
402 2837 425 2850 n.
444 2829 549 2857 Aristot.‚
566 2830 590 2852 ll.
608 2830 692 2852 Poster.
708 2836 730 2852 0.
750 2830 770 2852 3.
789 2836 866 2859 seqq.,
884 2830 931 2857 agit
950 2830 980 2852 de

136 2865 269 2890 definitione
291 2865 399 2896 [graeoet
424 2865 530 2897 ὁρισμὸς]
555 2870 577 2891 et
597 2868 804 2895 demonstratione,
825 2871 847 2890 et
869 2868 980 2895 ostendit,

137 2904 201 2933 quod
211 2910 257 2927 nou
268 2904 377 2929 omnium
388 2906 417 2929 511
428 2907 530 2931 delinitio
538 2925 543 2935 ,
554 2907 618 2936 quod
625 2908 768 2936 quandoque
778 2908 806 2930 sit
814 2907 914 2937 difficilis
923 2910 979 2936 010.;

137 2942 238 2971 ideoque
255 2943 353 2966 adhaec
369 2945 495 2972 respiciens
511 2945 535 2969 S.
551 2945 637 2969 Bonav.
655 2946 724 2968 dicit:
742 2946 809 2974 Sicut
824 2946 875 2969 sine
891 2945 980 2969 orirmo

1022 1224 1134 1257 quarta,
1165 1221 1199 1249 (10
1229 1221 1398 1258 sepulturae
1428 1219 1604 1253 conditione,
1635 1219 1663 1247 10
1693 1218 1749 1247 fine
1770 1218 1868 1247 decimi

1022 1267 1102 1302 noni,
1123 1267 1176 1295 ibi:
1200 1268 1271 1295 Post
1291 1266 1361 1295 haec
1384 1269 1481 1294 autem
1501 1266 1619 1302 royavit
1639 1265 1779 1293 Pilatum.

1218 1367 1306 1397 Primo,
1324 1366 1351 1390 «10
1367 1366 1458 1390 Christi
1475 1365 1677 1396 comprehensione.

1104 1455 1131 1483 In
1149 1455 1239 1491 prima
1250 1454 1335 1491 igitur
1347 1456 1438 1490 parte,
1453 1453 1481 1481 10
1496 1461 1551 1490 qua
1565 1452 1765 1486 manifestatur,
1780 1451 1870 1488 qualis

1025 1502 1077 1530 fuit
1097 1501 1200 1530 Christi
1222 1499 1451 1538 comprehensio,
1472 1500 1524 1528 tria
1545 1499 1745 1528 ostenduntur:
1767 1498 1870 1535 primo,

1024 1548 1097 1586 quod
1128 1548 1180 1577 fuit
1209 1548 1392 1586 proditiosa;
1418 1547 1555 1581 secundo,
1581 1546 1653 1584 quod
1682 1546 1852 1574 voluntaria
1862 1568 1870 1579 ,

1024 1596 1060 1624 ibi
1075 1596 1109 1623 ¹1:
1126 1596 1207 1623 lesus
1222 1598 1317 1623 autem
1330 1594 1423 1623 sciens
1437 1602 1511 1632 qaae
1521 1597 1646 1622 ventura
1660 1597 1745 1621 erant
1751 1603 1761 1626 ;
1777 1592 1870 1626 tertio,

1024 1642 1097 1679 quod
1119 1642 1332 1679 iynomz'niosa,
1348 1641 1401 1670 ibi:
1418 1640 1526 1670 Cohors
1547 1649 1616 1678 eryo
1630 1644 1653 1669 et
1668 1640 1805 1668 tribunus
1819 1643 1870 1668 etc.

1104 1689 1131 1717 ln
1147 1688 1237 1725 prima
1250 1688 1335 1724 igitur
1350 1690 1428 1724 parte
1443 1687 1566 1724 procedit
1580 1687 1627 1715 sic.
1643 1686 1768 1715 Ostendit
1782 1686 1872 1723 primo

1024 1737 1179 1765 adventurn
1204 1734 1312 1764 Christi
1332 1734 1365 1763 ad
1387 1735 1477 1763 locum
1499 1734 1639 1771 cognitum
1661 1734 1808 1771 proditori3
1830 1741 1871 1761 se-

1033 1930 1079 1960 [vel
1094 1930 1208 1960 horismo]
1226 1930 1241 1952 i.
1257 1936 1277 1952 e.
1294 1936 1355 1959 quae
1372 1932 1425 1952 sunt
1441 1929 1530 1958 absque
1547 1930 1688 1952 delinitione.
1705 1930 1817 1952 Incertum
1835 1935 1874 1951 no-

1034 1969 1069 1992 bis
1081 1972 1127 1996 est,
1145 1970 1201 1998 quid
1215 1968 1401 1992 substituendum
1414 1969 1443 1991 sit
1454 1975 1496 1997 pro
1508 1971 1616 1997 corrupto
1628 1968 1741 1991 vocabulo
1753 1968 1873 1991 arismon:

1033 2014 1088 2030 num
1102 2009 1159 2030 forte
1171 2011 1265 2030 aoraton
1279 2003 1397 2037 (ἀόρατον,
1415 2008 1553 2037 invisibile),
1566 2008 1681 2036 adynaton
1695 2002 1884 2037 (ἆδ1’1νατον,1(11υ

1033 2048 1162 2077 possibile),
1180 2055 1209 2070 an
1226 2048 1333 2071 aoriston
1350 2042 1494 2077 (ἇόριστον)ἱ>
1511 2048 1526 2070 1.
1543 2054 1562 2070 0,
1580 2047 1722 2070 indefinitum
1736 2047 1782 2075 (1110
1793 2047 1875 2069 10011115

1032 2086 1187 2117 indefinibile,
1204 2087 1251 2109 scil.
1268 2087 1304 2109 vel
1322 2086 1433 2113 absolute,
1445 2087 1481 2108 vel
1494 2086 1613 2109 difficulter
1630 2085 1745 2108 definibile
1761 2085 1813 2113 010).
1830 2084 1875 2107 Csr.

1034 2133 1105 2154 supra
1122 2132 1177 2155 pag.
1194 2126 1248 2153 424,
1264 2129 1318 2148 nola
1338 2126 1371 2154 3,ἴ
1387 2125 1427 2148 ubi
1448 2125 1528 2148 similis
1548 2124 1662 2147 distinctio
1683 2122 1875 2153 impossibilitatis

1034 2172 1060 2188 ex
1076 2166 1169 2188 Aristot.
1187 2166 1256 2188 relata
1274 2168 1319 2193 est;
1336 2165 1360 2188 ll.
1378 2165 1408 2187 de
1425 2165 1519 2191 Anima,
1532 2166 1583 2187 text.
1597 2164 1648 2186 103,
1661 2164 1690 2192 (c.
1704 2164 1749 2192 10.)
1761 2167 1784 2186 01
1795 2163 1823 2186 V.
1834 2164 1876 2185 lile-

1034 2206 1097 2233 [aph.
1115 2208 1168 2227 10111.
1186 2205 1222 2228 27.
1241 2205 1286 2231 (iv.
1304 2210 1325 2227 c.
1341 2204 1401 2233 22.),
1420 2204 1449 2226 de
1465 2203 1583 2226 invisibili.
1595 2216 1626 2221 —
1638 2203 1678 2226 Ed.
1694 2206 1745 2231 post
1756 2202 1876 2226 11111000εεὶ-

1033 2242 1078 2267 bile
1095 2243 1159 2266 addit
1175 2242 1274 2271 dieitur,
1292 2243 1377 2265 deinde
1393 2242 1514 2266 acceditur
1531 2245 1583 2270 post
1594 2241 1677 2270 nwdo,
1689 2244 1711 2264 et
1723 2241 1787 2269 ponit
1797 2240 1877 2270 qratia

1034 2288 1076 2310 pro
1093 2282 1179 2312 ylom'a.

1097 2320 1106 2333 ⁸
1124 2322 1256 2344 Secundum
1275 2321 1378 2349 Aristot.,
1396 2321 1434 2349 qui
1452 2320 1550 2343 diversis
1567 2320 1589 2342 10
1606 2320 1661 2343 10015
1676 2320 1743 2346 dicit,
1760 2319 1823 2348 quod
1840 2325 1878 2342 ex-

1034 2362 1118 2383 cellens
1134 2360 1240 2383 sensibile
1257 2360 1383 2388 corrumpit
1399 2366 1487 2382 sensus.
1505 2359 1551 2382 Csr.
1567 2361 1622 2381 toni.
1639 2360 1653 2381 l.
1671 2365 1725 2386 pag.
1737 2359 1778 2385 38,
1791 2361 1843 2380 nota
1856 2358 1877 2380 5.

1034 2403 1057 2422 et
1073 2406 1126 2428 pag.
1144 2400 1186 2428 39,
1204 2400 1228 2428 5,
1246 2399 1286 2422 ubi
1302 2399 1345 2421 loci
1362 2399 1454 2422 Aristot.
1470 2400 1513 2421 hac
1529 2398 1559 2421 de
1575 2404 1600 2420 re
1621 2401 1674 2420 sunt
1695 2398 1798 2425 allegati;
1820 2397 1877 2419 ibid.

1035 2439 1103 2462 etiam
1127 2445 1175 2467 seq.
1197 2438 1317 2466 responsio
1339 2438 1476 2460 insinuatur.
1491 2450 1523 2454 —
1539 2437 1634 2460 inferius
1656 2439 1708 2465 post
1724 2436 1765 2459 sed
1780 2436 1877 2459 claritas

1034 2478 1103 2501 codd.
1120 2478 1226 2500 omittunt
1243 2477 1286 2500 Dei
1301 2478 1342 2500 est.

1097 2515 1105 2529 ⁷
1124 2517 1189 2540 Vers.
1206 2517 1244 2538 2l.
1260 2528 1290 2533 —
1308 2516 1419 2543 Superius
1435 2518 1487 2543 post
1504 2521 1551 2539 mm
1568 2515 1729 2544 coqnooerunt
1740 2514 1776 2537 ed.
1789 2517 1811 2536 et
1822 2515 1879 2537 Gor-

1034 2563 1105 2579 ranus
1121 2557 1209 2579 addunt
1225 2556 1307 2579 Deum.

1098 2594 1107 2607 ⁸
1124 2595 1301 2623 Explicationein
1314 2594 1382 2616 huius
1394 2594 1513 2616 divisionis
1525 2593 1606 2616 videl.
1618 2593 1677 2616 Sent.
1695 2593 1717 2616 d.
1732 2593 1769 2615 36.
1785 2592 1842 2615 dul).
1857 2593 1878 2615 3.

1035 2638 1057 2657 et
1074 2636 1095 2658 d.
1115 2636 1152 2657 38.
1169 2634 1226 2657 dub.
1243 2635 1264 2657 3.

1098 2672 1108 2686 ⁹
1126 2674 1189 2696 Vers.
1208 2673 1244 2696 47.
1260 2679 1284 2696 n.
1302 2672 1339 2695 64.

1099 2712 1118 2725 ¹⁰
1136 2713 1158 2735 ln
1182 2713 1225 2734 hoc
1247 2718 1298 2739 cap.
1314 2718 1338 2733 -v.
1356 2711 1397 2739 ⁴33
1419 2711 1484 2733 tertia
1506 2716 1561 2738 pars
1578 2710 1657 2738 incipit
1674 2710 1716 2738 19,
1735 2710 1776 2738 16;
1799 2712 1879 2738 quarta

1037 2752 1092 2774 ibid.
1109 2758 1131 2774 v.
1150 2752 1187 2773 38.

1100 2789 1118 2803 ¹¹
1137 2791 1203 2812 Vers.
1220 2790 1245 2812 4:
1262 2790 1327 2813 lesus
1344 2788 1423 2818 itaque
1433 2788 1508 2812 sciens
1519 2788 1612 2816 omnia,
1630 2794 1690 2817 quoe
1702 2791 1754 2815 etc.;
1767 2794 1815 2816 seq.
1827 2794 1880 2815 pars

1037 2829 1134 2852 habetur
1152 2836 1174 2851 v.
1192 2829 1229 2851 12.
1245 2840 1276 2846 —-
1293 2828 1405 2855 Superius
1424 2827 1461 2850 ed.
1481 2833 1536 2850 cum
1560 2827 1662 2850 Gorrano
1681 2826 1815 2856 proditoria
1838 2832 1880 2854 pro

1034 2867 1182 2897 proditiosa,·
1200 2869 1240 2890 cfr.
1259 2868 1292 2889 Du
1309 2866 1399 2895 Gange,
1417 2866 1557 2889 Glossarium
1575 2869 1630 2893 ete,
1647 2865 1687 2888 ubi
1710 2866 1799 2893 dicitur,
1815 2865 1881 2894 quod

1034 2906 1201 2936 proditiatiter,
1216 2905 1415 2935 proditionaliter,
1429 2905 1559 2935 proditiose
1572 2906 1715 2933 significent:
1728 2905 1827 2933 perfide,
1839 2911 1881 2932 per

1037 2947 1202 2974 proditionem,
1220 2948 1242 2968 et
1259 2945 1322 2974 quod
1337 2944 1505 2974 proditionalis
1522 2945 1582 2968 idem
1599 2945 1629 2967 sit
1645 2951 1671 2968 ac
1687 2945 1798 2973 perfidus.

1883 332 1941 357 Resp-

1883 565 1940 590 Reflp.

1884 891 1942 917 Resp.

1887 1507 1931 1526 Tria
1943 1509 2005 1527 osten-

1904 1531 1941 1550 dun
1944 1533 1962 1550 tu
1965 1537 1973 1550 r
1976 1545 1980 1550 .

1887 1671 1916 1690 De
1928 1676 2012 1698 compre-

1903 1695 1993 1713 hensione

1896 1718 1999 1742 proditiosa

1925 1742 1969 1760 duo.
