2296 3316
248 629 277 648 De
290 631 362 653 quarto.

236 1656 264 1675 De
277 1657 331 1680 parte
344 1655 361 1674 1.

237 2169 265 2188 De
280 2171 333 2193 parte
346 2169 364 2187 2.

381 173 417 200 70

382 254 441 287 pter
462 250 563 281 malos:
593 249 705 282 vanius,
728 248 837 285 quando
864 248 943 276 bonis
973 250 1001 276 et
1027 247 1107 275 malis
1128 247 1224 280 mala,

381 297 445 334 quia
460 297 592 325 iniustum
608 298 720 332 propter
736 294 833 327 bonos;
849 294 896 323 sed
911 293 1099 326 vanissimum,
1115 293 1225 330 quando

381 343 462 372 bonis
482 343 554 371 mala
574 345 602 371 et
622 342 709 370 malis
730 341 816 375 bona,
832 341 897 378 quia
918 340 1051 369 iniustum
1073 340 1176 377 pariter
1198 342 1225 368 et

381 390 531 426 indignum.
554 389 629 417 Unde
651 389 687 417 ita
702 388 876 424 indignanter
892 387 960 420 tert,
982 389 1013 415 ut
1028 387 1106 423 quasi
1123 394 1158 415 ex
1172 386 1224 414 hoc

380 437 445 466 velit
467 437 554 465 Deum
575 442 708 472 arguere;
731 434 855 462 llabacuc
877 433 967 470 primo
981 434 1003 461 ¹:
1030 433 1149 469 «Quare
1170 440 1224 461 non

381 483 494 520 respicis
522 490 605 519 super
636 481 731 518 iniqua
758 483 870 517 agentes
897 483 924 508 et
956 483 1044 513 taces,
1075 479 1225 508 devorante

381 530 463 566 impio
484 529 627 557 iustiorem
648 535 677 556 se
691 539 704 552 »
719 530 729 555 ἵ

460 576 547 612 (Vers.
567 575 631 610 15).
648 574 784 602 Laudavi
795 573 888 611 iqitur
903 573 1051 602 laetitiam.
1064 573 1110 601 llic
1125 574 1225 609 quarto

382 632 418 652 ex
440 623 491 651 hoc
513 621 732 650 commendatur
753 620 887 657 voluptas
901 620 928 648 in
943 619 1151 648 detestationem
1167 621 1225 646 tan-

382 674 424 698 tae
446 668 587 699 vanitatis.
609 676 645 696 ex
667 675 723 704 quo
744 667 823 695 malis
843 666 927 700 bona,
942 669 969 695 et
983 666 1062 695 bonis
1076 665 1147 694 mala
1165 673 1226 702 pro-

383 716 511 749 veniunt3
533 718 560 743 et
581 718 622 743 est
643 715 703 743 laus
724 717 751 743 et
772 714 889 742 verbum
911 711 1034 741 hominis
1060 712 1224 749 perturbati.

383 762 444 791 Ideo
464 762 542 790 dicit:
566 761 702 790 Laudant
722 761 814 798 mitur
835 760 988 793 laetitiam,
1004 759 1107 787 scilicet
1122 758 1225 791 carnis,

382 809 460 846 quasi
483 809 550 837 haec
571 808 628 837 sola
650 808 684 836 sit
705 808 791 841 bona,
814 807 874 835 ideo
888 806 968 835 dicit:
985 805 1068 841 Quod
1083 813 1142 832 non
1156 808 1227 832 esset

382 855 494 884 homini
514 855 620 884 bonum
640 854 693 883 sub
715 854 788 888 sole,
809 854 869 882 nisi
882 853 958 891 quod
976 852 1132 880 comederet
1145 855 1170 879 et
1185 851 1225 879 bi-

383 903 472 936 beret,
505 902 657 930 secundum
688 901 756 930 illud
788 900 870 929 Isaiae
900 898 1032 935 vigesimo
1062 897 1225 926 secundoss:

388 950 498 983 «Ecce,
525 949 657 986 gaudium
678 951 705 976 et
725 947 827 976 laetitia
847 946 973 982 iugulare
994 945 1108 978 arietes,
1137 952 1226 973 come-

382 996 447 1025 dere
469 1003 565 1024 carnes
586 997 613 1023 et
640 994 733 1022 hibere
759 994 854 1021 vinum
870 1004 896 1026 »,
925 992 1003 1029 quasi
1031 1000 1085 1019 non
1113 991 1149 1020 sit
1175 991 1227 1019 alia

383 1044 437 1072 vita
459 1051 508 1071 nec
528 1042 603 1071 aliud
624 1041 788 1078 praemium.
811 1040 872 1068 Ideo
893 1039 1050 1076 subiungit:
1069 1039 1103 1067 Et
1116 1037 1168 1067 ltoc
1182 1047 1227 1067 so-

383 1090 443 1118 lum
465 1088 566 1126 aufert
585 1096 683 1116 secum
702 1087 735 1115 de
750 1086 847 1115 labore
860 1095 925 1120 suo,
940 1086 1019 1123 quasi
1034 1094 1088 1114 non
1104 1085 1138 1114 sit
1152 1085 1227 1114 aliud

382 1135 615 1173 exspectandum,
637 1134 684 1163 sed
703 1133 858 1162 laetandum
881 1133 911 1161 in
934 1132 1034 1161 diebus
1052 1132 1127 1160 vitae
1140 1140 1226 1166 suae,

382 1191 452 1221 quos
474 1182 550 1210 (ledit
570 1181 597 1210 ei
618 1181 695 1209 Deus
722 1180 776 1208 sub
804 1179 882 1213 sote;
910 1179 1063 1216 Sapientiae
1088 1179 1226 1208 secundo:

386 1230 520 1266 «Ubique
547 1228 738 1265 relinquamus
765 1227 843 1264 signa
870 1226 987 1255 laetitiae
1012 1228 1137 1260 nostrae,
1159 1234 1227 1263 quo-

382 1277 454 1305 niam
476 1276 544 1304 haec.
566 1278 607 1304 est
627 1282 692 1311 pars
713 1277 808 1302 nostra
822 1286 848 1301 ».

701 1368 901 1405 Quaesrioues.

460 1464 549 1493 Potest
571 1463 615 1492 hic
636 1463 748 1500 quaeri,
770 1462 833 1499 quis
854 1465 942 1490 status
963 1461 998 1489 sit
1017 1460 1114 1489 melior
1132 1462 1159 1488 et
1173 1459 1227 1488 uti-

380 1511 450 1545 lior;
473 1513 568 1539 utrum
590 1510 693 1539 scilicet
713 1512 802 1538 status
822 1507 1028 1545 prosperitatis,
1050 1514 1085 1534 an
1105 1506 1227 1535 adversi-

382 1558 453 1587 tatis.
476 1557 554 1594 Quod
575 1556 780 1589 adversitati&
802 1555 930 1583 videtur:

464 1606 486 1633 1.
509 1604 579 1641 Quia
598 1603 700 1631 dicitur
721 1601 895 1639 Apocalypsis
917 1600 1038 1629 tertio³:
1069 1601 1128 1638 qu
1155 1609 1227 1638 quos

382 1660 449 1680 amo
470 1659 566 1688 arque
587 1653 611 1678 et
632 1649 762 1686 costiqo:
791 1656 857 1685 ergo
885 1647 1027 1676 tribulatio
1055 1649 1096 1675 est
1117 1647 1227 1684 signum

381 1699 466 1727 divini
487 1697 596 1726 amoris.

459 1747 486 1773 2.
510 1745 575 1773 Item
596 1743 697 1772 dicitur
718 1742 751 1771 ad
778 1742 912 1770 Hebraeos
932 1740 1136 1769 duodecimo⁴:
1158 1740 1227 1768 Fla—

379 1792 466 1829 qellat
487 1795 584 1819 autem
606 1798 718 1819 onmem
731 1788 826 1825 filium
836 1811 844 1822 ,
859 1797 943 1826 quem
958 1787 1076 1824 recipit:
1092 1795 1158 1823 ergo
1172 1786 1227 1824 sla-

379 1838 485 1876 qellari
504 1840 546 1866 est
566 1837 676 1874 signum
696 1836 804 1865 divinae
825 1835 972 1864 filiationis.

460 1884 485 1913 3.
499 1884 581 1918 Item,
597 1883 696 1912 Tobiae
710 1882 872 1911 duodecimo
884 1882 908 1909 ⁵:
923 1881 1000 1917 Quia
1011 1884 1145 1918 acceptus
1159 1888 1227 1909 eras

382 1933 455 1966 Deo,
477 1940 587 1960 neccsse
607 1929 683 1967 fuit,
698 1934 731 1958 ut
745 1929 861 1958 tentatio
880 1928 1021 1966 probaret
1035 1931 1078 1956 te:
1093 1935 1159 1964 ergo
1174 1930 1225 1956 etc.

460 1979 487 2006 [ι.
509 1978 591 2011 Item,
614 1977 704 2006 Iudith
725 1976 858 2005 octavo⁶:
878 1975 998 2009 Omnes,
1014 1978 1151 2013 quotquot
1161 1974 1226 2011 pla-

381 2034 466 2054 cuere
496 2025 568 2058 Deo,
594 2033 649 2061 pei·
675 2024 787 2052 multas
815 2022 1016 2051 tribulationes
1044 2021 1227 2050 transierunt

380 2072 495 2109 fideles:
517 2080 583 2109 ergo
604 2074 692 2100 status
714 2070 758 2099 ille
778 2070 884 2098 melior.

459 2120 589 2148 CONTRA:
615 2119 638 2146 1.
661 2117 779 2146 Ecclesia
793 2117 860 2153 petit
875 2124 969 2153 paceni
982 2115 992 2132 ⁷
1006 2126 1011 2143 :
1040 2127 1053 2140 a
1067 2115 1107 2143 Da
1117 2122 1226 2152 pacem,

382 2167 509 2200 Domine,
531 2166 557 2194 in
579 2165 676 2194 diebus
703 2164 806 2193 nostris
821 2174 847 2191 »:
876 2171 942 2200 ergo
969 2163 991 2191 si
1014 2162 1133 2191 Ecclesia
1160 2162 1228 2199 petit

382 2214 456 2251 quod
476 2213 576 2242 melius
596 2214 653 2246 est,
675 2214 763 2240 status
783 2207 974 2248 prosperitatis
995 2212 1037 2238 est
1057 2209 1162 2238 melior.

461 2262 487 2289 2.
509 2260 591 2293 Item,
612 2258 768 2295 Apostolus,
790 2257 896 2294 primae
923 2256 957 2285 ad
982 2256 1157 2285 Timotheum
1185 2263 1227 2284 se-

383 2306 512 2340 cundo⁸‚
534 2306 597 2334 facit
618 2305 692 2334 orari
713 2312 764 2341 pro
785 2304 828 2332 his
849 2303 901 2342 qui
920 2306 989 2331 sunt
1007 2303 1038 2331 in
1052 2301 1228 2330 sublimitate

383 2353 547 2387 constituti,
575 2355 608 2381 ut
634 2352 762 2391 quietam
783 2354 807 2379 et
829 2349 1023 2389 tranquillam
1042 2349 1135 2378 vitam
1155 2357 1228 2386 aqa-

382 2408 468 2428 mus:
490 2407 556 2436 ergo
572 2402 664 2427 status
683 2397 889 2435 tranquillitatis
910 2400 952 2425 est
971 2396 1077 2425 melior.

949 169 1117 198 COMMENT.
1141 170 1172 198 IN
1194 168 1429 199 ECCLESIASTEN
1451 168 1478 197 C.
1501 169 1565 197 vlu.

1360 246 1386 274 3.
1410 246 1491 280 Item,
1513 246 1535 274 si
1557 254 1611 274 non
1633 248 1704 274 esset
1724 248 1883 282 peccatum,
1905 245 1981 274 nulla
1995 248 2066 275 esset
2079 246 2126 275 ad-

1281 292 1412 326 versitas,
1435 292 1481 321 sed
1502 292 1659 320 omnimoda
1680 292 1864 329 tranquillitas
1891 294 1919 320 et
1942 292 2125 329 prosperitas:

1281 346 1348 376 ergo
1368 341 1457 367 status
1477 338 1668 375 prosperitatis
1688 338 1775 375 magis
1796 341 1926 367 consonat
1947 338 2029 367 statui
2049 338 2126 367 inno-

1281 385 1386 413 centiae
1413 388 1440 413 et
1467 385 1588 422 gloriae;
1618 384 1665 413 sed
1691 384 1792 421 «quod
1821 384 1937 413 similius
1958 387 1999 413 est
2019 384 2125 413 meliori

1281 434 1322 460 est
1344 431 1442 460 melius
1454 431 1464 448 ⁹
1479 442 1506 459 »ε
1528 439 1594 468 ergo
1614 434 1665 460 etc.

1361 478 1519 515 Respondeo
1532 489 1538 506 :
1553 478 1716 512 dicendum,
1737 478 1810 516 quod
1833 481 1921 507 status
1936 479 2126 515 prosperitatis
2143 482 2200 506 nesi>-
2216 487 2255 502 curn
2269 479 2273 501 ἰ

1281 528 1309 554 et
1329 524 1503 553 adversitatis
1527 527 1642 561 possunt
1668 525 1821 562 comparari
1844 525 1877 554 ad
1899 525 1999 560 bonosi,
2025 525 2068 554 vel
2092 526 2126 554 ad

2136 503 2273 535 distinctione-f

1282 571 1383 599 malos.
1413 570 1438 599 Si
1463 570 1497 599 ad
1518 570 1627 605 malos,
1649 570 1697 608 qui
1719 571 1863 600 elevantur
1884 571 1911 600 in
1933 572 2073 608 prosperis
2100 575 2127 600 et
2143 575 2210 618 Quoffg
2221 563 2271 609 rna-J

1282 617 1450 646 deiiciuntur
1471 617 1499 646 in
1520 617 1659 652 adversis,
1680 621 1779 646 neuter
1800 620 1841 647 est
1861 618 1952 653 utilis,
1967 619 2020 647 nisi
2035 618 2127 647 divina

1282 663 1370 700 gratia
1391 663 1508 692 interius
1528 662 1655 696 adiuvet,
1670 665 1716 698 ut,
1732 664 1842 701 quando
1857 664 1975 701 flagellat
1989 664 2126 698 exterius,

1282 708 1420 739 illuminet
1434 710 1563 745 interius;
1576 710 1614 739 sic
1627 710 1658 745 ¹⁰,
1674 710 1852 747 inspiratione
1866 711 2065 740 concomitante
2079 711 2127 740 ssa-

1282 757 1400 794 gellum‚
1422 756 1497 794 quod
1518 764 1599 793 saepe
1619 757 1767 794 contingit,
1789 760 1877 786 status
1897 757 2069 787 adversitatis
2087 761 2128 787 est

1282 804 1361 832 malis
1382 803 1484 833 utilior.
1501 820 1538 824 —
1553 804 1578 832 Si
1601 806 1693 832 autem
1715 804 1856 841 loquimur
1877 812 1926 841 per
1947 804 2127 841 comparatio-

1283 858 1346 879 nem
1373 850 1406 879 ad
1434 850 1538 883 bonos,-
1565 851 1604 879 sic
1631 850 1794 885 dicendum,
1822 851 1896 887 quod
1924 851 1987 880 boni
2015 851 2126 888 quidam

1283 899 1348 926 sunt
1366 896 1503 935 perfecti,
1524 897 1558 926 de
1579 898 1682 934 quibus
1702 898 1804 926 dicitur
1825 898 1892 926 illud
1914 898 2125 927 Proverbioruni

1283 944 1446 973 duodecimo
1458 945 1496 972 ¹¹:
1513 944 1577 973 Non
1591 944 1774 973 contristabit
1794 944 1919 978 iustum,
1941 945 2084 983 quidquid
2102 945 2129 973 ei

1284 990 1443 1024 acciderit;
1463 991 1502 1019 sic
1523 991 1651 1027 perfectis
1677 991 1775 1019 melior
1803 994 1829 1019 et
1857 990 1952 1019 utilior
1979 994 2021 1019 est
2041 993 2128 1020 status

1283 1037 1472 1071 adversitatis,
1495 1037 1561 1074 quia
1581 1037 1661 1066 in‘eo
1689 1037 1900 1071 examinantur,
1929 1037 2000 1066 sicut
2026 1045 2128 1066 aurum

1284 1083 1418 1120 probatur
1441 1084 1468 1112 in
1489 1084 1559 1121 igne.
1582 1085 1674 1113 Status
1694 1087 1786 1113 autem
1808 1084 1998 1121 prosperitatis
2018 1092 2073 1113 non
2087 1087 2129 1113 est

1284 1131 1323 1159 eis
1343 1130 1435 1165 utilis,
1463 1134 1511 1159 aut
1539 1131 1605 1168 quia
1632 1139 1686 1160 non
1714 1131 1878 1168 proficiunt,
1899 1134 1948 1160 aut
1969 1131 2034 1168 quia
2055 1134 2129 1168 tepe-

1284 1180 1381 1211 scunt,
1402 1180 1450 1206 aut
1471 1178 1536 1214 quia
1556 1178 1640 1206 animi
1661 1186 1757 1207 eorum
1779 1178 1923 1212 decidunt,
1945 1179 2017 1207 sicut
2043 1178 2129 1207 David

2144 807 2209 831 Quoad
2227 807 2258 827 bo-

2154 831 2260 873 ἓιιξῦῬοι-ῑε-

1284 1224 1312 1252 in
1333 1224 1412 1252 bellis
1433 1224 1511 1253 fortis
1533 1224 1559 1252 in
1580 1227 1692 1261 aspectu
1707 1224 1833 1253 mulieris
1847 1224 1951 1253 cecidit.
1968 1241 2004 1246 —
2020 1225 2089 1253 Sunt
2103 1227 2207 1255 etQ¹¹⁰³¹¹
2215 1221 2274 1246 boum*

1285 1271 1346 1305 alii,
1368 1271 1415 1307 qui
1437 1274 1502 1299 sunt
1524 1270 1702 1308 imperfecti,
1724 1271 1771 1308 qui
1793 1271 1912 1308 diligunt
1932 1271 2019 1300 Deum
2041 1275 2068 1300 et
2088 1272 2129 1300 in*

1283 1317 1426 1345 ducuntur
1447 1325 1497 1353 per
1518 1317 1680 1354 temporalia
1700 1317 1851 1351 beneficia;
1873 1320 1900 1346 et
1921 1325 1985 1346 cum
2005 1326 2060 1346 non
2081 1318 2128 1346 ha—

1284 1364 1366 1392 beant
1391 1364 1532 1392 caritatem
1554 1363 1718 1400 perfectam,
1740 1364 1773 1393 de
1794 1364 1866 1393 sacili
1887 1364 2006 1399 cadunt3
2028 1365 2129 1394 talibus

1284 1410 1453 1447 prosperitas
1472 1413 1514 1439 est
1535 1410 1637 1438 utilior.
1660 1410 1691 1439 Et
1711 1410 1777 1447 quia
1799 1411 1917 1440 Ecclesia
1930 1411 2033 1440 multos
2047 1411 2130 1441 hahet

1284 1457 1398 1486 tenellos
1418 1459 1446 1485 et
1465 1456 1590 1485 infirmos
1611 1457 1706 1493 plures
1727 1465 1811 1494 quam
1833 1457 1931 1492 sortes,
1947 1457 2007 1487 ideo
2021 1458 2129 1495 cogitur

1283 1511 1365 1532 orare
1392 1511 1443 1540 pro
1464 1511 1538 1540 pace.
1561 1503 1639 1540 Quod
1660 1512 1726 1541 ergo
1748 1504 1830 1533 bonis
1850 1505 1922 1533 mala
1942 1505 2074 1534 eveniunt
2100 1505 2128 1534 in

1284 1550 1436 1588 praesenti,
1458 1550 1561 1579 donum
1583 1550 1630 1580 Dei
1652 1553 1709 1585 est,
1730 1551 1811 1580 iuxta
1831 1551 1898 1580 illud
1919 1551 1954 1580 ad
1975 1551 2130 1589 Philippen—

1284 1606 1327 1627 ses
1348 1597 1438 1635 primo
1450 1598 1491 1626 ¹2:
1515 1598 1623 1626 Datum
1651 1601 1691 1626 est
1711 1598 1792 1627 vobis
1812 1607 1871 1626 non
1898 1598 2008 1633 solum,
2037 1602 2071 1627 ut
2098 1598 2129 1627 in

1284 1653 1348 1673 eum
1370 1644 1512 1678 credatiS,
1534 1644 1584 1673 sed
1604 1645 1691 1673 etiam
1709 1653 1766 1682 pro
1787 1645 1835 1674 illo
1853 1645 2022 1682 patiamini.

1389 1768 1480 1799 Tertio,
1497 1768 1525 1792 de
1542 1768 1717 1793 indistinctione
1734 1770 1839 1793 bonorum
1855 1770 1879 1793 et
1895 1769 2017 1801 malorum,

1541 1807 1567 1831 de
1584 1815 1628 1839 que.
1644 1808 1724 1838 agitur
1741 1808 1872 1839 dupliciter.

1362 1927 1398 1955 Et
1408 1926 1534 1963 apposui
1543 1934 1594 1954 cor
1605 1935 1700 1954 meum
1712 1929 1762 1956 etc.
1772 1926 1919 1956 Ostensum
1930 1929 1980 1962 est,
1992 1926 2129 1964 quomodo

1282 1973 1388 2002 vanitas
1402 1973 1557 2001 securitatis
1571 1973 1662 2002 oritur
1677 1981 1713 2002 ex
1724 1973 1926 2002 sublimatione
1940 1973 2088 2002 malorum
2102 1975 2129 2002 et

1283 2020 1366 2049 etiam
1385 2027 1422 2048 ex
1436 2020 1618 2057 depressione
1632 2020 1782 2049 bonorum.
1798 2021 1844 2049 llic
1859 2020 1940 2049 tertio
1957 2020 2128 2054 ostenditur,

1283 2066 1421 2104 quomodo
1441 2067 1532 2095 oritur
1553 2074 1589 2095 ex
1610 2067 1823 2095 indistinctione
1841 2066 1947 2095 liorum
1962 2070 1986 2095 et
2001 2067 2127 2095 illorum.

1283 2113 1353 2149 Quia
1373 2113 1446 2141 enim
1468 2113 1532 2141 mali
1553 2121 1606 2141 non
1629 2116 1745 2150 possunt
1764 2113 1895 2151 distingui
1916 2122 1933 2142 a
1952 2113 2047 2148 bonis,
2068 2113 2128 2142 ideo

1284 2163 1349 2188 sunt
1369 2160 1479 2194 securi;
1501 2162 1528 2188 et
1549 2160 1679 2196 quoniam
1701 2160 1768 2189 haec
1789 2160 1923 2189 securitas
1937 2163 2030 2189 ortum
2045 2160 2129 2189 habet

1283 2214 1320 2235 ex
1342 2206 1500 2242 huiusmodi
1521 2207 1739 2241 indistinctione,
1761 2210 1789 2236 et
1809 2207 1868 2244 ipsa
1888 2207 1970 2236 etiam
1991 2209 2032 2236 est
2052 2207 2128 2244 prin-

1283 2253 1386 2290 cipium
1407 2254 1573 2290 voluptatis;
1596 2254 1656 2282 ideo
1677 2254 1759 2283 habet
1780 2262 1845 2291 pars
1865 2254 1917 2283 ista
1936 2254 2006 2283 duas
2026 2256 2127 2291 partes.

1284 2301 1375 2329 Primo
1395 2301 1566 2335 ostenditur,
1587 2301 1724 2338 quomodo
1751 2309 1785 2330 ex
1815 2301 2017 2330 indistinctione
2038 2301 2128 2330 oritur

1284 2347 1448 2381 securitas;
1463 2347 1599 2382 secundo,
1614 2347 1752 2384 quomodo
1766 2355 1802 2376 ex
1817 2347 1965 2377 securitate
1979 2347 2127 2385 voluptas,

1285 2395 1321 2423 ibi
1335 2395 1373 2423 ¹³:
1396 2394 1484 2423 Nemo
1505 2398 1560 2429 est,
1583 2395 1634 2433 qui
1653 2403 1765 2432 semper
1785 2394 1866 2423 vivat
1886 2398 1937 2423 etc.

448 2565 454 2579 ¹
473 2565 537 2587 Vers.
557 2565 598 2587 113:
617 2565 692 2592 Quare
709 2563 805 2591 respicis
827 2566 870 2586 etc.
889 2563 965 2591 (Card.
983 2564 1050 2591 Hugo
1067 2569 1081 2584 a
1097 2563 1119 2585 S.
1137 2562 1225 2585 Charo:

383 2604 458 2632 Quare
475 2609 523 2626 non
540 2603 636 2631 respicis
652 2603 716 2631 ete).

444 2641 453 2655 ²
471 2644 536 2665 vers.
555 2643 589 2665 13.
605 2642 682 2665 Verbo
700 2641 811 2671 iuqulare
829 2642 925 2669 Vulgata
944 2641 1069 2669 praemittit
1080 2640 1184 2664 occidere
1198 2640 1226 2663 ci-

383 2682 444 2705 tutos
461 2684 490 2705 et.
507 2695 537 2697 —
555 2681 663 2710 Sequitur
680 2681 733 2708 Sap.
752 2682 778 2707 2,
796 2681 818 2702 9.

446 2720 455 2733 ⁸
473 2722 538 2744 Vers.
556 2721 592 2743 49.
603 2732 635 2737 —
647 2720 758 2748 Superius
774 2726 817 2748 pro
830 2720 908 2742 Potest
918 2718 955 2742 liic
967 2719 1052 2749 quaeri
1069 2720 1084 2741 E
1100 2719 1227 2742 Praeterea

384 2759 524 2789 [propterea
532 2760 558 2788 7]
575 2759 612 2782 hic
629 2759 760 2789 quaeritur.

447 2798 456 2811 ⁴¹
474 2800 539 2821 vers.
557 2799 578 2821 6.

446 2837 455 2850 ⁵
473 2839 537 2860 Vers.
555 2839 593 2860 43.

446 2876 456 2889 ⁶
473 2878 538 2899 vers.
556 2878 598 2899 23:
615 2878 708 2903 Omnes,
724 2877 762 2905 qui
781 2876 915 2904 placuerunt
932 2876 979 2898 Deo
996 2879 1038 2898 etc.

446 2914 454 2927 ⁷
473 2916 495 2937 ln
514 2916 637 2943 antiphona
654 2915 761 2937 Breviarii
780 2915 846 2937 Rom.
864 2921 906 2943 pro
923 2920 987 2942 pace.

447 2953 457 2966 ⁶
474 2955 539 2976 Veis
559 2955 577 2976 1.
596 2957 618 2976 et
635 2955 656 2976 2.

1345 2560 1354 2573 ⁹
1371 2562 1476 2588 Aristot,
1493 2561 1524 2583 lll.
1541 2561 1621 2589 Topic.
1638 2567 1657 2583 c.
1676 2561 1696 2583 2.

1346 2599 1365 2613 ²⁰
1381 2602 1404 2623 ln
1423 2601 1439 2622 Β
1457 2600 1549 2623 additur
1566 2600 1654 2623 divina.

1346 2638 1365 2651 ¹¹
1385 2640 1450 2662 Vers.
1467 2640 1504 2662 21.
1516 2652 1546 2655 —
1558 2640 1573 2661 1.
1591 2639 1649 2661 Petr.
1668 2639 1692 2667 t,
1711 2639 1732 2660 6.
1749 2644 1811 2667 seq.:
1828 2638 1942 2660 Modicum
1959 2643 2020 2660 nunc
2031 2637 2051 2660 si
2062 2643 2127 2665 opor-

1285 2682 1314 2701 tet
1331 2678 1458 2701 contristari
1477 2678 1498 2700 in
1515 2678 1585 2700 variis
1602 2677 1777 2705 tentationibus,
1796 2680 1820 2699 ut
1837 2676 1942 2705 probatio
1962 2678 2051 2699 vestrae
2063 2675 2127 2698 ndei

1284 2718 1355 2740 multo
1371 2717 1492 2745 pretiosior
1509 2723 1578 2745 auro,
1596 2717 1660 2746 quod
1677 2723 1718 2745 per
1734 2717 1812 2744 ignem
1830 2715 1952 2744 probatur,
1964 2715 2092 2738 inveniatur
2103 2715 2127 2737 in

1283 2757 1375 2779 taudem
1392 2759 1434 2779 etc,
1452 2769 1481 2772 —
1499 2756 1532 2778 De
1549 2756 1623 2778 David
1640 2757 1681 2778 cfr.
1699 2756 1723 2778 ll.
1740 2756 1796 2783 Reg.
1818 2755 1856 2782 ll,
1875 2755 1895 2777 vt.
1913 2761 1978 2783 seqq.

1347 2794 1365 2808 ¹²
1384 2796 1450 2818 Vers.
1467 2796 1508 2817 29:
1527 2795 1584 2823 Quia
1601 2794 1669 2817 vobis
1685 2794 1795 2817 donatum
1807 2797 1842 2816 est
1853 2800 1896 2822 pro
1912 2793 2001 2816 Christo
2024 2799 2069 2815 non
2091 2799 2127 2815 so-

1284 2836 1356 2858 lum...
1372 2835 1413 2857 sed
1431 2837 1455 2857 ut
1471 2835 1539 2857 etiam
1558 2837 1601 2856 etc.
1617 2847 1647 2850 —
1665 2834 1776 2862 Superius
1793 2836 1846 2861 post
1862 2832 1925 2856 Sunt
1940 2834 1961 2855 et
1977 2832 2021 2855 alii
2036 2834 2054 2854 A
2073 2838 2127 2860 pro-

1284 2874 1388 2902 sequitur
1405 2873 1447 2903 qni
1461 2873 1493 2896 (nl
1510 2872 1655 2902 diliqendum
1672 2872 1747 2895 Deum
1764 2871 1911 2895 inducuntur
1927 2877 1971 2901 pei·
1989 2874 2032 2893 etc.

1348 2911 1366 2924 ¹³
1383 2912 1439 2940 Cap.
1456 2913 1482 2940 9,
1501 2912 1521 2934 4.

2145 1251 2263 1275 impersecwss

2146 1928 2225 1947 Divisio.
