2296 3316
10 180 11 193 1

10 205 11 223 l

10 236 11 279 1

6 294 100 327 qundum.

14 1089 102 1131 ed3garto

0 1182 54 1209 [mo.⁴
61 1181 102 1206 ipsa

5 1207 93 1229 origitur.

0 1370 52 1396 mest.
62 1370 108 1389 inci-

10 1396 11 1423 i
17 1394 68 1413 dens.

9 1430 11 1437 i

5 1745 9 1764 l
17 1745 55 1764 atio
68 1745 106 1769 pri-

25 1773 61 1787 ma.

737 154 907 183 COMMENT.
930 154 961 181 IN
983 153 1129 181 lOANNEM
1150 153 1177 181 C.
1201 154 1266 182 XX.

196 241 242 270 24.
266 241 354 277 (Vers.
387 239 452 274 16.).
477 237 553 267 Dicit
572 237 599 266 ci
620 237 709 265 lesus.
736 237 916 266 Manifestavit
937 244 966 265 se

119 288 211 318 sensui
233 286 381 320 exteriori,
410 286 455 314 1116
483 292 512 313 56
532 283 689 312 manifestat
716 283 852 313 interiori
879 283 966 320 ipsam

119 330 279 364 nominatim
308 332 442 366 vocando;
464 331 551 360 unde:
576 330 650 360 Dicit
680 330 706 358 ei
735 329 828 359 Iesus:
857 330 964 359 Maria.

118 382 269 419 Gregorius
281 382 305 410 1:
332 391 346 405 r<
361 380 508 416 Postquam
530 385 589 407 eam
606 377 745 406 communi
766 377 901 406 vocabulo
919 385 966 413 ap-

119 428 231 467 pellavit
251 436 287 457 ex
313 435 384 456 sexu
413 429 440 455 et
467 424 578 461 agnitus
598 432 654 453 non
679 426 735 457 est;
758 426 837 452 vocat
857 431 893 452 ex
918 431 967 452 no-

120 477 209 510 mine,
231 477 263 504 ut
290 482 353 503 eum
380 474 574 509 recognoscat,
596 479 612 499 a
632 479 688 507 quo
716 470 924 507 recognoscitur
939 482 966 498 ».

121 523 267 552 Conversa
281 521 349 553 itta,
371 519 475 548 scilicet
496 525 545 555 per
560 517 717 546 intellectus
738 517 966 554 captivationem;

119 567 294 606 Apocalypsis
315 566 444 603 prim02:
471 576 484 590 «
505 564 662 593 Conversus
683 572 761 598 sum,
790 567 821 592 ut
842 564 966 593 viderem

119 623 230 649 vocem,
252 621 324 652 quae
349 612 516 650 loquebatur
548 619 656 640 mecum
672 622 702 646 »;
732 611 802 640 dicit
827 611 868 640 ei.-
891 611 967 640 Rab-

119 662 202 697 boni,
224 661 302 700 quod
322 660 533 696 interpretatur
553 658 703 695 mayister.
729 658 891 692 Conversa,
912 666 967 687 non

119 717 258 746 corpore,
290 707 356 744 quia
388 706 466 743 prius
497 713 614 742 corpore
645 708 705 734 erat
735 712 887 739 conversa,
920 705 968 734 sed

119 756 222 789 corde,-
243 754 316 784 unde
331 752 539 790 Augustinus³:
567 764 580 777 «
594 753 684 786 Tunc,
706 752 813 789 inquit,
835 759 968 780 conversa

119 810 250 840 corpore,
282 800 357 838 quod
388 808 442 829 non
464 802 524 829 erat
545 799 667 837 putavit;
697 807 771 828 nunc
799 799 882 828 corde
903 807 967 828 con-

120 857 215 884 versa,
230 848 304 886 quod
319 850 379 876 erat
393 847 504 884 agnovit
518 859 545 875 ».
562 847 767 884 Recognoscens
782 849 874 875 autem
889 854 966 880 eum,

119 898 198 926 vocat
225 895 380 932 magistcm
408 894 474 931 quia
495 894 533 923 sic
563 897 745 922 consueverat
765 901 829 922 eum
851 901 966 926 vocare;

119 951 205 980 supra
234 941 404 971 undecimo*
428 941 500 970 dixit
531 941 638 969 Martha
668 940 784 969 Mariae:
811 939 966 976 «Magister

119 990 195 1019 adest
216 993 243 1018 et
263 991 343 1018 vocat
365 991 391 1017 te
405 1000 432 1016 ».

199 1037 244 1065 25.
268 1036 357 1072 (Vers.
382 1035 448 1071 l7.).
473 1034 550 1063 Dicit
569 1034 596 1063 ci
609 1034 699 1062 Iesus.
723 1033 769 1062 Hic
791 1033 891 1062 Mariae
913 1033 966 1061 iam

119 1083 293 1121 cognoscenti
315 1082 470 1119 iniungitur
484 1080 732 1118 manifestationis
750 1080 911 1118 publicatio
916 1091 926 1113 ;
941 1083 969 1108 et

120 1131 210 1168 primo
240 1138 301 1159 eam
333 1129 475 1167 cor7·i9it;
506 1128 628 1157 secundo
659 1128 693 1156 ad
725 1127 969 1156 annuntiandam

118 1178 213 1207 mittit.
230 1194 268 1198 —
291 1176 420 1214 Corripit
440 1176 468 1205 in
490 1176 542 1205 hoc
563 1175 638 1212 quod
659 1174 740 1204 dicit:
761 1174 828 1203 Noti
846 1183 890 1203 me
905 1178 969 1202 tan-

118 1234 199 1264 yere;
220 1228 248 1254 et
269 1225 404 1253 rationem
426 1223 527 1252 reddit:
545 1222 682 1252 Nondum
697 1221 774 1250 enim
796 1221 916 1250 ascendi
929 1221 970 1249 ad

120 1273 241 1302 Patrem
263 1280 369 1301 meum.

199 1321 245 1349 26.
267 1319 318 1349 Sed
340 1320 408 1348 haec
429 1319 523 1347 littera
544 1317 654 1346 videtur
677 1317 780 1346 habere
808 1315 969 1353 falsitatem

120 1371 147 1397 et
167 1367 357 1396 dubietatem:

202 1416 225 1443 1.
248 1414 318 1451 Quia
338 1413 383 1442 alii
407 1413 593 1450 Evangelistae
605 1412 616 1429 ⁵
630 1411 741 1445 dicunt,
757 1410 831 1448 quod
850 1421 863 1434 «
878 1417 970 1438 acces-

120 1464 218 1492 serunt
238 1461 370 1491 mulieres
390 1463 417 1489 et
438 1462 590 1489 tenuerunt
611 1459 694 1496 pedes
712 1458 810 1487 eius».

200 1510 226 1537 2.
256 1509 338 1542 ltem,
367 1515 438 1544 quae
467 1507 538 1535 ratio
559 1509 600 1535 est
621 1506 691 1535 ista:
725 1505 864 1534 Nondum
893 1504 969 1532 enim

121 1555 241 1585 ascendi
261 1555 301 1584 ad
322 1555 443 1584 Patrem
475 1553 593 1582 meum?
619 1553 705 1582 Immo
731 1553 799 1581 baec
820 1555 862 1580 est
882 1551 969 1585 ratio,

121 1611 209 1641 quare
229 1605 342 1640 tangere
363 1601 473 1635 debuit,
496 1601 574 1638 quia,
590 1600 610 1629 si
626 1600 810 1633 ascendisset,
832 1607 886 1628 non
908 1606 970 1635 pos-

122 1654 163 1680 set
184 1653 296 1687 tangere
307 1649 328 1678 ⁶.

201 1697 316 1733 Propter
338 1696 390 1725 hoc
412 1695 504 1724 littera
524 1694 577 1723 ista
597 1693 788 1730 multipliciter
809 1692 969 1729 exponitur.

123 1744 293 1781 Augustinus
305 1743 314 1760 ⁷
336 1742 452 1779 exponit
473 1741 506 1770 de
529 1744 605 1770 tactu
628 1740 725 1769 cordis
741 1748 790 1769 seu
805 1740 881 1773 fidei;
898 1739 971 1768 unde

122 1791 204 1820 dicit:
230 1803 244 1816 «
260 1790 327 1819 Noti
347 1798 391 1818 nie
413 1793 547 1826 tanyere,
570 1788 596 1816 id
618 1791 675 1822 est,
697 1787 752 1816 noli
785 1794 830 1816 nie
851 1787 890 1816 sic
911 1795 972 1815 cre-

122 1838 204 1873 dere,
226 1836 461 1875 quemadmodum
494 1835 585 1864 adhuc
617 1835 698 1872 sapis.
730 1834 873 1871 Quomodo
897 1834 971 1863 enim

1817 167 1874 196 509

1024 245 1078 266 non
1100 237 1247 266 carnaliter
1268 237 1359 267 adhuc
1380 238 1408 266 in
1429 245 1492 267 eum
1525 238 1670 272 credebat,
1696 246 1779 275 quem
1801 238 1872 268 sicut

1024 284 1163 313 hominem
1185 284 1290 314 flebat?
1311 284 1344 313 Et
1364 285 1416 314 hoc
1437 284 1502 314 dicit
1524 293 1643 322 sequens
1664 285 1770 314 littera:
1793 285 1871 314 Non-

1023 330 1095 361 dum
1116 331 1192 360 enim
1213 330 1333 360 ascendi
1360 331 1401 360 ad
1428 332 1550 361 Patrem
1572 340 1682 365 meum,
1709 332 1735 361 id
1767 335 1809 362 est
1836 332 1870 362 ad

1024 376 1111 405 Patris
1132 376 1326 414 aequalitatem
1347 377 1375 407 in
1396 378 1478 408 corde
1500 381 1547 408 tuo
1562 390 1588 406 11.

1103 423 1260 453 Secundum
1282 423 1446 461 Gregorium
1459 424 1470 441 ³
1491 425 1655 462 intelligitur
1669 425 1703 455 de
1717 429 1793 455 tactu
1808 435 1871 455 cor-
1887 433 1981 452 Secunda.

1022 470 1145 507 porati,·
1173 470 1220 500 sed
1252 471 1304 499 hoc
1330 471 1464 501 Dominus
1495 480 1549 501 non
1571 473 1716 509 prohibet,
1738 476 1769 503 ut
1789 473 1870 508 dicit,

1029 527 1043 541 «ι
1058 517 1124 554 quia
1152 520 1257 546 tactum
1289 517 1400 548 horruit
1430 518 1611 553 feminarum,
1640 527 1703 549 cum
1735 520 1871 557 scriptum

1025 564 1076 593 sit:
1098 565 1290 593 Accesserant
1303 564 1439 594 mulieres
1453 569 1479 594 et
1493 569 1646 595 tenuerant
1661 567 1747 604 pedes
1767 568 1870 601 eius»,-

1025 610 1072 640 sed
1103 610 1131 640 in
1163 611 1215 640 hoc
1236 611 1324 640 voluit
1354 611 1441 648 ipsam
1472 612 1611 649 indignam
1642 613 1676 642 ad
1702 614 1870 651 tangendum

1024 657 1170 687 ostendere
1191 661 1323 695 tanquam
1344 666 1399 687 non
1421 661 1496 688 recte
1517 659 1690 694 credentem,
1712 660 1755 690 vel
1777 661 1869 697 plene;

1024 707 1051 733 et
1073 704 1125 733 1106
1147 704 1246 741 probat
1267 713 1316 741 per
1348 705 1467 735 litteram
1500 709 1676 742 sequentem:
1704 718 1718 731 «
1733 707 1869 736 Nondum

1024 752 1101 782 enim
1123 752 1244 781 ascendi
1274 752 1313 780 ad
1344 752 1474 780 Patrem.
1504 752 1532 780 In
1564 752 1646 782 corde
1678 756 1772 782 nostro
1803 757 1870 782 tunc

1025 798 1099 827 Iesus
1131 799 1253 829 ascendit
1281 798 1315 827 ad
1347 799 1470 833 Patrem,
1503 807 1566 828 cum
1597 800 1720 836 aequalis
1747 800 1871 829 creditur

1025 845 1096 874 Patri
1112 856 1138 872 ».

1104 892 1262 922 Secundum
1284 892 1512 929 chrysostomum
1525 893 1535 909 ⁹
1557 893 1720 930 intelligitur
1741 893 1775 922 de
1796 897 1871 923 tactu
1888 900 1957 919 ‘tertia-

1025 939 1192 976 corporali;
1214 942 1241 968 et
1262 939 1396 969 Dominus
1427 948 1482 970 non
1510 940 1640 977 prohibet
1667 944 1802 978 cancere,
1824 940 1870 969 sed

1024 986 1128 1020 innuit,
1153 994 1182 1015 se
1203 994 1266 1015 cum
1296 987 1451 1016 reverentia
1479 988 1580 1024 magis,
1602 996 1686 1024 quam
1717 996 1780 1016 cum
1812 990 1872 1016 erat

1026 1033 1178 1070 passibilis,
1200 1041 1260 1063 esse
1282 1034 1465 1070 tangendum;
1488 1037 1515 1063 et
1543 1035 1595 1063 hoc
1616 1035 1718 1064 indicat
1739 1035 1809 1064 ratio
1830 1042 1872 1063 se-

1025 1088 1127 1117 quens,
1150 1080 1177 1109 in
1198 1089 1254 1117 qua
1274 1080 1409 1110 Dominus
1429 1081 1506 1109 dicit:
1529 1081 1666 1110 Nondum
1681 1082 1809 1116 ascendi,
1824 1082 1872 1110 sed

1025 1130 1117 1156 tamen
1139 1135 1275 1164 praeparo
1296 1135 1339 1156 me
1370 1127 1404 1156 ad
1432 1127 1651 1162 ascendendum,
1673 1132 1700 1157 et
1728 1128 1789 1157 ideo
1817 1137 1871 1157 non

1026 1182 1088 1202 sum
1111 1174 1254 1203 vobiscum
1275 1178 1306 1202 ut
1327 1174 1414 1211 prius.

1106 1221 1195 1250 Potest
1217 1221 1299 1250 etiam
1321 1224 1349 1250 et
1369 1222 1449 1250 aliter
1470 1221 1539 1250 illud
1560 1222 1677 1258 exponi:
1700 1222 1766 1259 quia
1787 1222 1872 1250 Maria
1888 1228 1965 1252 Quarta-

1026 1268 1136 1297 fervens
1156 1271 1217 1297 crat
1237 1268 1331 1297 videre
1352 1268 1515 1303 Dominum,
1531 1268 1605 1297 unde
1625 1272 1652 1297 et
1666 1269 1882 1306 diligentissime·

1026 1316 1200 1353 quaesierat,
1224 1315 1331 1344 volebat
1351 1316 1379 1345 in
1400 1316 1496 1344 oscula
1516 1315 1618 1352 pedum
1643 1324 1727 1344 ruere
1754 1319 1781 1345 et
1808 1319 1872 1344 eum

1027 1371 1080 1391 non
1103 1362 1258 1397 dimittere;
1280 1362 1327 1392 sed
1348 1363 1483 1391 Dominus
1513 1371 1574 1392 eam
1605 1363 1761 1400 redarguit,
1782 1365 1873 1391 osten-

1026 1408 1107 1443 dens,
1123 1409 1168 1437 1116
1184 1417 1238 1437 11011
1260 1417 1320 1438 6556
1342 1409 1433 1438 1060111
1455 1409 1595 1439 fruitionis
1615 1412 1643 1438 et
1657 1412 1747 1438 tactus
1761 1409 1873 1442 Christi,

1029 1456 1077 1485 sed
1100 1464 1164 1485 cum
1195 1457 1290 1500 Patre,
1311 1457 1386 1486 unde
1416 1457 1496 1486 dicit:
1519 1457 1586 1486 Noti
1615 1466 1660 1486 mc
1691 1461 1826 1494 tangere,
1848 1456 1875 1485 id

1027 1506 1083 1538 est,
1119 1503 1256 1541 tangendo
1286 1512 1330 1533 me
1360 1504 1404 1533 1116
1435 1504 1490 1533 frui
1522 1504 1612 1538 velle;
1640 1504 1772 1533 nonaum
1800 1503 1875 1532 enim

1028 1551 1161 1585 ascendi,
1183 1550 1230 1579 ubi
1252 1554 1293 1579 est
1315 1551 1392 1579 locus
1413 1550 1568 1585 fruitionis,
1590 1551 1637 1580 ubi
1659 1558 1802 1588 nunquam
1816 1549 1876 1578 fru-

1029 1597 1175 1632 straberis3
1192 1597 1239 1627 sed
1254 1605 1328 1626 nunc
1342 1600 1452 1634 oportet
1466 1597 1635 1635 sequestrari
1651 1597 1831 1634 corporaliter
1844 1596 1874 1625 ¹⁰.

1032 1645 1108 1673 Unde
1129 1653 1188 1673 eam
1209 1645 1294 1673 mittit
1314 1644 1346 1673 ad
1369 1645 1591 1673 annuntiandum
1612 1644 1686 1682 quod
1708 1644 1822 1673 viderat.

1116 1693 1191 1720 Vade
1212 1696 1310 1721 autem
1331 1692 1371 1720 ad
1391 1691 1503 1729 fratres
1523 1701 1617 1726 meos,
1638 1692 1779 1729 Apostolos
1804 1692 1876 1721 scili-

1028 1742 1086 1773 cet,
1108 1739 1142 1768 de
1163 1740 1266 1776 quibus
1281 1740 1308 1768 in
1323 1740 1476 1768 Psalmoss:
1503 1751 1517 1764 ιι
1531 1740 1655 1769 Narrabo
1676 1747 1775 1768 nomen
1794 1743 1875 1768 tuum

1029 1786 1164 1815 fratribus
1178 1787 1261 1821 meis;
1278 1787 1305 1815 in
1320 1787 1410 1815 medio
1425 1787 1560 1816 Ecclesiae
1574 1787 1691 1815 laudabo
1706 1790 1732 1816 te
1744 1798 1770 1821 »;
1786 1791 1812 1815 ct
1829 1787 1876 1815 dic

1030 1834 1087 1868 ets,
1109 1834 1243 1863 annuntia
1263 1834 1414 1862 veritatem
1444 1833 1553 1863 Christi
1579 1834 1774 1871 resurgenti&
1803 1842 1874 1872 quae

1911 1696 1996 1716 Secundo
2003 1711 2007 1718 ,

1893 1721 1935 1744 ipsa
1952 1720 2010 1739 mitti-

1893 1747 1930 1763 tur.

185 2020 193 2033 ¹
210 2020 273 2043 Libr.
289 2021 312 2043 ll.
330 2019 414 2043 Homil.
438 2020 462 2042 in
487 2020 576 2047 Evang.
592 2019 671 2042 homil.
689 2018 726 2041 25.
743 2025 767 2042 n.
784 2019 811 2046 5,
834 2018 874 2041 ubi
898 2019 968 2041 finem

122 2061 247 2084 sententiae
267 2062 340 2083 textus
362 2059 480 2087 originalis
505 2059 537 2082 516
559 2058 665 2081 exhibet:
682 2060 751 2082 vocat
766 2064 797 2081 eac
814 2057 924 2087 nomine,·
940 2064 969 2081 ac

121 2099 144 2122 si
159 2099 181 2122 ei
195 2099 276 2129 aperte
293 2097 368 2122 dicat:
387 2098 533 2127 Recognosce
549 2103 617 2126 eam,
634 2104 649 2120 a
666 2103 712 2127 quo
728 2096 912 2127 recognosceris.

184 2137 193 2150 ²
211 2138 276 2160 Vers.
300 2138 338 2160 12.
363 2137 433 2165 Epist.
456 2138 481 2160 ll.
503 2136 556 2160 Cor.
574 2137 615 2165 lO,
633 2137 662 2159 5:
681 2137 705 2159 ln
729 2137 885 2164 captivitatem
911 2136 969 2158 redi-

123 2180 203 2206 gentes
225 2183 318 2200 omnem
340 2177 479 2199 intellectum
506 2176 528 2198 in
553 2175 692 2205 obsequium
709 2175 800 2198 Christi.
817 2187 848 2192 —
866 2174 969 2198 Subinde

123 2224 165 2246 pro
182 2216 246 2247 quod
261 2217 433 2247 interpretatur
452 2217 551 2244 Vulgata
568 2215 631 2245 quod
647 2215 742 2238 dicitur.

184 2255 193 2269 ⁸
211 2258 234 2280 ln
252 2257 313 2279 loan.
332 2257 420 2284 Evang.
438 2258 467 2278 tr.
485 2256 537 2278 121.
554 2262 577 2278 n.
595 2256 616 2278 2.

184 2295 193 2309 ⁴
211 2296 275 2319 Vers.
294 2296 331 2318 28.
766 2292 775 2306 ⁵
793 2294 869 2316 Matth.
887 2295 928 2321 28,
946 2294 968 2316 9.

184 2333 194 2347 ⁶
210 2336 316 2363 August..
332 2334 355 2357 in
374 2335 433 2356 10311.
450 2334 539 2361 Evang.
555 2336 583 2356 tr.
603 2333 656 2355 121.
675 2340 697 2356 11.
715 2333 745 2355 3;
762 2333 821 2362 Quid
848 2335 882 2355 est
907 2334 969 2355 hoc?

122 2374 145 2396 Si
162 2376 225 2397 stans
242 2373 265 2396 in
282 2376 342 2396 terra
358 2379 405 2395 non
422 2372 530 2401 tangitur,
541 2373 625 2395 sedens
638 2372 659 2394 in
672 2372 734 2395 caelo
748 2372 868 2401 quomodo
885 2371 915 2394 ab
932 2373 970 2394 110-

122 2412 223 2436 minibus
239 2415 371 2441 tangeretur
381 2413 390 2434 1

184 2450 192 2463 ⁷
211 2452 262 2474 Loe.
282 2451 303 2473 in
321 2451 474 2479 praecedente
492 2452 544 2473 nota
561 2451 612 2473 cit:
629 2450 686 2474 Noli
701 2456 739 2473 ‘me
755 2451 864 2480 tangere,
882 2450 906 2472 id
923 2453 970 2477 est,

123 2491 167 2513 noli
185 2491 209 2513 in
227 2496 264 2513 1116
281 2490 313 2513 sic
330 2490 438 2517 credere,
455 2490 655 2519 quemadmodum
672 2490 749 2512 adhuc
766 2490 828 2518 sapis
841 2489 887 2518 [1116
903 2490 970 2517 plura

122 2530 239 2553 adduntur
251 2530 274 2552 in
286 2533 346 2552 textu
364 2529 488 2558 originali1.
506 2529 653 2558 Quomodo...
670 2528 759 2552 flebat?>
777 2528 890 2552 Nondum
908 2528 970 2551 enim

121 2568 230 2597 ascendi,
249 2569 334 2598 inquit,
351 2568 384 2591 ad
405 2569 503 2592 Patrem
527 2574 622 2596 meunt,¹
644 2568 676 2590 ibi
702 2574 740 2590 me
765 2571 858 2596 tanges,
875 2568 969 2597 qnando

123 2614 160 2631 me
181 2607 308 2631 credideris
330 2608 389 2630 Patri
415 2614 461 2630 non
486 2607 599 2635 imparem
620 2608 702 2630 Deum.
719 2607 764 2630 Csr.
781 2608 882 2634 Hieron„
899 2607 970 2635 Epist.

123 2647 176 2670 120.
193 2647 258 2676 (31135
281 2647 344 2676 150.)
369 2653 420 2675 cap.
445 2647 495 2669 sive
519 2649 609 2675 quaest.
626 2646 655 2669 5:
673 2647 699 2669 Et
723 2649 757 2669 est
781 2652 877 2669 sensus:
895 2647 968 2675 Quem

123 2688 240 2708 mortuum
257 2685 362 2714 quaeris,
379 2685 497 2708 viventem
515 2687 609 2713 tangere
634 2691 679 2707 non
704 2685 807 2708 mereris.
825 2685 848 2707 Si
865 2691 903 2707 me
920 2691 970 2707 nec-

123 2725 179 2748 dum
197 2727 265 2753 putas
282 2725 412 2747 ascendisse
429 2725 459 2747 ad
476 2725 579 2751 Patrem,
597 2724 638 2747 sed
656 2724 777 2747 hominum
796 2725 876 2747 fraude
896 2724 970 2747 subla-

123 2767 185 2791 tum,
202 2769 254 2786 meo
272 2766 333 2786 tactu
351 2763 445 2792 indigna
461 2770 486 2786 65
502 2766 545 2786 etc.

185 2801 194 2814 ⁸
211 2802 272 2825 Libr.
290 2803 313 2825 ll.
331 2803 413 2825 Homil.
432 2803 453 2825 in
476 2803 563 2831 Evang.
582 2803 660 2825 homil.
683 2803 720 2825 25.
743 2809 766 2825 n.
788 2803 809 2826 5.
835 2809 897 2832 seq:
916 2803 971 2826 Noli

121 2848 160 2865 me
170 2843 274 2872 tangere.
286 2843 334 2865 Non
346 2842 400 2871 quia
410 2845 463 2870 post
471 2842 663 2864 resurrectionem
673 2842 786 2865 Dominus
798 2845 882 2865 tactum
894 2843 970 2865 renuit

124 2881 275 2908 seminarum,
290 2887 343 2904 cum
355 2881 385 2904 de
396 2880 489 2903 duabus
497 2881 527 2903 ad
539 2881 671 2909 sepulcrum
689 2881 738 2904 eius
755 2881 900 2904 venientibus
917 2882 970 2904 scri-

123 2922 189 2948 ptum
206 2920 234 2942 sit
250 2919 339 2949 [Matth.
353 2921 395 2947 28,
408 2919 457 2950 9.]:
473 2920 628 2943 Accesserant
645 2921 666 2943 et
681 2922 810 2943 tenuerunt
823 2920 894 2950 pedes
911 2920 969 2943 eius.

123 2958 169 2981 Sed
185 2964 226 2981 cur
243 2958 305 2986 tangi
322 2964 368 2981 non
385 2957 480 2987 debeat,
492 2958 549 2981 ratio
566 2964 661 2987 quoque
672 2958 776 2985 additur,
794 2964 847 2981 cum
860 2959 970 2981 subinser-

1026 2021 1076 2041 tur:
1095 2017 1207 2041 Nondum
1232 2017 1294 2040 enim
1319 2016 1415 2040 ascendi
1430 2016 1462 2039 ad
1478 2017 1575 2040 Patrem
1592 2022 1679 2039 meum.
1696 2016 1719 2038 ln
1742 2016 1811 2038 corde
1831 2019 1882 2038 ete--

1028 2058 1077 2080 nim
1101 2060 1180 2080 nostro
1205 2060 1259 2080 tunc
1284 2058 1346 2079 lesus
1362 2059 1405 2079 etc.
1422 2068 1453 2072 —
1470 2056 1513 2078 Pro
1531 2055 1555 2079 in
1572 2055 1642 2079 corde
1663 2056 1746 2078 nostro
1766 2055 1802 2078 ed.
1820 2061 1872 2077 cum

1026 2103 1072 2120 uno
1089 2098 1208 2125 alteroque
1224 2096 1276 2119 cod.
1294 2098 1316 2118 et
1332 2096 1436 2118 Gorrano
1452 2095 1477 2117 in
1494 2094 1564 2118 corde
1581 2096 1627 2118 tuo.

1088 2135 1098 2148 ⁹
1116 2138 1140 2159 ln
1157 2137 1217 2158 loan.
1233 2136 1312 2158 homil.
1329 2135 1366 2157 86.
1385 2134 1450 2163 (31135
1468 2134 1514 2163 85.)
1527 2140 1550 2156 n.
1562 2135 1588 2156 2:
1608 2133 1704 2156 Videtur
1718 2133 1785 2162 mihi,
1798 2133 1873 2155 adhue

1027 2176 1084 2198 velle
1101 2176 1163 2198 illam
1180 2181 1234 2197 cum
1253 2174 1303 2202 ipso
1320 2174 1420 2202 versari,
1438 2176 1463 2196 ut
1479 2173 1557 2201 prius,
1574 2175 1596 2195 et
1613 2179 1640 2195 ex
1657 2173 1742 2200 gaudio
1759 2173 1813 2195 nihil
1828 2179 1874 2194 ma-

1028 2221 1101 2243 gnum
1118 2214 1232 2242 cogitare,
1250 2213 1338 2236 etiamsi
1355 2213 1424 2240 longe
1440 2212 1521 2234 melior
1539 2213 1611 2234 factus
1622 2214 1670 2234 erat
1681 2212 1808 2234 secundum
1827 2218 1873 2234 car-

1027 2260 1089 2276 nem.
1106 2253 1141 2276 Ab
1158 2254 1200 2276 1136
1217 2258 1274 2281 ergo
1291 2252 1350 2274 illam
1368 2251 1507 2280 cogitatione
1523 2250 1664 2273 abducens...
1683 2251 1741 2273 illius
1757 2251 1873 2279 cogitatio-

1030 2300 1082 2316 nem
1100 2293 1178 2321 erigit,
1196 2295 1221 2315 ut
1237 2298 1290 2314 cum
1308 2292 1396 2314 maiore
1413 2291 1539 2313 reverentia
1557 2289 1600 2312 sibi
1618 2290 1742 2313 attendat...
1760 2290 1873 2314 Nondum

1027 2331 1136 2360 ascendi,
1153 2332 1266 2360 declarat,
1284 2337 1309 2353 se
1325 2337 1353 2353 60
1371 2330 1477 2353 festinare
1494 2332 1516 2352 et
1533 2330 1640 2358 tendere;
1661 2335 1714 2352 eum
1732 2332 1817 2357 autem,
1833 2330 1873 2359 qui

1026 2371 1081 2394 illuc
1105 2371 1247 2398 migraturus
1269 2372 1318 2392 erat
1340 2375 1383 2392 nec
1408 2370 1464 2392 ultra
1490 2375 1543 2391 cum
1569 2367 1702 2391 hominibus
1726 2371 1873 2396 versaturus,

1028 2417 1073 2433 non
1091 2409 1212 2438 oportebat
1229 2410 1311 2432 eodem
1328 2415 1375 2438 quo
1393 2409 1457 2436 prius
1473 2408 1551 2430 animo
1568 2407 1658 2430 intueri.

1091 2448 1111 2462 1⁰
1128 2449 1173 2472 Cir.
1191 2449 1340 2478 Quaestiones
1357 2451 1379 2470 et
1395 2454 1499 2476 respons.
1517 2447 1546 2470 ad
1563 2446 1702 2469 orthodoxos
1718 2446 1786 2475 (inter
1802 2454 1873 2475 opera

1029 2490 1052 2511 S.
1069 2488 1169 2518 lustini),
1188 2495 1210 2516 q.
1229 2488 1271 2515 48,
1289 2487 1328 2509 ubi
1341 2488 1363 2509 in
1375 2487 1525 2515 responsione
1542 2487 1638 2509 dicitur:
1652 2485 1709 2509 Noti
1720 2492 1756 2509 me
1768 2487 1872 2516 tangere,

1030 2528 1117 2550 dictum
1135 2530 1169 2550 est
1186 2527 1268 2549 Mariae
1285 2533 1297 2548 a
1316 2526 1433 2548 Salvatore
1450 2526 1473 2548 in
1490 2527 1549 2548 hanc
1566 2526 1713 2548 sententiam:
1731 2525 1779 2548 Noli
1792 2531 1830 2547 me
1840 2532 1873 2548 35-

1027 2567 1122 2594 sectari,
1140 2567 1169 2589 ita
1187 2569 1212 2588 ut
1229 2572 1320 2588 mecum
1339 2571 1430 2593 semper
1448 2565 1491 2592 sis,
1509 2567 1534 2587 01
1551 2565 1572 2587 in
1590 2571 1616 2587 ea
1639 2571 1709 2594 quam
1726 2568 1777 2587 ante
1797 2571 1872 2587 meam

1027 2612 1121 2629 crucem
1140 2605 1210 2628 habui
1227 2606 1287 2627 vitae
1304 2604 1477 2627 consuetudine.
1496 2604 1592 2626 Volebat
1602 2605 1662 2626 enirn
1676 2604 1785 2632 paulatim
1805 2604 1873 2626 disci-

1029 2646 1095 2674 pulos
1111 2650 1257 2671 assuescere,
1275 2646 1299 2666 ut
1315 2644 1389 2671 ipsius
1408 2643 1512 2671 corporis
1533 2646 1627 2671 aspectu
1650 2645 1672 2665 et
1693 2643 1821 2671 praesentia
1838 2649 1872 2665 ca-

1027 2688 1115 2711 rerent,
1133 2686 1275 2713 quapropter
1287 2689 1330 2705 nec
1342 2689 1434 2710 semper
1445 2682 1564 2710 discipulis
1582 2682 1710 2705 videndum
1732 2688 1757 2704 se
1778 2681 1872 2710 praebe-

1027 2724 1077 2751 bat,
1095 2724 1207 2753 quamdiu
1225 2724 1247 2745 in
1268 2723 1333 2745 terris
1355 2724 1407 2750 post
1428 2722 1618 2744 resurrectionem
1642 2724 1745 2744 moratus
1766 2724 1812 2750 est,
1829 2727 1871 2743 nec

1026 2763 1122 2786 omnino
1140 2761 1339 2790 inaspectabilem,
1357 2761 1397 2784 sed
1415 2761 1547 2788 interposito
1564 2761 1637 2789 spatio
1660 2764 1785 2789 utrumque
1807 2761 1871 2782 tacie-

1028 2803 1079 2830 bat,
1097 2802 1217 2825 016111115
1242 2801 1360 2823 videretur
1383 2802 1406 2823 et
1430 2806 1475 2823 non
1500 2800 1625 2822 videretur.
1647 2812 1678 2817 —
1701 2800 1811 2828 Superius
1827 2805 1870 2827 pro

1026 2842 1078 2872 frat
1093 2841 1151 2864 velle
1167 2841 1203 2863 ed.
1220 2840 1273 2870 frui
1288 2846 1336 2863 nou
1354 2839 1421 2867 velis,
1441 2846 1501 2868 quae
1518 2839 1586 2861 etiam
1604 2838 1702 2862 subinde
1713 2845 1755 2867 pro
1768 2838 1870 2868 frustra-

1027 2881 1088 2904 beris
1106 2887 1158 2903 cum
1176 2880 1291 2902 nonnullis
1307 2879 1376 2901 codd.
1393 2878 1509 2901 substituit
1525 2878 1709 2908 sequestratim-ts
1721 2884 1736 2901 a
1748 2884 1791 2901 mc.
1809 2878 1868 2900 Multi

1027 2920 1094 2943 codd.
1113 2920 1149 2942 1116
1167 2920 1246 2947 legunt
1262 2918 1430 2947 corporaliter,
1450 2920 1472 2941 ct
1487 2917 1583 2946 statim,
1600 2917 1662 2941 unde
1675 2923 1727 2940 eam
1740 2917 1811 2940 mittit
1825 2920 1868 2940 etc.

1089 2958 1107 2971 ²¹
1126 2959 1207 2981 Psalm.
1225 2958 1267 2986 21,
1285 2958 1321 2979 23.
