2296 3316
397 183 453 211 49⁹2
1001 178 1171 207 COMMENT.
1195 178 1226 206 IN
1248 178 1394 206 IOANNEM
1416 177 1443 205 C.
1468 177 1532 206 XIX.

396 268 483 288 meam
505 258 669 291 contemnis,
691 265 755 286 cum
777 257 892 285 deberes
913 256 1005 293 potius
1026 264 1114 284 meam
1129 259 1240 292 captare

396 305 612 335 benevolentiam
634 307 765 341 tanquam
785 304 811 332 in
832 303 961 332 manibus
982 303 1049 331 meis
1070 302 1191 339 positus;
1213 305 1241 330 et

396 353 446 380 hoc
468 352 565 380 infert:
588 351 704 384 Nescis,
726 350 798 388 quia
816 353 983 387 potestatem
1004 348 1093 377 liabeo
1122 348 1240 384 crucifi-

392 407 459 435 syere
480 401 520 431 te,
542 402 568 426 et
591 400 759 434 potestate-m
784 395 873 424 liabeo
894 395 1038 424 dimittere
1059 395 1104 423 te?
1125 398 1152 423 et
1179 394 1240 423 ideo

393 448 420 474 et
441 445 579 473 timendus
600 446 628 472 et
641 443 837 472 obsecrandus.
859 442 934 471 Unde
955 442 988 471 de
1004 442 1055 470 hoc
1075 442 1239 476 mirabatur,

393 493 466 530 quod
487 492 613 521 Christus
634 491 661 519 in
684 494 759 519 tanta
780 490 941 519 necessitate
962 498 1017 518 non
1039 489 1166 526 captabat
1179 489 1240 518 eius

393 540 524 577 gratiam3
547 538 674 567 Matthaei
696 537 828 573 vigesimo
849 536 967 573 septimo
980 538 1004 564 1:
1031 547 1044 561 (ι
1060 536 1091 564 Et
1118 544 1173 564 non
1194 543 1239 564 re-

393 585 502 623 spondit
522 585 545 614 ei
578 585 666 613 ullum
692 584 821 615 verbum,
854 583 891 611 ita
923 586 954 611 ut
977 583 1127 611 miraretur
1159 590 1239 619 prae-

392 641 435 662 ses
449 644 476 661 n.
500 633 530 661 Et
551 632 616 668 quia
638 631 739 659 Pilatus
760 638 788 659 se
814 630 940 664 iactavit,
961 630 1089 658 Christus
1116 629 1239 666 pruden—

393 683 434 709 ter
462 679 603 716 respondit
628 678 703 715 quod
724 678 784 706 eius
805 676 964 713 superbiam
995 676 1169 710 humiliavit,
1191 676 1239 704 do—

392 734 456 756 cens
481 739 495 751 «
511 734 565 754 non
586 725 673 753 altum
694 732 791 761 sapere
806 736 832 751 ».

472 775 515 802 12.
538 773 627 809 (Vers.
653 773 717 806 11.).
741 771 897 808 Respondit
911 771 1009 799 Iesus.-
1032 771 1098 798 lvon
1119 769 1238 798 [atomss

391 821 423 849 in
444 829 488 849 me
508 823 673 857 potestatem
685 819 707 852 ²,
728 818 788 846 nisi
808 818 912 845 (tatum
934 816 986 845 tibi
1006 820 1077 845 esset
1097 817 1238 853 desuper;

391 867 575 904 Augustinus:
600 866 742 902 Desuper,
764 864 790 893 id
811 867 853 893 est
867 872 883 892 a
904 865 972 898 Deo,
994 864 1148 893 secundum
1170 863 1238 891 illud

1297 255 1458 289 Caesarem;
1474 255 1534 284 ideo
1548 255 1629 284 dicit:
1652 256 1757 284 Iudaei
1770 259 1868 284 autem
1883 256 2065 292 clamabant,
2081 265 2145 287 con—

1297 305 1341 330 tra
1363 302 1477 330 Pilatum
1499 302 1616 338 scilicet,
1639 310 1671 331 eo
1696 303 1769 339 quod
1793 303 1874 332 vellet
1894 303 2036 333 Christum
2054 304 2146 334 dimit-

1298 351 1369 382 tere,
1391 348 1532 376 dicentes:
1562 349 1594 377 Si
1625 348 1702 377 hunc
1730 349 1869 384 dimittis,
1890 358 1949 378 τιοη
1980 358 2008 379 es
2030 351 2145 380 amicus

1298 394 1453 428 Caesaris,
1486 395 1570 423 immo
1601 394 1740 431 proditor;
1770 395 1837 432 quia
1866 395 1983 425 dimittis
2003 397 2144 425 inimicum

1296 441 1428 470 Caesaris.
1452 442 1483 470 Et
1504 442 1556 470 hoc
1577 442 1711 478 probant:
1737 443 1838 471 Omnis
1863 443 1957 477 enim,
1979 443 2032 481 qui
2050 452 2080 472 se
2101 452 2146 472 re-

1294 496 1359 525 yem
1380 487 1469 525 facit,
1491 489 1667 517 contradicit
1690 489 1829 522 Caesari,·
1857 489 1923 526 quia
1951 492 2018 518 tunc
2046 490 2145 519 Caesar

1295 539 1355 563 erat
1376 536 1539 569 monarcha,
1558 536 1631 564 unde
1646 536 1733 573 ipsius
1754 539 1814 564 erat
1828 535 1895 564 dare
1917 539 2079 572 potestatem
2101 544 2145 566 re⁴

1295 582 1411 619 gnandi;
1434 582 1482 619 qui
1500 590 1567 619 ergo
1589 590 1618 611 se
1639 583 1730 620 ipsum
1745 590 1838 619 regem
1861 583 2059 618 constituebat,
2081 591 2146 612 con-

1295 629 1447 658 tradicebat
1467 629 1585 658 Caesari.
1614 630 1646 657 Et
1667 630 1735 658 haec
1760 629 1936 658 comminatio
1957 630 2073 659 Pilatum
2102 639 2146 660 re-

1295 676 1383 704 traxit
1404 684 1420 704 a
1440 676 1557 704 veritate
1578 676 1671 705 iudicii
1687 676 1714 704 in
1730 676 1889 711 liberando,
1908 677 1974 713 quia
1989 677 2081 706 timuit
2101 685 2146 706 ac-

1295 722 1387 751 cusari
1402 722 1475 759 apud
1490 722 1648 757 Caesareum
1665 723 1879 752 Proverbiorum
1894 723 2027 760 vigesimo
2041 724 2144 753 nono4:

1299 782 1312 795 «ι
1328 770 1380 806 Qui
1396 770 1473 799 timet
1494 770 1635 798 hominem
1651 770 1704 798 cito
1725 773 1879 799 corruet».
1903 771 2017 807 Propter
2032 771 2084 800 hoc
2105 771 2146 800 di-

1295 817 1374 845 cebat
1396 817 1529 845 Dominus
1554 817 1697 853 discipulis
1726 817 1853 846 Matthaei
1881 817 2004 846 decimo:
2031 818 2146 847 «Nolite

1296 863 1393 892 timere
1414 871 1461 892 eos
1481 863 1529 900 qui
1551 863 1680 892 occidunt
1701 871 1804 900 corpus
1818 875 1844 892 ».

2274 722 2283 760 i

391 915 424 943 ad
446 915 580 943 Romanos
601 913 706 941 decimo
730 912 825 940 tertio:
852 923 865 936 «
880 912 937 939 Non
959 914 1001 939 est
1015 913 1135 947 potestas
1156 911 1207 938 nisi
1222 919 1239 938 a
1377 910 1420 938 14.
1444 910 1561 938 Pilatus
1583 919 1651 947 erpo
1664 910 1685 943 ⁵,
1708 918 1777 938 cum
1797 910 1935 939 audisset.
1958 910 2076 940 Ostensa
2102 914 2145 940 est
2159 903 2279 942 Seeundonnl

247 964 373 1006 Αὓὸιξψῠδῑ-
391 962 447 990 1)00
461 973 487 989 υ.
505 977 542 981 -—
556 960 607 988 Sed
629 958 781 988 secundum
803 958 883 987 istam
908 958 1109 994 expositionem
1132 958 1236 985 nullam
1295 957 1463 994 perversitas
1479 957 1643 986 ludaeorum
1665 957 1692 985 in
1707 957 1878 994 malignitate
1898 957 2052 986 resistendo
2073 958 2145 987 iudi-
2163 941 2279 996 ffifflgssgssj

308 993 326 1006 θ’
391 1008 499 1036 videtur
521 1007 622 1035 habere
647 1005 871 1042 consequentiam
893 1004 967 1042 quod
989 1004 1135 1041 sequitur:
1166 1005 1237 1032 Ρνο-
2163 993 2213 1010 Μ’
2236 993 2270 1013 qm

2163 1034 2227 1053 falsum
2237 1035 2275 1054 indi·

1294 1005 1336 1033 cio
1369 1004 1508 1038 veritatis;
1534 1004 1579 1032 hic
1606 1004 1762 1032 ostenditur
1793 1012 1891 1033 eorum
1920 1005 2088 1041 perversitas
2115 1005 2147 1034 in
2172 1013 2269 1035 extorquent

1294 1051 1489 1089 extorquendo
1517 1051 1662 1079 iudicium
1690 1049 1833 1088 falsitatis
1859 1051 1894 1079 de
1919 1051 2146 1081 condemnatione
2163 1021 2296 1085 είμπιΑοψιῘὲ

388 1059 488 1092 pterea
501 1054 552 1092 qai
567 1053 691 1081 tradidit
701 1061 745 1080 me
756 1055 821 1086 etc.;
834 1052 894 1080 ideo
909 1052 1024 1088 exponit
1038 1051 1131 1079 Victor
1144 1051 1168 1078 ³:
1187 1051 1237 1078 De-

256 1573 332 1594 Quarto,
345 1572 372 1590 lu-

271 1596 359 1621 daeorum

251 1620 377 1636 comminatio.

389 1110 487 1138 saper,
503 1100 529 1129 id
551 1103 592 1128 est
605 1108 621 1128 a
642 1099 772 1132 Caesare;
788 1101 815 1127 et
836 1099 901 1136 quia
918 1098 1015 1127 timore
1037 1105 1168 1131 exerces,
1183 1097 1236 1135 qui

391 1148 514 1177 tradidit
527 1156 578 1176 me
599 1146 651 1175 tibi
671 1147 770 1175 maius
789 1149 941 1183 peccatum
964 1144 1063 1178 habet;
1089 1144 1155 1181 quia
1176 1152 1234 1172 ma-

390 1196 430 1232 gis
452 1197 546 1231 peccat
567 1193 614 1230 qui
637 1201 673 1222 ex
694 1193 814 1227 malitia,
836 1200 919 1229 quam
942 1192 990 1229 qui
1011 1200 1047 1220 ex
1076 1191 1237 1219 infirmitate

391 1243 432 1271 vel
453 1241 620 1278 impotentia.
643 1241 674 1269 Et
696 1241 761 1277 quia
780 1240 931 1277 prudenter
953 1238 1146 1275 responderat,
1170 1238 1237 1266 Pila-

391 1294 434 1318 tus
456 1297 520 1318 eum
542 1289 660 1317 liberare
682 1287 855 1320 intendebat;
877 1286 950 1315 unde
971 1286 1052 1314 dicit:

470 1336 513 1365 13.
536 1335 624 1372 (Vers.
650 1336 715 1369 12).
747 1335 781 1363 Et
807 1334 910 1362 exinde
937 1332 1095 1371 quaerebat
1121 1332 1238 1360 Pilatus

389 1383 531 1412 dimittere
552 1390 626 1410 eam.
647 1381 815 1418 Intelligens,
837 1383 1000 1417 potestatem
1022 1387 1100 1408 suam
1124 1379 1177 1407 sub
1198 1379 1237 1407 al-

390 1430 476 1459 terius
497 1432 631 1467 potestate
655 1429 846 1462 constitutam,
868 1427 977 1456 nolebat
1005 1426 1138 1454 damnare
1159 1425 1237 1454 inno-

389 1480 511 1511 centem;
534 1477 594 1505 ideo
616 1476 724 1505 volebat
745 1475 885 1503 dimittere
905 1481 979 1502 eum.

467 1524 573 1552 luciaci
586 1527 683 1551 autem
698 1521 874 1550 clamabant.
897 1520 943 1548 Hic
959 1520 1071 1556 ponitur
1090 1522 1236 1556 quartum,

389 1571 493 1599 scilicet
514 1569 701 1598 comminatio
722 1568 920 1600 ludaeorum,-
941 1570 969 1595 et
989 1566 1056 1603 quia
1083 1574 1138 1594 non
1159 1569 1237 1602 pote-

389 1620 452 1646 rant
478 1617 620 1645 Christum
641 1616 773 1644 damnare
800 1622 850 1651 per
874 1613 1095 1647 accusationem,
1121 1621 1236 1641 conver-

389 1667 452 1693 tunt
472 1672 501 1692 se
532 1663 566 1692 ad
594 1663 743 1691 clamosam
763 1661 1020 1695 comminationem;
1050 1660 1124 1689 unde
1149 1660 1236 1696 impo-

388 1715 459 1740 nunt
483 1711 581 1744 Pilato,
613 1710 635 1739 si
657 1717 721 1738 eum
752 1709 887 1742 dimittat,
919 1707 1107 1736 infidelitatem
1139 1710 1237 1735 contra

391 1914 421 1937 ad
437 1916 501 1936 tuam
519 1912 686 1935 dimissionem.
703 1911 749 1934 Sed
766 1911 796 1933 de
813 1912 856 1933 1100
873 1910 978 1933 redditur
994 1910 1052 1932 ratio
1064 1911 1119 1932 Luc.
1137 1911 1179 1937 22,
1197 1909 1236 1932 ubi

392 1953 423 1983 [v.
442 1953 479 1975 67,
497 1951 555 1981 seq]
573 1952 606 1974 sic
623 1952 722 1974 dicitur:
747 1951 779 1974 Et
794 1950 829 1973 ait
844 1951 926 1973 lesus:
944 1949 972 1973 Si
987 1949 1052 1973 vobis
1069 1949 1166 1977 dixero,
1188 1955 1237 1972 τιοτι

390 1991 488 2016 credetis
504 1990 564 2014 mihi
570 1999 580 2019 ‚·
597 1990 619 2013 si
634 1991 714 2013 autem
731 1989 923 2018 interrogavero,
934 1994 983 2011 non
993 1987 1162 2018 respondebitis
1177 1988 1238 2011 milii

390 2037 463 2060 neque
480 2028 607 2053 dimittetis.

452 2069 460 2082 ¹
479 2070 544 2092 Vers.
567 2068 600 2090 14.
617 2081 647 2084 —
664 2068 759 2090 inferius
776 2067 887 2094 allegatur
898 2067 965 2089 Rom.
987 2067 1021 2093 ll,
1039 2066 1082 2088 20:
1100 2066 1147 2088 Noli
1165 2066 1235 2088 altum

389 2115 481 2137 sapere,
498 2108 539 2131 sed
556 2108 618 2130 time.

452 2147 461 2160 ²
479 2148 594 2175 Vulgata:
611 2147 669 2170 Nou
682 2145 780 2168 haberes
793 2146 933 2175 potestatem
952 2144 1081 2167 adversum
1098 2150 1135 2167 me
1154 2143 1235 2167 ullam.

389 2200 420 2204 —
437 2187 470 2209 De
487 2186 629 2215 expositione
646 2185 714 2207 huius
727 2185 783 2212 loci,
795 2190 865 2213 quam
878 2184 942 2206 dedit
953 2185 1061 2211 August.‚
1074 2183 1129 2205 vide
1140 2183 1161 2205 in
1175 2184 1236 2205 loan.

389 2228 478 2254 Evang.
490 2228 518 2248 tr.
531 2226 584 2247 116.
595 2232 616 2247 11.
634 2225 663 2251 5;
681 2225 722 2246 cfr.
739 2224 808 2246 etiam
826 2229 896 2251 supra
914 2229 967 2251 pag.
986 2223 1028 2249 82,
1045 2225 1099 2244 nota
1116 2223 1142 2249 2,
1156 2222 1177 2244 in
1189 2229 1235 2250 qua

389 2266 426 2288 alii
438 2265 480 2288 loci
493 2266 590 2293 August.
602 2264 661 2286 allati
674 2266 734 2286 sunt.
747 2263 862 2290 Expositio
875 2264 931 2285 haec
941 2262 1049 2284 tundatur
1059 2262 1080 2283 in
1089 2262 1157 2286 Rom,
1168 2262 1204 2287 113,
1214 2262 1234 2283 ·1.

390 2305 484 2332 Propter
501 2310 528 2326 ea
544 2310 604 2332 quae
621 2306 750 2332 sequuntur
769 2303 824 2332 (scil.
842 2301 954 2330 expositio
978 2300 1098 2329 Victoris),
1119 2300 1236 2323 afferimus

389 2343 461 2365 verba
478 2343 588 2370 August.,
607 2342 629 2364 in
646 2343 707 2364 loan.
729 2342 818 2369 Evang.
840 2343 866 2363 tr.
886 2341 937 2362 ll6.
955 2347 977 2362 n.
995 2340 1024 2361 5:
1042 2339 1162 2361 Discamus
1179 2345 1235 2366 ergo

390 2382 455 2411 quod
472 2382 538 2409 dixit,
564 2381 628 2410 quod
645 2384 667 2403 et
683 2387 725 2409 per
741 2381 877 2408 Apostolum
898 2379 992 2402 docuit:
1009 2379 1062 2407 quia
1079 2384 1127 2401 τιοη
1144 2379 1178 2401 est
1191 2383 1236 2406 po-

389 2422 459 2444 testas
476 2420 524 2443 uisi
539 2427 554 2442 α
572 2420 632 2448 Deo;
650 2422 672 2442 et
688 2420 742 2448 quia
759 2420 812 2447 plus
827 2421 907 2447 peccat
919 2418 958 2446 qui
971 2417 1076 2445 potestati
1089 2417 1234 2439 innocentem

389 2459 542 2481 occidendum
560 2459 632 2481 livore
649 2459 729 2486 tradit,
746 2464 816 2487 quam
835 2460 936 2485 potestas
959 2457 1021 2484 ipsa,
1039 2457 1057 2478 si
1075 2462 1128 2478 eum
1152 2456 1235 2478 timore

389 2499 481 2521 alterius
498 2499 592 2521 maioris
609 2498 727 2526 potestatis
747 2497 838 2520 occidit.
864 2497 943 2519 Talem
968 2496 1056 2525 quippe
1081 2496 1151 2517 Pilato
1174 2495 1235 2517 Deus

389 2538 485 2560 dederat
502 2540 651 2565 potestatem,
668 2538 695 2559 ut
711 2536 781 2559 etiam
798 2537 857 2559 esset
868 2535 912 2559 sub
924 2535 1033 2559 Caesaris
1042 2536 1163 2564 potestate.
1177 2535 1234 2563 Qua-

389 2579 483 2604 propter
499 2582 547 2599 τ1οη
565 2575 675 2603 haberes,
692 2576 778 2604 inquit,
796 2575 924 2598 adversum
941 2580 978 2597 τηε
991 2575 1132 2604 potestatem
1145 2572 1233 2601 uttam,

390 2616 412 2638 id
429 2618 470 2643 est,
487 2616 724 2644 quantulamcumque
742 2614 826 2641 habes,
843 2613 891 2637 nisi
906 2615 950 2636 hoc
967 2614 1044 2641 ipsum
1057 2612 1171 2641 quidquid
1188 2615 1233 2639 est,

389 2654 430 2677 tibi
445 2656 504 2677 esset
519 2653 601 2676 datum
618 2653 726 2683 desuper.
743 2653 789 2675 Sed
806 2653 916 2682 quoniam
929 2653 987 2681 scio,
1000 2656 1112 2680 quantum
1129 2652 1169 2679 sit,
1187 2657 1233 2673 non

389 2693 450 2716 enim
468 2695 555 2715 tanturn
573 2695 619 2719 est,
636 2696 661 2714 ut
677 2692 716 2714 tibi
735 2692 799 2714 omni
824 2692 895 2714 modo
920 2691 1018 2714 liberum
1044 2691 1084 2718 sit;
1104 2692 1233 2720 propterea

389 2731 431 2761 qui
447 2731 545 2754 tradidit
561 2738 597 2754 me
614 2730 656 2754 tibi
670 2730 749 2754 maius
758 2733 884 2760 peccat-um
896 2730 970 2754 habet.
982 2731 1020 2753 llle
1031 2730 1120 2759 quippe
1132 2736 1169 2752 me
1180 2732 1233 2752 tuae

388 2771 494 2799 potestati
512 2771 604 2793 tradidit
620 2771 758 2798 invidendo,
777 2773 800 2793 tu
818 2776 874 2793 vero
891 2771 989 2793 eandem
1007 2772 1143 2797 potestatem
1160 2769 1182 2791 in
1196 2775 1233 2790 me

388 2810 530 2833 exerciturus
546 2816 571 2832 es
588 2810 739 2832 metuendo...
754 2811 780 2833 Et
798 2810 849 2832 ideo
868 2816 913 2833 non
931 2810 962 2832 ait
973 2816 1042 2832 verax
1055 2809 1173 2836 Magister:
1187 2807 1234 2836 Qui

388 2855 425 2872 me
437 2848 535 2872 tradidit
546 2848 598 2876 tibi,
610 2849 660 2876 ipse
672 2848 741 2870 habet
752 2851 873 2877 peccatum
881 2867 886 2877 ,
899 2852 1009 2877 tanquam
1023 2848 1057 2870 ille
1067 2854 1112 2870 non
1122 2847 1217 2870 haberet
1227 2854 1231 2874 ;

389 2888 430 2910 sed
447 2888 492 2910 ait:
511 2887 590 2910 maius
616 2887 684 2910 habet
697 2890 835 2917 peccatum,
852 2890 877 2910 ut
893 2888 961 2910 etiam
979 2893 1004 2909 se
1021 2886 1108 2909 habere
1124 2886 1232 2913 intellige-

389 2930 429 2949 ret.
447 2927 526 2955 Neque
542 2927 603 2949 enim
622 2929 743 2954 propterea
761 2927 816 2949 illud
834 2927 920 2949 nullum
946 2929 991 2954 est,
1016 2926 1070 2955 quia
1096 2926 1140 2948 hoc
1157 2924 1232 2947 maius

389 2969 431 2988 est.
446 2965 490 2988 Csr.
508 2966 566 2988 intra
582 2972 603 2988 11.
622 2966 659 2987 23.
676 2969 697 2988 et
715 2965 752 2988 24.

1294 1098 1405 1127 Christi.
1419 1098 1592 1126 Describitur
1607 1098 1652 1127 hic
1667 1098 1800 1126 iudicium
1816 1098 2052 1128 condemnationis
2066 1099 2146 1128 Chri-

1294 1145 1342 1178 sti,
1364 1144 1439 1181 quod
1459 1145 1572 1182 quidem
1593 1145 1762 1173 describitur
1785 1145 1837 1173 hoc
1857 1145 1962 1174 ordine.
1985 1145 2076 1174 Primo
2096 1154 2146 1175 no-

1294 1194 1370 1220 tatur
1392 1191 1447 1220 loci
1467 1195 1493 1220 et
1513 1192 1651 1229 temporis
1666 1192 1893 1220 circumstantia
1900 1202 1910 1225 ,·
1931 1192 2061 1227 secundo,
2077 1201 2144 1221 cou-

1294 1238 1489 1267 dcmuatiouis
1511 1247 1622 1272 causa,·
1645 1239 1726 1267 tertio
1748 1247 1827 1273 vero,
1849 1239 1915 1276 ipsa
1936 1239 2084 1268 sententia.

1373 1285 1462 1321 (Vers.
1487 1285 1553 1321 13.).
1576 1286 1669 1314 Locus
1690 1288 1816 1319 notatur,
1839 1293 1903 1314 cum
1924 1285 2005 1313 dicit:
2027 1285 2145 1314 Pilatus

1294 1341 1377 1369 erpo,
1400 1341 1468 1361 cum
1489 1333 1619 1361 audisset
1640 1331 1692 1360 lios
1712 1341 1867 1361 sermones
1897 1332 1926 1360 In
1946 1340 2003 1369 quo
2021 1335 2144 1367 notatur,

1294 1379 1369 1416 quod
1383 1379 1442 1415 ipse
1464 1379 1517 1407 iam
1534 1379 1671 1408 ceciderat
1684 1388 1700 1408 a
1721 1380 1794 1408 iusta
1810 1379 1951 1408 voluntate
1967 1379 2065 1408 timore
2079 1379 2145 1408 Cae—

1294 1426 1379 1460 saris,
1402 1426 1480 1462 quasi
1502 1426 1594 1454 dicat:
1623 1426 1722 1455 timore
1744 1426 1927 1463 perterritum
1956 1426 2084 1455 adduxit
2104 1427 2145 1456 Ie-

1293 1481 1362 1500 sum
1381 1471 1484 1509 foras,
1507 1472 1531 1501 id
1555 1473 1647 1501 estad
1670 1473 1760 1501 locun]
1777 1473 1933 1509 publicum;
1956 1473 2017 1502 ideo
2044 1471 2144 1510 foras,

1293 1523 1325 1548 ut
1346 1520 1373 1547 in
1405 1523 1555 1556 conspectu
1577 1520 1702 1548 omnium
1734 1519 1975 1548 condemnaretur.
2009 1521 2043 1548 Et
2073 1520 2146 1549 sedit

1290 1575 1347 1603 pro
1368 1566 1514 1594 tribunali
1527 1567 1559 1595 in
1573 1567 1646 1601 loco,
1662 1567 1714 1604 qui
1727 1567 1838 1595 dicitur
1859 1566 2051 1595 Litltoslratos
2062 1567 2082 1595 ⁶.
2098 1567 2144 1596 llic

1292 1613 1461 1642 describitur
1482 1614 1559 1642 locus
1580 1614 1735 1650 specialiter
1746 1625 1751 1648 ;
1764 1622 1822 1650 pro
1837 1613 1997 1648 tribunali,
2012 1614 2040 1642 id
2054 1617 2096 1643 est
2116 1614 2144 1643 in

1292 1660 1421 1689 iudiciali.
1445 1660 1587 1689 Tribunat
1607 1661 1680 1689 enim
1695 1663 1737 1689 est
1758 1661 1894 1695 iudicum,
1909 1661 2016 1690 solium
2031 1669 2143 1699 regum,

1292 1706 1339 1735 sed
1361 1706 1501 1736 cathedra
1522 1707 1677 1736 doctorum.
1701 1707 1814 1742 Latios,
1838 1708 1910 1737 sicut
1930 1708 1997 1737 dicit
2017 1708 2111 1737 Victor
2123 1709 2143 1743 ⁷,

1356 1908 1365 1921 ³
1383 1910 1429 1933 Cir.
1445 1917 1515 1938 supra
1538 1916 1591 1938 pag.
1610 1910 1666 1937 275,
1684 1913 1736 1932 nota
1755 1910 1791 1932 tl.
1811 1910 1869 1932 Vide
1886 1910 1910 1932 B.
1928 1909 2012 1932 Albert.
2031 1909 2064 1939 (in
2081 1911 2143 1937 hunc

1294 1949 1394 1978 locum),
1411 1950 1450 1978 qui
1468 1952 1591 1978 utramque
1612 1949 1780 1977 expositionem
1802 1950 1867 1971 affert
1891 1951 1913 1972 et
1937 1949 2053 1977 adiungit,
2079 1949 2143 1978 quod

1293 1988 1368 2015 prima
1387 1988 1422 2017 (ex
1440 1988 1518 2010 Glossa
1536 1987 1675 2016 ordinaria,
1701 1988 1767 2010 cuius
1792 1987 1864 2010 verba
1881 1988 1997 2010 extensius
2014 1988 2141 2011 secundum

1293 2028 1391 2054 August.
1416 2027 1600 2056 proposuimus),
1618 2030 1640 2049 et
1657 2028 1759 2049 secunda
1785 2027 1905 2055 explicatio
1926 2035 1936 2047 α
1949 2027 1971 2049 111
1988 2027 2050 2050 idem
2067 2033 2143 2050 reverv

1293 2066 1347 2088 titur
1359 2074 1381 2088 ν,

1355 2104 1364 2117 ³
1383 2106 1446 2127 Vcrs.
1465 2105 1502 2127 25.
1519 2117 1550 2121 ——
1567 2105 1676 2133 Sequitur
1688 2105 1765 2127 Matth.
1778 2106 1820 2132 10,
1833 2105 1870 2127 28.
1881 2117 1913 2121 -
1924 2105 2034 2133 August„
2045 2105 2068 2127 in
2080 2105 2143 2127 10311.

1292 2144 1381 2171 Evang.
1399 2146 1426 2165 tr.
1444 2143 1497 2165 116.
1514 2150 1538 2165 n.
1554 2143 1581 2165 7:
1605 2144 1669 2166 Nunc
1693 2150 1749 2166 vero
1772 2150 1817 2166 non
1841 2144 1874 2166 sic
1896 2143 1972 2171 potuit
1993 2145 2142 2166 contemnere

1292 2182 1427 2209 Caesarem,
1453 2184 1570 2204 auctorem
1596 2183 1714 2210 potestatis
1739 2189 1807 2210 suae,
1832 2182 2033 2211 quemadmodum
2055 2183 2141 2210 Legem

1292 2222 1366 2249 gentis
1384 2222 1469 2244 alienae
1487 2221 1538 2251 [011.
1556 2228 1626 2249 supra
1645 2229 1667 2243 v.
1685 2222 1707 2244 7.
1724 2222 1810 2251 seqq.].

1354 2259 1363 2272 ⁶
1381 2261 1479 2288 Vulgata
1497 2260 1587 2283 Pilatus
1605 2262 1692 2283 autem.
1711 2261 1756 2284 Csr.
1774 2267 1844 2289 supra
1863 2266 1882 2283 c.
1902 2261 1939 2283 18.
1957 2267 1982 2283 n.
1998 2260 2035 2283 70.

1354 2298 1364 2311 ⁶
1381 2300 1480 2327 Vulgata
1505 2299 1660 2323 Litltostrotos
1683 2298 1872 2329 [Λιθόστρωτος,
1898 2299 1962 2328 quod
1987 2299 2106 2321 derivatur
2128 2305 2141 2321 a

1291 2336 1368 2366 λίθος,
1387 2338 1401 2360 i.
1418 2345 1438 2360 e.
1455 2339 1524 2366 lapis,
1542 2341 1564 2361 et
1581 2338 1721 2368 στρώννυμι,
1740 2339 1754 2361 i.
1771 2345 1791 2361 e.
1809 2342 1900 2366 sterno,
1912 2339 2012 2367 ideoque
2024 2338 2141 2361 lithostro-

1291 2379 1326 2400 tos
1344 2378 1404 2400 idem
1420 2381 1454 2400 est
1465 2384 1492 2400 30
1503 2378 1620 2406 lapidibus
1632 2378 1735 2408 stratus].
1747 2378 1839 2405 lsidor.,
1852 2378 1913 2400 XIX.
1925 2378 2053 2406 Etymolog.
2065 2384 2086 2400 0.
2099 2377 2140 2400 lt:

1291 2417 1435 2440 Litltostrota
1452 2421 1505 2439 sunt
1521 2417 1637 2440 elaborata
1655 2421 1703 2440 arte
1720 2418 1825 2445 picturae
1841 2418 1945 2445 parvulis
1961 2417 2044 2439 crustis
2060 2423 2087 2439 30
2099 2420 2141 2439 tes-

1291 2456 1350 2478 sellis
1368 2457 1441 2478 tinctis
1458 2456 1481 2478 in
1493 2457 1570 2479 varios
1581 2457 1678 2479 colores.
1693 2456 1788 2479 Tesselli
1799 2460 1875 2478 aulem
1887 2462 1900 2478 a
1912 2456 2004 2479 tesseris
2016 2456 2140 2483 nominati,

1291 2495 1314 2516 id
1332 2498 1366 2517 est
1383 2495 1501 2523 quadratis
1519 2494 1611 2523 la‘pillis,
1629 2502 1671 2523 per
1688 2495 1874 2517 diminutionem.
1891 2495 1935 2517 Csr.
1953 2495 2021 2522 Ptin„
2034 2494 2140 2517 XXXVI.

1294 2534 1342 2555 Nat.
1360 2534 1443 2556 Histor.
1461 2540 1480 2556 0.
1499 2534 1537 2556 60.
1553 2536 1576 2556 et
1597 2534 1634 2556 64.
1653 2534 1717 2560 (31135
1740 2534 1795 2562 25,).
1819 2534 1879 2557 Vide
1896 2535 1918 2556 S.
1942 2534 2038 2560 Thom.,
2056 2533 2140 2556 Catena

1292 2578 1362 2594 aurea
1380 2573 1402 2594 in
1420 2574 1481 2595 ioan.
1499 2573 1536 2595 19.
1553 2579 1576 2595 n.
1595 2573 1620 2595 42
1638 2573 1712 2595 Beda:
1730 2573 1887 2596 Lithostratos
1904 2576 1981 2595 autem
1999 2573 2082 2595 dicitur
2099 2578 2140 2600 pa-

1290 2612 1418 2634 vimentum
1437 2612 1503 2640 quasi
1520 2612 1596 2640 lapide
1618 2616 1728 2639 stratum;
1746 2616 1768 2635 et
1790 2615 1838 2635 erat
1861 2613 1925 2635 locus
1946 2611 2060 2634 sublimis.
2081 2610 2139 2634 lbid.

1290 2652 1413 2674 adducitur
1430 2651 1498 2673 etiam
1516 2652 1632 2680 quaedam
1652 2651 1751 2675 Glossa:
1769 2652 1833 2674 Sicut
1849 2652 1911 2674 enim
1934 2651 2033 2673 tribunal
2055 2653 2089 2673 est
2105 2651 2140 2673 iu-

1290 2690 1381 2718 dicum,
1398 2691 1430 2713 sic
1448 2692 1544 2713 thronus
1561 2692 1597 2713 vel
1615 2691 1698 2713 solium
1716 2697 1798 2719 regum
1817 2694 1839 2713 et
1855 2691 1964 2713 cathedra
1980 2690 2110 2712 doctorum.

1352 2728 1360 2741 ⁷
1380 2729 1426 2752 Csr.
1443 2736 1513 2757 supra
1531 2736 1584 2758 pag.
1604 2730 1663 2757 275,
1684 2733 1736 2752 nota
1756 2730 1793 2752 Μ.
1816 2730 1894 2752 Glossa
1917 2728 2091 2752 interlinearis:
2109 2729 2140 2752 Et

1288 2767 1347 2791 sedit
1361 2774 1408 2798 pro
1425 2768 1553 2796 tribunali,
1571 2775 1614 2796 pro
1630 2769 1709 2791 iudice
1718 2769 1754 2791 vel
1766 2769 1789 2790 in
1801 2774 1857 2791 seue
1869 2767 2025 2797 [iudiciaria],
2038 2767 2062 2790 iu
2074 2767 2137 2796 loco,

1289 2807 1330 2837 qui
1346 2807 1433 2831 dicitur
1451 2807 1620 2836 Lithostratos,
1638 2808 1660 2830 id
1678 2811 1712 2830 est
1723 2808 1834 2830 iudicium
1847 2808 1884 2830 vel
1894 2807 2014 2835 iudiciale,
2025 2806 2139 2830 Hebraice

1288 2848 1368 2869 autem
1385 2846 1519 2874 Galabatha,
1542 2847 1564 2869 id
1581 2850 1615 2869 est
1631 2847 1693 2869 001115
1710 2848 1745 2869 vel
1764 2847 1892 2869 sublimitas
1908 2846 1960 2876 [011.
1973 2846 2137 2874 Origenianum

1289 2886 1386 2908 Lexicon
1403 2886 1523 2908 nominum
1542 2886 1708 2908 Hebraicorum
1732 2889 1787 2912 etc.,
1805 2886 1869 2914 quod
1892 2885 1989 2908 habetur
2007 2886 2028 2907 in
2051 2891 2138 2913 appen-

1289 2925 1340 2947 dice
1358 2928 1413 2947 tom.
1430 2926 1452 2947 3.
1469 2932 1566 2953 operum
1585 2926 1690 2952 llieron.,
1708 2925 1747 2948 ubi
1770 2925 1899 2947 secundum
1921 2924 2137 2954 interpretationem

1290 2964 1400 2987 Latinam
1422 2963 1542 2986 Gabbatlia
1564 2965 1626 2987 idem
1649 2968 1683 2987 est
1705 2971 1732 2987 ac
1755 2963 1871 2993 lapidibus
1887 2966 1983 2992 stratus,
2006 2962 2137 2986 secundum

2162 1432 2227 1451 Locus.

2163 1083 2204 1100 tria.
2276 1081 2278 1105 1
2292 1090 2296 1102 1

2276 1111 2279 1122 i

2276 1141 2277 1183 l
2289 1155 2296 1173 t

2173 1291 2240 1315 Primo,
2251 1293 2265 1312 lo
2276 1278 2277 1282 Ἰ

2162 1320 2194 1334 cus
2206 1317 2224 1335 et
2234 1317 2265 1335 tem
