2296 3316
277 418 349 444 Duplex
357 422 411 441 expo

318 444 368 459 51110.

344 1539 401 1563 Resp.

424 194 479 222 506

501 271 527 299 9,
550 271 638 307 (Vers.
661 270 709 305 8.).
744 270 823 298 Tune
843 276 913 305 erqo
934 267 1067 296 introivit
1087 271 1113 296 et
1131 267 1176 296 itte
1191 266 1270 295 attus

421 317 601 354 disciputus,
623 316 676 354 qui
701 316 777 344 venit
801 314 921 352 primus
935 316 943 331 ¹
965 314 1005 343 act
1032 317 1268 347 monumentum,

421 364 523 393 scilicet
544 363 672 399 exemplo
694 357 778 396 Petri,
800 365 826 390 et
845 360 932 395 vidit,
948 369 1019 398 quae
1035 360 1175 397 praedicta
1190 362 1268 394 sunt,

420 415 446 439 et
459 410 589 438 predicta.
606 425 642 430 —-
655 408 707 437 Sed
721 408 801 437 aliter
816 407 967 446 exponitur
982 406 1135 436 secundum
1150 406 1269 442 Chryso-

421 461 556 490 stomum,
578 456 658 484 aliter
673 455 826 484 secundum
845 454 1039 492 Augustinum.
1061 453 1129 481 Nam
1150 452 1269 489 Chryso-

421 507 527 532 stomus
539 503 549 519 2
564 502 695 539 exponit:
710 501 851 535 credidit,
865 508 930 530 eum
945 500 1049 529 scilicet
1063 499 1267 533 resurrexisse;

420 554 447 579 et
468 552 664 587 argumentum
687 549 785 577 habuit
805 556 842 577 ex
863 548 928 581 hoc,
950 547 1025 584 quod
1056 546 1078 575 si
1100 546 1201 583 aliquis
1222 554 1269 574 su-

420 597 558 631 stulisset,
579 604 633 624 11011
655 596 694 624 516
721 595 814 624 omnia
843 589 968 624 ordinate
997 594 1171 631 reliquisset,
1197 601 1269 630 quae

420 647 499 673 erant
520 644 607 681 magis
628 643 707 672 utilia
728 650 811 680 quam
833 649 944 678 corpus.
966 640 1159 678 Augustinus⁸
1174 643 1268 669 autem

420 691 500 719 aliter
521 689 650 727 exponit:
673 689 813 723 eredidit,
836 688 939 717 scilicet
970 695 1073 724 corpus
1094 694 1153 716 esse
1175 686 1269 715 subla-

422 741 495 772 tum,
517 737 590 766 sicut
610 737 712 766 mulier
733 736 860 770 dixerat;
881 738 909 764 et
930 735 982 764 hoc
1003 735 1103 772 probat
1124 742 1174 771 per
1196 734 1268 762 11116-

421 793 479 814 ram
502 787 680 822 sequentem:

501 834 544 862 10.
566 833 655 870 (Vers.
682 832 730 868 9.).
760 831 898 860 Nondum
929 830 1005 858 enim
1036 829 1166 858 sciebat*
1189 829 1268 858 Seri-

417 871 559 918 pturan'z,
581 880 652 918 quia
674 882 781 917 oportet
802 887 868 907 eam
889 886 909 906 a
938 877 1065 906 mortuis
1096 885 1268 914 resurgere;

421 928 480 957 ideo
502 936 556 956 non
587 926 703 956 credidit
731 924 937 959 resurrexisse,
959 924 1006 953 sed
1035 923 1176 953 sublatum
1198 931 1267 952 esse.

421 991 456 996 —
478 975 596 1008 Tamen,
618 973 641 1002 si
662 973 780 1001 velimus
802 975 896 1001 tenere
921 971 1122 1008 expositionem
1149 970 1269 1007 Chryso-

421 1021 501 1051 stomi
520 1021 541 1055 ⁵,
570 1020 662 1049 littera
688 1027 808 1056 sequens
839 1019 878 1047 516
906 1018 1105 1047 continuatur:
1140 1017 1218 1046 Vidit
1244 1021 1270 1046 et

419 1068 558 1101 credidit,
580 1067 607 1095 id
629 1069 686 1100 est,
708 1068 774 1094 tunc
796 1065 886 1102 primo
907 1072 943 1093 ex
966 1064 1027 1093 visu
1049 1063 1180 1098 credidit,
1203 1063 1269 1100 quia

419 1117 482 1143 ante
513 1122 567 1143 non
599 1113 744 1147 credebat;
776 1112 908 1141 nondum
939 1111 1016 1140 enim
1043 1110 1153 1139 sciebat
1188 1110 1268 1139 Scrz'-

416 1166 548 1199 ptttram.

739 1255 944 1291 QUAEsrioNEs.

499 1351 542 1378 11.
565 1350 676 1386 Quaest.
699 1349 716 1377 1.
739 1349 790 1378 Sed
822 1348 968 1386 quaeritur
1001 1348 1045 1376 1116
1074 1347 1180 1384 primo:
1204 1354 1269 1375 cum

418 1397 486 1426 aliae
508 1396 640 1425 mulieres
661 1404 725 1425 cum
754 1395 911 1433 Magdalena
940 1395 1079 1423 venissent
1106 1394 1139 1422 ad
1168 1401 1268 1422 monu-

419 1446 552 1478 mentum,
568 1446 681 1480 propter
697 1443 763 1480 quid
779 1445 886 1471 tantum
902 1442 935 1470 de
950 1450 982 1470 ea
997 1441 1121 1478 loquitur
1136 1441 1269 1469 Ioannes?

497 1491 651 1528 Respondet
671 1490 841 1527 Augustinus
862 1490 890 1518 in
906 1489 988 1517 tertio
1009 1488 1080 1517 libro
1101 1488 1135 1517 de
1149 1488 1269 1516 Concor-

419 1538 464 1567 dia
478 1538 715 1575 Evangelistarum
727 1537 753 1565 ⁶:
781 1549 794 1562 «
809 1536 909 1570 Maria,
931 1536 1037 1573 inquit,
1053 1535 1211 1572 Magdalena
1225 1542 1269 1564 ce-

419 1585 486 1614 teris
506 1585 687 1619 mulieribus,
709 1592 781 1622 quae
802 1584 918 1612 Domino
943 1583 1185 1617 ministraverant,
1206 1582 1269 1619 plu-

419 1632 521 1661 rimum
553 1632 704 1661 ferventior
735 1634 813 1665 erat3
842 1633 957 1668 propter
989 1630 1063 1667 quod
1095 1629 1181 1658 solam
1213 1637 1269 1658 non

480 1818 488 1830 ¹
508 1819 619 1846 Vulgata:
637 1819 659 1841 et
675 1817 715 1841 itte
731 1817 875 1847 disciputus,
894 1817 935 1847 qui
951 1818 1049 1840 venerat
1056 1817 1153 1846 primus
1167 1817 1213 1846 (ed.
1226 1816 1269 1846 qui

419 1859 515 1881 venerat
527 1857 598 1887 prius
617 1856 728 1887 [nonnulli
746 1857 815 1880 codd.
836 1856 923 1879 habent
945 1857 1014 1879 etiam
1028 1856 1108 1886 prius]
1126 1856 1164 1880 vet
1177 1856 1268 1886 prior).

417 1910 448 1914 —-
465 1898 589 1924 NotamuS,
603 1897 667 1926 quod
684 1896 814 1919 secundum
831 1897 953 1919 nonnullos
970 1896 1044 1918 verba
1055 1897 1076 1919 et
1088 1895 1198 1924 credidit,
1213 1902 1267 1923 non,

418 1940 442 1960 ut
458 1937 540 1959 volunt
555 1936 680 1964 chrysost„
697 1936 794 1964 Cyrillus
810 1936 930 1958 Alexandr.
943 1939 998 1964 etc„
1011 1936 1109 1959 Petrum
1120 1937 1143 1959 et
1153 1936 1268 1959 Ioannem

418 1976 555 2004 respiciant,
572 1975 614 1998 sed
631 1975 706 1998 solum
732 1975 853 2002 loannem,
870 1974 909 2003 qui
927 1974 1053 1997 credidisse
1070 1974 1154 1997 dicitur
1174 1974 1268 1997 Domini

417 2014 611 2038 resurrectionem
629 2014 681 2043 (cfr.
697 2014 792 2036 inferius
809 2014 944 2036 sententiam
961 2014 1077 2043 August.).

480 2053 490 2066 2
508 2055 530 2077 ln
548 2055 609 2077 ioan.
627 2054 706 2077 homil.
732 2053 768 2076 85.
793 2052 857 2082 (alias
875 2052 921 2081 84.)
947 2059 970 2075 n.
996 2053 1022 2075 4:
1043 2062 1054 2073 ι(
1066 2053 1095 2075 Ut
1115 2053 1204 2080 discas,
1221 2059 1267 2075 non

418 2094 550 2116 festinanter
567 2096 589 2116 et
606 2093 747 2116 tumultuose
763 2094 807 2115 hoc
833 2093 916 2115 sactum
943 2098 1006 2119 esse,
1025 2095 1049 2114 ut
1066 2093 1124 2115 haec
1140 2092 1267 2120 separatim

417 2133 524 2161 iacerent,
541 2135 564 2155 et
580 2133 617 2155 illa
634 2132 731 2155 seorsim
749 2131 864 2160 involuta;
882 2131 934 2153 hinc
951 2131 1013 2153 enim
1032 2131 1129 2158 sactum,
1147 2133 1172 2153 ut
1187 2137 1267 2154 resar-

417 2172 544 2195 rectionem
555 2171 708 2195 crederent».
721 2171 754 2193 De
765 2173 903 2199 argumento
920 2170 999 2193 addito
1011 2171 1052 2193 cir.
1064 2176 1134 2198 supra
1146 2177 1201 2199 pag.
1213 2170 1267 2198 505,

417 2213 471 2233 nota
489 2211 526 2233 12.

480 2247 489 2261 ³
507 2250 531 2272 ln
549 2249 610 2272 loan.
626 2250 716 2277 Evang.
740 2252 769 2271 tr.
796 2249 848 2271 420.
865 2255 887 2271 n.
905 2249 932 2271 9:
948 2248 990 2271 Hic
1007 2248 1110 2271 nonnulli
1135 2254 1219 2276 parum
1237 2251 1267 2271 at-

417 2288 535 2311 tendentes
547 2291 641 2316 putant,
653 2289 697 2311 1106
709 2289 816 2310 loannem
829 2288 967 2316 credidisse,
979 2288 1044 2317 quod
1056 2289 1119 2310 lesus
1130 2288 1266 2316 resurrexit;

417 2328 459 2350 sed
475 2328 540 2357 quod
557 2328 662 2357 sequitur
679 2329 723 2350 hoc
740 2333 786 2350 non
804 2327 897 2350 indicat.
916 2327 976 2356 Quid
993 2326 1037 2350 sibi
1054 2327 1116 2349 enim
1128 2328 1190 2354 vult,
1202 2327 1267 2356 quod

417 2367 495 2390 statim
512 2367 626 2389 adiunxit:
651 2365 765 2390 Nondum
789 2365 852 2389 enim
876 2365 981 2389 sciebant
1006 2365 1183 2395 scripturam...
1206 2366 1267 2395 Quid

417 2412 474 2434 ergo
491 2406 560 2434 vidit,
577 2406 635 2435 quid
646 2405 760 2429 credidit?
783 2405 843 2429 Vidit
859 2406 945 2428 scilicet
957 2406 1026 2428 inane
1038 2408 1229 2432 monumentum
1247 2406 1269 2428 et

418 2444 518 2468 credidit
533 2445 598 2474 quod
615 2445 704 2468 dixerat
720 2445 814 2472 mulier,
832 2451 885 2468 eum
904 2445 933 2467 de
956 2447 1108 2467 monumento
1125 2450 1176 2467 esse
1193 2444 1267 2467 subla-

418 2488 476 2507 tum.
492 2484 538 2507 Cir.
554 2485 658 2513 Gregor.,
675 2485 700 2507 11.
717 2485 800 2507 11011111.
817 2485 841 2507 111
858 2485 945 2512 Evang.
964 2484 1042 2507 homil.
1060 2485 1097 2506 22.
1110 2490 1133 2506 n.
1150 2484 1173 2506 5.

480 2522 490 2535 ⁴³
507 2524 606 2551 Vulgata
622 2522 737 2551 sciebant,
755 2530 816 2552 quae
831 2524 901 2546 etiam
923 2522 1022 2546 subinde
1047 2529 1090 2551 pro
1107 2524 1200 2553 oportet
1220 2522 1267 2551 (ed.

417 2568 471 2585 cum
488 2563 592 2585 Gorrano
609 2562 735 2592 oporteret)
754 2562 871 2585 substituit
888 2562 1011 2592 oportebat
1028 2562 1066 2591 (ita
1080 2563 1149 2585 etiam
1167 2562 1203 2591 C).

481 2600 490 2613 ⁵
508 2602 567 2624 Vide
584 2608 606 2624 n.
624 2602 646 2624 9.

480 2639 490 2652 ⁶
507 2640 563 2669 Cap.
581 2641 617 2664 24.
635 2648 658 2664 n.
677 2642 714 2664 69.

481 2678 489 2692 ⁷
510 2681 574 2703 Vers.
594 2682 616 2703 1.

480 2717 490 2731 ⁹
507 2719 568 2742 Libr.
585 2721 618 2743 111.
635 2720 665 2743 de
690 2720 809 2743 Consensu
835 2721 972 2749 Evangelist.
991 2727 1010 2743 c.
1028 2720 1067 2743 24.
1083 2727 1105 2743 n.
1124 2720 1163 2742 65.
1185 2721 1194 2742 1
1217 2722 1267 2742 ”tus

418 2759 537 2788 originalis
554 2760 620 2788 plura
637 2760 759 2783 interserIt.
778 2761 821 2783 Pro
846 2760 888 2783 dat
911 2759 1042 2790 intelliqere
1063 2760 1141 2788 plures
1158 2759 1228 2782 codd.
1245 2762 1267 2782 et

418 2799 536 2821 Gorranus
560 2798 602 2822 dat
623 2798 728 2828 intettz'qi.
747 2800 779 2821 De
803 2799 947 2829 synecdoche
972 2800 1014 2821 cfr.
1039 2805 1111 2827 supra
1134 2804 1187 2826 pag.
1206 2798 1265 2825 254,

418 2840 472 2860 nota
490 2838 510 2859 2.
529 2840 551 2860 et
568 2844 622 2865 pag.
640 2837 696 2866 405,
714 2841 766 2860 nota
785 2839 806 2860 8.

481 2874 491 2887 ⁹
508 2876 583 2903 Beda,
600 2876 625 2898 111
636 2877 714 2899 Matth.
733 2877 775 2905 28,
794 2878 819 2899 i:
836 2877 939 2905 Vespere
962 2877 1057 2906 quidem
1075 2875 1170 2899 Sabbati
1189 2876 1267 2898 venire

419 2918 558 2943 coeperunt,
576 2916 617 2938 sed
634 2916 764 2938 lucescente
789 2922 856 2939 mane
882 2916 905 2938 in
927 2916 1002 2944 prima
1020 2915 1128 2944 sabbati,
1146 2915 1176 2938 ad
1192 2916 1267 2943 sepul-

419 2960 484 2976 crum
502 2957 669 2982 pervenerunt,
687 2955 710 2977 id
723 2957 767 2983 651,
780 2961 878 2983 vespere
895 2958 997 2977 aromata
1010 2956 1164 2983 paraverunt,
1175 2954 1216 2977 sed
1228 2960 1268 2982 pa-

419 2996 467 3015 rata
484 2999 553 3016 mane
569 2993 599 3016 ad
616 2994 750 3022 sepulcrum
776 2994 918 3021 detulerunt,
941 2994 1005 3024 quod
1026 2994 1153 3017 Matthaeus
1170 2994 1267 3022 quidem

1035 189 1205 218 COMMENT.
1228 189 1260 217 IN
1281 188 1427 217 IOANNEM
1449 188 1477 216 C.
1500 188 1554 216 XX.

1326 265 1465 295 immerito
1488 266 1600 294 Ioannes
1622 265 1863 300 commemoravit,
1895 265 1985 294 tacitis
2005 265 2080 299 aliis,
2102 272 2173 302 quae

1326 320 1390 341 cum
1413 320 1445 341 ea
1465 312 1594 346 fuerunt,
1617 312 1689 341 sicut
1709 311 1755 340 alii
1778 314 1914 340 testantur
1929 323 1955 340 ».

1408 360 1452 388 12.
1474 359 1584 396 Quaest.
1608 359 1636 387 11.
1660 359 1726 388 116111
1748 359 1895 396 quaeritur
1915 359 2017 388 dehoc
2038 359 2110 396 quod
2133 359 2173 387 di-

1326 406 1378 434 cit:
1400 406 1485 434 Mane
1505 405 1580 434 venit
1602 406 1642 434 att
1662 408 1892 434 monumentum.
1908 422 1946 426 —
1969 405 2092 434 Contra.-
2108 406 2174 434 Mat-

1327 453 1399 482 thaei
1422 453 1553 490 vigesimo
1574 453 1693 481 octavo⁷
1714 452 1833 487 dicitur,
1854 452 1929 490 quod
1959 461 2073 490 vespere
2094 461 2174 481 veae-

1326 503 1397 528 runt
1418 499 1514 528 videre
1534 500 1711 537 sepulerum.

1405 547 1559 583 Respondet
1580 546 1773 583 Augustinus⁸
1794 546 1904 581 dicens,
1926 546 2001 584 quod
2027 558 2041 572 «ι
2058 554 2173 584 vespere
2190 548 2280 576 noant-³

1327 592 1449 622 Sabbata·
1468 593 1540 622 idem
1562 596 1619 628 est,
1642 593 1715 630 quod
1737 595 1817 622 nocte
1838 593 1946 622 Sabbati
1959 603 1986 627 »3
2001 595 2029 622 et
2043 593 2096 622 hoc
2110 601 2174 630 pro-

1325 640 1387 674 bat,
1410 640 1484 677 quod
1506 640 1544 669 ita
1557 639 1639 669 debet
1652 640 1783 677 intelligi,
1798 648 1848 677 per
1864 640 1984 669 litteram
1999 643 2173 677 sequentem:

1330 698 1343 712 c<
1359 695 1434 725 qaae
1455 686 1573 716 lucescit
1593 687 1625 715 tn
1649 687 1753 724 prima
1775 686 1914 721 Sabbati;
1935 687 2009 724 quod
2037 686 2097 716 fieri
2119 694 2174 715 non

1326 736 1431 771 potest,
1453 733 1475 762 si
1498 734 1588 762 solum
1610 733 1699 763 noctis
1730 733 1838 763 initium
1869 733 2105 768 intellexerimus;
2128 733 2175 763 sed

1325 790 1446 819 vespera
1476 789 1526 818 per
1556 781 1748 818 synecdochen
1784 785 1894 810 noctem
1928 781 1974 810 dat
2005 781 2174 818 intelligere,

1325 836 1397 866 quae
1418 829 1480 857 luce
1508 828 1604 865 incipit
1631 828 1817 857 terminari».
1839 845 1878 849 ——
1898 828 1970 857 Alii⁹
1991 827 2174 865 respondent,
2196 832 2269 858 nesii-³

1325 875 1400 912 quod
1421 875 1488 904 illud
1510 875 1616 904 dictum
1636 878 1694 909 est,
1716 875 1782 912 quia
1802 883 1923 912 vespera.
1937 877 2176 912 praeparaverunt

1325 930 1354 951 se
1376 922 1492 951 emendo
1519 925 1657 956 aromata,
1679 922 1728 951 sed
1755 930 1842 951 mane
1869 922 1993 951 diluculo
2021 924 2174 956 venerunt,

1325 970 1398 999 sicut
1418 969 1484 998 dicit
1506 970 1627 999 loannes.

1407 1016 1450 1045 13.
1473 1017 1585 1053 Quaest.
1608 1017 1648 1045 111.
1681 1017 1764 1051 116111,
1787 1016 1853 1054 quid
1882 1019 1924 1045 est
1951 1016 2026 1053 quod
2057 1016 2175 1045 dicitur:

1327 1063 1401 1092 Cam
1432 1063 1530 1093 adhue
1561 1063 1693 1092 tenebrae
1723 1067 1829 1098 essent,
1859 1063 1925 1101 quia
1955 1063 2039 1092 Marci
2069 1063 2176 1092 decimo

1325 1113 1406 1139 sexto
1419 1110 1442 1127 ¹⁰
1462 1110 1580 1139 dicitur:
1605 1110 1674 1139 Orto
1696 1110 1758 1139 iam
1777 1110 1856 1139 sote?
2276 1143 2278 1146 Ι

1406 1157 1585 1186 Respoxnno:
1607 1157 1684 1186 Sicut
1704 1157 1771 1186 dicit
1793 1157 1963 1194 Augustinus
1994 1156 2021 1186 in
2050 1157 2121 1186 libro
2141 1157 2176 1186 de
2191 1161 2249 1187 Resp-

1326 1204 1478 1233 Concordia
1499 1204 1736 1242 Evangelistarum
1750 1205 1782 1239 ¹¹,
1804 1204 1847 1233 bis
1862 1204 1937 1233 venit
1952 1204 2051 1233 Maria:
2067 1204 2175 1241 primo,

1325 1254 1475 1289 antequam
1491 1254 1602 1281 vocaret
1616 1251 1782 1289 discipulos,
1804 1255 1832 1281 et
1853 1254 1948 1289 postea
1962 1251 2065 1281 iterum
2081 1251 2175 1287 rediit;

1326 1302 1353 1328 et
1374 1299 1465 1336 primo
1487 1299 1576 1334 venit,
1599 1307 1663 1328 cum
1683 1299 1775 1328 adhuc
1807 1302 1899 1328 essent
1930 1299 2076 1333 tenebrae;
2099 1301 2176 1336 post,

1326 1354 1390 1375 cum
1412 1346 1453 1375 sol
1475 1347 1589 1375 luceret.

1409 1394 1452 1422 14.
1475 1394 1585 1430 Quaest.
1608 1394 1650 1422 IV.
1673 1394 1739 1423 Item
1761 1393 1908 1431 quaeritur
1926 1394 1959 1423 de
1981 1393 2033 1423 hoo
2047 1393 2122 1430 quod
2136 1392 2177 1421 di-

1326 1441 1378 1470 cit:
1407 1441 1484 1469 Vz'dz't
1497 1440 1623 1477 lapidem
1644 1440 1808 1469 revolutam
1829 1443 1880 1470 etc.
1897 1458 1935 1462 —
1948 1441 2044 1470 Nonne
2064 1440 2177 1470 maioris

1326 1487 1439 1516 virtutis
1460 1487 1558 1516 fuisset
1579 1495 1612 1515 eo
1627 1487 1721 1516 clauso
1743 1487 1843 1516 exire?
1865 1487 1996 1522 Videtur,
2012 1487 2086 1525 quod
2108 1487 2155 1517 sic.

1406 1534 1437 1562 Et
1458 1534 1622 1568 dicendum,
1644 1534 1719 1571 quod
1747 1534 1883 1563 Dominus
1911 1534 2053 1569 surrexit,
2081 1534 2176 1564 clauso
2191 1538 2249 1562 Resp-

1326 1584 1523 1616 monumento,
1552 1584 1580 1610 et
1607 1581 1676 1610 illud
1703 1584 1832 1618 apertum
1863 1584 1905 1610 est
1936 1582 2113 1619 postmodum
2141 1582 2176 1611 ab

1326 1629 1435 1666 Angelo.
1468 1629 1684 1665 Chrysostomus
1696 1629 1735 1657 ¹2:
1762 1640 1775 1654 «
1791 1629 1922 1658 Surrexit
1942 1629 2071 1666 quidem,
2092 1631 2120 1658 et
2140 1629 2177 1658 la-

1324 1816 1444 1839 brevitatis
1461 1822 1530 1839 causa
1547 1816 1670 1839 obscurius
1687 1816 1777 1844 posuit,
1789 1816 1831 1839 sed
1843 1816 2003 1844 Evangelislae
2020 1816 2069 1845 alii,
2080 1822 2128 1845 quo
2140 1822 2177 1839 or-

1324 1856 1378 1879 dine
1395 1856 1423 1878 sit
1435 1857 1538 1884 sactum,
1555 1855 1685 1878 evidentius
1702 1855 1826 1878 ostendunt
1842 1858 1886 1878 etc.

1388 1893 1407 1907 ¹⁰
1425 1895 1491 1917 Vers.
1508 1896 1531 1917 2.
1548 1895 1589 1917 Ed.
1612 1894 1683 1918 Valde
1699 1901 1770 1917 mane
1786 1894 1889 1923 oriente,
1906 1894 1944 1918 vel
1960 1895 2012 1918 orto
2030 1894 2080 1918 iam
2095 1894 2153 1918 sote.

1389 1934 1407 1947 ¹¹
1425 1934 1486 1957 Libr.
1505 1935 1536 1957 111.
1555 1934 1584 1957 (16
1601 1934 1721 1957 (3005611511
1739 1934 1878 1962 Evangelist.
1896 1940 1917 1957 6.
1934 1934 1971 1957 24.
1989 1941 2012 1957 n.
2032 1935 2074 1961 69,
2097 1940 2177 1957 secun-

1324 1974 1382 1997 dum
1400 1980 1504 1997 sensum.
1520 1974 1546 1996 B.
1563 1973 1657 2001 Albert„
1674 1974 1764 1996 Postilla
1782 1974 1804 1996 in
1822 1974 1882 1996 loan.
1900 1974 1942 2003 20,
1962 1974 1988 2002 1,
2004 1974 2103 1996 eandem
2121 1973 2178 1996 diffi-

1325 2014 1434 2036 cultatem
1451 2013 1560 2042 proponit
1576 2015 1599 2036 et
1615 2013 1753 2042 respondet:
1772 2013 1817 2036 Sed
1835 2013 1864 2036 ad
1890 2014 1934 2036 hoc
1957 2013 2012 2036 dicit
2034 2012 2117 2036 beatus
2133 2013 2177 2036 Au-

1325 2053 1444 2081 gustinus,
1469 2053 1556 2075 scilicet
1580 2053 1645 2082 quod
1670 2053 1706 2075 bis
1731 2053 1794 2075 venit
1821 2053 1890 2076 Maria
1916 2053 2066 2081 Magdalena,
2091 2053 2177 2076 scilicet

1325 2093 1403 2121 primo
1420 2092 1443 2115 in
1461 2092 1574 2120 tenebris,
1591 2096 1614 2115 et
1636 2096 1690 2115 tunc
1715 2093 1834 2122 discessit,
1851 2095 1874 2115 et
1890 2095 1940 2115 orto
1957 2093 2004 2115 iam
2021 2093 2083 2122 sole,
2100 2092 2176 2115 rediit.

1325 2132 1351 2154 Et
1367 2132 1469 2159 primum
1487 2132 1560 2159 tangit
1577 2132 1680 2158 loannes,
1698 2134 1720 2154 et
1736 2132 1866 2154 secundum
1884 2132 1974 2154 Marcus
1990 2134 2033 2154 etc.
2050 2131 2095 2154 Cir.
2107 2131 2176 2154 etiam

1325 2170 1456 2193 Comment,
1473 2170 1497 2192 in
1514 2171 1577 2192 loan.
1594 2170 1638 2193 sub
1657 2171 1750 2193 nomine
1769 2171 1791 2193 S.
1809 2171 1896 2193 Bonav.
1913 2171 1936 2193 in
1953 2170 1990 2193 ed.
2009 2170 2119 2193 Vaticana
2136 2176 2177 2198 pu-

1324 2209 1446 2237 blicatum,
1464 2209 1503 2232 ubi
1522 2210 1554 2238 (in
1571 2215 1592 2232 6.
1609 2210 1647 2232 20.
1670 2216 1692 2232 n.
1717 2210 1749 2239 2.)
1767 2209 1864 2232 dicitur:
1884 2210 1932 2232 «Et
1954 2210 1984 2232 ad
2002 2209 2064 2232 istud
2079 2216 2178 2238 respon-

1325 2249 1428 2272 dendum
1446 2249 1575 2272 secundum
1592 2249 1761 2277 Augustinum,
1778 2249 1843 2278 quod
1860 2249 1929 2271 Maria
1946 2248 1983 2271 his
1999 2248 2074 2276 venit,
2091 2249 2178 2272 scilicet

1324 2288 1408 2317 primo,
1425 2294 1481 2312 cam
1497 2290 1573 2311 essem
1585 2287 1705 2316 tenebrae,
1718 2290 1741 2311 et
1753 2288 1845 2315 deinde,
1857 2289 1909 2311 orto
1921 2287 1982 2316 sote,
1996 2290 2019 2311 et
2030 2290 2085 2311 tunc
2095 2293 2178 2310 renun-

1324 2328 1390 2350 tiavit
1407 2327 1557 2355 discipulis».
1569 2339 1599 2344 —
1611 2327 1653 2350 Ed.
1664 2327 1712 2349 sola
1724 2327 1747 2349 in
1760 2329 1820 2350 textu
1833 2333 1860 2349 cx
1872 2328 1978 2356 August„
1989 2327 2033 2350 loc.
2044 2327 2081 2349 cit.
2099 2333 2122 2349 n.
2139 2325 2176 2349 65.

1325 2368 1382 2390 haec
1393 2367 1468 2389 addit:
1487 2367 1553 2396 Quod
1571 2368 1668 2389 loannes
1685 2367 1753 2389 dicit:
1769 2371 1852 2394 mane,
1864 2372 1920 2390 cam
1930 2365 2010 2390 adhuc
2021 2365 2130 2390 tenebrae
2141 2372 2177 2390 es-

1323 2407 1383 2434 sent,
1396 2407 1439 2428 hoc
1452 2406 1584 2434 intelligitur
1596 2406 1685 2428 Marcus
1697 2405 1786 2433 dicere,
1799 2405 1867 2428 valde
1878 2411 1947 2428 mane
1959 2405 2046 2428 oriente
2057 2405 2104 2427 iam
2116 2405 2177 2433 sole,

1325 2446 1347 2468 id
1365 2447 1410 2473 est,
1430 2451 1483 2468 cum
1501 2446 1591 2467 caelum
1608 2444 1638 2467 ab
1656 2445 1751 2467 orientis
1767 2447 1833 2473 parte
1845 2445 1891 2467 iam
1903 2444 2042 2472 albesceret3
2055 2444 2119 2473 quod
2130 2450 2177 2467 non

1324 2484 1349 2506 111
1366 2484 1446 2513 utique
1463 2484 1508 2507 nisi
1525 2484 1580 2507 solis
1596 2484 1690 2506 orientis
1715 2484 1840 2506 vicinitate.
1866 2483 1920 2506 Ideo
1937 2490 1982 2506 non
2007 2485 2124 2512 repugnat
2145 2483 2176 2506 illi

1324 2523 1365 2552 qui
1382 2523 1425 2551 ait,
1443 2528 1498 2546 cam
1515 2522 1594 2546 adhuc
1611 2521 1721 2546 tenebrae
1737 2524 1821 2545 essent.
1840 2522 1881 2545 Die
1898 2522 1990 2552 quippe,
2001 2524 2123 2550 surgente,
2140 2521 2177 2545 ali-

1324 2568 1385 2591 quae
1410 2562 1521 2591 reliquiae
1546 2561 1695 2584 tenebrarum
1721 2564 1784 2584 tanto
1809 2562 1885 2590 magis
1909 2564 2072 2590 extenuantur,
2089 2564 2176 2590 quanto

1325 2601 1400 2629 magis
1425 2602 1498 2624 oritur
1524 2602 1570 2624 lux.
1586 2602 1633 2624 Nec
1658 2601 1690 2623 sic
1715 2601 1878 2629 accipiendum
1904 2603 1938 2624 est
1959 2600 2024 2630 quod
2045 2600 2089 2623 ait:
2105 2600 2176 2623 valde

1324 2648 1405 2670 mane,
1422 2644 1532 2670 tanquam
1550 2642 1583 2663 sol
1600 2641 1651 2669 ipse
1662 2641 1781 2663 videretur
1792 2641 1838 2663 iam
1850 2647 1920 2669 super
1932 2643 2017 2670 terras,
2033 2641 2074 2663 sed
2086 2641 2176 2669 potius,

1324 2680 1384 2703 sicut
1400 2680 1477 2703 dicere
1493 2681 1595 2703 solemus
1612 2680 1645 2702 eis
1667 2679 1754 2709 quibus
1771 2680 1882 2702 volumus
1901 2680 2033 2708 significare
2049 2679 2176 2708 temperius

1325 2719 1410 2748 ahquid
1428 2719 1568 2741 faciendum.
1585 2719 1643 2742 Cum
1660 2719 1721 2741 enim
1740 2718 1866 2741 dixerimus
1888 2725 1970 2746 mane,
1987 2725 2016 2741 ne
2032 2721 2113 2747 putent
2130 2718 2175 2741 iam

1324 2759 1373 2781 sole
1390 2765 1460 2786 supra
1478 2761 1563 2781 terram
1589 2758 1716 2786 conspicuo
1739 2764 1781 2780 nos
1806 2758 1896 2785 dicere,
1913 2758 1942 2780 ad
1968 2759 2012 2780 1106
2036 2758 2176 2786 plerumque

1324 2798 1434 2820 addimus
1450 2797 1519 2820 valde
1536 2803 1618 2825 mane,
1637 2800 1661 2820 ut
1678 2797 1733 2820 illud
1750 2797 1815 2826 quod
1832 2797 1900 2820 etiam
1919 2796 2050 2819 albescente
2065 2798 2175 2824 vocatur,

1324 2836 1456 2864 intelligant.
1474 2837 1516 2859 Alii
1534 2837 1689 2865 respondent,
1707 2836 1743 2859 bis
1759 2839 1803 2859 etc.
1820 2849 1850 2852 —
1868 2835 1913 2859 Csr.
1930 2836 1987 2858 inira
2004 2842 2028 2858 n.
2045 2836 2083 2858 32.

1388 2874 1407 2887 ¹²
1425 2876 1447 2897 ln
1466 2876 1525 2898 ioan.
1543 2876 1623 2898 homil.
1640 2875 1678 2898 85.
1696 2875 1760 2904 (alias
1778 2875 1824 2904 84.)
1848 2882 1870 2897 n.
1888 2875 1910 2898 4.
1933 2875 1975 2897 l³ro
1992 2873 2122 2898 iacentibus
2143 2875 2175 2903 Η,

1324 2915 1389 2937 card.
1408 2915 1475 2942 nugo
1492 2917 1514 2937 et
1533 2915 1555 2937 S.
1572 2915 1675 2937 Thomas
1697 2915 1720 2937 in
1743 2914 1827 2938 Catena
1850 2921 1919 2937 aurea
1946 2913 2101 2937 invocantibus
2118 2911 2175 2942 (ἐπι-

1325 2953 1450 2983 κειμένων),
1468 2954 1546 2982 plures
1558 2954 1595 2976 alii
1608 2954 1677 2976 codd.
1689 2953 1722 2977 ibi
1733 2953 1871 2981 iacentibus,
1889 2954 1909 2976 M
1921 2959 1933 2975 a
1951 2953 2052 2976 secunda
2070 2959 2141 2976 manu
2153 2955 2175 2975 et
2262 2970 2265 2991 Υ

1325 2993 1348 3015 Β.
1366 2992 1451 3015 Albert.
1469 2993 1627 3016 manentibus.
1644 2993 1690 3016 Csr.
1708 2993 1765 3015 infra
1783 2999 1806 3015 n.
1824 2993 1862 3015 63.
