2296 3316
51 379 142 406 Notantur

76 405 118 421 tna.

3 563 9 587 'l
52 565 140 585 Primum.

32 1480 142 1500 Secundum.

16 1760 83 1779 *Merita
99 1766 144 1784 qua-

59 1786 107 1803 tuor.

52 2087 143 2106 Praemia.

11 2411 12 2414 ’
54 2411 142 2430 Tertium.

731 152 899 182 COMMENT.
922 153 954 181 IN
976 152 1211 181 ECCLESIASTEN
1232 153 1259 181 C.
1283 154 1323 182 IX.

236 231 310 255 Primo
327 230 468 262 ostenditur,
486 230 590 261 quomodo
605 230 657 254 inde
674 230 780 254 nascitur
796 230 917 254 securitas.

236 325 358 354 Primum
372 333 438 362 ergo
452 325 504 354 boc
519 325 615 353 ordine
628 324 795 353 describitur
808 335 813 352 :
833 324 923 360 primo
936 332 1002 360 ergo

158 374 271 400 notatur
291 372 462 401 discernendi
484 380 571 400 cassa
590 371 770 404 sollieitudo;
786 371 906 399 secundo
920 378 1002 404 vero,

159 417 341 447 discretionis
355 418 528 447 incertitudo
539 429 549 452 ,·
564 418 658 452 tertio,
674 417 889 446 incertitudinis
903 417 981 445 ratio
992 427 1002 450 ;

158 467 258 501 quarto
278 467 390 494 notatur
411 473 447 494 ex
469 465 521 494 hoc
541 473 636 493 vanae
656 464 824 493 securitatis
844 464 935 501 oriqo.

236 512 324 548 (Vers.
347 513 390 540 16.
416 512 480 548 17.).
506 512 664 540 Insinuatur
684 511 770 548 igitur
790 510 880 548 primo
900 510 1003 539 discer-

158 557 240 587 nendi
265 567 352 587 cassa
378 559 558 592 sollicitudo,
586 566 657 596 quae
682 558 837 587 sollicitudo
864 557 916 586 fuit
937 557 1002 586 dili-

157 613 244 642 9ens;
264 605 338 634 unde
351 605 435 634 dicit:
459 606 494 634 Et
513 606 641 643 apposui
654 614 704 634 eor
718 613 831 639 meum,
847 604 872 633 id
888 607 942 639 est,
961 604 1002 632 in-

158 651 297 680 tellectum
318 652 456 689 applicui;
478 655 510 680 ut
529 652 634 680 scirem
654 651 847 689 sapientiam,
867 653 1001 688 quantum

157 697 191 726 ad
212 698 374 732 invisibilia,
395 701 420 727 et
448 698 634 736 intelligerem
662 698 875 727 distinctionem
901 706 1002 726 eorum

157 753 232 782 quae
253 749 410 773 versantur
430 745 461 773 in
476 748 572 779 terra,
587 748 722 782 quantum
737 745 771 774 ad
788 745 918 779 visibilia,
938 745 1003 782 quia

157 790 191 819 ad
213 791 347 820 Romanos
367 791 457 828 primo
469 793 497 819 ¹:
525 803 538 817 «
553 791 699 820 Invisibilia
726 792 773 821 Dei
802 800 852 828 per
872 799 912 822 ,ea
931 799 1003 829 quae

157 837 228 866 facta
247 840 328 872 sunt,
348 846 365 866 a
385 841 514 867 creatura
541 838 637 867 mundi
669 838 807 867 intellecta
830 839 1003 875 conspiciun-

159 887 205 913 tur
215 896 241 912 ».
254 884 286 912 Et
300 885 351 913 ista
366 884 520 913 sollicitudo
534 893 621 913 cassa
635 888 685 920 est,
701 885 774 922 quia,
789 889 1003 923 quantumcum-

158 939 212 968 que
233 932 316 960 homo
337 931 458 966 laboret,
480 940 534 961 non
555 935 645 969 potest
664 932 803 967 invenire;
819 933 879 962 ideo
894 933 1001 962 subdit:

159 978 210 1006 Est
230 976 329 1012 homo,
350 978 402 1016 qui
421 978 522 1007 diebus
542 982 568 1007 et
587 979 719 1007 noctibus
732 988 868 1008 somnum
882 989 940 1008 non
954 989 1002 1009 ca-

155 1024 200 1061 pit
219 1024 327 1058 oculis,
348 1024 433 1053 immo
454 1025 560 1054 laborat
581 1026 711 1055 continue
731 1026 765 1055 ad
786 1026 1001 1063 inquirendum;

158 1079 243 1108 supra
263 1071 363 1100 tertio:
389 1083 403 1096 «1
418 1072 478 1100 Vidi
505 1072 697 1107 afflictionem,
726 1081 808 1110 quam
830 1073 904 1102 dedit
929 1074 1003 1102 Deus

158 1118 221 1146 filiis
243 1118 402 1152 hominum,
424 1122 455 1147 ut
476 1119 669 1148 distendantur
690 1120 717 1147 in
743 1127 775 1148 ea
790 1130 815 1153 »ς
842 1123 869 1148 et
891 1120 1001 1149 subdit:

162 1175 176 1189 «
190 1164 294 1193 Cuncta
314 1164 377 1193 fecit
398 1165 470 1193 bona
489 1168 517 1194 et
536 1166 672 1194 mundum
694 1166 805 1195 tradidit
824 1166 1002 1203 disputationi

158 1218 254 1239 eorum
271 1222 297 1245 »;
326 1214 353 1240 et
373 1211 436 1240 licet
455 1214 561 1240 tantum
584 1212 705 1247 laboret,
727 1213 796 1241 nihil
823 1213 941 1250 proficit.
965 1231 1002 1234 -—

1863 159 1895 186 71

1060 229 1120 258 ideo
1147 230 1240 259 subdit
1253 242 1258 258 :
1288 232 1323 259 Et
1350 232 1490 266 intellexi,
1519 234 1596 271 quod
1622 235 1752 263 omniunt
1780 243 1900 273 operum

1060 276 1113 304 Dei
1131 276 1242 305 nullam
1260 278 1354 314 possit
1367 277 1450 307 homo
1465 279 1593 308 invenire
1613 281 1769 316 rationem,
1784 290 1899 315 eorum,

1059 323 1161 352 scilicet
1188 331 1321 360 operum,
1350 333 1424 362 quae
1450 325 1527 361 fiunt
1546 327 1599 354 sub
1627 327 1700 360 sole5
1722 328 1899 356 Ecclesiastici

1058 369 1269 407 quadragesimo
1289 371 1371 399 tertio
1382 372 1393 388 Β
1406 382 1411 399 :
1431 383 1444 396 «
1460 372 1497 400 Ne
1511 372 1655 407 laboretis,
1671 382 1724 402 non
1739 375 1811 403 enim
1827 383 1900 403 com-

1059 415 1235 451 prehendetis
1249 428 1275 444 ».
1300 418 1334 445 Et
1354 421 1463 456 quanto
1482 418 1551 455 plus
1571 418 1747 448 laboraverit
1761 421 1800 449 ad
1814 430 1901 459 quae-

1058 461 1199 496 rendum,
1229 466 1308 491 tanto
1336 464 1436 492 minus
1464 464 1586 493 inveniet
1593 476 1603 498 ,·
1624 466 1696 495 unde
1724 466 1751 495 in
1777 467 1881 496 Psalmo
1894 478 1899 495 ε

1063 519 1077 531 «
1091 508 1205 537 Accedet
1226 509 1308 538 homo
1328 510 1362 538 ad
1381 518 1428 539 cor
1443 511 1546 545 altum,
1561 515 1588 540 et
1602 513 1771 541 exaltabitur
1785 513 1858 542 Deus
1872 526 1900 548 »‚

1059 554 1085 582 id
1113 557 1154 583 est
1180 555 1353 592 elongabitur
1366 568 1371 591 ;
1398 557 1565 594 Augustinus
1578 569 1584 586 :
1617 571 1629 583 «
1646 559 1721 588 Altus
1747 563 1788 589 est
1809 560 1899 595 Deus;

1059 601 1149 630 elevas
1170 605 1212 635 te,
1234 606 1261 631 et
1281 603 1350 640 sugit
1364 612 1380 632 a
1395 608 1439 637 te;
1456 604 1584 633 humilias
1600 609 1640 639 te,
1656 609 1683 634 et
1697 606 1770 635 venit
1784 607 1818 635 ad
1832 610 1859 635 te
1874 619 1899 635 ι».

1060 647 1157 676 Etiam
1171 648 1199 676 si
1211 649 1319 677 disserit
1332 650 1450 686 sapiens
1459 674 1466 684 ,
1482 659 1511 679 se
1525 660 1620 685 nosse,
1635 661 1692 681 non
1704 653 1810 690 poterit
1823 662 1901 692 repe-

1059 694 1137 728 rire,
1159 694 1186 723 id
1206 698 1262 729 est,
1278 696 1299 724 si
1314 704 1343 724 se
1364 697 1457 725 credat
1472 697 1558 732 scire,
1572 698 1664 727 minus
1682 700 1821 737 intelligit,
1837 700 1902 737 quia

1058 741 1160 770 dicitur
1170 742 1203 770 ad
1215 743 1350 771 Romanos
1365 744 1454 779 primo
1466 744 1492 772 ³:
1512 756 1525 768 «
1538 745 1671 780 Dicentes,
1683 754 1711 775 se
1725 755 1784 776 esse
1795 748 1901 784 sapien-

1059 790 1115 821 tes,
1130 788 1207 816 stulti
1221 788 1284 817 facti
1300 792 1365 817 sunt
1376 800 1402 823 »3
1425 797 1510 826 supra
1523 791 1652 827 septimo:
1672 804 1685 816 «
1700 793 1779 821 Dixi:
1795 794 1901 831 sapiens

1059 834 1178 869 efficiar,
1194 838 1221 864 et
1235 836 1294 872 ipsa
1308 836 1416 873 longius
1438 838 1551 866 recessit
1565 846 1581 866 a
1595 846 1638 867 me
1650 851 1675 866 n.
1691 840 1722 867 Et
1737 841 1834 877 repetit
1848 841 1901 870 sol—

1060 881 1238 916 licitudinem,
1253 882 1364 917 addens,
1379 883 1452 920 quod
1467 884 1519 912 fuit
1532 885 1669 918 euriosa;
1683 886 1813 915 adhibere
1828 887 1901 916 enim

1034 952 1038 959 f
1059 927 1286 962 sollicitudinem,
1314 929 1361 957 ubi
1383 938 1438 958 non
1459 933 1500 958 est
1521 931 1639 965 utilitas⁷
1661 935 1702 960 est
1726 933 1870 962 curiositas
1881 936 1900 961 ⁴.

1138 974 1199 1003 Ideo
1219 974 1299 1003 dicit:
1325 975 1430 1005 Omnia
1452 976 1521 1005 haec
1542 979 1669 1007 tractavi
1681 979 1712 1007 in
1726 980 1810 1008 corde
1824 989 1900 1014 ineo,

1060 1024 1093 1048 ut
1113 1021 1298 1058 intelliyerenz
1319 1022 1472 1056 euriose⁵;
1492 1026 1520 1052 et
1544 1024 1596 1053 hoc
1621 1026 1833 1062 reprehenditur
1854 1027 1902 1055 Ec-

1059 1067 1201 1096 clesiastici
1225 1069 1346 1096 tertioss:
1366 1080 1379 1093 «
1396 1070 1423 1097 ln
1445 1071 1623 1107 supervacuis
1644 1072 1728 1101 rebus
1749 1073 1802 1101 noli
1825 1081 1902 1102 scru-

1060 1114 1111 1142 tari
1130 1115 1266 1148 multum,
1288 1118 1315 1143 et
1335 1116 1362 1144 in
1384 1116 1511 1152 pluribus
1532 1118 1662 1154 operibus
1683 1119 1742 1148 eius
1763 1128 1796 1148 ne
1817 1120 1903 1149 fueris

1059 1160 1226 1189 curiosus».
1250 1161 1281 1189 Et
1295 1162 1333 1190 sic
1349 1165 1422 1199 patet
1436 1163 1620 1200 distinguendi
1641 1165 1809 1200 sollicitudo,
1832 1175 1902 1203 quae

1059 1206 1111 1235 fuit
1131 1207 1254 1244 diligens
1274 1211 1301 1236 et
1322 1217 1426 1242 cassa,
1448 1212 1475 1237 et
1497 1209 1556 1238 ideo
1578 1211 1705 1240 curiosa.

922 1323 1082 1352 CAPrrULUM
1104 1324 1144 1352 lx.
1816 1323 1825 1337 “

237 1430 325 1466 (Vers.
351 1432 395 1466 1.).
419 1431 494 1460 Sunt
514 1432 586 1460 iusti
605 1436 691 1471 atque
710 1433 853 1470 sapientes
867 1436 919 1463 etc.
935 1434 1005 1462 Tan—

158 1476 233 1513 gitur
248 1477 293 1505 hic
307 1477 475 1512 secundum,
496 1479 600 1507 scilicet
621 1479 804 1508 discretionis
821 1480 1002 1509 incertitudo.

159 1523 243 1552 Homo
257 1523 330 1553 enim
345 1524 379 1553 de
391 1532 421 1553 se
435 1524 494 1562 ipso
508 1525 611 1560 nescit,
626 1529 722 1555 utrum
738 1526 772 1555 sit
794 1527 877 1555 homo
898 1527 1003 1562 bonus,

159 1570 202 1599 vel
226 1570 331 1605 malus,
353 1571 434 1600 etiam
454 1571 513 1608 ipse
533 1572 630 1601 bonus.
654 1573 801 1610 Propterea
820 1573 903 1602 dicit.-
930 1574 1006 1603 Sunt

160 1617 232 1646 iusti
253 1621 338 1656 atque
358 1618 516 1656 sapientes,
538 1622 566 1647 et
585 1619 624 1647 iia
643 1619 726 1653 boni;
748 1623 773 1648 et
793 1629 883 1657 opera
902 1629 1004 1649 eorum

159 1664 190 1692 in
203 1672 295 1693 manu
317 1665 383 1699 Dei,
405 1665 432 1694 id
452 1668 506 1699 est,
522 1666 549 1694 in
564 1669 698 1702 potestate
717 1667 912 1703 cognoscendi,
927 1675 1005 1696 acce-

158 1711 251 1747 ptandi
272 1714 300 1740 et
321 1712 499 1740 retribuendi.
526 1712 554 1740 ln
575 1712 635 1741 eius
660 1720 745 1741 manu
765 1716 831 1741 sunt
851 1714 957 1742 merita
978 1717 1005 1743 et

155 1758 301 1794 praemia.
324 1759 394 1786 Sunt
413 1758 512 1787 merita
532 1758 668 1787 bonarum
691 1759 899 1796 cogitationum
907 1771 917 1793 ;
938 1761 1003 1789 Pro-

159 1804 318 1833 verhiorum
340 1805 471 1842 vigesimo
489 1805 579 1841 primo
592 1805 602 1821 ⁷
615 1816 621 1833 :
641 1816 654 1830 «
669 1805 745 1834 Sicut
759 1806 906 1835 divisiones
919 1815 1004 1844 aqua-

159 1859 239 1886 rum,
261 1852 299 1880 ita
319 1859 366 1880 cor
387 1851 460 1888 regis
481 1851 508 1880 in
532 1860 618 1880 manu
638 1852 787 1881 Domini».
810 1853 879 1881 Sunt
906 1854 1005 1882 merita

159 1898 295 1927 bonarum
316 1896 519 1935 affectionum‚·
534 1899 672 1928 psalmus:
693 1911 706 1924 «
721 1900 750 1928 In
765 1908 847 1929 manu
864 1900 924 1929 eius
939 1904 1005 1929 sunt

158 1952 253 1973 omnes
277 1944 346 1973 fines
375 1947 464 1973 terrae
479 1956 505 1972 ».
528 1945 597 1973 Sunt
617 1945 698 1974 etiam
721 1946 857 1975 bonarum
887 1947 1004 1975 locutio-

158 1999 250 2024 num;
272 1991 424 2027 Sapientiae
445 1991 562 2028 septimo
575 2002 580 2019 :
607 2004 620 2017 «
636 1992 664 2021 ln
679 2001 763 2021 manu
778 1993 857 2021 illius
871 1997 897 2021 et
910 2001 960 2022 nos
977 1997 1005 2022 et

159 2044 299 2066 sermones
320 2037 406 2066 nostri
423 2050 448 2065 ».
465 2038 534 2066 Sunt
554 2038 635 2066 etiam
657 2039 876 2076 operationum,
892 2040 963 2069 sicut
976 2041 1005 2069 in

159 2084 308 2121 proposito.
321 2084 390 2113 Sunt
400 2084 481 2113 etiam
490 2085 664 2122 praeniiain
673 2094 757 2115 manu
769 2087 840 2121 eius;
853 2087 1005 2124 Sapientiae

159 2131 256 2160 tertio:
273 2144 286 2156 «
299 2131 437 2160 Iustorum
452 2132 559 2160 animae
574 2132 600 2160 in
616 2140 700 2161 manu
715 2133 763 2162 Dei
778 2137 843 2162 sunt
858 2145 884 2167 »;
900 2136 927 2162 et
941 2142 1005 2162 cum

161 2177 215 2206 sint
229 2177 257 2206 in
271 2185 357 2206 manu
371 2177 429 2212 Dei,
444 2178 544 2207 debent
559 2178 642 2207 nosci.
656 2180 691 2207 Et
704 2182 801 2208 tamen
811 2180 900 2208 nescit
911 2179 1004 2214 homo,

160 2227 261 2252 utrum
282 2232 398 2258 amore,
416 2233 457 2253 an
471 2224 536 2253 odio
550 2225 659 2262 diynus
678 2226 732 2260 sit,
753 2229 780 2255 et
801 2227 839 2255 ita
858 2227 945 2256 nescit
965 2227 1005 2255 di-

161 2277 308 2305 scernere;
329 2270 434 2307 primae
447 2271 482 2299 ad
495 2271 651 2300 Corinthios
672 2275 790 2309 quarto:
816 2284 829 2298 «
845 2273 917 2302 Nihil
937 2273 1005 2302 mihi

161 2316 286 2345 conscius
300 2325 377 2352 sum,
393 2317 440 2346 sed
454 2326 508 2346 non
530 2318 557 2346 in
579 2318 632 2347 hoc
652 2319 816 2348 justificatus
837 2328 898 2348 sum
914 2332 928 2345 »
953 2323 1004 2349 etc.

239 2363 328 2398 (Vers.
350 2365 398 2398 2).
421 2364 476 2393 Sed
503 2365 603 2393 omnia
625 2366 657 2394 in
677 2365 817 2403 futurum
837 2371 1003 2396 servantur.

161 2409 276 2439 Notatur
304 2410 349 2439 hic
376 2411 506 2446 tertium,
534 2412 637 2441 scilicet
664 2413 880 2442 incertitudinis
909 2414 1004 2448 ratio,

224 2585 232 2598 ¹
250 2587 316 2609 Vers.
329 2588 365 2609 20.
377 2600 408 2604 —
417 2589 549 2617 Sequuntur
562 2590 633 2612 Eccle.
646 2590 672 2617 3,
685 2591 726 2613 40:
736 2591 788 2613 Vidi
798 2592 944 2615 afflictionem
954 2595 1004 2620 etc„

161 2627 183 2647 et
200 2625 241 2647 ll:
258 2625 345 2648 Cuncta
362 2628 405 2649 etr.
470 2624 473 2626 ’

223 2662 232 2676 ²
249 2664 314 2687 Vers.
341 2665 379 2687 34.
403 2678 434 2682 —
458 2667 510 2695 Seq.
536 2667 600 2689 locus
620 2670 654 2690 est
669 2669 705 2691 Ps.
722 2669 764 2697 63,
780 2669 803 2692 7.
821 2672 843 2692 et
861 2671 883 2692 8.
900 2671 1004 2698 August„

162 2702 236 2725 Serm.
248 2703 299 2725 477.
312 2703 335 2725 in
347 2704 481 2732 Appendice
494 2705 558 2734 (alias
576 2706 629 2728 475.
645 2707 674 2729 de
692 2708 815 2736 Tempore)
833 2715 855 2730 n.
872 2709 899 2730 2:
919 2717 930 2728 ιι
942 2709 1005 2731 Altus

161 2744 195 2763 est
206 2741 279 2770 Deus,
294 2742 364 2771 erigis
375 2745 404 2772 te,
417 2746 438 2766 et
450 2744 507 2772 fugit
519 2751 531 2766 a
544 2747 577 2773 te;
590 2746 695 2768 humilias
707 2750 736 2773 te,
748 2750 769 2769 et
781 2747 900 2770 descendIt
911 2748 940 2770 ad
952 2750 974 2770 te
983 2757 1005 2770 n.

162 2779 247 2802 Eadem
264 2781 376 2803 sententia
391 2781 511 2805 exhibetur
527 2783 550 2805 in
567 2784 669 2806 Enarrat.
689 2785 713 2807 in
738 2786 773 2807 Ps.
799 2786 836 2808 33.
861 2789 958 2808 enarrat.
984 2788 1005 2808 2.

161 2824 185 2840 0.
202 2818 244 2846 23;
262 2819 285 2841 in
301 2820 337 2842 Ps.
355 2820 393 2842 50.
410 2827 431 2842 n.
450 2821 492 2848 2⁴;
510 2822 532 2843 in
549 2822 584 2844 Ps.
602 2822 640 2844 74.
657 2829 679 2845 n.
698 2824 722 2851 ‘23
741 2824 763 2845 in
780 2824 816 2846 ΡΞ,
836 2825 874 2846 85.
896 2831 917 2847 n.
941 2826 962 2847 2.
984 2828 1006 2847 et

161 2856 183 2878 in
201 2857 237 2879 Ps.
255 2857 306 2880 137.
324 2864 347 2880 0.
365 2859 402 2881 Μ.

223 2894 233 2908 ³
250 2897 316 2919 Vers.
332 2898 370 2920 22.
386 2911 417 2914 —-
434 2899 542 2927 Sequitur
559 2900 631 2922 Eccie.
647 2900 673 2928 7,
691 2901 727 2923 24.

223 2933 233 2946 ⁴
250 2934 296 2958 Cir.
313 2941 383 2964 supra
400 2943 455 2965 pag.
473 2938 513 2964 18,
532 2941 585 2960 nota
601 2938 621 2960 6.

1061 1443 1132 1471 quae
1153 1435 1280 1471 provenit
1299 1444 1336 1464 ex
1358 1436 1425 1470 hoc,
1448 1437 1521 1474 quod
1543 1438 1569 1466 in
1591 1439 1727 1474 praesenti
1748 1448 1799 1468 non
1815 1440 1845 1468 fit
1860 1448 1902 1469 re-

1061 1482 1217 1510 muneratio
1238 1482 1390 1511 secundum
1410 1483 1524 1518 merita,
1546 1484 1593 1513 sed
1614 1488 1773 1514 reservatur
1788 1486 1814 1514 in
1828 1487 1903 1516 sutu-

1061 1536 1133 1556 rum.
1146 1528 1177 1556 Et
1188 1532 1335 1565 propterea
1348 1529 1414 1558 dicit
1428 1530 1466 1558 ita
1478 1541 1484 1558 :
1500 1530 1596 1559 Nescit
1608 1530 1719 1560 homo...
1736 1533 1792 1561 Sed
1804 1534 1903 1563 onznia

1061 1574 1093 1602 in
1119 1573 1258 1611 futurum
1284 1580 1443 1605 servantur
1469 1577 1596 1612 ineerta,
1626 1581 1657 1606 ut
1681 1579 1783 1608 scilicet
1803 1580 1903 1609 certifi-

1060 1624 1178 1655 centur;
1200 1622 1306 1657 primae
1321 1622 1353 1650 ad
1368 1623 1524 1652 Corinthios
1545 1624 1686 1661 quartoss:
1706 1637 1718 1649 «
1734 1625 1820 1654 Nolite
1841 1629 1903 1655 ante

1060 1669 1171 1703 tempus
1186 1668 1323 1702 iudicare,
1338 1669 1520 1706 quoadusque
1534 1671 1625 1699 veniat
1639 1671 1786 1705 Dominus,
1808 1673 1855 1709 qui
1877 1676 1903 1701 et

1061 1713 1226 1742 illuminabit
1240 1714 1398 1743 abscondita
1413 1716 1590 1745 tenebrarum
1605 1720 1632 1745 et
1646 1718 1829 1746 manifestabit
1840 1727 1903 1747 con-

1061 1759 1122 1787 silia
1149 1760 1273 1789 cordium
1289 1772 1315 1795 »;
1344 1762 1418 1798 quod
1440 1762 1549 1799 quidem
1572 1763 1653 1791 modo
1674 1772 1726 1792 non
1749 1764 1827 1798 facit,
1856 1764 1902 1793 sed

1062 1810 1201 1840 reservat,
1223 1808 1375 1836 secundum
1402 1808 1470 1837 illud
1498 1809 1544 1838 Iob
1564 1810 1669 1839 decimo
1690 1814 1808 1847 quarto:
1834 1823 1847 1835 «
1863 1811 1902 1839 Si-

1061 1853 1149 1890 gnasti
1170 1854 1248 1891 quasi
1270 1855 1297 1883 in
1319 1856 1428 1884 sacculo
1448 1856 1545 1885 delicta
1561 1868 1586 1891 »3
1613 1860 1640 1885 et
1660 1857 1697 1886 ita
1718 1858 1744 1886 in
1765 1858 1901 1895 praesenti

1061 1900 1152 1928 omnia
1173 1904 1238 1929 sunt
1258 1901 1286 1929 in
1307 1902 1422 1930 occulto.
1445 1902 1477 1930 Et
1498 1903 1644 1932 subditur:
1675 1905 1713 1932 Eo
1733 1905 1810 1942 quod
1837 1905 1902 1932 uni-

1060 1955 1147 1975 versa
1167 1956 1256 1986 aeque
1276 1949 1409 1977 eveniant
1428 1949 1504 1978 iusto
1519 1954 1544 1978 et
1556 1950 1645 1987 impio
1659 1954 1726 1985 etc.;
1746 1952 1901 1985 universa,

1061 1994 1133 2023 bona
1163 1997 1189 2023 et
1217 1995 1304 2029 mala,
1334 2004 1422 2034 aeque
1451 1997 1583 2025 eveniant
1610 1998 1682 2026 iusto
1702 2001 1729 2026 et
1750 1998 1902 2034 peccatori,

1061 2049 1131 2077 quos
1152 2041 1204 2069 sub
1232 2049 1281 2070 sex
1310 2042 1470 2071 differentiis
1490 2042 1628 2072 describit.
1652 2044 1730 2072 lusto
1752 2048 1776 2072 et
1797 2044 1902 2081 impio,

1061 2087 1152 2124 quoad
1171 2087 1240 2124 fidei
1260 2089 1474 2123 eredulitatem,
1496 2098 1567 2126 quae
1588 2090 1690 2119 scilicet
1710 2091 1840 2120 iustificat
1854 2091 1904 2119 im-

1062 2134 1155 2170 pium;
1171 2134 1296 2163 Habacuc
1311 2136 1432 2164 secundo
1443 2136 1454 2152 ⁹
1467 2146 1473 2163 :
1490 2148 1503 2161 «
1516 2136 1606 2165 iustus
1620 2137 1647 2165 in
1663 2137 1715 2166 tide
1730 2145 1780 2165 sua
1794 2137 1861 2166 vivit
1876 2150 1902 2165 ».

1062 2181 1143 2209 Bono
1155 2184 1180 2209 et
1189 2181 1277 2215 malo,
1289 2184 1424 2218 quantum
1439 2183 1471 2211 ad
1484 2183 1642 2211 dilectionis
1650 2185 1825 2220 puritatem,
1838 2185 1904 2221 quia

1062 2230 1157 2256 sancta
1170 2227 1279 2256 dilectio
1293 2228 1397 2257 bonum
1418 2229 1497 2263 facit3
1514 2230 1640 2258 Matthaei
1656 2230 1786 2267 septimo:
1807 2242 1820 2256 <c
1832 2231 1903 2260 Bona

1061 2273 1144 2302 arbor
1165 2282 1220 2302 0011
1241 2277 1330 2310 potest
1350 2275 1437 2304 malos
1457 2275 1565 2304 fructus
1590 2276 1679 2305 facere
1694 2288 1719 2304 ».
1750 2277 1857 2305 Mundo
1878 2281 1903 2305 et

1062 2320 1223 2354 immundo,
1236 2321 1327 2357 quoad
1338 2323 1565 2350 conversationis
1576 2322 1763 2357 honestatem;
1775 2324 1818 2352 illa
1831 2324 1902 2352 enim

1061 2367 1213 2395 attenditur
1225 2367 1298 2396 circa
1309 2368 1464 2403 exteriora,
1476 2369 1575 2398 Tobiae
1587 2373 1686 2406 quarto
1695 2371 1725 2398 ¹⁰.
1738 2371 1905 2399 Immolanti

1062 2413 1171 2442 hostias
1185 2418 1211 2442 et
1221 2414 1358 2443 victimas
1379 2418 1404 2443 et
1423 2415 1575 2453 sacrificia
1589 2417 1791 2451 contemnenti,
1813 2418 1903 2454 quoad

1123 2590 1133 2603 ⁵
1151 2591 1208 2614 Cum
1225 2591 1334 2614 omnibus
1351 2592 1432 2620 codd.7
1451 2593 1547 2620 lingone
1567 2599 1579 2614 a
1597 2594 1619 2615 S.
1639 2592 1713 2615 Charo
1730 2596 1752 2615 et
1768 2594 1857 2621 Lyrano
1874 2596 1903 2615 at-

1062 2630 1186 2653 tribuimus
1203 2630 1287 2653 verba:
1315 2630 1400 2654 Omnia.
1418 2631 1475 2653 haec
1492 2634 1603 2659 etc..(·ap.
1622 2632 1674 2659 viu,
1692 2638 1713 2653 r.
1733 2632 1775 2658 t7;
1794 2632 1834 2654 sed
1853 2633 1903 2654 Vul‹

1062 2672 1113 2697 gata
1131 2670 1218 2692 eisdem
1237 2669 1315 2697 incipit
1331 2676 1382 2697 cap.
1405 2670 1442 2691 lX.

1124 2707 1134 2720 θ
1151 2709 1216 2731 Vers.
1234 2708 1271 2731 24.
1288 2709 1331 2730 Pro
1348 2708 1451 2731 multum
1468 2712 1490 2731 et
1505 2708 1620 2738 vestieris
1633 2709 1730 2736 Vulgata
1742 2708 1902 2737 multipliciter

1062 2750 1084 2770 et
1100 2754 1148 2770 non
1165 2747 1220 2770 eris.

1124 2785 1132 2798 ⁷
1151 2787 1217 2809 Vers.
1238 2787 1257 2808 1.
1274 2799 1304 2802 ἢ
1322 2787 1454 2815 Sequuntur
1471 2787 1505 2809 ΡΞ.
1523 2787 1564 2812 94,
1583 2786 1608 2814 4;
1626 2787 1680 2814 Sap.
1697 2787 1723 2814 7⁷
1745 2787 1779 2808 16.
1796 2790 1817 2809 et
1832 2787 1856 2813 3,
1876 2787 1901 2812 1;

1062 2826 1076 2847 1.
1094 2825 1146 2848 Cor.
1164 2825 1189 2853 4,
1208 2825 1228 2847 4.

1124 2862 1133 2875 Β
1150 2864 1215 2885 Vers.
1234 2864 1255 2886 5
1273 2876 1303 2879 —
1320 2864 1373 2892 Seq.
1389 2865 1453 2886 locus
1469 2867 1503 2886 est
1520 2863 1558 2886 lob
1579 2863 1616 2891 14,
1639 2864 1672 2885 17.

1124 2901 1134 2914 ⁹
1152 2903 1217 2925 Vers.
1235 2902 1256 2924 4.
1272 2915 1302 2918 -—
1320 2902 1427 2931 Sequitur
1444 2903 1519 2925 Matth.
1536 2903 1562 2931 7⁷
1582 2903 1618 2924 48.

1126 2939 1145 2953 ¹⁰
1162 2942 1184 2963 ln
1203 2942 1245 2963 hoc
1263 2941 1362 2968 capitulo
1379 2941 1462 2963 dantur
1479 2941 1508 2963 de
1526 2942 1568 2963 hoc
1585 2942 1650 2969 plura
1667 2941 1812 2963 documenta.

1920 2051 1955 2069 Sex
1968 2051 2021 2077 diffe-

1933 2076 2012 2093 tentiae.

1920 2098 1990 2116 Prima.

1919 2191 2012 2210 secunda.

1919 2331 1988 2350 Tertia.
