<?xml version="1.0" encoding="UTF-8"?>
<!DOCTYPE html PUBLIC "-//W3C//DTD XHTML 1.0 Transitional//EN"
    "http://www.w3.org/TR/xhtml1/DTD/xhtml1-transitional.dtd">
<html xmlns="http://www.w3.org/1999/xhtml" xml:lang="en" lang="en">
 <head>
  <title>
</title>
<meta http-equiv="Content-Type" content="text/html;charset=utf-8" />
  <meta name='ocr-system' content='tesseract 3.04.00' />
  <meta name='ocr-capabilities' content='ocr_page ocr_carea ocr_par ocr_line ocrx_word'/>
</head>
<body>
  <div class='ocr_page' id='page_1' title='image "./doctorisseraphic06bona_0130.png"; bbox 0 0 2296 3316; ppageno 0'>
   <div class='ocr_carea' id='block_1_1' title="bbox 234 856 354 898">
    <p class='ocr_par' dir='ltr' id='par_1_1' title="bbox 234 856 354 898">
     <span class='ocr_line' id='line_1_1' title="bbox 234 856 354 875; baseline 0 0"><span class='ocrx_word' id='word_1_1' title='bbox 234 857 278 875; x_wconf 78' lang='lat' dir='ltr'>Tria</span> <span class='ocrx_word' id='word_1_2' title='bbox 291 856 354 875; x_wconf 81' lang='lat' dir='ltr'>obser-</span> 
     </span>
     <span class='ocr_line' id='line_1_2' title="bbox 258 881 326 898; baseline 0.015 -1"><span class='ocrx_word' id='word_1_3' title='bbox 258 881 326 898; x_wconf 66' lang='lat' dir='ltr'>vande.</span> 
     </span>
    </p>
   </div>
   <div class='ocr_carea' id='block_1_2' title="bbox 228 1138 360 1228">
    <p class='ocr_par' dir='ltr' id='par_1_2' title="bbox 228 1138 360 1228">
     <span class='ocr_line' id='line_1_3' title="bbox 228 1138 360 1162; baseline 0.008 -6"><span class='ocrx_word' id='word_1_4' title='bbox 228 1138 321 1162; x_wconf 80' lang='lat' dir='ltr'>Expositio</span> <span class='ocrx_word' id='word_1_5' title='bbox 330 1138 360 1157; x_wconf 85' lang='lat' dir='ltr'>lit-</span> 
     </span>
     <span class='ocr_line' id='line_1_4' title="bbox 256 1162 328 1180; baseline 0 0"><span class='ocrx_word' id='word_1_6' title='bbox 256 1162 328 1180; x_wconf 77' lang='lat' dir='ltr'>ieratis.</span> 
     </span>
     <span class='ocr_line' id='line_1_5' title="bbox 237 1185 351 1209; baseline 0.009 -6"><span class='ocrx_word' id='word_1_7' title='bbox 237 1186 264 1204; x_wconf 75' lang='lat' dir='ltr'>De</span> <span class='ocrx_word' id='word_1_8' title='bbox 280 1185 340 1209; x_wconf 87' lang='lat' dir='ltr'>primo</span> <span class='ocrx_word' id='word_1_9' title='bbox 346 1200 351 1207; x_wconf 96' lang='lat'>,</span> 
     </span>
     <span class='ocr_line' id='line_1_6' title="bbox 239 1209 351 1228; baseline 0.009 -1"><span class='ocrx_word' id='word_1_10' title='bbox 239 1209 351 1228; x_wconf 69' lang='lat' dir='ltr'>exhortatio.</span> 
     </span>
    </p>
   </div>
   <div class='ocr_carea' id='block_1_3' title="bbox 287 2175 350 2194">
    <p class='ocr_par' dir='ltr' id='par_1_3' title="bbox 287 2175 350 2194">
     <span class='ocr_line' id='line_1_7' title="bbox 287 2175 350 2194; baseline -0.016 0"><span class='ocrx_word' id='word_1_11' title='bbox 287 2175 350 2194; x_wconf 73' lang='lat' dir='ltr'>Balio.</span> 
     </span>
    </p>
   </div>
   <div class='ocr_carea' id='block_1_4' title="bbox 376 163 413 191">
    <p class='ocr_par' dir='ltr' id='par_1_4' title="bbox 376 163 413 191">
     <span class='ocr_line' id='line_1_8' title="bbox 376 163 413 191; baseline 0 0"><span class='ocrx_word' id='word_1_12' title='bbox 376 163 413 191; x_wconf 87' lang='grc'>88</span> 
     </span>
    </p>
   </div>
   <div class='ocr_carea' id='block_1_5' title="bbox 374 238 1223 362">
    <p class='ocr_par' dir='ltr' id='par_1_5' title="bbox 374 238 1223 362">
     <span class='ocr_line' id='line_1_9' title="bbox 375 238 1223 276; baseline -0.001 -8"><span class='ocrx_word' id='word_1_13' title='bbox 375 240 448 268; x_wconf 88' lang='lat' dir='ltr'>tione</span> <span class='ocrx_word' id='word_1_14' title='bbox 469 239 583 276; x_wconf 83' lang='lat' dir='ltr'>praemii</span> <span class='ocrx_word' id='word_1_15' title='bbox 606 239 710 267; x_wconf 73' lang='lat' dir='ltr'>inuitat</span> <span class='ocrx_word' id='word_1_16' title='bbox 730 239 770 267; x_wconf 75' lang='lat' dir='ltr'>act</span> <span class='ocrx_word' id='word_1_17' title='bbox 792 238 917 271; x_wconf 79' lang='lat' dir='ltr'>bonum,-</span> <span class='ocrx_word' id='word_1_18' title='bbox 938 238 1059 267; x_wconf 90' lang='lat' dir='ltr'>secundo</span> <span class='ocrx_word' id='word_1_19' title='bbox 1080 247 1116 267; x_wconf 90' lang='lat' dir='ltr'>ex</span> <span class='ocrx_word' id='word_1_20' title='bbox 1135 238 1223 267; x_wconf 87' lang='lat' dir='ltr'>consi—</span> 
     </span>
     <span class='ocr_line' id='line_1_10' title="bbox 374 285 1223 323; baseline -0.002 -8"><span class='ocrx_word' id='word_1_21' title='bbox 374 287 515 315; x_wconf 79' lang='lat' dir='ltr'>deratione</span> <span class='ocrx_word' id='word_1_22' title='bbox 545 286 672 323; x_wconf 87' lang='lat' dir='ltr'>supplicii</span> <span class='ocrx_word' id='word_1_23' title='bbox 702 289 816 314; x_wconf 80' lang='lat' dir='ltr'>revocat</span> <span class='ocrx_word' id='word_1_24' title='bbox 841 293 860 313; x_wconf 81' lang='lat' dir='ltr'>a</span> <span class='ocrx_word' id='word_1_25' title='bbox 888 285 980 319; x_wconf 82' lang='lat' dir='ltr'>mato,</span> <span class='ocrx_word' id='word_1_26' title='bbox 1002 285 1054 314; x_wconf 88' lang='lat' dir='ltr'>ibi:</span> <span class='ocrx_word' id='word_1_27' title='bbox 1077 285 1111 314; x_wconf 88' lang='lat' dir='ltr'>Si</span> <span class='ocrx_word' id='word_1_28' title='bbox 1135 285 1223 314; x_wconf 76' lang='lat' dir='ltr'>annis</span> 
     </span>
     <span class='ocr_line' id='line_1_11' title="bbox 375 332 712 362; baseline -0.003 0"><span class='ocrx_word' id='word_1_29' title='bbox 375 334 474 362; x_wconf 72' lang='lat' dir='ltr'>uiuitis</span> <span class='ocrx_word' id='word_1_30' title='bbox 496 333 600 362; x_wconf 72' lang='lat' dir='ltr'>vixerit</span> <span class='ocrx_word' id='word_1_31' title='bbox 619 332 712 361; x_wconf 73' lang='lat' dir='ltr'>homo.</span> 
     </span>
    </p>
   </div>
   <div class='ocr_carea' id='block_1_6' title="bbox 478 433 1120 464">
    <p class='ocr_par' dir='ltr' id='par_1_6' title="bbox 478 433 1120 464">
     <span class='ocr_line' id='line_1_12' title="bbox 478 433 1120 464; baseline -0.002 -6"><span class='ocrx_word' id='word_1_32' title='bbox 478 434 553 458; x_wconf 77' lang='lat' dir='ltr'>Primo</span> <span class='ocrx_word' id='word_1_33' title='bbox 571 434 660 458; x_wconf 68' lang='lat' dir='ltr'>invitat</span> <span class='ocrx_word' id='word_1_34' title='bbox 677 434 706 458; x_wconf 71' lang='lat' dir='ltr'>ad</span> <span class='ocrx_word' id='word_1_35' title='bbox 723 434 803 458; x_wconf 82' lang='lat' dir='ltr'>bonum</span> <span class='ocrx_word' id='word_1_36' title='bbox 821 433 1001 458; x_wconf 70' lang='lat' dir='ltr'>consideratione</span> <span class='ocrx_word' id='word_1_37' title='bbox 1017 433 1120 464; x_wconf 71' lang='lat' dir='ltr'>praemii.</span> 
     </span>
    </p>
   </div>
   <div class='ocr_carea' id='block_1_7' title="bbox 366 520 1223 2439">
    <p class='ocr_par' dir='ltr' id='par_1_7' title="bbox 373 520 1223 794">
     <span class='ocr_line' id='line_1_13' title="bbox 453 520 1223 558; baseline -0.001 -8"><span class='ocrx_word' id='word_1_38' title='bbox 453 522 558 551; x_wconf 90' lang='lat' dir='ltr'>Bonum</span> <span class='ocrx_word' id='word_1_39' title='bbox 576 524 683 555; x_wconf 83' lang='lat' dir='ltr'>autem,</span> <span class='ocrx_word' id='word_1_40' title='bbox 698 521 732 550; x_wconf 90' lang='lat' dir='ltr'>ad</span> <span class='ocrx_word' id='word_1_41' title='bbox 747 522 820 558; x_wconf 90' lang='lat' dir='ltr'>quod</span> <span class='ocrx_word' id='word_1_42' title='bbox 835 521 947 556; x_wconf 87' lang='lat' dir='ltr'>invitat,</span> <span class='ocrx_word' id='word_1_43' title='bbox 963 524 1005 550; x_wconf 90' lang='lat' dir='ltr'>est</span> <span class='ocrx_word' id='word_1_44' title='bbox 1018 521 1121 549; x_wconf 88' lang='lat' dir='ltr'>bonum</span> <span class='ocrx_word' id='word_1_45' title='bbox 1137 520 1223 557; x_wconf 89' lang='lat' dir='ltr'>pieta-</span> 
     </span>
     <span class='ocr_line' id='line_1_14' title="bbox 374 567 1222 606; baseline -0.002 -8"><span class='ocrx_word' id='word_1_46' title='bbox 374 569 420 602; x_wconf 87' lang='lat' dir='ltr'>tis,</span> <span class='ocrx_word' id='word_1_47' title='bbox 436 577 507 606; x_wconf 85' lang='lat' dir='ltr'>quae</span> <span class='ocrx_word' id='word_1_48' title='bbox 527 580 540 594; x_wconf 83' lang='lat'>«</span> <span class='ocrx_word' id='word_1_49' title='bbox 553 569 624 597; x_wconf 82' lang='lat' dir='ltr'>valet</span> <span class='ocrx_word' id='word_1_50' title='bbox 639 568 672 596; x_wconf 86' lang='lat' dir='ltr'>ad</span> <span class='ocrx_word' id='word_1_51' title='bbox 687 568 780 597; x_wconf 86' lang='lat' dir='ltr'>onmia</span> <span class='ocrx_word' id='word_1_52' title='bbox 791 580 818 602; x_wconf 89' lang='lat'>»,</span> <span class='ocrx_word' id='word_1_53' title='bbox 834 571 861 597; x_wconf 89' lang='lat' dir='ltr'>et</span> <span class='ocrx_word' id='word_1_54' title='bbox 875 571 989 605; x_wconf 87' lang='lat' dir='ltr'>propter</span> <span class='ocrx_word' id='word_1_55' title='bbox 1003 576 1087 605; x_wconf 87' lang='lat' dir='ltr'>quam</span> <span class='ocrx_word' id='word_1_56' title='bbox 1101 567 1222 596; x_wconf 80' lang='lat' dir='ltr'>maxime</span> 
     </span>
     <span class='ocr_line' id='line_1_15' title="bbox 373 614 1223 651; baseline -0.002 -7"><span class='ocrx_word' id='word_1_57' title='bbox 373 616 437 645; x_wconf 91' lang='lat' dir='ltr'>iusti</span> <span class='ocrx_word' id='word_1_58' title='bbox 458 616 617 649; x_wconf 84' lang='lat' dir='ltr'>salvantur,</span> <span class='ocrx_word' id='word_1_59' title='bbox 639 615 711 643; x_wconf 87' lang='lat' dir='ltr'>sicut</span> <span class='ocrx_word' id='word_1_60' title='bbox 725 617 799 651; x_wconf 88' lang='lat' dir='ltr'>patet</span> <span class='ocrx_word' id='word_1_61' title='bbox 813 614 886 651; x_wconf 89' lang='lat' dir='ltr'>apud</span> <span class='ocrx_word' id='word_1_62' title='bbox 901 615 1069 643; x_wconf 82' lang='lat' dir='ltr'>Matthaeum</span> <span class='ocrx_word' id='word_1_63' title='bbox 1090 614 1223 651; x_wconf 80' lang='lat' dir='ltr'>vigesimo</span> 
     </span>
     <span class='ocr_line' id='line_1_16' title="bbox 373 661 1221 700; baseline -0.002 -9"><span class='ocrx_word' id='word_1_64' title='bbox 373 663 501 700; x_wconf 87' lang='lat' dir='ltr'>quinto¹‚</span> <span class='ocrx_word' id='word_1_65' title='bbox 529 662 578 691; x_wconf 90' lang='lat' dir='ltr'>ubi</span> <span class='ocrx_word' id='word_1_66' title='bbox 606 662 664 691; x_wconf 88' lang='lat' dir='ltr'>sola</span> <span class='ocrx_word' id='word_1_67' title='bbox 691 670 776 699; x_wconf 90' lang='lat' dir='ltr'>opera</span> <span class='ocrx_word' id='word_1_68' title='bbox 802 661 1007 690; x_wconf 79' lang='lat' dir='ltr'>misericordiae</span> <span class='ocrx_word' id='word_1_69' title='bbox 1028 663 1221 690; x_wconf 79' lang='lat' dir='ltr'>numerantur.</span> 
     </span>
     <span class='ocr_line' id='line_1_17' title="bbox 374 708 1222 746; baseline -0.002 -8"><span class='ocrx_word' id='word_1_70' title='bbox 374 710 434 738; x_wconf 86' lang='lat' dir='ltr'>ldeo</span> <span class='ocrx_word' id='word_1_71' title='bbox 456 710 585 738; x_wconf 76' lang='lat' dir='ltr'>hortatur</span> <span class='ocrx_word' id='word_1_72' title='bbox 607 709 651 738; x_wconf 89' lang='lat' dir='ltr'>hic</span> <span class='ocrx_word' id='word_1_73' title='bbox 673 709 707 738; x_wconf 88' lang='lat' dir='ltr'>ad</span> <span class='ocrx_word' id='word_1_74' title='bbox 727 717 812 746; x_wconf 87' lang='lat' dir='ltr'>opera</span> <span class='ocrx_word' id='word_1_75' title='bbox 833 708 1038 738; x_wconf 74' lang='lat' dir='ltr'>misericordiae</span> <span class='ocrx_word' id='word_1_76' title='bbox 1059 710 1087 737; x_wconf 90' lang='lat' dir='ltr'>et</span> <span class='ocrx_word' id='word_1_77' title='bbox 1106 708 1222 737; x_wconf 89' lang='lat' dir='ltr'>eleemo-</span> 
     </span>
     <span class='ocr_line' id='line_1_18' title="bbox 373 756 993 794; baseline -0.002 -9"><span class='ocrx_word' id='word_1_78' title='bbox 373 765 456 793; x_wconf 84' lang='lat' dir='ltr'>synae</span> <span class='ocrx_word' id='word_1_79' title='bbox 477 756 617 786; x_wconf 78' lang='lat' dir='ltr'>faciendae</span> <span class='ocrx_word' id='word_1_80' title='bbox 638 760 752 794; x_wconf 90' lang='lat' dir='ltr'>propter</span> <span class='ocrx_word' id='word_1_81' title='bbox 773 756 993 786; x_wconf 90' lang='lat' dir='ltr'>retributionem.</span> 
     </span>
    </p>

    <p class='ocr_par' dir='ltr' id='par_1_8' title="bbox 370 803 1222 1068">
     <span class='ocr_line' id='line_1_19' title="bbox 451 803 1221 841; baseline -0.001 -9"><span class='ocrx_word' id='word_1_82' title='bbox 451 804 483 832; x_wconf 88' lang='lat' dir='ltr'>Et</span> <span class='ocrx_word' id='word_1_83' title='bbox 503 804 593 841; x_wconf 91' lang='lat' dir='ltr'>primo</span> <span class='ocrx_word' id='word_1_84' title='bbox 616 804 760 838; x_wconf 82' lang='lat' dir='ltr'>hortatur,</span> <span class='ocrx_word' id='word_1_85' title='bbox 783 807 814 832; x_wconf 91' lang='lat' dir='ltr'>ut</span> <span class='ocrx_word' id='word_1_86' title='bbox 842 804 909 832; x_wconf 86' lang='lat' dir='ltr'>fiant</span> <span class='ocrx_word' id='word_1_87' title='bbox 930 803 1063 836; x_wconf 57' lang='lat' dir='ltr'>libentem·</span> <span class='ocrx_word' id='word_1_88' title='bbox 1084 803 1221 837; x_wconf 86' lang='lat' dir='ltr'>secundo,</span> 
     </span>
     <span class='ocr_line' id='line_1_20' title="bbox 371 850 1221 888; baseline -0.001 -9"><span class='ocrx_word' id='word_1_89' title='bbox 371 854 402 880; x_wconf 91' lang='lat' dir='ltr'>ut</span> <span class='ocrx_word' id='word_1_90' title='bbox 424 851 491 879; x_wconf 86' lang='lat' dir='ltr'>fiant</span> <span class='ocrx_word' id='word_1_91' title='bbox 512 851 712 884; x_wconf 74' lang='lat' dir='ltr'>abundanter,</span> <span class='ocrx_word' id='word_1_92' title='bbox 735 851 789 880; x_wconf 89' lang='lat' dir='ltr'>ibi:</span> <span class='ocrx_word' id='word_1_93' title='bbox 808 851 852 879; x_wconf 83' lang='lat' dir='ltr'>Da</span> <span class='ocrx_word' id='word_1_94' title='bbox 870 854 972 888; x_wconf 79' lang='lat' dir='ltr'>partes</span> <span class='ocrx_word' id='word_1_95' title='bbox 990 853 1094 887; x_wconf 76' lang='lat' dir='ltr'>septem</span> <span class='ocrx_word' id='word_1_96' title='bbox 1106 860 1116 883; x_wconf 87' lang='lat'>,·</span> <span class='ocrx_word' id='word_1_97' title='bbox 1130 850 1221 884; x_wconf 86' lang='lat' dir='ltr'>tertio,</span> 
     </span>
     <span class='ocr_line' id='line_1_21' title="bbox 370 897 1222 934; baseline -0.001 -8"><span class='ocrx_word' id='word_1_98' title='bbox 370 901 402 926; x_wconf 92' lang='lat' dir='ltr'>ut</span> <span class='ocrx_word' id='word_1_99' title='bbox 423 898 491 926; x_wconf 84' lang='lat' dir='ltr'>fiant</span> <span class='ocrx_word' id='word_1_100' title='bbox 511 898 705 932; x_wconf 77' lang='lat' dir='ltr'>incessanter,</span> <span class='ocrx_word' id='word_1_101' title='bbox 726 898 777 927; x_wconf 90' lang='lat' dir='ltr'>ibi:</span> <span class='ocrx_word' id='word_1_102' title='bbox 795 897 854 934; x_wconf 78' lang='lat' dir='ltr'>Qui</span> <span class='ocrx_word' id='word_1_103' title='bbox 866 897 1000 925; x_wconf 81' lang='lat' dir='ltr'>observat</span> <span class='ocrx_word' id='word_1_104' title='bbox 1013 900 1131 925; x_wconf 73' lang='lat' dir='ltr'>ventum</span> <span class='ocrx_word' id='word_1_105' title='bbox 1145 905 1222 925; x_wconf 80' lang='lat' dir='ltr'>mm-</span> 
     </span>
     <span class='ocr_line' id='line_1_22' title="bbox 371 944 1222 983; baseline -0.001 -10"><span class='ocrx_word' id='word_1_106' title='bbox 371 954 461 983; x_wconf 80' lang='lat' dir='ltr'>quam</span> <span class='ocrx_word' id='word_1_107' title='bbox 475 948 526 975; x_wconf 85' lang='lat' dir='ltr'>etc.</span> <span class='ocrx_word' id='word_1_108' title='bbox 542 962 580 966; x_wconf 92' lang='lat'>—</span> <span class='ocrx_word' id='word_1_109' title='bbox 594 945 663 974; x_wconf 92' lang='lat' dir='ltr'>Cum</span> <span class='ocrx_word' id='word_1_110' title='bbox 682 953 748 982; x_wconf 76' lang='lat' dir='ltr'>ergo</span> <span class='ocrx_word' id='word_1_111' title='bbox 763 945 904 979; x_wconf 85' lang='lat' dir='ltr'>hortatur,</span> <span class='ocrx_word' id='word_1_112' title='bbox 926 947 958 974; x_wconf 92' lang='lat' dir='ltr'>ut</span> <span class='ocrx_word' id='word_1_113' title='bbox 978 945 1045 973; x_wconf 87' lang='lat' dir='ltr'>fiant</span> <span class='ocrx_word' id='word_1_114' title='bbox 1066 944 1222 973; x_wconf 89' lang='lat' dir='ltr'>voluntarie</span> 
     </span>
     <span class='ocr_line' id='line_1_23' title="bbox 371 991 1221 1029; baseline 0 -9"><span class='ocrx_word' id='word_1_115' title='bbox 371 996 397 1021; x_wconf 92' lang='lat' dir='ltr'>et</span> <span class='ocrx_word' id='word_1_116' title='bbox 419 992 552 1026; x_wconf 80' lang='lat' dir='ltr'>libenter,</span> <span class='ocrx_word' id='word_1_117' title='bbox 581 992 733 1029; x_wconf 90' lang='lat' dir='ltr'>praemittit</span> <span class='ocrx_word' id='word_1_118' title='bbox 760 991 989 1021; x_wconf 69' lang='lat' dir='ltr'>exhortationem</span> <span class='ocrx_word' id='word_1_119' title='bbox 1020 995 1047 1021; x_wconf 91' lang='lat' dir='ltr'>et</span> <span class='ocrx_word' id='word_1_120' title='bbox 1078 991 1221 1029; x_wconf 85' lang='lat' dir='ltr'>subiungit</span> 
     </span>
     <span class='ocr_line' id='line_1_24' title="bbox 370 1040 1045 1068; baseline -0.001 0"><span class='ocrx_word' id='word_1_121' title='bbox 370 1040 522 1068; x_wconf 78' lang='lat' dir='ltr'>rationem.</span> <span class='ocrx_word' id='word_1_122' title='bbox 1042 1045 1045 1048; x_wconf 85' lang='lat'>·</span> 
     </span>
    </p>

    <p class='ocr_par' dir='ltr' id='par_1_9' title="bbox 366 1086 1221 2439">
     <span class='ocr_line' id='line_1_25' title="bbox 449 1086 1221 1123; baseline 0 -9"><span class='ocrx_word' id='word_1_123' title='bbox 449 1087 538 1123; x_wconf 75' lang='lat' dir='ltr'>(Vers.</span> <span class='ocrx_word' id='word_1_124' title='bbox 557 1087 601 1117; x_wconf 68' lang='grc'>1.).</span> <span class='ocrx_word' id='word_1_125' title='bbox 620 1086 804 1115; x_wconf 75' lang='lat' dir='ltr'>Eoelzortatur</span> <span class='ocrx_word' id='word_1_126' title='bbox 824 1087 909 1123; x_wconf 81' lang='lat' dir='ltr'>igitur</span> <span class='ocrx_word' id='word_1_127' title='bbox 923 1086 957 1115; x_wconf 87' lang='lat' dir='ltr'>ad</span> <span class='ocrx_word' id='word_1_128' title='bbox 973 1086 1090 1115; x_wconf 74' lang='lat' dir='ltr'>libenter</span> <span class='ocrx_word' id='word_1_129' title='bbox 1103 1086 1221 1115; x_wconf 88' lang='lat' dir='ltr'>eleemo-</span> 
     </span>
     <span class='ocr_line' id='line_1_26' title="bbox 370 1133 1220 1171; baseline -0.001 -9"><span class='ocrx_word' id='word_1_130' title='bbox 370 1142 465 1171; x_wconf 86' lang='lat' dir='ltr'><strong>synam</strong></span> <span class='ocrx_word' id='word_1_131' title='bbox 486 1134 654 1167; x_wconf 85' lang='lat' dir='ltr'>faciendam;</span> <span class='ocrx_word' id='word_1_132' title='bbox 677 1134 737 1163; x_wconf 91' lang='lat' dir='ltr'>ideo</span> <span class='ocrx_word' id='word_1_133' title='bbox 757 1134 835 1162; x_wconf 86' lang='lat' dir='ltr'>dicit:</span> <span class='ocrx_word' id='word_1_134' title='bbox 859 1133 935 1162; x_wconf 84' lang='lat' dir='ltr'>Mitte</span> <span class='ocrx_word' id='word_1_135' title='bbox 954 1141 1062 1171; x_wconf 73' lang='lat' dir='ltr'>panem</span> <span class='ocrx_word' id='word_1_136' title='bbox 1077 1137 1178 1167; x_wconf 77' lang='lat' dir='ltr'>tuum,</span> <span class='ocrx_word' id='word_1_137' title='bbox 1194 1133 1220 1162; x_wconf 88' lang='lat' dir='ltr'>id</span> 
     </span>
     <span class='ocr_line' id='line_1_27' title="bbox 369 1179 1219 1216; baseline -0.002 -7"><span class='ocrx_word' id='word_1_138' title='bbox 369 1184 426 1215; x_wconf 85' lang='lat' dir='ltr'>est,</span> <span class='ocrx_word' id='word_1_139' title='bbox 448 1180 564 1209; x_wconf 75' lang='lat' dir='ltr'>libenter</span> <span class='ocrx_word' id='word_1_140' title='bbox 585 1183 612 1209; x_wconf 89' lang='lat' dir='ltr'>et</span> <span class='ocrx_word' id='word_1_141' title='bbox 634 1180 784 1209; x_wconf 77' lang='lat' dir='ltr'>liberaliter</span> <span class='ocrx_word' id='word_1_142' title='bbox 805 1180 855 1214; x_wconf 83' lang='lat' dir='ltr'>da,</span> <span class='ocrx_word' id='word_1_143' title='bbox 877 1188 932 1208; x_wconf 92' lang='lat' dir='ltr'>non</span> <span class='ocrx_word' id='word_1_144' title='bbox 954 1187 1003 1216; x_wconf 91' lang='lat' dir='ltr'>per</span> <span class='ocrx_word' id='word_1_145' title='bbox 1032 1179 1219 1208; x_wconf 71' lang='lat' dir='ltr'>extorsionem</span> 
     </span>
     <span class='ocr_line' id='line_1_28' title="bbox 370 1226 1219 1265; baseline -0.001 -9"><span class='ocrx_word' id='word_1_146' title='bbox 370 1231 397 1257; x_wconf 92' lang='lat' dir='ltr'>et</span> <span class='ocrx_word' id='word_1_147' title='bbox 428 1228 506 1265; x_wconf 82' lang='lat' dir='ltr'>quasi</span> <span class='ocrx_word' id='word_1_148' title='bbox 538 1230 665 1262; x_wconf 87' lang='lat' dir='ltr'>coactus;</span> <span class='ocrx_word' id='word_1_149' title='bbox 697 1227 834 1256; x_wconf 87' lang='lat' dir='ltr'>secundae</span> <span class='ocrx_word' id='word_1_150' title='bbox 865 1227 898 1255; x_wconf 86' lang='lat' dir='ltr'>ad</span> <span class='ocrx_word' id='word_1_151' title='bbox 926 1226 1084 1255; x_wconf 85' lang='lat' dir='ltr'>Corinthios</span> <span class='ocrx_word' id='word_1_152' title='bbox 1109 1227 1219 1255; x_wconf 67' lang='lat' dir='ltr'>non02:</span> 
     </span>
     <span class='ocr_line' id='line_1_29' title="bbox 375 1273 1220 1311; baseline -0.001 -8"><span class='ocrx_word' id='word_1_153' title='bbox 375 1287 387 1300; x_wconf 92' lang='lat'>«</span> <span class='ocrx_word' id='word_1_154' title='bbox 402 1274 613 1311; x_wconf 81' lang='lat' dir='ltr'>Unusquisque,</span> <span class='ocrx_word' id='word_1_155' title='bbox 630 1277 713 1311; x_wconf 88' lang='lat' dir='ltr'>prout</span> <span class='ocrx_word' id='word_1_156' title='bbox 726 1274 873 1303; x_wconf 85' lang='lat' dir='ltr'>destinavit</span> <span class='ocrx_word' id='word_1_157' title='bbox 895 1274 922 1302; x_wconf 92' lang='lat' dir='ltr'>in</span> <span class='ocrx_word' id='word_1_158' title='bbox 937 1273 1019 1302; x_wconf 88' lang='lat' dir='ltr'>corde</span> <span class='ocrx_word' id='word_1_159' title='bbox 1035 1282 1099 1308; x_wconf 90' lang='lat' dir='ltr'>suo,</span> <span class='ocrx_word' id='word_1_160' title='bbox 1114 1282 1168 1302; x_wconf 93' lang='lat' dir='ltr'>non</span> <span class='ocrx_word' id='word_1_161' title='bbox 1183 1281 1220 1302; x_wconf 87' lang='lat' dir='ltr'>ex</span> 
     </span>
     <span class='ocr_line' id='line_1_30' title="bbox 370 1320 1219 1355; baseline -0.001 -5"><span class='ocrx_word' id='word_1_162' title='bbox 370 1321 496 1355; x_wconf 84' lang='lat' dir='ltr'>tristitia,</span> <span class='ocrx_word' id='word_1_163' title='bbox 522 1325 570 1350; x_wconf 91' lang='lat' dir='ltr'>aut</span> <span class='ocrx_word' id='word_1_164' title='bbox 591 1329 627 1350; x_wconf 84' lang='lat' dir='ltr'>ex</span> <span class='ocrx_word' id='word_1_165' title='bbox 649 1321 826 1354; x_wconf 86' lang='lat' dir='ltr'>necessitate;</span> <span class='ocrx_word' id='word_1_166' title='bbox 849 1321 966 1349; x_wconf 78' lang='lat' dir='ltr'>hilarem</span> <span class='ocrx_word' id='word_1_167' title='bbox 995 1320 1067 1349; x_wconf 89' lang='lat' dir='ltr'>enim</span> <span class='ocrx_word' id='word_1_168' title='bbox 1095 1320 1219 1349; x_wconf 88' lang='lat' dir='ltr'>datorem</span> 
     </span>
     <span class='ocr_line' id='line_1_31' title="bbox 369 1367 1220 1405; baseline -0.001 -9"><span class='ocrx_word' id='word_1_169' title='bbox 369 1368 456 1405; x_wconf 86' lang='lat' dir='ltr'>diligit</span> <span class='ocrx_word' id='word_1_170' title='bbox 484 1368 598 1397; x_wconf 78' lang='lat' dir='ltr'>Deus».</span> <span class='ocrx_word' id='word_1_171' title='bbox 623 1368 734 1396; x_wconf 78' lang='lat' dir='ltr'>Panem</span> <span class='ocrx_word' id='word_1_172' title='bbox 762 1371 863 1401; x_wconf 80' lang='lat' dir='ltr'>tuum,</span> <span class='ocrx_word' id='word_1_173' title='bbox 886 1375 939 1396; x_wconf 88' lang='lat' dir='ltr'>non</span> <span class='ocrx_word' id='word_1_174' title='bbox 968 1367 1102 1401; x_wconf 85' lang='lat' dir='ltr'>alienum;</span> <span class='ocrx_word' id='word_1_175' title='bbox 1130 1367 1220 1396; x_wconf 88' lang='lat' dir='ltr'>Eccle-</span> 
     </span>
     <span class='ocr_line' id='line_1_32' title="bbox 369 1414 1219 1452; baseline -0.002 -8"><span class='ocrx_word' id='word_1_176' title='bbox 369 1415 470 1444; x_wconf 86' lang='lat' dir='ltr'>siastici</span> <span class='ocrx_word' id='word_1_177' title='bbox 493 1415 634 1452; x_wconf 81' lang='lat' dir='ltr'>trigesimo</span> <span class='ocrx_word' id='word_1_178' title='bbox 655 1418 771 1452; x_wconf 89' lang='lat' dir='ltr'>quarto:</span> <span class='ocrx_word' id='word_1_179' title='bbox 795 1426 808 1440; x_wconf 89' lang='lat'>«</span> <span class='ocrx_word' id='word_1_180' title='bbox 824 1415 875 1451; x_wconf 85' lang='lat' dir='ltr'>Qui</span> <span class='ocrx_word' id='word_1_181' title='bbox 892 1415 972 1444; x_wconf 72' lang='lat' dir='ltr'>offert</span> <span class='ocrx_word' id='word_1_182' title='bbox 994 1414 1160 1443; x_wconf 86' lang='lat' dir='ltr'>sacrificium</span> <span class='ocrx_word' id='word_1_183' title='bbox 1184 1422 1219 1443; x_wconf 87' lang='lat' dir='ltr'>ex</span> 
     </span>
     <span class='ocr_line' id='line_1_33' title="bbox 369 1461 1220 1499; baseline -0.001 -9"><span class='ocrx_word' id='word_1_184' title='bbox 369 1461 523 1490; x_wconf 87' lang='lat' dir='ltr'>substantia</span> <span class='ocrx_word' id='word_1_185' title='bbox 543 1462 686 1499; x_wconf 87' lang='lat' dir='ltr'>pauperis,</span> <span class='ocrx_word' id='word_1_186' title='bbox 708 1462 786 1499; x_wconf 89' lang='lat' dir='ltr'>quasi</span> <span class='ocrx_word' id='word_1_187' title='bbox 809 1462 856 1499; x_wconf 90' lang='lat' dir='ltr'>qui</span> <span class='ocrx_word' id='word_1_188' title='bbox 873 1462 995 1490; x_wconf 86' lang='lat' dir='ltr'>victimat</span> <span class='ocrx_word' id='word_1_189' title='bbox 1010 1461 1097 1490; x_wconf 79' lang='lat' dir='ltr'>tilium</span> <span class='ocrx_word' id='word_1_190' title='bbox 1114 1461 1140 1489; x_wconf 95' lang='lat' dir='ltr'>in</span> <span class='ocrx_word' id='word_1_191' title='bbox 1156 1469 1220 1490; x_wconf 86' lang='lat' dir='ltr'>con-</span> 
     </span>
     <span class='ocr_line' id='line_1_34' title="bbox 369 1508 1220 1546; baseline -0.001 -9"><span class='ocrx_word' id='word_1_192' title='bbox 369 1512 466 1545; x_wconf 89' lang='lat' dir='ltr'>spectu</span> <span class='ocrx_word' id='word_1_193' title='bbox 490 1508 618 1545; x_wconf 78' lang='lat' dir='ltr'>patris».</span> <span class='ocrx_word' id='word_1_194' title='bbox 649 1508 745 1546; x_wconf 78' lang='lat' dir='ltr'>Super</span> <span class='ocrx_word' id='word_1_195' title='bbox 773 1512 957 1537; x_wconf 73' lang='lat' dir='ltr'>transeuntes</span> <span class='ocrx_word' id='word_1_196' title='bbox 984 1517 1088 1546; x_wconf 76' lang='lat' dir='ltr'>aquas.</span> <span class='ocrx_word' id='word_1_197' title='bbox 1118 1509 1220 1546; x_wconf 82' lang='lat' dir='ltr'><em>Aquae</em></span> 
     </span>
     <span class='ocr_line' id='line_1_35' title="bbox 369 1555 1219 1593; baseline -0.001 -9"><span class='ocrx_word' id='word_1_198' title='bbox 369 1556 474 1584; x_wconf 86' lang='lat' dir='ltr'>multae</span> <span class='ocrx_word' id='word_1_199' title='bbox 489 1558 560 1584; x_wconf 81' lang='lat' dir='ltr'>sunt</span> <span class='ocrx_word' id='word_1_200' title='bbox 587 1556 682 1593; x_wconf 91' lang='lat' dir='ltr'>populi</span> <span class='ocrx_word' id='word_1_201' title='bbox 714 1556 809 1590; x_wconf 87' lang='lat' dir='ltr'>multi,</span> <span class='ocrx_word' id='word_1_202' title='bbox 839 1556 1013 1592; x_wconf 73' lang='lat' dir='ltr'>Apocalypsis</span> <span class='ocrx_word' id='word_1_203' title='bbox 1044 1555 1151 1584; x_wconf 89' lang='lat' dir='ltr'>decimo</span> <span class='ocrx_word' id='word_1_204' title='bbox 1178 1563 1219 1584; x_wconf 89' lang='lat' dir='ltr'>se-</span> 
     </span>
     <span class='ocr_line' id='line_1_36' title="bbox 369 1602 1220 1641; baseline -0.001 -10"><span class='ocrx_word' id='word_1_205' title='bbox 369 1603 467 1640; x_wconf 88' lang='lat' dir='ltr'>ptimo;</span> <span class='ocrx_word' id='word_1_206' title='bbox 483 1606 665 1632; x_wconf 76' lang='lat' dir='ltr'>transeuntes</span> <span class='ocrx_word' id='word_1_207' title='bbox 680 1611 775 1641; x_wconf 74' lang='lat' dir='ltr'>aquae</span> <span class='ocrx_word' id='word_1_208' title='bbox 789 1606 854 1632; x_wconf 91' lang='lat' dir='ltr'>sunt</span> <span class='ocrx_word' id='word_1_209' title='bbox 868 1603 915 1640; x_wconf 91' lang='lat' dir='ltr'>qui</span> <span class='ocrx_word' id='word_1_210' title='bbox 933 1605 1077 1631; x_wconf 83' lang='lat' dir='ltr'>transeunt</span> <span class='ocrx_word' id='word_1_211' title='bbox 1091 1602 1124 1631; x_wconf 89' lang='lat' dir='ltr'>de</span> <span class='ocrx_word' id='word_1_212' title='bbox 1138 1604 1220 1639; x_wconf 84' lang='lat' dir='ltr'>gente</span> 
     </span>
     <span class='ocr_line' id='line_1_37' title="bbox 369 1650 1220 1687; baseline 0 -9"><span class='ocrx_word' id='word_1_213' title='bbox 369 1650 396 1678; x_wconf 91' lang='lat' dir='ltr'>in</span> <span class='ocrx_word' id='word_1_214' title='bbox 417 1653 527 1687; x_wconf 84' lang='lat' dir='ltr'>gentem</span> <span class='ocrx_word' id='word_1_215' title='bbox 548 1654 575 1679; x_wconf 91' lang='lat' dir='ltr'>et</span> <span class='ocrx_word' id='word_1_216' title='bbox 595 1650 629 1679; x_wconf 91' lang='lat' dir='ltr'>de</span> <span class='ocrx_word' id='word_1_217' title='bbox 651 1658 736 1687; x_wconf 82' lang='lat' dir='ltr'>regno</span> <span class='ocrx_word' id='word_1_218' title='bbox 766 1650 799 1678; x_wconf 85' lang='lat' dir='ltr'>ad</span> <span class='ocrx_word' id='word_1_219' title='bbox 828 1650 962 1687; x_wconf 88' lang='lat' dir='ltr'>populum</span> <span class='ocrx_word' id='word_1_220' title='bbox 990 1650 1125 1684; x_wconf 89' lang='lat' dir='ltr'>alterum;</span> <span class='ocrx_word' id='word_1_221' title='bbox 1153 1650 1220 1679; x_wconf 88' lang='lat' dir='ltr'>tales</span> 
     </span>
     <span class='ocr_line' id='line_1_38' title="bbox 369 1697 1219 1734; baseline 0 -8"><span class='ocrx_word' id='word_1_222' title='bbox 369 1700 434 1726; x_wconf 87' lang='lat' dir='ltr'>sunt</span> <span class='ocrx_word' id='word_1_223' title='bbox 454 1697 592 1734; x_wconf 85' lang='lat' dir='ltr'>peregrini</span> <span class='ocrx_word' id='word_1_224' title='bbox 615 1700 641 1726; x_wconf 89' lang='lat' dir='ltr'>et</span> <span class='ocrx_word' id='word_1_225' title='bbox 662 1697 797 1731; x_wconf 83' lang='lat' dir='ltr'>advenae;</span> <span class='ocrx_word' id='word_1_226' title='bbox 820 1697 879 1726; x_wconf 88' lang='lat' dir='ltr'>istis</span> <span class='ocrx_word' id='word_1_227' title='bbox 897 1697 1021 1726; x_wconf 85' lang='lat' dir='ltr'>facienda</span> <span class='ocrx_word' id='word_1_228' title='bbox 1041 1700 1082 1726; x_wconf 90' lang='lat' dir='ltr'>est</span> <span class='ocrx_word' id='word_1_229' title='bbox 1103 1697 1219 1726; x_wconf 89' lang='lat' dir='ltr'>eleemo-</span> 
     </span>
     <span class='ocr_line' id='line_1_39' title="bbox 368 1744 1219 1781; baseline -0.001 -8"><span class='ocrx_word' id='word_1_230' title='bbox 368 1752 450 1781; x_wconf 85' lang='lat' dir='ltr'>syna;</span> <span class='ocrx_word' id='word_1_231' title='bbox 477 1744 560 1773; x_wconf 84' lang='lat' dir='ltr'>Isaiae</span> <span class='ocrx_word' id='word_1_232' title='bbox 588 1744 817 1781; x_wconf 80' lang='lat' dir='ltr'>quinquagesimo</span> <span class='ocrx_word' id='word_1_233' title='bbox 838 1744 972 1773; x_wconf 74' lang='lat' dir='ltr'>octavo³:</span> <span class='ocrx_word' id='word_1_234' title='bbox 1004 1756 1017 1769; x_wconf 73' lang='lat' dir='ltr'>ct</span> <span class='ocrx_word' id='word_1_235' title='bbox 1031 1744 1136 1781; x_wconf 84' lang='lat' dir='ltr'>Frange</span> <span class='ocrx_word' id='word_1_236' title='bbox 1156 1752 1219 1773; x_wconf 87' lang='lat' dir='ltr'>esu-</span> 
     </span>
     <span class='ocr_line' id='line_1_40' title="bbox 369 1791 1218 1828; baseline 0 -9"><span class='ocrx_word' id='word_1_237' title='bbox 369 1791 449 1820; x_wconf 89' lang='lat' dir='ltr'>rienti</span> <span class='ocrx_word' id='word_1_238' title='bbox 471 1799 571 1828; x_wconf 91' lang='lat' dir='ltr'>panem</span> <span class='ocrx_word' id='word_1_239' title='bbox 593 1794 688 1825; x_wconf 91' lang='lat' dir='ltr'>tuum,</span> <span class='ocrx_word' id='word_1_240' title='bbox 720 1795 747 1819; x_wconf 91' lang='lat' dir='ltr'>et</span> <span class='ocrx_word' id='word_1_241' title='bbox 778 1799 878 1828; x_wconf 86' lang='lat' dir='ltr'>egenos</span> <span class='ocrx_word' id='word_1_242' title='bbox 907 1799 1045 1828; x_wconf 81' lang='lat' dir='ltr'>vagosque</span> <span class='ocrx_word' id='word_1_243' title='bbox 1078 1791 1160 1819; x_wconf 89' lang='lat' dir='ltr'>induc</span> <span class='ocrx_word' id='word_1_244' title='bbox 1191 1791 1218 1819; x_wconf 90' lang='lat' dir='ltr'>in</span> 
     </span>
     <span class='ocr_line' id='line_1_41' title="bbox 367 1838 1219 1876; baseline -0.001 -9"><span class='ocrx_word' id='word_1_245' title='bbox 367 1838 480 1867; x_wconf 89' lang='lat' dir='ltr'>domum</span> <span class='ocrx_word' id='word_1_246' title='bbox 503 1842 580 1867; x_wconf 87' lang='lat' dir='ltr'>tuam</span> <span class='ocrx_word' id='word_1_247' title='bbox 596 1850 621 1866; x_wconf 88' lang='lat'>».</span> <span class='ocrx_word' id='word_1_248' title='bbox 645 1838 708 1867; x_wconf 88' lang='lat' dir='ltr'>Vel:</span> <span class='ocrx_word' id='word_1_249' title='bbox 731 1846 826 1876; x_wconf 76' lang='lat' dir='ltr'>aquae</span> <span class='ocrx_word' id='word_1_250' title='bbox 846 1841 912 1867; x_wconf 86' lang='lat' dir='ltr'>sunt</span> <span class='ocrx_word' id='word_1_251' title='bbox 934 1838 1125 1866; x_wconf 83' lang='lat' dir='ltr'>tribulationes</span> <span class='ocrx_word' id='word_1_252' title='bbox 1140 1846 1219 1874; x_wconf 89' lang='lat' dir='ltr'>prae—</span> 
     </span>
     <span class='ocr_line' id='line_1_42' title="bbox 368 1885 1219 1922; baseline 0 -9"><span class='ocrx_word' id='word_1_253' title='bbox 368 1888 468 1918; x_wconf 89' lang='lat' dir='ltr'>sentes,</span> <span class='ocrx_word' id='word_1_254' title='bbox 483 1885 563 1913; x_wconf 88' lang='lat' dir='ltr'>iuxta</span> <span class='ocrx_word' id='word_1_255' title='bbox 577 1885 644 1913; x_wconf 90' lang='lat' dir='ltr'>illud</span> <span class='ocrx_word' id='word_1_256' title='bbox 660 1885 773 1913; x_wconf 88' lang='lat' dir='ltr'>Psalmi:</span> <span class='ocrx_word' id='word_1_257' title='bbox 794 1896 807 1910; x_wconf 74' lang='grc' dir='ltr'>«ι</span> <span class='ocrx_word' id='word_1_258' title='bbox 822 1885 999 1914; x_wconf 85' lang='lat' dir='ltr'>Intraverunt</span> <span class='ocrx_word' id='word_1_259' title='bbox 1019 1893 1107 1922; x_wconf 82' lang='lat' dir='ltr'>aquae</span> <span class='ocrx_word' id='word_1_260' title='bbox 1128 1892 1219 1922; x_wconf 92' lang='lat' dir='ltr'>usque</span> 
     </span>
     <span class='ocr_line' id='line_1_43' title="bbox 367 1932 1218 1970; baseline 0 -10"><span class='ocrx_word' id='word_1_261' title='bbox 367 1932 401 1960; x_wconf 92' lang='lat' dir='ltr'>ad</span> <span class='ocrx_word' id='word_1_262' title='bbox 422 1932 541 1961; x_wconf 88' lang='lat' dir='ltr'>animam</span> <span class='ocrx_word' id='word_1_263' title='bbox 563 1940 652 1960; x_wconf 85' lang='lat' dir='ltr'>meam</span> <span class='ocrx_word' id='word_1_264' title='bbox 667 1943 694 1966; x_wconf 76' lang='grc'>»;</span> <span class='ocrx_word' id='word_1_265' title='bbox 718 1936 901 1960; x_wconf 74' lang='lat' dir='ltr'>transeuntes</span> <span class='ocrx_word' id='word_1_266' title='bbox 922 1941 1017 1970; x_wconf 76' lang='lat' dir='ltr'>aquae</span> <span class='ocrx_word' id='word_1_267' title='bbox 1036 1935 1101 1960; x_wconf 91' lang='lat' dir='ltr'>sunt</span> <span class='ocrx_word' id='word_1_268' title='bbox 1115 1940 1218 1969; x_wconf 84' lang='lat' dir='ltr'>paupe-</span> 
     </span>
     <span class='ocr_line' id='line_1_44' title="bbox 368 1978 1217 2016; baseline -0.001 -8"><span class='ocrx_word' id='word_1_269' title='bbox 368 1987 413 2008; x_wconf 91' lang='lat' dir='ltr'>res</span> <span class='ocrx_word' id='word_1_270' title='bbox 434 1982 460 2008; x_wconf 89' lang='lat' dir='ltr'>et</span> <span class='ocrx_word' id='word_1_271' title='bbox 481 1979 590 2013; x_wconf 90' lang='lat' dir='ltr'>afflicti,</span> <span class='ocrx_word' id='word_1_272' title='bbox 612 1979 677 2016; x_wconf 88' lang='lat' dir='ltr'>quia</span> <span class='ocrx_word' id='word_1_273' title='bbox 708 1987 758 2016; x_wconf 86' lang='lat' dir='ltr'>per</span> <span class='ocrx_word' id='word_1_274' title='bbox 790 1979 981 2008; x_wconf 87' lang='lat' dir='ltr'>tribulationes</span> <span class='ocrx_word' id='word_1_275' title='bbox 1009 1982 1154 2007; x_wconf 88' lang='lat' dir='ltr'>transeunt</span> <span class='ocrx_word' id='word_1_276' title='bbox 1184 1978 1217 2007; x_wconf 88' lang='lat' dir='ltr'>ad</span> 
     </span>
     <span class='ocr_line' id='line_1_45' title="bbox 368 2026 1218 2063; baseline -0.001 -8"><span class='ocrx_word' id='word_1_277' title='bbox 368 2027 506 2063; x_wconf 82' lang='lat' dir='ltr'>requiem;</span> <span class='ocrx_word' id='word_1_278' title='bbox 529 2026 630 2055; x_wconf 90' lang='lat' dir='ltr'>talibus</span> <span class='ocrx_word' id='word_1_279' title='bbox 651 2029 692 2055; x_wconf 89' lang='lat' dir='ltr'>est</span> <span class='ocrx_word' id='word_1_280' title='bbox 707 2026 881 2063; x_wconf 76' lang='lat' dir='ltr'>eleemosyna</span> <span class='ocrx_word' id='word_1_281' title='bbox 902 2026 1040 2059; x_wconf 84' lang='lat' dir='ltr'>facienda;</span> <span class='ocrx_word' id='word_1_282' title='bbox 1062 2026 1150 2055; x_wconf 83' lang='lat' dir='ltr'>Lucae</span> <span class='ocrx_word' id='word_1_283' title='bbox 1171 2026 1218 2055; x_wconf 89' lang='lat' dir='ltr'>de-</span> 
     </span>
     <span class='ocr_line' id='line_1_46' title="bbox 368 2073 1217 2110; baseline -0.001 -8"><span class='ocrx_word' id='word_1_284' title='bbox 368 2073 439 2102; x_wconf 89' lang='lat' dir='ltr'>cimo</span> <span class='ocrx_word' id='word_1_285' title='bbox 460 2077 575 2110; x_wconf 87' lang='lat' dir='ltr'>quarto:</span> <span class='ocrx_word' id='word_1_286' title='bbox 603 2085 616 2098; x_wconf 83' lang='lat'>«</span> <span class='ocrx_word' id='word_1_287' title='bbox 630 2073 698 2101; x_wconf 91' lang='lat' dir='ltr'>Cum</span> <span class='ocrx_word' id='word_1_288' title='bbox 721 2073 786 2102; x_wconf 80' lang='lat' dir='ltr'>facis</span> <span class='ocrx_word' id='word_1_289' title='bbox 815 2074 1032 2110; x_wconf 83' lang='lat' dir='ltr'>eleemosynam,</span> <span class='ocrx_word' id='word_1_290' title='bbox 1061 2081 1128 2101; x_wconf 89' lang='lat' dir='ltr'>voca</span> <span class='ocrx_word' id='word_1_291' title='bbox 1149 2081 1217 2110; x_wconf 85' lang='lat' dir='ltr'>pau-</span> 
     </span>
     <span class='ocr_line' id='line_1_47' title="bbox 367 2120 1217 2158; baseline -0.001 -9"><span class='ocrx_word' id='word_1_292' title='bbox 367 2128 448 2158; x_wconf 90' lang='lat' dir='ltr'>peres</span> <span class='ocrx_word' id='word_1_293' title='bbox 467 2128 499 2149; x_wconf 88' lang='lat' dir='ltr'>ac</span> <span class='ocrx_word' id='word_1_294' title='bbox 519 2120 638 2154; x_wconf 86' lang='lat' dir='ltr'>debiles,</span> <span class='ocrx_word' id='word_1_295' title='bbox 660 2128 756 2149; x_wconf 84' lang='lat' dir='ltr'>caecos</span> <span class='ocrx_word' id='word_1_296' title='bbox 775 2124 826 2149; x_wconf 89' lang='lat' dir='ltr'>etc.</span> <span class='ocrx_word' id='word_1_297' title='bbox 843 2120 874 2149; x_wconf 89' lang='lat' dir='ltr'>Et</span> <span class='ocrx_word' id='word_1_298' title='bbox 888 2120 1015 2149; x_wconf 85' lang='lat' dir='ltr'>redditur</span> <span class='ocrx_word' id='word_1_299' title='bbox 1036 2120 1122 2148; x_wconf 85' lang='lat' dir='ltr'>ratio:</span> <span class='ocrx_word' id='word_1_300' title='bbox 1139 2120 1217 2156; x_wconf 76' lang='lat' dir='ltr'>Quia</span> 
     </span>
     <span class='ocr_line' id='line_1_48' title="bbox 366 2167 1217 2205; baseline 0 -10"><span class='ocrx_word' id='word_1_301' title='bbox 366 2171 432 2205; x_wconf 73' lang='lat' dir='ltr'>post</span> <span class='ocrx_word' id='word_1_302' title='bbox 453 2171 583 2204; x_wconf 83' lang='lat' dir='ltr'>tempora</span> <span class='ocrx_word' id='word_1_303' title='bbox 603 2167 698 2196; x_wconf 76' lang='lat' dir='ltr'>multa</span> <span class='ocrx_word' id='word_1_304' title='bbox 727 2167 854 2196; x_wconf 77' lang='lat' dir='ltr'>inuenies</span> <span class='ocrx_word' id='word_1_305' title='bbox 882 2167 982 2201; x_wconf 79' lang='lat' dir='ltr'>illum,</span> <span class='ocrx_word' id='word_1_306' title='bbox 1010 2167 1038 2196; x_wconf 91' lang='lat' dir='ltr'>id</span> <span class='ocrx_word' id='word_1_307' title='bbox 1065 2170 1107 2196; x_wconf 89' lang='lat' dir='ltr'>est</span> <span class='ocrx_word' id='word_1_308' title='bbox 1135 2167 1217 2195; x_wconf 87' lang='lat' dir='ltr'>retri-</span> 
     </span>
     <span class='ocr_line' id='line_1_49' title="bbox 368 2214 1214 2252; baseline 0 -9"><span class='ocrx_word' id='word_1_309' title='bbox 368 2215 509 2244; x_wconf 90' lang='lat' dir='ltr'>butionem</span> <span class='ocrx_word' id='word_1_310' title='bbox 540 2223 590 2252; x_wconf 88' lang='lat' dir='ltr'>pro</span> <span class='ocrx_word' id='word_1_311' title='bbox 611 2215 672 2249; x_wconf 91' lang='lat' dir='ltr'>illo;</span> <span class='ocrx_word' id='word_1_312' title='bbox 695 2223 749 2243; x_wconf 93' lang='lat' dir='ltr'>non</span> <span class='ocrx_word' id='word_1_313' title='bbox 770 2222 837 2252; x_wconf 82' lang='lat' dir='ltr'>ergo</span> <span class='ocrx_word' id='word_1_314' title='bbox 858 2215 950 2243; x_wconf 80' lang='lat' dir='ltr'>deficit</span> <span class='ocrx_word' id='word_1_315' title='bbox 978 2214 1138 2248; x_wconf 87' lang='lat' dir='ltr'>retributio,</span> <span class='ocrx_word' id='word_1_316' title='bbox 1167 2214 1214 2243; x_wconf 89' lang='lat' dir='ltr'>sed</span> 
     </span>
     <span class='ocr_line' id='line_1_50' title="bbox 367 2261 1217 2296; baseline 0 -6"><span class='ocrx_word' id='word_1_317' title='bbox 367 2262 511 2296; x_wconf 60' lang='lat' dir='ltr'>differtum</span> <span class='ocrx_word' id='word_1_318' title='bbox 534 2262 713 2291; x_wconf 85' lang='lat' dir='ltr'>Ecclesiastici</span> <span class='ocrx_word' id='word_1_319' title='bbox 734 2262 934 2291; x_wconf 41' lang='lat' dir='ltr'>duodecimo&amp;</span> <span class='ocrx_word' id='word_1_320' title='bbox 962 2273 975 2287; x_wconf 85' lang='lat'>«</span> <span class='ocrx_word' id='word_1_321' title='bbox 990 2261 1103 2290; x_wconf 81' lang='lat' dir='ltr'>Benesac</span> <span class='ocrx_word' id='word_1_322' title='bbox 1128 2261 1217 2295; x_wconf 92' lang='lat' dir='ltr'>iusto,</span> 
     </span>
     <span class='ocr_line' id='line_1_51' title="bbox 368 2308 1217 2346; baseline -0.001 -9"><span class='ocrx_word' id='word_1_323' title='bbox 368 2311 396 2337; x_wconf 89' lang='lat' dir='ltr'>et</span> <span class='ocrx_word' id='word_1_324' title='bbox 416 2309 539 2337; x_wconf 89' lang='lat' dir='ltr'>invenies</span> <span class='ocrx_word' id='word_1_325' title='bbox 559 2309 770 2337; x_wconf 84' lang='lat' dir='ltr'>retributionem</span> <span class='ocrx_word' id='word_1_326' title='bbox 792 2316 935 2346; x_wconf 75' lang='lat' dir='ltr'>magnam3</span> <span class='ocrx_word' id='word_1_327' title='bbox 950 2311 978 2337; x_wconf 88' lang='lat' dir='ltr'>et</span> <span class='ocrx_word' id='word_1_328' title='bbox 999 2308 1020 2337; x_wconf 91' lang='lat' dir='ltr'>si</span> <span class='ocrx_word' id='word_1_329' title='bbox 1042 2316 1097 2337; x_wconf 92' lang='lat' dir='ltr'>non</span> <span class='ocrx_word' id='word_1_330' title='bbox 1112 2308 1147 2336; x_wconf 84' lang='lat' dir='ltr'>ab</span> <span class='ocrx_word' id='word_1_331' title='bbox 1161 2308 1217 2342; x_wconf 90' lang='lat' dir='ltr'>illo,</span> 
     </span>
     <span class='ocr_line' id='line_1_52' title="bbox 368 2355 1218 2390; baseline 0 -6"><span class='ocrx_word' id='word_1_332' title='bbox 368 2359 443 2384; x_wconf 89' lang='lat' dir='ltr'>certe</span> <span class='ocrx_word' id='word_1_333' title='bbox 457 2364 474 2384; x_wconf 84' lang='lat' dir='ltr'>a</span> <span class='ocrx_word' id='word_1_334' title='bbox 487 2356 604 2384; x_wconf 86' lang='lat' dir='ltr'>Domino</span> <span class='ocrx_word' id='word_1_335' title='bbox 619 2366 646 2390; x_wconf 80' lang='grc'>»;</span> <span class='ocrx_word' id='word_1_336' title='bbox 668 2356 732 2384; x_wconf 89' lang='lat' dir='ltr'>item</span> <span class='ocrx_word' id='word_1_337' title='bbox 754 2356 843 2385; x_wconf 89' lang='lat' dir='ltr'>Lucae</span> <span class='ocrx_word' id='word_1_338' title='bbox 863 2355 969 2384; x_wconf 87' lang='lat' dir='ltr'>decimo</span> <span class='ocrx_word' id='word_1_339' title='bbox 989 2359 1085 2384; x_wconf 80' lang='lat' dir='ltr'>sexto:</span> <span class='ocrx_word' id='word_1_340' title='bbox 1105 2355 1218 2384; x_wconf 79' lang='lat' dir='ltr'>«Facite</span> 
     </span>
     <span class='ocr_line' id='line_1_53' title="bbox 368 2402 1078 2439; baseline -0.001 -8"><span class='ocrx_word' id='word_1_341' title='bbox 368 2402 446 2431; x_wconf 90' lang='lat' dir='ltr'>vobis</span> <span class='ocrx_word' id='word_1_342' title='bbox 466 2402 568 2431; x_wconf 89' lang='lat' dir='ltr'>amicos</span> <span class='ocrx_word' id='word_1_343' title='bbox 588 2402 622 2431; x_wconf 89' lang='lat' dir='ltr'>de</span> <span class='ocrx_word' id='word_1_344' title='bbox 644 2410 801 2431; x_wconf 86' lang='lat' dir='ltr'>mammona</span> <span class='ocrx_word' id='word_1_345' title='bbox 821 2402 974 2439; x_wconf 89' lang='lat' dir='ltr'>iniquitatis</span> <span class='ocrx_word' id='word_1_346' title='bbox 988 2414 1002 2428; x_wconf 72' lang='lat'>2&gt;</span> <span class='ocrx_word' id='word_1_347' title='bbox 1027 2406 1078 2431; x_wconf 87' lang='lat' dir='ltr'>etc.</span> 
     </span>
    </p>
   </div>
   <div class='ocr_carea' id='block_1_8' title="bbox 1245 1202 1251 2428">
    <p class='ocr_par' dir='ltr' id='par_1_10' title="bbox 1245 1202 1251 2428">
     <span class='ocr_line' id='line_1_54' title="bbox 1245 1202 1251 2428; baseline 0 0"><span class='ocrx_word' id='word_1_348' title='bbox 1245 1202 1251 2428; x_wconf 95' lang='lat' dir='ltr'> </span> 
     </span>
    </p>
   </div>
   <div class='ocr_carea' id='block_1_9' title="bbox 957 159 1553 189">
    <p class='ocr_par' dir='ltr' id='par_1_11' title="bbox 957 159 1553 189">
     <span class='ocr_line' id='line_1_55' title="bbox 957 159 1553 189; baseline -0.002 0"><span class='ocrx_word' id='word_1_349' title='bbox 957 160 1127 189; x_wconf 88' lang='lat' dir='ltr'>COMMENT.</span> <span class='ocrx_word' id='word_1_350' title='bbox 1150 160 1182 189; x_wconf 88' lang='lat' dir='ltr'>IN</span> <span class='ocrx_word' id='word_1_351' title='bbox 1204 159 1440 188; x_wconf 78' lang='lat' dir='ltr'>ECCLESIASTEN</span> <span class='ocrx_word' id='word_1_352' title='bbox 1461 160 1489 188; x_wconf 91' lang='lat' dir='ltr'>C.</span> <span class='ocrx_word' id='word_1_353' title='bbox 1511 160 1553 188; x_wconf 79' lang='lat' dir='ltr'>xl.</span> 
     </span>
    </p>
   </div>
   <div class='ocr_carea' id='block_1_10' title="bbox 1360 237 2265 275">
    <p class='ocr_par' dir='ltr' id='par_1_12' title="bbox 1360 237 2265 275">
     <span class='ocr_line' id='line_1_56' title="bbox 1360 237 2265 275; baseline 0.002 -9"><span class='ocrx_word' id='word_1_354' title='bbox 1360 238 1448 274; x_wconf 84' lang='lat' dir='ltr'>(Vers.</span> <span class='ocrx_word' id='word_1_355' title='bbox 1471 239 1497 267; x_wconf 72' lang='lat'>2.</span> <span class='ocrx_word' id='word_1_356' title='bbox 1521 237 1569 273; x_wconf 86' lang='lat'>3.).</span> <span class='ocrx_word' id='word_1_357' title='bbox 1587 238 1632 266; x_wconf 84' lang='lat' dir='ltr'>Da</span> <span class='ocrx_word' id='word_1_358' title='bbox 1644 242 1746 275; x_wconf 74' lang='lat' dir='ltr'>partes</span> <span class='ocrx_word' id='word_1_359' title='bbox 1760 241 1864 275; x_wconf 79' lang='lat' dir='ltr'>septem</span> <span class='ocrx_word' id='word_1_360' title='bbox 1879 241 1929 267; x_wconf 90' lang='lat' dir='ltr'>etc.</span> <span class='ocrx_word' id='word_1_361' title='bbox 1946 239 1992 267; x_wconf 93' lang='lat' dir='ltr'>llic</span> <span class='ocrx_word' id='word_1_362' title='bbox 2007 238 2127 268; x_wconf 86' lang='lat' dir='ltr'>secundo</span> <span class='ocrx_word' id='word_1_363' title='bbox 2145 245 2265 268; x_wconf 69' lang='lat' dir='ltr'>nosen-mdo,</span> 
     </span>
    </p>
   </div>
   <div class='ocr_carea' id='block_1_11' title="bbox 1281 284 2126 322">
    <p class='ocr_par' dir='ltr' id='par_1_13' title="bbox 1281 284 2126 322">
     <span class='ocr_line' id='line_1_57' title="bbox 1281 284 2126 322; baseline 0.002 -10"><span class='ocrx_word' id='word_1_364' title='bbox 1281 284 1410 312; x_wconf 85' lang='lat' dir='ltr'>hortatur</span> <span class='ocrx_word' id='word_1_365' title='bbox 1431 284 1464 312; x_wconf 87' lang='lat' dir='ltr'>ad</span> <span class='ocrx_word' id='word_1_366' title='bbox 1485 284 1606 313; x_wconf 85' lang='lat' dir='ltr'>dandum</span> <span class='ocrx_word' id='word_1_367' title='bbox 1627 284 1830 318; x_wconf 56' lang='lat' dir='ltr'>abundantem</span> <span class='ocrx_word' id='word_1_368' title='bbox 1851 288 1878 314; x_wconf 90' lang='lat' dir='ltr'>et</span> <span class='ocrx_word' id='word_1_369' title='bbox 1909 285 2060 322; x_wconf 87' lang='lat' dir='ltr'>praemittit</span> <span class='ocrx_word' id='word_1_370' title='bbox 2079 294 2126 314; x_wconf 73' lang='grc' dir='ltr'>θω-</span> 
     </span>
    </p>
   </div>
   <div class='ocr_carea' id='block_1_12' title="bbox 1280 330 2263 369">
    <p class='ocr_par' dir='ltr' id='par_1_14' title="bbox 1280 330 2263 369">
     <span class='ocr_line' id='line_1_58' title="bbox 1280 330 2263 369; baseline 0.002 -10"><span class='ocrx_word' id='word_1_371' title='bbox 1280 330 1473 359; x_wconf 73' lang='lat' dir='ltr'>hortationem</span> <span class='ocrx_word' id='word_1_372' title='bbox 1491 334 1519 360; x_wconf 89' lang='lat' dir='ltr'>et</span> <span class='ocrx_word' id='word_1_373' title='bbox 1537 331 1680 368; x_wconf 83' lang='lat' dir='ltr'>subiungit</span> <span class='ocrx_word' id='word_1_374' title='bbox 1693 332 1845 360; x_wconf 76' lang='lat' dir='ltr'>rationem.</span> <span class='ocrx_word' id='word_1_375' title='bbox 1863 331 2046 361; x_wconf 69' lang='lat' dir='ltr'>Exhortatur</span> <span class='ocrx_word' id='word_1_376' title='bbox 2061 340 2127 369; x_wconf 85' lang='lat' dir='ltr'>ergo</span> <span class='ocrx_word' id='word_1_377' title='bbox 2144 340 2263 360; x_wconf 66' lang='lat' dir='ltr'>Exhortatio-</span> 
     </span>
    </p>
   </div>
   <div class='ocr_carea' id='block_1_13' title="bbox 1274 378 2128 2440">
    <p class='ocr_par' dir='ltr' id='par_1_15' title="bbox 1274 378 2128 2440">
     <span class='ocr_line' id='line_1_59' title="bbox 1279 378 2127 415; baseline 0.001 -9"><span class='ocrx_word' id='word_1_378' title='bbox 1279 378 1313 406; x_wconf 85' lang='lat' dir='ltr'>ad</span> <span class='ocrx_word' id='word_1_379' title='bbox 1334 378 1531 407; x_wconf 86' lang='lat' dir='ltr'>abundantiam</span> <span class='ocrx_word' id='word_1_380' title='bbox 1552 378 1660 407; x_wconf 88' lang='lat' dir='ltr'>dicens:</span> <span class='ocrx_word' id='word_1_381' title='bbox 1685 379 1730 407; x_wconf 80' lang='lat' dir='ltr'>Da</span> <span class='ocrx_word' id='word_1_382' title='bbox 1748 382 1849 415; x_wconf 77' lang='lat' dir='ltr'>partes</span> <span class='ocrx_word' id='word_1_383' title='bbox 1869 382 1974 415; x_wconf 81' lang='lat' dir='ltr'>septem</span> <span class='ocrx_word' id='word_1_384' title='bbox 1997 387 2049 408; x_wconf 77' lang='lat' dir='ltr'>nec</span> <span class='ocrx_word' id='word_1_385' title='bbox 2068 387 2127 407; x_wconf 75' lang='lat' dir='ltr'>non</span> 
     </span>
     <span class='ocr_line' id='line_1_60' title="bbox 1279 425 2127 462; baseline 0.002 -9"><span class='ocrx_word' id='word_1_386' title='bbox 1279 428 1305 453; x_wconf 86' lang='lat' dir='ltr'>et</span> <span class='ocrx_word' id='word_1_387' title='bbox 1324 428 1401 459; x_wconf 83' lang='lat' dir='ltr'>octo,</span> <span class='ocrx_word' id='word_1_388' title='bbox 1423 425 1450 454; x_wconf 94' lang='lat' dir='ltr'>id</span> <span class='ocrx_word' id='word_1_389' title='bbox 1471 428 1512 454; x_wconf 91' lang='lat' dir='ltr'>est</span> <span class='ocrx_word' id='word_1_390' title='bbox 1533 425 1685 454; x_wconf 83' lang='lat' dir='ltr'>secundum</span> <span class='ocrx_word' id='word_1_391' title='bbox 1712 426 1918 462; x_wconf 87' lang='lat' dir='ltr'>possibilitatem</span> <span class='ocrx_word' id='word_1_392' title='bbox 1947 429 2060 455; x_wconf 88' lang='lat' dir='ltr'>tuarum</span> <span class='ocrx_word' id='word_1_393' title='bbox 2087 426 2127 455; x_wconf 90' lang='lat' dir='ltr'>vi-</span> 
     </span>
     <span class='ocr_line' id='line_1_61' title="bbox 1280 472 2127 510; baseline 0.001 -9"><span class='ocrx_word' id='word_1_394' title='bbox 1280 472 1352 501; x_wconf 92' lang='lat' dir='ltr'>rium</span> <span class='ocrx_word' id='word_1_395' title='bbox 1374 472 1409 501; x_wconf 89' lang='lat' dir='ltr'>da</span> <span class='ocrx_word' id='word_1_396' title='bbox 1429 473 1648 510; x_wconf 85' lang='lat' dir='ltr'>eleemosynam,</span> <span class='ocrx_word' id='word_1_397' title='bbox 1669 475 1716 507; x_wconf 88' lang='lat' dir='ltr'>ut,</span> <span class='ocrx_word' id='word_1_398' title='bbox 1738 473 1796 502; x_wconf 89' lang='lat' dir='ltr'>sive</span> <span class='ocrx_word' id='word_1_399' title='bbox 1820 481 1926 510; x_wconf 86' lang='lat' dir='ltr'>pauper</span> <span class='ocrx_word' id='word_1_400' title='bbox 1951 473 2045 508; x_wconf 85' lang='lat' dir='ltr'>fueris,</span> <span class='ocrx_word' id='word_1_401' title='bbox 2070 473 2127 502; x_wconf 83' lang='lat' dir='ltr'>sive</span> 
     </span>
     <span class='ocr_line' id='line_1_62' title="bbox 1278 518 2126 556; baseline 0 -8"><span class='ocrx_word' id='word_1_402' title='bbox 1278 518 1370 553; x_wconf 87' lang='lat' dir='ltr'>dives,</span> <span class='ocrx_word' id='word_1_403' title='bbox 1385 519 1433 548; x_wconf 89' lang='lat' dir='ltr'>des</span> <span class='ocrx_word' id='word_1_404' title='bbox 1448 519 1584 548; x_wconf 91' lang='lat' dir='ltr'>bonorum</span> <span class='ocrx_word' id='word_1_405' title='bbox 1606 523 1719 548; x_wconf 89' lang='lat' dir='ltr'>tuorum</span> <span class='ocrx_word' id='word_1_406' title='bbox 1735 520 1880 556; x_wconf 86' lang='lat' dir='ltr'>septimam</span> <span class='ocrx_word' id='word_1_407' title='bbox 1900 523 1927 548; x_wconf 92' lang='lat' dir='ltr'>et</span> <span class='ocrx_word' id='word_1_408' title='bbox 1941 522 2078 554; x_wconf 84' lang='lat' dir='ltr'>octavam,</span> <span class='ocrx_word' id='word_1_409' title='bbox 2100 520 2126 548; x_wconf 91' lang='lat' dir='ltr'>id</span> 
     </span>
     <span class='ocr_line' id='line_1_63' title="bbox 1278 566 2126 604; baseline 0.001 -10"><span class='ocrx_word' id='word_1_410' title='bbox 1278 569 1336 600; x_wconf 89' lang='lat' dir='ltr'>est,</span> <span class='ocrx_word' id='word_1_411' title='bbox 1358 569 1464 603; x_wconf 86' lang='lat' dir='ltr'>partem</span> <span class='ocrx_word' id='word_1_412' title='bbox 1496 574 1653 604; x_wconf 88' lang='lat' dir='ltr'>pauperum</span> <span class='ocrx_word' id='word_1_413' title='bbox 1678 566 1761 595; x_wconf 82' lang='lat' dir='ltr'>facias</span> <span class='ocrx_word' id='word_1_414' title='bbox 1782 566 1897 601; x_wconf 85' lang='lat' dir='ltr'>bonam;</span> <span class='ocrx_word' id='word_1_415' title='bbox 1927 566 2063 596; x_wconf 89' lang='lat' dir='ltr'>secundae</span> <span class='ocrx_word' id='word_1_416' title='bbox 2093 566 2126 595; x_wconf 84' lang='lat' dir='ltr'>ad</span> 
     </span>
     <span class='ocr_line' id='line_1_64' title="bbox 1278 613 2126 643; baseline 0.001 -2"><span class='ocrx_word' id='word_1_417' title='bbox 1278 613 1435 642; x_wconf 90' lang='lat' dir='ltr'>Corinthios</span> <span class='ocrx_word' id='word_1_418' title='bbox 1455 614 1590 642; x_wconf 87' lang='lat' dir='ltr'>octavo⁵:</span> <span class='ocrx_word' id='word_1_419' title='bbox 1618 626 1631 639; x_wconf 87' lang='lat'>«</span> <span class='ocrx_word' id='word_1_420' title='bbox 1646 614 1679 642; x_wconf 87' lang='lat' dir='ltr'>Ut</span> <span class='ocrx_word' id='word_1_421' title='bbox 1700 617 1792 643; x_wconf 89' lang='lat' dir='ltr'>vestra</span> <span class='ocrx_word' id='word_1_422' title='bbox 1819 614 1988 643; x_wconf 88' lang='lat' dir='ltr'>abundantia</span> <span class='ocrx_word' id='word_1_423' title='bbox 2015 614 2126 643; x_wconf 89' lang='lat' dir='ltr'>illorum</span> 
     </span>
     <span class='ocr_line' id='line_1_65' title="bbox 1279 659 2128 697; baseline 0.001 -9"><span class='ocrx_word' id='word_1_424' title='bbox 1279 659 1399 696; x_wconf 86' lang='lat' dir='ltr'>inopiam</span> <span class='ocrx_word' id='word_1_425' title='bbox 1420 660 1547 697; x_wconf 88' lang='lat' dir='ltr'>suppleat</span> <span class='ocrx_word' id='word_1_426' title='bbox 1561 672 1588 695; x_wconf 79' lang='lat'>»;</span> <span class='ocrx_word' id='word_1_427' title='bbox 1610 663 1638 689; x_wconf 88' lang='lat' dir='ltr'>et</span> <span class='ocrx_word' id='word_1_428' title='bbox 1658 661 1746 690; x_wconf 86' lang='lat' dir='ltr'>Lucae</span> <span class='ocrx_word' id='word_1_429' title='bbox 1761 661 1923 690; x_wconf 84' lang='lat' dir='ltr'>undecimo:</span> <span class='ocrx_word' id='word_1_430' title='bbox 1943 672 1956 686; x_wconf 85' lang='grc'>«</span> <span class='ocrx_word' id='word_1_431' title='bbox 1972 661 2039 689; x_wconf 90' lang='lat' dir='ltr'>Date</span> <span class='ocrx_word' id='word_1_432' title='bbox 2060 661 2128 689; x_wconf 86' lang='lat' dir='ltr'>elee-</span> 
     </span>
     <span class='ocr_line' id='line_1_66' title="bbox 1279 707 2127 744; baseline 0.002 -10"><span class='ocrx_word' id='word_1_433' title='bbox 1279 714 1421 743; x_wconf 82' lang='lat' dir='ltr'>mosynam</span> <span class='ocrx_word' id='word_1_434' title='bbox 1448 707 1482 736; x_wconf 90' lang='lat' dir='ltr'>de</span> <span class='ocrx_word' id='word_1_435' title='bbox 1510 715 1542 736; x_wconf 84' lang='lat' dir='ltr'>eo</span> <span class='ocrx_word' id='word_1_436' title='bbox 1570 707 1645 744; x_wconf 90' lang='lat' dir='ltr'>quod</span> <span class='ocrx_word' id='word_1_437' title='bbox 1673 711 1801 744; x_wconf 87' lang='lat' dir='ltr'>superest</span> <span class='ocrx_word' id='word_1_438' title='bbox 1826 719 1852 736; x_wconf 81' lang='grc'>».</span> <span class='ocrx_word' id='word_1_439' title='bbox 1881 707 1943 736; x_wconf 90' lang='lat' dir='ltr'>Ideo</span> <span class='ocrx_word' id='word_1_440' title='bbox 1973 707 2054 736; x_wconf 88' lang='lat' dir='ltr'>dicit:</span> <span class='ocrx_word' id='word_1_441' title='bbox 2082 708 2127 736; x_wconf 69' lang='lat' dir='ltr'>Da</span> 
     </span>
     <span class='ocr_line' id='line_1_67' title="bbox 1276 755 2128 792; baseline 0.002 -10"><span class='ocrx_word' id='word_1_442' title='bbox 1276 757 1377 791; x_wconf 78' lang='lat' dir='ltr'>partes</span> <span class='ocrx_word' id='word_1_443' title='bbox 1404 757 1527 791; x_wconf 75' lang='lat' dir='ltr'>septem,-</span> <span class='ocrx_word' id='word_1_444' title='bbox 1554 762 1604 792; x_wconf 90' lang='lat' dir='ltr'>per</span> <span class='ocrx_word' id='word_1_445' title='bbox 1629 755 1817 792; x_wconf 88' lang='lat' dir='ltr'>septenarium</span> <span class='ocrx_word' id='word_1_446' title='bbox 1846 755 1920 784; x_wconf 91' lang='lat' dir='ltr'>enim</span> <span class='ocrx_word' id='word_1_447' title='bbox 1947 755 2128 792; x_wconf 85' lang='lat' dir='ltr'>intelligimus</span> 
     </span>
     <span class='ocr_line' id='line_1_68' title="bbox 1279 801 2127 840; baseline 0.002 -11"><span class='ocrx_word' id='word_1_448' title='bbox 1279 804 1414 838; x_wconf 88' lang='lat' dir='ltr'>quantum</span> <span class='ocrx_word' id='word_1_449' title='bbox 1446 801 1549 830; x_wconf 83' lang='lat' dir='ltr'>sufficit</span> <span class='ocrx_word' id='word_1_450' title='bbox 1579 801 1613 830; x_wconf 89' lang='lat' dir='ltr'>ad</span> <span class='ocrx_word' id='word_1_451' title='bbox 1641 802 1822 839; x_wconf 83' lang='lat' dir='ltr'>supplendam</span> <span class='ocrx_word' id='word_1_452' title='bbox 1851 802 2041 831; x_wconf 88' lang='lat' dir='ltr'>necessitatem</span> <span class='ocrx_word' id='word_1_453' title='bbox 2063 810 2127 840; x_wconf 86' lang='lat' dir='ltr'>pro-.</span> 
     </span>
     <span class='ocr_line' id='line_1_69' title="bbox 1279 848 2128 887; baseline 0.002 -11"><span class='ocrx_word' id='word_1_454' title='bbox 1279 848 1382 885; x_wconf 90' lang='lat' dir='ltr'>priam;</span> <span class='ocrx_word' id='word_1_455' title='bbox 1405 848 1540 886; x_wconf 87' lang='lat' dir='ltr'>quidquid</span> <span class='ocrx_word' id='word_1_456' title='bbox 1571 849 1646 877; x_wconf 90' lang='lat' dir='ltr'>ultra</span> <span class='ocrx_word' id='word_1_457' title='bbox 1674 849 1742 877; x_wconf 92' lang='lat' dir='ltr'>illud</span> <span class='ocrx_word' id='word_1_458' title='bbox 1770 852 1812 878; x_wconf 89' lang='lat' dir='ltr'>est</span> <span class='ocrx_word' id='word_1_459' title='bbox 1838 849 1940 878; x_wconf 90' lang='lat' dir='ltr'>dicitur</span> <span class='ocrx_word' id='word_1_460' title='bbox 1968 853 2073 887; x_wconf 77' lang='lat' dir='ltr'>septem</span> <span class='ocrx_word' id='word_1_461' title='bbox 2102 854 2128 878; x_wconf 83' lang='lat' dir='ltr'>et</span> 
     </span>
     <span class='ocr_line' id='line_1_70' title="bbox 1279 895 2128 933; baseline 0.001 -9"><span class='ocrx_word' id='word_1_462' title='bbox 1279 899 1356 928; x_wconf 86' lang='lat' dir='ltr'>octo‚·</span> <span class='ocrx_word' id='word_1_463' title='bbox 1378 899 1405 924; x_wconf 89' lang='lat' dir='ltr'>et</span> <span class='ocrx_word' id='word_1_464' title='bbox 1427 896 1478 924; x_wconf 89' lang='lat' dir='ltr'>hoc</span> <span class='ocrx_word' id='word_1_465' title='bbox 1499 896 1670 933; x_wconf 89' lang='lat' dir='ltr'>pauperibus</span> <span class='ocrx_word' id='word_1_466' title='bbox 1691 899 1733 925; x_wconf 85' lang='lat' dir='ltr'>est</span> <span class='ocrx_word' id='word_1_467' title='bbox 1753 895 1991 931; x_wconf 85' lang='lat' dir='ltr'>distribuendum,</span> <span class='ocrx_word' id='word_1_468' title='bbox 2013 905 2067 925; x_wconf 91' lang='lat' dir='ltr'>non</span> <span class='ocrx_word' id='word_1_469' title='bbox 2086 900 2128 926; x_wconf 90' lang='lat' dir='ltr'>est</span> 
     </span>
     <span class='ocr_line' id='line_1_71' title="bbox 1278 942 2127 979; baseline 0.001 -8"><span class='ocrx_word' id='word_1_470' title='bbox 1278 942 1502 979; x_wconf 81' lang='lat' dir='ltr'>congregandum</span> <span class='ocrx_word' id='word_1_471' title='bbox 1523 943 1551 971; x_wconf 90' lang='lat' dir='ltr'>in</span> <span class='ocrx_word' id='word_1_472' title='bbox 1573 943 1719 972; x_wconf 86' lang='lat' dir='ltr'>thesauros</span> <span class='ocrx_word' id='word_1_473' title='bbox 1741 946 1880 977; x_wconf 85' lang='lat' dir='ltr'>terrenos,</span> <span class='ocrx_word' id='word_1_474' title='bbox 1906 942 1951 972; x_wconf 90' lang='lat' dir='ltr'>sed</span> <span class='ocrx_word' id='word_1_475' title='bbox 1981 943 2127 977; x_wconf 86' lang='lat' dir='ltr'>caelestes;</span> 
     </span>
     <span class='ocr_line' id='line_1_72' title="bbox 1278 989 2128 1019; baseline 0.001 -1"><span class='ocrx_word' id='word_1_476' title='bbox 1278 989 1351 1018; x_wconf 90' lang='lat' dir='ltr'>unde</span> <span class='ocrx_word' id='word_1_477' title='bbox 1372 989 1500 1018; x_wconf 87' lang='lat' dir='ltr'>Matthaei</span> <span class='ocrx_word' id='word_1_478' title='bbox 1522 990 1637 1018; x_wconf 76' lang='lat' dir='ltr'>sexto⁶:</span> <span class='ocrx_word' id='word_1_479' title='bbox 1665 1002 1678 1015; x_wconf 88' lang='lat'>«</span> <span class='ocrx_word' id='word_1_480' title='bbox 1697 990 1894 1019; x_wconf 78' lang='lat' dir='ltr'>Thesaurizate</span> <span class='ocrx_word' id='word_1_481' title='bbox 1917 990 1995 1019; x_wconf 88' lang='lat' dir='ltr'>vobis</span> <span class='ocrx_word' id='word_1_482' title='bbox 2017 990 2128 1019; x_wconf 82' lang='lat' dir='ltr'>thesau-</span> 
     </span>
     <span class='ocr_line' id='line_1_73' title="bbox 1278 1036 2128 1074; baseline 0.001 -9"><span class='ocrx_word' id='word_1_483' title='bbox 1278 1044 1324 1065; x_wconf 88' lang='lat' dir='ltr'>ros</span> <span class='ocrx_word' id='word_1_484' title='bbox 1345 1036 1372 1065; x_wconf 91' lang='lat' dir='ltr'>in</span> <span class='ocrx_word' id='word_1_485' title='bbox 1393 1036 1484 1071; x_wconf 87' lang='lat' dir='ltr'>caelo,</span> <span class='ocrx_word' id='word_1_486' title='bbox 1505 1036 1553 1065; x_wconf 90' lang='lat' dir='ltr'>ubi</span> <span class='ocrx_word' id='word_1_487' title='bbox 1575 1044 1665 1074; x_wconf 90' lang='lat' dir='ltr'>neque</span> <span class='ocrx_word' id='word_1_488' title='bbox 1686 1045 1790 1074; x_wconf 82' lang='lat' dir='ltr'>aerugo</span> <span class='ocrx_word' id='word_1_489' title='bbox 1811 1044 1901 1074; x_wconf 88' lang='lat' dir='ltr'>neque</span> <span class='ocrx_word' id='word_1_490' title='bbox 1922 1037 1994 1067; x_wconf 86' lang='lat' dir='ltr'>tinea</span> <span class='ocrx_word' id='word_1_491' title='bbox 2014 1037 2128 1066; x_wconf 91' lang='lat' dir='ltr'>demoli-</span> 
     </span>
     <span class='ocr_line' id='line_1_74' title="bbox 1278 1083 2128 1121; baseline 0.001 -9"><span class='ocrx_word' id='word_1_492' title='bbox 1278 1086 1366 1117; x_wconf 79' lang='lat' dir='ltr'>tur»;</span> <span class='ocrx_word' id='word_1_493' title='bbox 1389 1087 1416 1112; x_wconf 87' lang='lat' dir='ltr'>et</span> <span class='ocrx_word' id='word_1_494' title='bbox 1447 1083 1547 1112; x_wconf 87' lang='lat' dir='ltr'>Tobiae</span> <span class='ocrx_word' id='word_1_495' title='bbox 1578 1086 1693 1121; x_wconf 87' lang='lat' dir='ltr'>quarto:</span> <span class='ocrx_word' id='word_1_496' title='bbox 1720 1095 1733 1109; x_wconf 87' lang='lat'>«</span> <span class='ocrx_word' id='word_1_497' title='bbox 1749 1084 1775 1112; x_wconf 88' lang='lat' dir='ltr'>Si</span> <span class='ocrx_word' id='word_1_498' title='bbox 1797 1083 1917 1112; x_wconf 90' lang='lat' dir='ltr'>multum</span> <span class='ocrx_word' id='word_1_499' title='bbox 1951 1084 1998 1112; x_wconf 91' lang='lat' dir='ltr'>tibi</span> <span class='ocrx_word' id='word_1_500' title='bbox 2030 1084 2128 1120; x_wconf 81' lang='lat' dir='ltr'>fuerit,</span> 
     </span>
     <span class='ocr_line' id='line_1_75' title="bbox 1277 1130 2127 1167; baseline 0.001 -8"><span class='ocrx_word' id='word_1_501' title='bbox 1277 1130 1451 1159; x_wconf 83' lang='lat' dir='ltr'>abundanter</span> <span class='ocrx_word' id='word_1_502' title='bbox 1473 1130 1580 1165; x_wconf 88' lang='lat' dir='ltr'>tribue;</span> <span class='ocrx_word' id='word_1_503' title='bbox 1610 1131 1631 1159; x_wconf 93' lang='lat' dir='ltr'>si</span> <span class='ocrx_word' id='word_1_504' title='bbox 1658 1138 1774 1167; x_wconf 83' lang='lat' dir='ltr'>parum,</span> <span class='ocrx_word' id='word_1_505' title='bbox 1803 1131 1886 1159; x_wconf 87' lang='lat' dir='ltr'>etiam</span> <span class='ocrx_word' id='word_1_506' title='bbox 1913 1131 1982 1160; x_wconf 90' lang='lat' dir='ltr'>illud</span> <span class='ocrx_word' id='word_1_507' title='bbox 2010 1131 2127 1160; x_wconf 89' lang='lat' dir='ltr'>libenter</span> 
     </span>
     <span class='ocr_line' id='line_1_76' title="bbox 1277 1177 2127 1215; baseline 0.001 -9"><span class='ocrx_word' id='word_1_508' title='bbox 1277 1178 1413 1214; x_wconf 87' lang='lat' dir='ltr'>impertiri</span> <span class='ocrx_word' id='word_1_509' title='bbox 1436 1177 1516 1206; x_wconf 86' lang='lat' dir='ltr'>stude</span> <span class='ocrx_word' id='word_1_510' title='bbox 1531 1189 1557 1205; x_wconf 69' lang='lat' dir='ltr'>n.</span> <span class='ocrx_word' id='word_1_511' title='bbox 1581 1178 1612 1206; x_wconf 90' lang='lat' dir='ltr'>Et</span> <span class='ocrx_word' id='word_1_512' title='bbox 1632 1178 1710 1206; x_wconf 82' lang='lat' dir='ltr'>ratio</span> <span class='ocrx_word' id='word_1_513' title='bbox 1726 1178 1810 1207; x_wconf 89' lang='lat' dir='ltr'>huius</span> <span class='ocrx_word' id='word_1_514' title='bbox 1832 1178 1965 1215; x_wconf 86' lang='lat' dir='ltr'>largitatis</span> <span class='ocrx_word' id='word_1_515' title='bbox 1986 1178 2127 1212; x_wconf 88' lang='lat' dir='ltr'>redditur,</span> 
     </span>
     <span class='ocr_line' id='line_1_77' title="bbox 1277 1223 2127 1262; baseline 0.001 -10"><span class='ocrx_word' id='word_1_516' title='bbox 1277 1231 1341 1252; x_wconf 80' lang='lat' dir='ltr'>cum</span> <span class='ocrx_word' id='word_1_517' title='bbox 1356 1223 1489 1252; x_wconf 83' lang='lat' dir='ltr'>insertur:</span> <span class='ocrx_word' id='word_1_518' title='bbox 1507 1224 1585 1260; x_wconf 74' lang='lat' dir='ltr'>Quia</span> <span class='ocrx_word' id='word_1_519' title='bbox 1601 1224 1732 1261; x_wconf 67' lang='lat' dir='ltr'>iqnoras,</span> <span class='ocrx_word' id='word_1_520' title='bbox 1748 1224 1819 1262; x_wconf 78' lang='lat' dir='ltr'>quid</span> <span class='ocrx_word' id='word_1_521' title='bbox 1833 1224 1907 1253; x_wconf 78' lang='lat' dir='ltr'>mati</span> <span class='ocrx_word' id='word_1_522' title='bbox 1919 1227 1970 1254; x_wconf 88' lang='lat' dir='ltr'>etc.</span> <span class='ocrx_word' id='word_1_523' title='bbox 1988 1225 2019 1253; x_wconf 87' lang='lat' dir='ltr'>Et</span> <span class='ocrx_word' id='word_1_524' title='bbox 2034 1225 2127 1253; x_wconf 91' lang='lat' dir='ltr'>multi-</span> 
     </span>
     <span class='ocr_line' id='line_1_78' title="bbox 1278 1270 2126 1308; baseline 0.002 -10"><span class='ocrx_word' id='word_1_525' title='bbox 1278 1270 1341 1307; x_wconf 86' lang='lat' dir='ltr'>plex</span> <span class='ocrx_word' id='word_1_526' title='bbox 1365 1270 1490 1299; x_wconf 86' lang='lat' dir='ltr'>redditur</span> <span class='ocrx_word' id='word_1_527' title='bbox 1513 1271 1598 1305; x_wconf 85' lang='lat' dir='ltr'>ratio,</span> <span class='ocrx_word' id='word_1_528' title='bbox 1620 1271 1723 1300; x_wconf 80' lang='lat' dir='ltr'>scilicet</span> <span class='ocrx_word' id='word_1_529' title='bbox 1745 1275 1858 1308; x_wconf 88' lang='lat' dir='ltr'>propter</span> <span class='ocrx_word' id='word_1_530' title='bbox 1880 1271 2025 1300; x_wconf 76' lang='lat' dir='ltr'>cautelam</span> <span class='ocrx_word' id='word_1_531' title='bbox 2039 1271 2126 1305; x_wconf 85' lang='lat' dir='ltr'>mali,-</span> 
     </span>
     <span class='ocr_line' id='line_1_79' title="bbox 1278 1317 2127 1357; baseline 0.001 -11"><span class='ocrx_word' id='word_1_532' title='bbox 1278 1318 1350 1347; x_wconf 91' lang='lat' dir='ltr'>unde</span> <span class='ocrx_word' id='word_1_533' title='bbox 1371 1318 1454 1347; x_wconf 90' lang='lat' dir='ltr'>dicit:</span> <span class='ocrx_word' id='word_1_534' title='bbox 1479 1319 1619 1356; x_wconf 74' lang='lat' dir='ltr'>lynoras,</span> <span class='ocrx_word' id='word_1_535' title='bbox 1641 1319 1712 1357; x_wconf 74' lang='lat' dir='ltr'>quid</span> <span class='ocrx_word' id='word_1_536' title='bbox 1733 1319 1806 1347; x_wconf 73' lang='lat' dir='ltr'>mati</span> <span class='ocrx_word' id='word_1_537' title='bbox 1825 1317 1965 1356; x_wconf 67' lang='lat' dir='ltr'>futurum</span> <span class='ocrx_word' id='word_1_538' title='bbox 1979 1318 2018 1347; x_wconf 77' lang='lat' dir='ltr'>sit</span> <span class='ocrx_word' id='word_1_539' title='bbox 2037 1327 2127 1357; x_wconf 78' lang='lat' dir='ltr'>super</span> 
     </span>
     <span class='ocr_line' id='line_1_80' title="bbox 1277 1365 2126 1403; baseline 0.001 -10"><span class='ocrx_word' id='word_1_540' title='bbox 1277 1368 1398 1393; x_wconf 78' lang='lat' dir='ltr'>terram.</span> <span class='ocrx_word' id='word_1_541' title='bbox 1421 1365 1492 1402; x_wconf 86' lang='lat' dir='ltr'>Quia</span> <span class='ocrx_word' id='word_1_542' title='bbox 1512 1374 1579 1403; x_wconf 84' lang='lat' dir='ltr'>ergo</span> <span class='ocrx_word' id='word_1_543' title='bbox 1594 1374 1648 1394; x_wconf 93' lang='lat' dir='ltr'>non</span> <span class='ocrx_word' id='word_1_544' title='bbox 1664 1374 1693 1395; x_wconf 87' lang='lat' dir='ltr'>es</span> <span class='ocrx_word' id='word_1_545' title='bbox 1708 1369 1816 1399; x_wconf 84' lang='lat' dir='ltr'>certus,</span> <span class='ocrx_word' id='word_1_546' title='bbox 1839 1373 1950 1394; x_wconf 87' lang='lat' dir='ltr'>necesse</span> <span class='ocrx_word' id='word_1_547' title='bbox 1972 1365 2057 1394; x_wconf 88' lang='lat' dir='ltr'>habes</span> <span class='ocrx_word' id='word_1_548' title='bbox 2077 1365 2126 1395; x_wconf 89' lang='lat' dir='ltr'>tibi</span> 
     </span>
     <span class='ocr_line' id='line_1_81' title="bbox 1277 1413 2125 1451; baseline 0.001 -10"><span class='ocrx_word' id='word_1_549' title='bbox 1277 1413 1439 1449; x_wconf 79' lang='lat' dir='ltr'>providere,</span> <span class='ocrx_word' id='word_1_550' title='bbox 1465 1420 1499 1441; x_wconf 91' lang='lat' dir='ltr'>ne</span> <span class='ocrx_word' id='word_1_551' title='bbox 1525 1413 1628 1442; x_wconf 81' lang='lat' dir='ltr'>incidas</span> <span class='ocrx_word' id='word_1_552' title='bbox 1658 1414 1684 1442; x_wconf 91' lang='lat' dir='ltr'>in</span> <span class='ocrx_word' id='word_1_553' title='bbox 1714 1414 1887 1451; x_wconf 87' lang='lat' dir='ltr'>periculum;</span> <span class='ocrx_word' id='word_1_554' title='bbox 1920 1416 1947 1442; x_wconf 89' lang='lat' dir='ltr'>et</span> <span class='ocrx_word' id='word_1_555' title='bbox 1972 1413 2125 1442; x_wconf 89' lang='lat' dir='ltr'>remedium</span> 
     </span>
     <span class='ocr_line' id='line_1_82' title="bbox 1276 1460 2127 1497; baseline 0.002 -10"><span class='ocrx_word' id='word_1_556' title='bbox 1276 1460 1411 1496; x_wconf 88' lang='lat' dir='ltr'>optimum</span> <span class='ocrx_word' id='word_1_557' title='bbox 1433 1463 1474 1488; x_wconf 88' lang='lat' dir='ltr'>est</span> <span class='ocrx_word' id='word_1_558' title='bbox 1495 1460 1639 1489; x_wconf 88' lang='lat' dir='ltr'>abundans</span> <span class='ocrx_word' id='word_1_559' title='bbox 1667 1460 1855 1497; x_wconf 86' lang='lat' dir='ltr'>eleemosyna;</span> <span class='ocrx_word' id='word_1_560' title='bbox 1884 1460 2065 1489; x_wconf 85' lang='lat' dir='ltr'>Ecclesiastici</span> <span class='ocrx_word' id='word_1_561' title='bbox 2087 1460 2127 1489; x_wconf 91' lang='lat' dir='ltr'>vi-</span> 
     </span>
     <span class='ocr_line' id='line_1_83' title="bbox 1276 1505 2127 1544; baseline 0.002 -10"><span class='ocrx_word' id='word_1_562' title='bbox 1276 1505 1380 1542; x_wconf 86' lang='lat' dir='ltr'>gesimo</span> <span class='ocrx_word' id='word_1_563' title='bbox 1400 1514 1473 1534; x_wconf 88' lang='lat' dir='ltr'>nono</span> <span class='ocrx_word' id='word_1_564' title='bbox 1485 1506 1508 1534; x_wconf 87' lang='lat'>⁷:</span> <span class='ocrx_word' id='word_1_565' title='bbox 1535 1517 1549 1531; x_wconf 73' lang='grc' dir='ltr'><strong>α</strong></span> <span class='ocrx_word' id='word_1_566' title='bbox 1564 1506 1701 1536; x_wconf 87' lang='lat' dir='ltr'>Conclude</span> <span class='ocrx_word' id='word_1_567' title='bbox 1723 1507 1923 1544; x_wconf 89' lang='lat' dir='ltr'>eleemosynam</span> <span class='ocrx_word' id='word_1_568' title='bbox 1939 1507 1967 1536; x_wconf 90' lang='lat' dir='ltr'>in</span> <span class='ocrx_word' id='word_1_569' title='bbox 1982 1507 2045 1536; x_wconf 88' lang='lat' dir='ltr'>sinu</span> <span class='ocrx_word' id='word_1_570' title='bbox 2059 1515 2127 1544; x_wconf 88' lang='lat' dir='ltr'>pau-</span> 
     </span>
     <span class='ocr_line' id='line_1_84' title="bbox 1276 1552 2126 1590; baseline 0.002 -9"><span class='ocrx_word' id='word_1_571' title='bbox 1276 1552 1366 1590; x_wconf 88' lang='lat' dir='ltr'>peris,</span> <span class='ocrx_word' id='word_1_572' title='bbox 1388 1556 1414 1581; x_wconf 90' lang='lat' dir='ltr'>et</span> <span class='ocrx_word' id='word_1_573' title='bbox 1436 1553 1504 1582; x_wconf 91' lang='lat' dir='ltr'>haec</span> <span class='ocrx_word' id='word_1_574' title='bbox 1525 1561 1576 1590; x_wconf 93' lang='lat' dir='ltr'>pro</span> <span class='ocrx_word' id='word_1_575' title='bbox 1598 1556 1624 1582; x_wconf 90' lang='lat' dir='ltr'>te</span> <span class='ocrx_word' id='word_1_576' title='bbox 1645 1554 1773 1583; x_wconf 85' lang='lat' dir='ltr'>exorabit</span> <span class='ocrx_word' id='word_1_577' title='bbox 1794 1556 1821 1583; x_wconf 87' lang='lat' dir='ltr'>et</span> <span class='ocrx_word' id='word_1_578' title='bbox 1849 1554 1977 1583; x_wconf 88' lang='lat' dir='ltr'>liberabit</span> <span class='ocrx_word' id='word_1_579' title='bbox 1997 1554 2032 1583; x_wconf 90' lang='lat' dir='ltr'>ab</span> <span class='ocrx_word' id='word_1_580' title='bbox 2052 1554 2126 1583; x_wconf 88' lang='lat' dir='ltr'>omni</span> 
     </span>
     <span class='ocr_line' id='line_1_85' title="bbox 1276 1600 2128 1639; baseline 0.002 -11"><span class='ocrx_word' id='word_1_581' title='bbox 1276 1600 1348 1628; x_wconf 91' lang='lat' dir='ltr'>malo</span> <span class='ocrx_word' id='word_1_582' title='bbox 1363 1612 1389 1628; x_wconf 91' lang='lat'>».</span> <span class='ocrx_word' id='word_1_583' title='bbox 1412 1617 1449 1621; x_wconf 97' lang='lat'><strong>—</strong></span> <span class='ocrx_word' id='word_1_584' title='bbox 1473 1601 1586 1638; x_wconf 79' lang='lat' dir='ltr'>Propter</span> <span class='ocrx_word' id='word_1_585' title='bbox 1607 1601 1864 1639; x_wconf 72' lang='lat' dir='ltr'>awtplificationem</span> <span class='ocrx_word' id='word_1_586' title='bbox 1886 1602 1984 1630; x_wconf 85' lang='lat' dir='ltr'>meriti</span> <span class='ocrx_word' id='word_1_587' title='bbox 1996 1601 2078 1631; x_wconf 89' lang='lat' dir='ltr'>dicit:</span> <span class='ocrx_word' id='word_1_588' title='bbox 2094 1601 2128 1631; x_wconf 85' lang='lat' dir='ltr'>Si</span> 
     </span>
     <span class='ocr_line' id='line_1_86' title="bbox 1276 1646 2126 1686; baseline 0.004 -11"><span class='ocrx_word' id='word_1_589' title='bbox 1276 1647 1399 1684; x_wconf 77' lang='lat' dir='ltr'>repletae</span> <span class='ocrx_word' id='word_1_590' title='bbox 1419 1646 1533 1685; x_wconf 78' lang='lat' dir='ltr'>fuerint</span> <span class='ocrx_word' id='word_1_591' title='bbox 1552 1648 1658 1683; x_wconf 73' lang='lat' dir='ltr'>nubes,</span> <span class='ocrx_word' id='word_1_592' title='bbox 1679 1657 1696 1676; x_wconf 94' lang='lat' dir='ltr'>a</span> <span class='ocrx_word' id='word_1_593' title='bbox 1716 1648 1773 1677; x_wconf 90' lang='lat' dir='ltr'>Deo</span> <span class='ocrx_word' id='word_1_594' title='bbox 1794 1649 1908 1686; x_wconf 87' lang='lat' dir='ltr'>supple,</span> <span class='ocrx_word' id='word_1_595' title='bbox 1931 1649 2052 1678; x_wconf 79' lang='lat' dir='ltr'>imbrem</span> <span class='ocrx_word' id='word_1_596' title='bbox 2076 1657 2126 1678; x_wconf 77' lang='lat' dir='ltr'>stt-</span> 
     </span>
     <span class='ocr_line' id='line_1_87' title="bbox 1274 1694 2127 1733; baseline 0.002 -10"><span class='ocrx_word' id='word_1_597' title='bbox 1274 1703 1326 1731; x_wconf 85' lang='lat' dir='ltr'>per</span> <span class='ocrx_word' id='word_1_598' title='bbox 1347 1698 1459 1724; x_wconf 83' lang='lat' dir='ltr'>terram</span> <span class='ocrx_word' id='word_1_599' title='bbox 1483 1694 1644 1733; x_wconf 71' lang='lat' dir='ltr'>effumient,</span> <span class='ocrx_word' id='word_1_600' title='bbox 1667 1699 1780 1732; x_wconf 90' lang='lat' dir='ltr'>propter</span> <span class='ocrx_word' id='word_1_601' title='bbox 1802 1704 1885 1733; x_wconf 89' lang='lat' dir='ltr'>quem</span> <span class='ocrx_word' id='word_1_602' title='bbox 1908 1696 2025 1725; x_wconf 89' lang='lat' dir='ltr'>imbrem</span> <span class='ocrx_word' id='word_1_603' title='bbox 2050 1699 2127 1726; x_wconf 87' lang='lat' dir='ltr'>terra</span> 
     </span>
     <span class='ocr_line' id='line_1_88' title="bbox 1276 1741 2127 1780; baseline 0.004 -11"><span class='ocrx_word' id='word_1_604' title='bbox 1276 1741 1437 1776; x_wconf 82' lang='lat' dir='ltr'>fructificat;</span> <span class='ocrx_word' id='word_1_605' title='bbox 1458 1741 1528 1771; x_wconf 91' lang='lat' dir='ltr'>Osee</span> <span class='ocrx_word' id='word_1_606' title='bbox 1549 1742 1667 1771; x_wconf 63' lang='lat' dir='ltr'>sextoss:</span> <span class='ocrx_word' id='word_1_607' title='bbox 1695 1754 1709 1768; x_wconf 80' lang='lat'>«</span> <span class='ocrx_word' id='word_1_608' title='bbox 1724 1743 1820 1771; x_wconf 89' lang='lat' dir='ltr'>Veniet</span> <span class='ocrx_word' id='word_1_609' title='bbox 1841 1743 1919 1780; x_wconf 86' lang='lat' dir='ltr'>quasi</span> <span class='ocrx_word' id='word_1_610' title='bbox 1941 1743 2030 1772; x_wconf 92' lang='lat' dir='ltr'>imber</span> <span class='ocrx_word' id='word_1_611' title='bbox 2047 1743 2127 1772; x_wconf 90' lang='lat' dir='ltr'>nobis</span> 
     </span>
     <span class='ocr_line' id='line_1_89' title="bbox 1275 1789 2126 1825; baseline 0.002 -8"><span class='ocrx_word' id='word_1_612' title='bbox 1275 1791 1472 1825; x_wconf 88' lang='lat' dir='ltr'>temporaneus</span> <span class='ocrx_word' id='word_1_613' title='bbox 1492 1792 1519 1818; x_wconf 90' lang='lat' dir='ltr'>et</span> <span class='ocrx_word' id='word_1_614' title='bbox 1540 1789 1680 1818; x_wconf 90' lang='lat' dir='ltr'>serotinus</span> <span class='ocrx_word' id='word_1_615' title='bbox 1701 1793 1792 1819; x_wconf 87' lang='lat' dir='ltr'>terrae</span> <span class='ocrx_word' id='word_1_616' title='bbox 1804 1801 1830 1824; x_wconf 79' lang='lat'>»3</span> <span class='ocrx_word' id='word_1_617' title='bbox 1853 1793 1880 1819; x_wconf 88' lang='lat' dir='ltr'>et</span> <span class='ocrx_word' id='word_1_618' title='bbox 1901 1790 1953 1819; x_wconf 89' lang='lat' dir='ltr'>hoc</span> <span class='ocrx_word' id='word_1_619' title='bbox 1973 1790 2008 1819; x_wconf 89' lang='lat' dir='ltr'>ad</span> <span class='ocrx_word' id='word_1_620' title='bbox 2028 1790 2126 1819; x_wconf 85' lang='lat' dir='ltr'>fructi-</span> 
     </span>
     <span class='ocr_line' id='line_1_90' title="bbox 1275 1835 2126 1873; baseline 0.004 -10"><span class='ocrx_word' id='word_1_621' title='bbox 1275 1835 1414 1864; x_wconf 86' lang='lat' dir='ltr'>ficandum</span> <span class='ocrx_word' id='word_1_622' title='bbox 1435 1840 1462 1864; x_wconf 90' lang='lat' dir='ltr'>et</span> <span class='ocrx_word' id='word_1_623' title='bbox 1484 1836 1724 1873; x_wconf 86' lang='lat' dir='ltr'>multiplicandum</span> <span class='ocrx_word' id='word_1_624' title='bbox 1746 1837 1818 1865; x_wconf 89' lang='lat' dir='ltr'>bona</span> <span class='ocrx_word' id='word_1_625' title='bbox 1837 1840 1927 1866; x_wconf 86' lang='lat' dir='ltr'>terrae</span> <span class='ocrx_word' id='word_1_626' title='bbox 1941 1837 2041 1866; x_wconf 89' lang='lat' dir='ltr'>merito</span> <span class='ocrx_word' id='word_1_627' title='bbox 2055 1837 2126 1866; x_wconf 88' lang='lat' dir='ltr'>elee-</span> 
     </span>
     <span class='ocr_line' id='line_1_91' title="bbox 1275 1883 2126 1921; baseline 0.002 -10"><span class='ocrx_word' id='word_1_628' title='bbox 1275 1891 1414 1920; x_wconf 88' lang='lat' dir='ltr'>mosynae.</span> <span class='ocrx_word' id='word_1_629' title='bbox 1437 1883 1513 1912; x_wconf 87' lang='lat' dir='ltr'>Sicut</span> <span class='ocrx_word' id='word_1_630' title='bbox 1534 1884 1606 1912; x_wconf 88' lang='lat' dir='ltr'>enim</span> <span class='ocrx_word' id='word_1_631' title='bbox 1632 1884 1721 1912; x_wconf 89' lang='lat' dir='ltr'>nubes</span> <span class='ocrx_word' id='word_1_632' title='bbox 1742 1884 1839 1921; x_wconf 81' lang='lat' dir='ltr'>plenae</span> <span class='ocrx_word' id='word_1_633' title='bbox 1863 1884 2001 1914; x_wconf 82' lang='lat' dir='ltr'>inebriant</span> <span class='ocrx_word' id='word_1_634' title='bbox 2022 1888 2126 1914; x_wconf 89' lang='lat' dir='ltr'>terram</span> 
     </span>
     <span class='ocr_line' id='line_1_92' title="bbox 1275 1930 2126 1968; baseline 0.001 -9"><span class='ocrx_word' id='word_1_635' title='bbox 1275 1930 1383 1968; x_wconf 83' lang='lat' dir='ltr'>pluvia,</span> <span class='ocrx_word' id='word_1_636' title='bbox 1405 1931 1444 1959; x_wconf 89' lang='lat' dir='ltr'>sic</span> <span class='ocrx_word' id='word_1_637' title='bbox 1475 1930 1663 1967; x_wconf 86' lang='lat' dir='ltr'>eleemosynae</span> <span class='ocrx_word' id='word_1_638' title='bbox 1688 1931 1885 1968; x_wconf 84' lang='lat' dir='ltr'>multiplicatae</span> <span class='ocrx_word' id='word_1_639' title='bbox 1910 1931 2048 1961; x_wconf 90' lang='lat' dir='ltr'>inebriant</span> <span class='ocrx_word' id='word_1_640' title='bbox 2067 1931 2126 1960; x_wconf 87' lang='lat' dir='ltr'>ani-</span> 
     </span>
     <span class='ocr_line' id='line_1_93' title="bbox 1275 1977 2126 2015; baseline 0.002 -9"><span class='ocrx_word' id='word_1_641' title='bbox 1275 1986 1349 2006; x_wconf 89' lang='lat' dir='ltr'>mam</span> <span class='ocrx_word' id='word_1_642' title='bbox 1371 1977 1474 2015; x_wconf 83' lang='lat' dir='ltr'>gratia;</span> <span class='ocrx_word' id='word_1_643' title='bbox 1496 1977 1633 2006; x_wconf 89' lang='lat' dir='ltr'>secundae</span> <span class='ocrx_word' id='word_1_644' title='bbox 1654 1978 1687 2006; x_wconf 93' lang='lat' dir='ltr'>ad</span> <span class='ocrx_word' id='word_1_645' title='bbox 1702 1978 1859 2007; x_wconf 90' lang='lat' dir='ltr'>Corinthios</span> <span class='ocrx_word' id='word_1_646' title='bbox 1873 1987 1960 2008; x_wconf 91' lang='lat' dir='ltr'>nono:</span> <span class='ocrx_word' id='word_1_647' title='bbox 1980 1990 1994 2004; x_wconf 68' lang='grc' dir='ltr'>α</span> <span class='ocrx_word' id='word_1_648' title='bbox 2009 1978 2061 2015; x_wconf 89' lang='lat' dir='ltr'>Qui</span> <span class='ocrx_word' id='word_1_649' title='bbox 2075 1987 2126 2008; x_wconf 84' lang='lat' dir='ltr'>au-</span> 
     </span>
     <span class='ocr_line' id='line_1_94' title="bbox 1275 2025 2125 2063; baseline 0.002 -10"><span class='ocrx_word' id='word_1_650' title='bbox 1275 2029 1330 2054; x_wconf 91' lang='lat' dir='ltr'>tem</span> <span class='ocrx_word' id='word_1_651' title='bbox 1351 2025 1524 2053; x_wconf 89' lang='lat' dir='ltr'>administrat</span> <span class='ocrx_word' id='word_1_652' title='bbox 1545 2033 1638 2054; x_wconf 91' lang='lat' dir='ltr'>semen</span> <span class='ocrx_word' id='word_1_653' title='bbox 1657 2025 1818 2060; x_wconf 88' lang='lat' dir='ltr'>seminanti,</span> <span class='ocrx_word' id='word_1_654' title='bbox 1833 2029 1860 2054; x_wconf 92' lang='lat' dir='ltr'>et</span> <span class='ocrx_word' id='word_1_655' title='bbox 1874 2034 1972 2063; x_wconf 90' lang='lat' dir='ltr'>panem</span> <span class='ocrx_word' id='word_1_656' title='bbox 1994 2026 2029 2055; x_wconf 89' lang='lat' dir='ltr'>ad</span> <span class='ocrx_word' id='word_1_657' title='bbox 2049 2034 2125 2055; x_wconf 89' lang='lat' dir='ltr'>man-</span> 
     </span>
     <span class='ocr_line' id='line_1_95' title="bbox 1274 2072 2124 2109; baseline 0.002 -9"><span class='ocrx_word' id='word_1_658' title='bbox 1274 2072 1432 2101; x_wconf 88' lang='lat' dir='ltr'>ducandum</span> <span class='ocrx_word' id='word_1_659' title='bbox 1451 2072 1602 2109; x_wconf 86' lang='lat' dir='ltr'>praestabit</span> <span class='ocrx_word' id='word_1_660' title='bbox 1622 2076 1650 2101; x_wconf 90' lang='lat' dir='ltr'>et</span> <span class='ocrx_word' id='word_1_661' title='bbox 1671 2073 1865 2109; x_wconf 87' lang='lat' dir='ltr'>multiplicabit</span> <span class='ocrx_word' id='word_1_662' title='bbox 1886 2081 1979 2102; x_wconf 88' lang='lat' dir='ltr'>semen</span> <span class='ocrx_word' id='word_1_663' title='bbox 2001 2076 2124 2102; x_wconf 88' lang='lat' dir='ltr'>vestrum</span> 
     </span>
     <span class='ocr_line' id='line_1_96' title="bbox 1274 2119 2125 2157; baseline 0.002 -9"><span class='ocrx_word' id='word_1_664' title='bbox 1274 2123 1301 2148; x_wconf 91' lang='lat' dir='ltr'>et</span> <span class='ocrx_word' id='word_1_665' title='bbox 1320 2119 1433 2157; x_wconf 83' lang='lat' dir='ltr'>augebit</span> <span class='ocrx_word' id='word_1_666' title='bbox 1447 2120 1617 2149; x_wconf 86' lang='lat' dir='ltr'>incrementa</span> <span class='ocrx_word' id='word_1_667' title='bbox 1631 2120 1744 2157; x_wconf 81' lang='lat' dir='ltr'>frugum</span> <span class='ocrx_word' id='word_1_668' title='bbox 1760 2120 1880 2150; x_wconf 90' lang='lat' dir='ltr'>iustitiae</span> <span class='ocrx_word' id='word_1_669' title='bbox 1895 2124 2003 2150; x_wconf 86' lang='lat' dir='ltr'>vestrae</span> <span class='ocrx_word' id='word_1_670' title='bbox 2017 2133 2044 2150; x_wconf 68' lang='lat' dir='ltr'>n.</span> <span class='ocrx_word' id='word_1_671' title='bbox 2060 2121 2125 2152; x_wconf 84' lang='lat' dir='ltr'>Pro-</span> 
     </span>
     <span class='ocr_line' id='line_1_97' title="bbox 1275 2167 2123 2205; baseline 0.002 -10"><span class='ocrx_word' id='word_1_672' title='bbox 1275 2170 1335 2204; x_wconf 90' lang='lat' dir='ltr'>pter</span> <span class='ocrx_word' id='word_1_673' title='bbox 1356 2167 1541 2195; x_wconf 77' lang='lat' dir='ltr'>stabilitatem</span> <span class='ocrx_word' id='word_1_674' title='bbox 1560 2167 1702 2204; x_wconf 81' lang='lat' dir='ltr'>praemii,</span> <span class='ocrx_word' id='word_1_675' title='bbox 1725 2167 1798 2204; x_wconf 90' lang='lat' dir='ltr'>quod</span> <span class='ocrx_word' id='word_1_676' title='bbox 1820 2176 1874 2196; x_wconf 91' lang='lat' dir='ltr'>non</span> <span class='ocrx_word' id='word_1_677' title='bbox 1896 2168 1997 2205; x_wconf 90' lang='lat' dir='ltr'>poterit</span> <span class='ocrx_word' id='word_1_678' title='bbox 2024 2168 2123 2197; x_wconf 88' lang='lat' dir='ltr'>variari</span> 
     </span>
     <span class='ocr_line' id='line_1_98' title="bbox 1274 2214 2122 2254; baseline 0.001 -11"><span class='ocrx_word' id='word_1_679' title='bbox 1274 2222 1324 2243; x_wconf 90' lang='lat' dir='ltr'>nec</span> <span class='ocrx_word' id='word_1_680' title='bbox 1346 2214 1436 2251; x_wconf 87' lang='lat' dir='ltr'>perdi;</span> <span class='ocrx_word' id='word_1_681' title='bbox 1458 2217 1573 2251; x_wconf 88' lang='lat' dir='ltr'>propter</span> <span class='ocrx_word' id='word_1_682' title='bbox 1594 2215 1668 2252; x_wconf 86' lang='lat' dir='ltr'>quod</span> <span class='ocrx_word' id='word_1_683' title='bbox 1689 2214 1767 2244; x_wconf 86' lang='lat' dir='ltr'>dicit:</span> <span class='ocrx_word' id='word_1_684' title='bbox 1790 2215 1824 2244; x_wconf 85' lang='lat' dir='ltr'>Si</span> <span class='ocrx_word' id='word_1_685' title='bbox 1847 2216 1982 2244; x_wconf 78' lang='lat' dir='ltr'>ceciderit</span> <span class='ocrx_word' id='word_1_686' title='bbox 2011 2215 2122 2254; x_wconf 64' lang='lat' dir='ltr'>limium</span> 
     </span>
     <span class='ocr_line' id='line_1_99' title="bbox 1274 2261 2124 2300; baseline 0.002 -10"><span class='ocrx_word' id='word_1_687' title='bbox 1274 2262 1315 2290; x_wconf 84' lang='lat' dir='ltr'>ad</span> <span class='ocrx_word' id='word_1_688' title='bbox 1335 2265 1492 2294; x_wconf 72' lang='lat' dir='ltr'>austrum,-</span> <span class='ocrx_word' id='word_1_689' title='bbox 1513 2261 1626 2299; x_wconf 71' lang='lat' dir='ltr'>tiynum</span> <span class='ocrx_word' id='word_1_690' title='bbox 1648 2262 1738 2296; x_wconf 86' lang='lat' dir='ltr'>istud,</span> <span class='ocrx_word' id='word_1_691' title='bbox 1760 2262 1856 2297; x_wconf 89' lang='lat' dir='ltr'>homo;</span> <span class='ocrx_word' id='word_1_692' title='bbox 1878 2262 1912 2291; x_wconf 90' lang='lat' dir='ltr'>de</span> <span class='ocrx_word' id='word_1_693' title='bbox 1933 2271 1990 2300; x_wconf 92' lang='lat' dir='ltr'>quo</span> <span class='ocrx_word' id='word_1_694' title='bbox 2011 2262 2057 2292; x_wconf 86' lang='lat' dir='ltr'>lob</span> <span class='ocrx_word' id='word_1_695' title='bbox 2077 2262 2124 2292; x_wconf 89' lang='lat' dir='ltr'>de-</span> 
     </span>
     <span class='ocr_line' id='line_1_100' title="bbox 1274 2308 2123 2346; baseline 0.002 -10"><span class='ocrx_word' id='word_1_696' title='bbox 1274 2308 1346 2337; x_wconf 90' lang='lat' dir='ltr'>cimo</span> <span class='ocrx_word' id='word_1_697' title='bbox 1366 2308 1505 2345; x_wconf 79' lang='lat' dir='ltr'>quarto⁹:</span> <span class='ocrx_word' id='word_1_698' title='bbox 1533 2319 1546 2333; x_wconf 71' lang='grc' dir='ltr'>α</span> <span class='ocrx_word' id='word_1_699' title='bbox 1560 2308 1675 2345; x_wconf 82' lang='lat' dir='ltr'>Lignum</span> <span class='ocrx_word' id='word_1_700' title='bbox 1708 2308 1791 2337; x_wconf 87' lang='lat' dir='ltr'>habet</span> <span class='ocrx_word' id='word_1_701' title='bbox 1812 2316 1902 2345; x_wconf 87' lang='lat' dir='ltr'>spem,</span> <span class='ocrx_word' id='word_1_702' title='bbox 1924 2309 1945 2337; x_wconf 91' lang='lat' dir='ltr'>si</span> <span class='ocrx_word' id='word_1_703' title='bbox 1967 2309 2123 2346; x_wconf 86' lang='lat' dir='ltr'>praecisum</span> 
     </span>
     <span class='ocr_line' id='line_1_101' title="bbox 1275 2354 2124 2393; baseline 0.001 -10"><span class='ocrx_word' id='word_1_704' title='bbox 1275 2354 1372 2387; x_wconf 80' lang='lat' dir='ltr'>suerit.</span> <span class='ocrx_word' id='word_1_705' title='bbox 1393 2362 1508 2383; x_wconf 90' lang='lat' dir='ltr'>rursum</span> <span class='ocrx_word' id='word_1_706' title='bbox 1536 2355 1694 2384; x_wconf 81' lang='lat' dir='ltr'>virescet».</span> <span class='ocrx_word' id='word_1_707' title='bbox 1718 2355 1749 2383; x_wconf 90' lang='lat' dir='ltr'>Et</span> <span class='ocrx_word' id='word_1_708' title='bbox 1773 2359 1877 2383; x_wconf 78' lang='lat' dir='ltr'>auster</span> <span class='ocrx_word' id='word_1_709' title='bbox 1897 2355 1944 2384; x_wconf 87' lang='lat' dir='ltr'>dat</span> <span class='ocrx_word' id='word_1_710' title='bbox 1971 2355 2124 2393; x_wconf 83' lang='lat' dir='ltr'>intelligere</span> 
     </span>
     <span class='ocr_line' id='line_1_102' title="bbox 1276 2401 2123 2440; baseline 0.002 -11"><span class='ocrx_word' id='word_1_711' title='bbox 1276 2401 1397 2430; x_wconf 85' lang='lat' dir='ltr'>calorem</span> <span class='ocrx_word' id='word_1_712' title='bbox 1419 2401 1541 2430; x_wconf 90' lang='lat' dir='ltr'>caritatis</span> <span class='ocrx_word' id='word_1_713' title='bbox 1561 2404 1588 2430; x_wconf 89' lang='lat' dir='ltr'>et</span> <span class='ocrx_word' id='word_1_714' title='bbox 1609 2404 1712 2430; x_wconf 85' lang='lat' dir='ltr'>statum</span> <span class='ocrx_word' id='word_1_715' title='bbox 1734 2402 1857 2438; x_wconf 84' lang='lat' dir='ltr'>gloriae;</span> <span class='ocrx_word' id='word_1_716' title='bbox 1882 2402 1985 2431; x_wconf 88' lang='lat' dir='ltr'>Cantici</span> <span class='ocrx_word' id='word_1_717' title='bbox 2009 2405 2123 2440; x_wconf 90' lang='lat' dir='ltr'>quarto:</span> 
     </span>
    </p>
   </div>
   <div class='ocr_carea' id='block_1_14' title="bbox 991 2525 1509 2530">
    <p class='ocr_par' dir='ltr' id='par_1_16' title="bbox 991 2525 1509 2530">
     <span class='ocr_line' id='line_1_103' title="bbox 991 2525 1509 2530; baseline 0 0"><span class='ocrx_word' id='word_1_718' title='bbox 991 2525 1509 2530; x_wconf 95' lang='lat' dir='ltr'> </span> 
     </span>
    </p>
   </div>
   <div class='ocr_carea' id='block_1_15' title="bbox 369 2611 1217 2994">
    <p class='ocr_par' dir='ltr' id='par_1_17' title="bbox 370 2611 1217 2677">
     <span class='ocr_line' id='line_1_104' title="bbox 432 2611 1217 2642; baseline 0 -8"><span class='ocrx_word' id='word_1_719' title='bbox 432 2611 439 2624; x_wconf 81' lang='lat'>¹</span> <span class='ocrx_word' id='word_1_720' title='bbox 459 2613 524 2635; x_wconf 74' lang='lat' dir='ltr'>vers,</span> <span class='ocrx_word' id='word_1_721' title='bbox 547 2612 584 2635; x_wconf 70' lang='lat'>34.</span> <span class='ocrx_word' id='word_1_722' title='bbox 607 2620 673 2642; x_wconf 83' lang='lat' dir='ltr'>seqq.</span> <span class='ocrx_word' id='word_1_723' title='bbox 696 2627 725 2629; x_wconf 97' lang='lat'><strong>—</strong></span> <span class='ocrx_word' id='word_1_724' title='bbox 748 2614 817 2636; x_wconf 83' lang='lat' dir='ltr'>Paulo</span> <span class='ocrx_word' id='word_1_725' title='bbox 842 2614 950 2642; x_wconf 81' lang='lat' dir='ltr'>superius</span> <span class='ocrx_word' id='word_1_726' title='bbox 975 2613 1097 2641; x_wconf 80' lang='lat' dir='ltr'>respicitur</span> <span class='ocrx_word' id='word_1_727' title='bbox 1120 2613 1133 2635; x_wconf 91' lang='lat' dir='ltr'>l.</span> <span class='ocrx_word' id='word_1_728' title='bbox 1157 2612 1217 2635; x_wconf 88' lang='lat' dir='ltr'>Tim.</span> 
     </span>
     <span class='ocr_line' id='line_1_105' title="bbox 370 2650 963 2677; baseline 0.005 -5"><span class='ocrx_word' id='word_1_729' title='bbox 370 2650 396 2677; x_wconf 69' lang='lat'>4,</span> <span class='ocrx_word' id='word_1_730' title='bbox 414 2652 442 2673; x_wconf 68' lang='lat'>8:</span> <span class='ocrx_word' id='word_1_731' title='bbox 463 2652 536 2674; x_wconf 78' lang='lat' dir='ltr'>Pietas</span> <span class='ocrx_word' id='word_1_732' title='bbox 553 2655 631 2674; x_wconf 83' lang='lat' dir='ltr'>autem</span> <span class='ocrx_word' id='word_1_733' title='bbox 648 2653 677 2675; x_wconf 85' lang='lat' dir='ltr'>ad</span> <span class='ocrx_word' id='word_1_734' title='bbox 695 2653 773 2675; x_wconf 85' lang='lat' dir='ltr'>omnia</span> <span class='ocrx_word' id='word_1_735' title='bbox 792 2653 852 2675; x_wconf 89' lang='lat' dir='ltr'>utilis</span> <span class='ocrx_word' id='word_1_736' title='bbox 870 2656 904 2675; x_wconf 90' lang='lat' dir='ltr'>est</span> <span class='ocrx_word' id='word_1_737' title='bbox 921 2657 963 2675; x_wconf 74' lang='lat' dir='ltr'>etc.</span> 
     </span>
    </p>

    <p class='ocr_par' dir='ltr' id='par_1_18' title="bbox 369 2688 1217 2876">
     <span class='ocr_line' id='line_1_106' title="bbox 431 2688 1217 2720; baseline 0.004 -9"><span class='ocrx_word' id='word_1_738' title='bbox 431 2688 440 2701; x_wconf 73' lang='lat'><strong>²</strong></span> <span class='ocrx_word' id='word_1_739' title='bbox 459 2691 523 2712; x_wconf 79' lang='lat' dir='ltr'>vers.</span> <span class='ocrx_word' id='word_1_740' title='bbox 540 2690 563 2712; x_wconf 91' lang='lat'>7.</span> <span class='ocrx_word' id='word_1_741' title='bbox 582 2704 613 2706; x_wconf 97' lang='lat'><strong>—</strong></span> <span class='ocrx_word' id='word_1_742' title='bbox 631 2691 763 2720; x_wconf 84' lang='lat' dir='ltr'>Sequuntur</span> <span class='ocrx_word' id='word_1_743' title='bbox 787 2692 852 2714; x_wconf 56' lang='lat' dir='ltr'>Ereti,</span> <span class='ocrx_word' id='word_1_744' title='bbox 871 2692 912 2720; x_wconf 75' lang='lat'>34,</span> <span class='ocrx_word' id='word_1_745' title='bbox 931 2692 968 2714; x_wconf 74' lang='lat'>24.</span> <span class='ocrx_word' id='word_1_746' title='bbox 985 2695 1008 2714; x_wconf 85' lang='lat' dir='ltr'>et</span> <span class='ocrx_word' id='word_1_747' title='bbox 1027 2693 1099 2720; x_wconf 79' lang='lat' dir='ltr'>Apoc.</span> <span class='ocrx_word' id='word_1_748' title='bbox 1117 2692 1154 2719; x_wconf 82' lang='lat' dir='ltr'>t7,</span> <span class='ocrx_word' id='word_1_749' title='bbox 1172 2692 1217 2714; x_wconf 74' lang='lat'>⁴5:</span> 
     </span>
     <span class='ocr_line' id='line_1_107' title="bbox 369 2730 1217 2759; baseline 0.002 -8"><span class='ocrx_word' id='word_1_750' title='bbox 369 2730 459 2757; x_wconf 77' lang='lat' dir='ltr'>Aquas,</span> <span class='ocrx_word' id='word_1_751' title='bbox 476 2736 535 2758; x_wconf 81' lang='lat' dir='ltr'>quas</span> <span class='ocrx_word' id='word_1_752' title='bbox 552 2730 657 2752; x_wconf 86' lang='lat' dir='ltr'>vidisti...</span> <span class='ocrx_word' id='word_1_753' title='bbox 669 2731 747 2758; x_wconf 79' lang='lat' dir='ltr'>populi</span> <span class='ocrx_word' id='word_1_754' title='bbox 764 2734 817 2753; x_wconf 82' lang='lat' dir='ltr'>sunt</span> <span class='ocrx_word' id='word_1_755' title='bbox 834 2734 856 2753; x_wconf 88' lang='lat' dir='ltr'>et</span> <span class='ocrx_word' id='word_1_756' title='bbox 874 2735 954 2759; x_wconf 79' lang='lat' dir='ltr'>gentes</span> <span class='ocrx_word' id='word_1_757' title='bbox 971 2734 994 2754; x_wconf 86' lang='lat' dir='ltr'>et</span> <span class='ocrx_word' id='word_1_758' title='bbox 1011 2732 1110 2759; x_wconf 74' lang='lat' dir='ltr'>linguae.</span> <span class='ocrx_word' id='word_1_759' title='bbox 1130 2744 1160 2748; x_wconf 97' lang='lat'><strong>—</strong></span> <span class='ocrx_word' id='word_1_760' title='bbox 1178 2732 1217 2754; x_wconf 85' lang='lat' dir='ltr'>Su-</span> 
     </span>
     <span class='ocr_line' id='line_1_108' title="bbox 370 2766 1217 2798; baseline 0.005 -9"><span class='ocrx_word' id='word_1_761' title='bbox 370 2766 517 2796; x_wconf 64' lang='lat' dir='ltr'>pei-ius‘post</span> <span class='ocrx_word' id='word_1_762' title='bbox 532 2775 580 2792; x_wconf 80' lang='lat' dir='ltr'>non</span> <span class='ocrx_word' id='word_1_763' title='bbox 597 2769 703 2792; x_wconf 78' lang='lat' dir='ltr'>alienum</span> <span class='ocrx_word' id='word_1_764' title='bbox 720 2776 732 2792; x_wconf 80' lang='lat' dir='ltr'>a</span> <span class='ocrx_word' id='word_1_765' title='bbox 750 2770 828 2798; x_wconf 60' lang='lat' dir='ltr'>prima*</span> <span class='ocrx_word' id='word_1_766' title='bbox 843 2776 926 2797; x_wconf 86' lang='lat' dir='ltr'>mauu,</span> <span class='ocrx_word' id='word_1_767' title='bbox 944 2774 969 2793; x_wconf 84' lang='lat' dir='ltr'>ut</span> <span class='ocrx_word' id='word_1_768' title='bbox 979 2771 1085 2797; x_wconf 75' lang='lat' dir='ltr'>videtur,</span> <span class='ocrx_word' id='word_1_769' title='bbox 1102 2771 1124 2793; x_wconf 90' lang='lat' dir='ltr'>in</span> <span class='ocrx_word' id='word_1_770' title='bbox 1143 2771 1159 2793; x_wconf 69' lang='lat' dir='ltr'>F.</span> <span class='ocrx_word' id='word_1_771' title='bbox 1177 2771 1217 2793; x_wconf 87' lang='lat' dir='ltr'>ad-</span> 
     </span>
     <span class='ocr_line' id='line_1_109' title="bbox 370 2807 1216 2839; baseline 0.006 -11"><span class='ocrx_word' id='word_1_772' title='bbox 370 2807 444 2829; x_wconf 87' lang='lat' dir='ltr'>ditum</span> <span class='ocrx_word' id='word_1_773' title='bbox 462 2810 495 2829; x_wconf 87' lang='lat' dir='ltr'>est</span> <span class='ocrx_word' id='word_1_774' title='bbox 512 2808 533 2830; x_wconf 91' lang='lat' dir='ltr'>in</span> <span class='ocrx_word' id='word_1_775' title='bbox 552 2808 672 2836; x_wconf 82' lang='lat' dir='ltr'>margine:</span> <span class='ocrx_word' id='word_1_776' title='bbox 690 2809 746 2838; x_wconf 80' lang='lat' dir='ltr'>qnia</span> <span class='ocrx_word' id='word_1_777' title='bbox 763 2808 790 2831; x_wconf 78' lang='lat' dir='ltr'>de</span> <span class='ocrx_word' id='word_1_778' title='bbox 806 2809 884 2832; x_wconf 73' lang='lat' dir='ltr'>alieno</span> <span class='ocrx_word' id='word_1_779' title='bbox 907 2816 955 2832; x_wconf 83' lang='lat' dir='ltr'>non</span> <span class='ocrx_word' id='word_1_780' title='bbox 978 2812 1011 2833; x_wconf 68' lang='lat' dir='ltr'>est</span> <span class='ocrx_word' id='word_1_781' title='bbox 1031 2809 1141 2839; x_wconf 69' lang='lat' dir='ltr'>snciewda</span> <span class='ocrx_word' id='word_1_782' title='bbox 1163 2810 1216 2833; x_wconf 81' lang='lat' dir='ltr'>elee-</span> 
     </span>
     <span class='ocr_line' id='line_1_110' title="bbox 370 2852 478 2876; baseline 0.009 -8"><span class='ocrx_word' id='word_1_783' title='bbox 370 2852 478 2876; x_wconf 76' lang='lat' dir='ltr'>mosyna.</span> 
     </span>
    </p>

    <p class='ocr_par' dir='ltr' id='par_1_19' title="bbox 371 2884 1217 2955">
     <span class='ocr_line' id='line_1_111' title="bbox 432 2884 1217 2917; baseline 0.006 -10"><span class='ocrx_word' id='word_1_784' title='bbox 432 2884 442 2897; x_wconf 75' lang='lat'>⁵</span> <span class='ocrx_word' id='word_1_785' title='bbox 459 2886 525 2908; x_wconf 78' lang='lat' dir='ltr'>Vers.</span> <span class='ocrx_word' id='word_1_786' title='bbox 541 2887 563 2908; x_wconf 92' lang='lat'>7.</span> <span class='ocrx_word' id='word_1_787' title='bbox 580 2899 611 2903; x_wconf 95' lang='lat'><strong>—</strong></span> <span class='ocrx_word' id='word_1_788' title='bbox 629 2887 732 2910; x_wconf 76' lang='lat' dir='ltr'>Subinde</span> <span class='ocrx_word' id='word_1_789' title='bbox 752 2889 882 2916; x_wconf 80' lang='lat' dir='ltr'>allegantur</span> <span class='ocrx_word' id='word_1_790' title='bbox 904 2889 939 2911; x_wconf 73' lang='lat' dir='ltr'>Ps.</span> <span class='ocrx_word' id='word_1_791' title='bbox 958 2889 999 2916; x_wconf 82' lang='grc'>68,</span> <span class='ocrx_word' id='word_1_792' title='bbox 1018 2890 1039 2911; x_wconf 81' lang='lat'>2.</span> <span class='ocrx_word' id='word_1_793' title='bbox 1057 2892 1080 2912; x_wconf 88' lang='lat' dir='ltr'>et</span> <span class='ocrx_word' id='word_1_794' title='bbox 1102 2890 1157 2912; x_wconf 83' lang='lat' dir='ltr'>Luc.</span> <span class='ocrx_word' id='word_1_795' title='bbox 1177 2889 1217 2917; x_wconf 68' lang='lat' dir='ltr'>tt,</span> 
     </span>
     <span class='ocr_line' id='line_1_112' title="bbox 371 2924 994 2955; baseline 0.008 -10"><span class='ocrx_word' id='word_1_796' title='bbox 371 2924 411 2951; x_wconf 72' lang='grc'>13,</span> <span class='ocrx_word' id='word_1_797' title='bbox 430 2924 468 2946; x_wconf 92' lang='lat' dir='ltr'>ubi</span> <span class='ocrx_word' id='word_1_798' title='bbox 487 2931 529 2952; x_wconf 89' lang='lat' dir='ltr'>pro</span> <span class='ocrx_word' id='word_1_799' title='bbox 546 2925 719 2955; x_wconf 69' lang='lat' dir='ltr'>eleemosynam</span> <span class='ocrx_word' id='word_1_800' title='bbox 737 2927 834 2954; x_wconf 77' lang='lat' dir='ltr'>Vulgata</span> <span class='ocrx_word' id='word_1_801' title='bbox 852 2927 994 2950; x_wconf 73' lang='lat' dir='ltr'>convivium.</span> 
     </span>
    </p>

    <p class='ocr_par' dir='ltr' id='par_1_20' title="bbox 432 2963 910 2994">
     <span class='ocr_line' id='line_1_113' title="bbox 432 2963 910 2994; baseline 0.006 -8"><span class='ocrx_word' id='word_1_802' title='bbox 432 2963 442 2976; x_wconf 75' lang='lat'>⁴</span> <span class='ocrx_word' id='word_1_803' title='bbox 460 2964 526 2987; x_wconf 84' lang='lat' dir='ltr'>Vers.</span> <span class='ocrx_word' id='word_1_804' title='bbox 543 2965 565 2986; x_wconf 74' lang='lat'>2.</span> <span class='ocrx_word' id='word_1_805' title='bbox 582 2978 611 2980; x_wconf 97' lang='lat'><strong>—</strong></span> <span class='ocrx_word' id='word_1_806' title='bbox 631 2966 738 2994; x_wconf 79' lang='lat' dir='ltr'>Sequitur</span> <span class='ocrx_word' id='word_1_807' title='bbox 756 2967 810 2988; x_wconf 80' lang='lat' dir='ltr'>Luc.</span> <span class='ocrx_word' id='word_1_808' title='bbox 829 2967 870 2994; x_wconf 75' lang='lat' dir='ltr'>te,</span> <span class='ocrx_word' id='word_1_809' title='bbox 887 2968 910 2989; x_wconf 82' lang='lat'>9.</span> 
     </span>
    </p>
   </div>
   <div class='ocr_carea' id='block_1_16' title="bbox 1271 2609 2123 2991">
    <p class='ocr_par' dir='ltr' id='par_1_21' title="bbox 1274 2609 2120 2678">
     <span class='ocr_line' id='line_1_114' title="bbox 1337 2609 2120 2640; baseline 0.001 -7"><span class='ocrx_word' id='word_1_810' title='bbox 1337 2609 1346 2622; x_wconf 82' lang='lat'>⁵</span> <span class='ocrx_word' id='word_1_811' title='bbox 1365 2611 1431 2633; x_wconf 89' lang='lat' dir='ltr'>Vers.</span> <span class='ocrx_word' id='word_1_812' title='bbox 1448 2611 1486 2633; x_wconf 72' lang='lat' dir='ltr'>tt.</span> <span class='ocrx_word' id='word_1_813' title='bbox 1502 2623 1533 2628; x_wconf 89' lang='lat'>-—</span> <span class='ocrx_word' id='word_1_814' title='bbox 1551 2611 1660 2639; x_wconf 81' lang='lat' dir='ltr'>Sequitur</span> <span class='ocrx_word' id='word_1_815' title='bbox 1681 2612 1735 2633; x_wconf 81' lang='lat' dir='ltr'>Luc.</span> <span class='ocrx_word' id='word_1_816' title='bbox 1753 2612 1790 2638; x_wconf 80' lang='grc' dir='ltr'>Μ,</span> <span class='ocrx_word' id='word_1_817' title='bbox 1810 2611 1851 2634; x_wconf 71' lang='lat' dir='ltr'>tt:</span> <span class='ocrx_word' id='word_1_818' title='bbox 1869 2612 2034 2634; x_wconf 82' lang='lat' dir='ltr'>Verumtamen</span> <span class='ocrx_word' id='word_1_819' title='bbox 2057 2612 2120 2640; x_wconf 82' lang='lat' dir='ltr'>quod</span> 
     </span>
     <span class='ocr_line' id='line_1_115' title="bbox 1274 2650 1651 2678; baseline 0.003 -6"><span class='ocrx_word' id='word_1_820' title='bbox 1274 2654 1379 2678; x_wconf 83' lang='lat' dir='ltr'>superest</span> <span class='ocrx_word' id='word_1_821' title='bbox 1397 2651 1449 2672; x_wconf 82' lang='lat' dir='ltr'>date</span> <span class='ocrx_word' id='word_1_822' title='bbox 1466 2650 1651 2677; x_wconf 63' lang='lat' dir='ltr'>eleemosynam.&gt;</span> 
     </span>
    </p>

    <p class='ocr_par' dir='ltr' id='par_1_22' title="bbox 1271 2687 2123 2795">
     <span class='ocr_line' id='line_1_116' title="bbox 1337 2687 2123 2718; baseline 0.001 -7"><span class='ocrx_word' id='word_1_823' title='bbox 1337 2687 1346 2700; x_wconf 74' lang='lat'>⁸</span> <span class='ocrx_word' id='word_1_824' title='bbox 1365 2689 1430 2711; x_wconf 74' lang='lat' dir='ltr'>vers.</span> <span class='ocrx_word' id='word_1_825' title='bbox 1448 2689 1485 2711; x_wconf 80' lang='lat'>20.</span> <span class='ocrx_word' id='word_1_826' title='bbox 1502 2701 1533 2704; x_wconf 88' lang='lat'>——</span> <span class='ocrx_word' id='word_1_827' title='bbox 1550 2688 1637 2711; x_wconf 86' lang='lat' dir='ltr'>Deinde</span> <span class='ocrx_word' id='word_1_828' title='bbox 1661 2689 1774 2716; x_wconf 76' lang='lat' dir='ltr'>allegatur</span> <span class='ocrx_word' id='word_1_829' title='bbox 1800 2688 1859 2711; x_wconf 90' lang='lat' dir='ltr'>Tob.</span> <span class='ocrx_word' id='word_1_830' title='bbox 1877 2691 1903 2717; x_wconf 78' lang='lat'>4,</span> <span class='ocrx_word' id='word_1_831' title='bbox 1920 2690 1946 2717; x_wconf 79' lang='lat'>9,</span> <span class='ocrx_word' id='word_1_832' title='bbox 1970 2689 2008 2712; x_wconf 88' lang='lat' dir='ltr'>nbi</span> <span class='ocrx_word' id='word_1_833' title='bbox 2034 2695 2077 2718; x_wconf 87' lang='lat' dir='ltr'>pro</span> <span class='ocrx_word' id='word_1_834' title='bbox 2100 2689 2123 2712; x_wconf 81' lang='lat' dir='ltr'>si</span> 
     </span>
     <span class='ocr_line' id='line_1_117' title="bbox 1271 2727 2122 2758; baseline 0 -8"><span class='ocrx_word' id='word_1_835' title='bbox 1271 2734 1375 2757; x_wconf 82' lang='lat' dir='ltr'>parum,</span> <span class='ocrx_word' id='word_1_836' title='bbox 1393 2727 1466 2750; x_wconf 79' lang='lat' dir='ltr'>etiam</span> <span class='ocrx_word' id='word_1_837' title='bbox 1491 2727 1552 2750; x_wconf 75' lang='lat' dir='ltr'>illud</span> <span class='ocrx_word' id='word_1_838' title='bbox 1576 2728 1674 2755; x_wconf 76' lang='lat' dir='ltr'>Vulgata</span> <span class='ocrx_word' id='word_1_839' title='bbox 1700 2734 1720 2752; x_wconf 78' lang='grc' dir='ltr'>ει</span> <span class='ocrx_word' id='word_1_840' title='bbox 1742 2728 1858 2758; x_wconf 63' lang='lat' dir='ltr'>eoeig&#39;luum</span> <span class='ocrx_word' id='word_1_841' title='bbox 1883 2728 1924 2751; x_wconf 82' lang='lat' dir='ltr'>tibi</span> <span class='ocrx_word' id='word_1_842' title='bbox 1947 2728 2033 2758; x_wconf 73' lang='lat' dir='ltr'>fuerit,</span> <span class='ocrx_word' id='word_1_843' title='bbox 2050 2728 2122 2752; x_wconf 76' lang='lat' dir='ltr'>etiam</span> 
     </span>
     <span class='ocr_line' id='line_1_118' title="bbox 1274 2766 1399 2795; baseline 0 -6"><span class='ocrx_word' id='word_1_844' title='bbox 1274 2766 1399 2795; x_wconf 70' lang='lat' dir='ltr'>eoeiyitum.</span> 
     </span>
    </p>

    <p class='ocr_par' dir='ltr' id='par_1_23' title="bbox 1337 2804 1868 2834">
     <span class='ocr_line' id='line_1_119' title="bbox 1337 2804 1868 2834; baseline 0.002 -6"><span class='ocrx_word' id='word_1_845' title='bbox 1337 2804 1344 2817; x_wconf 92' lang='lat'>⁷</span> <span class='ocrx_word' id='word_1_846' title='bbox 1365 2806 1430 2828; x_wconf 86' lang='lat' dir='ltr'>Vers.</span> <span class='ocrx_word' id='word_1_847' title='bbox 1446 2806 1484 2828; x_wconf 74' lang='lat'>45.</span> <span class='ocrx_word' id='word_1_848' title='bbox 1502 2807 1600 2834; x_wconf 76' lang='lat' dir='ltr'>Vulgata</span> <span class='ocrx_word' id='word_1_849' title='bbox 1617 2807 1701 2829; x_wconf 87' lang='lat' dir='ltr'>omittit</span> <span class='ocrx_word' id='word_1_850' title='bbox 1717 2808 1740 2829; x_wconf 82' lang='lat' dir='ltr'>et</span> <span class='ocrx_word' id='word_1_851' title='bbox 1756 2806 1868 2830; x_wconf 76' lang='lat' dir='ltr'>liberabit.</span> 
     </span>
    </p>

    <p class='ocr_par' dir='ltr' id='par_1_24' title="bbox 1337 2843 1851 2875">
     <span class='ocr_line' id='line_1_120' title="bbox 1337 2843 1851 2875; baseline 0.004 -8"><span class='ocrx_word' id='word_1_852' title='bbox 1337 2843 1346 2856; x_wconf 79' lang='lat'>⁸</span> <span class='ocrx_word' id='word_1_853' title='bbox 1365 2846 1428 2868; x_wconf 83' lang='lat' dir='ltr'>Vers.</span> <span class='ocrx_word' id='word_1_854' title='bbox 1448 2846 1469 2868; x_wconf 86' lang='lat'>3.</span> <span class='ocrx_word' id='word_1_855' title='bbox 1486 2858 1517 2861; x_wconf 76' lang='lat'><strong>—</strong></span> <span class='ocrx_word' id='word_1_856' title='bbox 1534 2846 1642 2875; x_wconf 81' lang='lat' dir='ltr'>Sequitur</span> <span class='ocrx_word' id='word_1_857' title='bbox 1660 2847 1683 2868; x_wconf 93' lang='lat' dir='ltr'>ll.</span> <span class='ocrx_word' id='word_1_858' title='bbox 1700 2845 1752 2869; x_wconf 85' lang='lat' dir='ltr'>Cor.</span> <span class='ocrx_word' id='word_1_859' title='bbox 1770 2847 1795 2873; x_wconf 79' lang='lat'>9,</span> <span class='ocrx_word' id='word_1_860' title='bbox 1813 2847 1851 2869; x_wconf 76' lang='lat'>⁴0.</span> 
     </span>
    </p>

    <p class='ocr_par' dir='ltr' id='par_1_25' title="bbox 1274 2882 2123 2991">
     <span class='ocr_line' id='line_1_121' title="bbox 1337 2882 2123 2914; baseline 0.004 -9"><span class='ocrx_word' id='word_1_861' title='bbox 1337 2882 1346 2895; x_wconf 79' lang='lat'>⁹</span> <span class='ocrx_word' id='word_1_862' title='bbox 1365 2884 1429 2906; x_wconf 81' lang='lat' dir='ltr'>Vers.</span> <span class='ocrx_word' id='word_1_863' title='bbox 1445 2884 1467 2911; x_wconf 84' lang='lat'>7,</span> <span class='ocrx_word' id='word_1_864' title='bbox 1485 2884 1523 2906; x_wconf 88' lang='lat' dir='ltr'>ubi</span> <span class='ocrx_word' id='word_1_865' title='bbox 1542 2890 1584 2912; x_wconf 87' lang='lat' dir='ltr'>pro</span> <span class='ocrx_word' id='word_1_866' title='bbox 1602 2884 1701 2908; x_wconf 78' lang='lat' dir='ltr'>virescet</span> <span class='ocrx_word' id='word_1_867' title='bbox 1719 2885 1815 2913; x_wconf 82' lang='lat' dir='ltr'>Vulgata</span> <span class='ocrx_word' id='word_1_868' title='bbox 1834 2885 1932 2908; x_wconf 57' lang='lat' dir='ltr'>virescit.</span> <span class='ocrx_word' id='word_1_869' title='bbox 1946 2899 1976 2901; x_wconf 97' lang='lat'><strong>—</strong></span> <span class='ocrx_word' id='word_1_870' title='bbox 1989 2886 2123 2914; x_wconf 81' lang='lat' dir='ltr'>Sequuntur</span> 
     </span>
     <span class='ocr_line' id='line_1_122' title="bbox 1274 2922 2121 2953; baseline 0.004 -8"><span class='ocrx_word' id='word_1_871' title='bbox 1274 2922 1337 2945; x_wconf 85' lang='lat' dir='ltr'>Cant.</span> <span class='ocrx_word' id='word_1_872' title='bbox 1362 2922 1387 2949; x_wconf 76' lang='lat' dir='ltr'>t,</span> <span class='ocrx_word' id='word_1_873' title='bbox 1411 2923 1449 2945; x_wconf 82' lang='grc'>46.</span> <span class='ocrx_word' id='word_1_874' title='bbox 1473 2925 1495 2945; x_wconf 83' lang='lat' dir='ltr'>et</span> <span class='ocrx_word' id='word_1_875' title='bbox 1520 2924 1593 2951; x_wconf 76' lang='lat' dir='ltr'>Apoc.</span> <span class='ocrx_word' id='word_1_876' title='bbox 1613 2924 1639 2950; x_wconf 84' lang='lat'>3,</span> <span class='ocrx_word' id='word_1_877' title='bbox 1661 2924 1699 2946; x_wconf 74' lang='lat'>42.</span> <span class='ocrx_word' id='word_1_878' title='bbox 1721 2937 1752 2940; x_wconf 89' lang='lat'>——</span> <span class='ocrx_word' id='word_1_879' title='bbox 1775 2925 1869 2947; x_wconf 81' lang='lat' dir='ltr'>interius</span> <span class='ocrx_word' id='word_1_880' title='bbox 1894 2931 1937 2953; x_wconf 88' lang='lat' dir='ltr'>pro</span> <span class='ocrx_word' id='word_1_881' title='bbox 1961 2924 2082 2948; x_wconf 71' lang='lat' dir='ltr'>demoveri</span> <span class='ocrx_word' id='word_1_882' title='bbox 2102 2926 2121 2947; x_wconf 82' lang='lat' dir='ltr'>A</span> 
     </span>
     <span class='ocr_line' id='line_1_123' title="bbox 1274 2962 1814 2991; baseline 0.002 -6"><span class='ocrx_word' id='word_1_883' title='bbox 1274 2962 1393 2990; x_wconf 71' lang='lat' dir='ltr'>amoveri,</span> <span class='ocrx_word' id='word_1_884' title='bbox 1411 2962 1462 2984; x_wconf 75' lang='lat' dir='ltr'>Vnt.</span> <span class='ocrx_word' id='word_1_885' title='bbox 1479 2965 1500 2984; x_wconf 89' lang='lat' dir='ltr'>et</span> <span class='ocrx_word' id='word_1_886' title='bbox 1518 2963 1588 2991; x_wconf 84' lang='lat' dir='ltr'>aliqui</span> <span class='ocrx_word' id='word_1_887' title='bbox 1605 2963 1674 2985; x_wconf 87' lang='lat' dir='ltr'>codd.</span> <span class='ocrx_word' id='word_1_888' title='bbox 1691 2962 1814 2986; x_wconf 80' lang='lat' dir='ltr'>demereri.</span> 
     </span>
    </p>
   </div>
   <div class='ocr_carea' id='block_1_17' title="bbox 2145 1183 2243 1202">
    <p class='ocr_par' dir='ltr' id='par_1_26' title="bbox 2145 1183 2243 1202">
     <span class='ocr_line' id='line_1_124' title="bbox 2145 1183 2243 1202; baseline 0 0"><span class='ocrx_word' id='word_1_889' title='bbox 2145 1183 2243 1202; x_wconf 74' lang='lat' dir='ltr'>nationes.</span> 
     </span>
    </p>
   </div>
   <div class='ocr_carea' id='block_1_18' title="bbox 2143 1277 2212 1296">
    <p class='ocr_par' dir='ltr' id='par_1_27' title="bbox 2143 1277 2212 1296">
     <span class='ocr_line' id='line_1_125' title="bbox 2143 1277 2212 1296; baseline 0 0"><span class='ocrx_word' id='word_1_890' title='bbox 2143 1277 2212 1296; x_wconf 81' lang='lat' dir='ltr'>Prima.</span> 
     </span>
    </p>
   </div>
   <div class='ocr_carea' id='block_1_19' title="bbox 2143 1608 2238 1627">
    <p class='ocr_par' dir='ltr' id='par_1_28' title="bbox 2143 1608 2238 1627">
     <span class='ocr_line' id='line_1_126' title="bbox 2143 1608 2238 1627; baseline -0.011 0"><span class='ocrx_word' id='word_1_891' title='bbox 2143 1608 2238 1627; x_wconf 74' lang='lat' dir='ltr'>Secunda.</span> 
     </span>
    </p>
   </div>
   <div class='ocr_carea' id='block_1_20' title="bbox 2141 2126 2212 2145">
    <p class='ocr_par' dir='ltr' id='par_1_29' title="bbox 2141 2126 2212 2145">
     <span class='ocr_line' id='line_1_127' title="bbox 2141 2126 2212 2145; baseline -0.014 0"><span class='ocrx_word' id='word_1_892' title='bbox 2141 2126 2212 2145; x_wconf 78' lang='lat' dir='ltr'>Tertia.</span> 
     </span>
    </p>
   </div>
  </div>
 </body>
</html>
