2296 3316
302 1015 391 1033 Tei-tium.

266 1154 401 1174 Testimonium

297 1179 401 1201 Scriptura-

297 1207 343 1219 rum.

411 138 468 167 392
1040 132 1211 161 COMMENT.
1233 132 1266 161 ΙΝ
1286 131 1433 161 ΙΟΑΝΝΕΜ
1453 131 1482 160 C.
1503 131 1535 160 X.
2257 135 2264 147 ⁴

490 215 537 243 ίι4
560 214 649 250 (Vers.
671 213 741 249 33.).
763 212 983 249 Responderunt
996 219 1063 248 erqo
1076 211 1085 228 ¹
1100 211 1127 239 ez'
1142 210 1258 239 Iudaei.-

416 262 454 290 De
474 261 546 290 bono
567 268 652 298 opere
670 268 729 288 non
751 259 923 296 lapidamus
943 262 982 293 te,
1003 258 1052 286 sed
1073 257 1108 286 de
1127 256 1259 294 blasphe-

412 308 490 342 mia,
511 307 590 344 quia,
612 306 722 335 Levitici
745 306 876 342 vigesimo
898 308 1014 342 quarto,
1040 316 1053 331 α
1068 304 1116 341 qui
1131 304 1260 341 blasphe—

413 354 528 384 maverit
550 360 649 382 nomen
671 352 779 382 Domini
802 355 892 380 morte
913 352 1090 380 moriatur».
1114 351 1144 379 Et
1168 353 1260 379 osten-

412 400 494 433 dunt,
516 400 544 428 in
565 407 621 436 quo
649 399 837 435 blasphemat:
860 398 895 426 Et
921 398 992 436 quia
1014 401 1061 431 ta,
1082 396 1167 425 lzomo
1192 404 1259 425 cum

412 447 467 480 sis,
489 445 567 483 facis
587 449 613 474 te
625 445 723 482 ipsum
739 445 849 477 Deum,-
870 447 897 472 et
917 444 956 473 sic
978 444 1078 478 bomo,
1103 443 1205 472 faciens
1231 451 1260 472 se

412 493 517 526 Deum,
540 491 725 528 blasphemat,
747 490 813 527 quia
843 490 939 527 plures
966 489 1031 518 dicit
1052 497 1111 518 esse
1131 488 1206 517 deos.
1229 488 1260 516 Et

412 539 464 567 hoc
478 542 520 567 est
534 541 632 566 contra
652 537 817 566 ludaeorum
830 537 945 573 Legem,
960 536 988 565 ln
1003 544 1058 572 qua
1080 538 1260 572 praeceptum

412 588 472 614 erat
503 592 591 613 unum
623 584 713 613 solum
744 584 831 612 Deum
860 583 973 612 credere
1002 586 1029 611 et
1056 583 1191 611 confiteri.
1220 582 1259 610 De

411 631 560 665 consimili,
582 630 710 659 Matthaei
725 630 857 667 vigesimo
872 633 952 659 sexto
963 630 991 658 ³³:
1017 641 1031 655 α
1046 629 1166 658 Audistis
1188 629 1260 658 hlas-

412 679 565 716 phemiam!
594 678 661 715 quid
689 677 780 706 adhuc
805 684 919 713 egemus
945 676 1062 705 testibus
1080 679 1116 704 »ἵ
1144 677 1203 705 Non
1231 683 1260 704 se

412 726 474 755 fecit
495 725 528 754 tle
550 725 662 753 homine
682 724 786 758 Deum,
808 723 855 752 sed
877 731 940 752 cum
962 723 1036 752 Deus
1057 726 1145 756 esset,
1171 723 1260 751 factus

412 775 453 800 est
474 772 571 805 homo;
593 770 627 799 ad
649 770 836 807 Philippenses
857 769 994 798 secundo:
1021 781 1035 794 «ι
1050 770 1106 797 Nou
1134 769 1258 806 rapinam

411 818 563 847 arbitratus
584 821 640 851 est,
655 825 715 846 esse
730 825 759 846 se
773 818 916 855 aequalem
932 817 1002 850 De0;
1019 816 1065 845 sed
1081 816 1259 852 semetipsum

412 865 565 894 exinanivit
585 865 703 894 foi-mam
724 865 797 893 servi
829 864 982 901 accipiens,
1003 864 1030 892 in
1052 863 1260 892 similitudinem

413 912 557 940 hominum
578 912 668 940 sactus
689 914 715 940 et
737 911 833 939 habitu
855 911 984 939 inventus
1006 914 1037 938 ut
1058 910 1180 938 homo».

489 959 536 986 45.
558 958 647 994 (Vers.
670 958 737 993 34).
762 957 916 994 Respondit
945 957 986 985 eis
1014 957 1103 985 Iesus.
1126 956 1260 992 Tangitur

412 1005 455 1033 hic
479 1005 607 1038 tertium,
629 1004 732 1032 scilicet
750 1004 884 1040 prudens
905 1005 955 1032 sui
975 1004 1139 1037 excusatio,
1162 1003 1189 1031 in
1204 1011 1261 1039 qua

412 1052 545 1080 Dominus
566 1051 700 1085 ostendit,
716 1059 744 1079 se
759 1059 813 1079 non
829 1051 1049 1087 blasphemasse,
1064 1050 1167 1086 duplici
1184 1050 1260 1078 testi-

411 1098 518 1131 monio,
540 1098 644 1126 scilicet
666 1097 894 1134 scripturaram
926 1100 953 1125 et
974 1105 1103 1133 operum.
1127 1096 1259 1125 Testimo-

412 1144 457 1173 nio
473 1144 700 1181 Scriptnrarum
716 1144 770 1172 sic:
787 1144 931 1180 Scriptura
950 1147 1029 1172 vocat
1043 1143 1125 1177 dem,
1140 1143 1175 1171 ad
1188 1151 1260 1179 quos

411 1192 486 1220 Deus
507 1192 616 1220 locutus
631 1195 687 1225 est3
703 1191 750 1220 sed
765 1192 853 1219 multo
867 1191 954 1228 magis
968 1190 1101 1219 dicendus
1116 1194 1157 1219 est
1172 1190 1259 1224 dens,

411 1246 494 1275 quem
516 1238 595 1267 Pater
616 1238 797 1266 sanctificavit
818 1241 845 1266 et
873 1238 962 1266 misit:
984 1245 1050 1273 ergo
1072 1237 1094 1266 si
1116 1237 1261 1273 Scriptura

411 1293 465 1313 non
487 1285 674 1321 blasphemat,
706 1292 756 1313 nec
783 1292 841 1321 ego.
875 1284 976 1312 Nonne
1002 1284 1148 1321 scriptum
1168 1287 1208 1312 est
1230 1283 1260 1312 in

412 1332 481 1368 Lege
501 1331 636 1359 vestra&
660 1332 738 1367 Quia
765 1340 815 1369 390
846 1331 926 1359 stz'xz':
958 1330 1002 1359 clii
1022 1330 1110 1359 estis?
1136 1331 1193 1359 Lem
1215 1330 1260 1358 liic

411 1378 595 1407 communiter
616 1378 767 1415 accipitur,
790 1381 874 1415 prout
894 1377 1104 1415 comprehendit
1126 1377 1259 1410 Psalmos,

413 1426 440 1454 in
461 1425 565 1462 quibus
586 1425 721 1462 scriptum
744 1428 793 1453 est.

491 1473 536 1500 46.
561 1472 649 1508 (Vers.
673 1472 739 1503 35..)
770 1472 803 1500 Si
827 1472 890 1500 illos
921 1471 998 1499 dixit
1028 1471 1106 1504 deos,
1129 1471 1170 1499 acl
1190 1479 1261 1508 quos

412 1527 507 1547 sermo
530 1519 582 1547 Dei
600 1518 700 1556 factus
721 1522 778 1552 est,
800 1521 831 1546 ut
847 1518 997 1554 Prophetas
1011 1521 1038 1546 et
1052 1518 1120 1546 alios
1134 1518 1259 1551 Sanctos;

414 1565 562 1594 Ezechielis
583 1565 711 1601 primo&
739 1576 752 1589 α
767 1565 798 1593 Et
819 1565 922 1593 factum
951 1567 992 1593 est
1013 1565 1129 1593 verbum
1151 1564 1258 1592 Domini

413 1612 446 1640 ad
469 1611 637 1640 Ezechielem
659 1611 829 1639 sacerdotem
845 1622 858 1636 υ
877 1615 946 1644 etc.;
968 1614 992 1639 et
1006 1619 1064 1638 non
1078 1614 1168 1647 potest
1188 1610 1261 1638 solui

414 1659 583 1695 Scriptura,
606 1658 632 1685 id
653 1661 695 1686 est
716 1657 842 1685 falsitatis
862 1657 959 1694 argui,
981 1658 1024 1686 vel
1038 1657 1072 1686 de
1088 1657 1260 1693 blasphemia

413 1704 592 1741 reprehendi;
615 1704 741 1732 Matthaei
765 1704 877 1741 quinto:
904 1716 917 1729 «
934 1704 988 1732 lota
1003 1712 1107 1738 unum,
1123 1707 1172 1732 aut
1185 1712 1260 1732 unus

410 1758 483 1788 apex
503 1758 558 1779 non
580 1751 742 1787 praeteribit
763 1759 780 1779 a
800 1751 885 1787 Lege,
907 1750 994 1779 donec
1015 1751 1109 1779 omnia
1129 1751 1237 1779 fiant».

489 1798 535 1826 47.
558 1797 647 1832 (Vers.
670 1797 738 1833 36.).
763 1798 851 1833 Quem
873 1798 965 1826 Pater
996 1797 1210 1835 sanctificavit,
1233 1798 1258 1826 id

410 1847 466 1878 est,
493 1855 506 1869 «τ
519 1847 645 1873 sanctum
667 1845 763 1881 genuit
774 1845 785 1862 ⁵
800 1856 829 1878 »,
843 1848 868 1872 et
882 1845 963 1873 misit
981 1845 1013 1873 in
1029 1844 1188 1878 mundum,
1205 1853 1259 1873 non

410 1892 517 1920 vocavit
537 1892 571 1920 de
591 1891 695 1920 mundo
716 1895 742 1920 et
764 1892 886 1920 tenebris
918 1892 1030 1926 mundi,
1052 1896 1084 1921 ut
1104 1893 1172 1921 alios
1193 1893 1259 1920 San—

409 1941 482 1972 ct0s;
504 1947 554 1966 vos
574 1938 685 1966 dicitis:
710 1939 787 1974 Quz'a
809 1938 1005 1975 blasphemas,
1027 1939 1099 1977 quia
1113 1939 1193 1967 clini:
1211 1939 1259 1967 Fz'-

409 1985 467 2013 lius
492 1985 544 2013 Dei
569 1985 658 2013 sanz?
679 1986 762 2022 Quasi
793 1986 884 2014 dicat:
906 1986 1132 2014 irrationabiliter
1160 1986 1257 2014 dicitis.

413 2043 427 2057 cr
441 2032 467 2060 Si
489 2032 562 2061 enim
585 2032 746 2060 illuminati
769 2032 806 2060 dii
834 2035 913 2066 sunt,
936 2040 1026 2061 nonne
1048 2032 1161 2066 lamen,
1184 2032 1258 2069 quod

408 2078 560 2113 illuminat,
575 2079 650 2107 Deus
671 2079 733 2108 est⁵
746 2082 777 2107 »?
798 2079 856 2107 Non
878 2079 1011 2107 Dominus
1034 2079 1257 2116 blasphemabat,

1315 210 1363 239 sed
1376 210 1445 246 ipsi,
1460 209 1508 246 qui
1529 208 1563 238 de
1584 209 1641 237 Deo
1661 208 1803 243 dicebant,
1817 217 1873 237 non
1894 216 1954 238 esse
1974 208 2071 237 Deum.
2087 208 2163 238 Unde

1317 256 1450 285 Dominus
1470 255 1542 284 dixit
1569 255 1696 284 Matthaei
1724 255 1907 284 duodecimo:
1932 266 1946 281 ιι
1961 255 2048 284 Omne
2070 263 2164 292 pecea-

1317 306 1376 330 tum
1404 304 1432 331 et
1458 301 1629 338 blasphemia
1659 301 1817 331 remittetur
1847 301 2027 336 hominibus3
2048 301 2165 338 spiritus

1316 352 1409 378 autem
1441 348 1611 385 blasphemia
1639 357 1693 377 non
1726 348 1899 382 remittetur,
1932 355 2022 384 neque
2050 347 2081 376 in
2112 348 2165 377 hoc

1316 395 1426 425 saeculo
1446 403 1537 432 neque
1558 395 1585 423 in
1607 395 1703 423 tuturo
1718 405 1748 429 »;
1770 394 1845 423 unde
1871 402 1969 424 omnes
1995 397 2075 424 erant
2096 394 2164 431 lapi-

1315 441 1406 470 dandi.
1427 458 1468 463 —-
1488 442 1591 471 Deinde
1612 441 1732 470 ostendit
1753 441 1805 470 hoc
1827 440 1915 475 idem,
1934 440 2009 478 quod
2023 447 2079 470 non
2093 441 2164 471 blas-
2175 447 2265 489 Tegtimm·

1316 488 1476 525 phemavit‚
1505 488 1662 518 testimonio
1692 496 1834 524 operum,
1866 495 1938 525 quae
1969 487 2060 525 ipsum
2093 488 2164 517 Patri
2211 475 2270 508 ⁹³¹¹?
2294 487 2296 493 '

1316 535 1460 572 aequalem
1481 535 1578 564 dicunt
1588 535 1608 563 ⁷.
1632 535 1779 571 Propterea
1799 534 1884 563 dicit:

1395 582 1441 610 48.
1465 582 1554 618 (Vers.
1570 581 1606 610 37
1611 581 1638 617 .).
1655 581 1688 609 Si
1701 589 1759 609 non
1776 580 1856 618 facio
1870 589 1960 617 opera
1974 580 2078 609 Patris
2098 581 2164 615 mei,

1317 628 1420 657 scilicet
1450 636 1535 665 opera
1565 627 1797 664 omnipotentiae;
1818 627 1907 656 nolite
1932 627 2048 656 credere
2074 626 2164 663 milii,

1316 674 1417 703 dicenti
1451 674 1570 708 scilicet,
1603 681 1646 702 me
1680 681 1740 702 esse
1774 673 1918 710 aequalem
1953 673 2047 708 Patri3
2078 673 2165 702 Exodi

1317 721 1439 758 quarto²³
1460 721 1532 750 dixit
1552 722 1677 757 Moyses:
1703 732 1717 747 α
1732 721 1790 749 Non
1815 721 1928 750 credent
1959 720 2027 749 milii
2055 723 2082 749 et
2110 728 2164 750 non

1317 768 1430 797 audient
1449 775 1544 796 vocem
1567 776 1672 802 meam,
1687 767 1735 797 sed
1756 767 1872 797 dicent»
1894 770 1962 802 etc.;
1984 771 2012 796 et
2032 767 2094 797 ideo
2112 767 2166 796 Do—

1317 815 1410 843 minus
1430 814 1504 843 dedit
1525 814 1549 843 ei
1571 814 1656 851 signa.

1396 862 1442 890 49.
1465 862 1554 898 (Vers.
1571 861 1638 894 38.).
1662 861 1695 889 St·
1712 864 1809 889 antem
1823 859 1914 898 facio,
1929 864 1953 889 et
1973 861 2002 889 si
2022 860 2095 890 milti
2107 870 2166 890 non

1316 908 1404 937 vultis
1425 909 1550 942 credere,
1573 908 1599 937 id
1628 912 1669 937 est
1697 908 1817 937 sermoni
1846 916 1926 942 me0;
1948 908 2084 946 operibus
2105 917 2166 937 cre-

1317 955 1387 989 dite,
1409 955 1436 983 id
1457 958 1514 989 est,
1536 962 1586 991 per
1607 962 1691 991 opera
1719 955 1747 983 in
1776 963 1820 984 me
1845 954 1963 989 credite,
1986 958 2019 983 nt
2039 954 2166 983 credatis

1317 1005 1343 1030 et
1369 1002 1561 1039 coqnoscacis,
1582 1002 1654 1039 qnia
1676 1002 1767 1030 Pater
1794 1002 1826 1030 in
1854 1011 1898 1030 me
1925 1005 1982 1036 est,
2004 1005 2028 1030 et
2056 1010 2106 1039 eqo
2134 1001 2166 1030 in

1318 1050 1426 1082 Patre,-
1447 1052 1474 1077 et
1496 1049 1533 1077 ita
1554 1056 1652 1077 verum
1674 1056 1733 1077 esse
1754 1048 1829 1085 quod
1850 1048 1957 1085 supra⁰
1978 1048 2056 1077 dixi:
2083 1059 2096 1074 α
2113 1048 2166 1085 Ego

1317 1098 1345 1124 et
1375 1096 1454 1124 Pater
1486 1104 1574 1124 unum
1595 1103 1694 1124 sumus
1709 1107 1735 1123 n.
1763 1094 1797 1123 Ut
1818 1095 1958 1129 credatis,
1980 1095 2007 1123 id
2027 1098 2084 1129 est,
2106 1102 2166 1124 cre-

1316 1142 1406 1171 dendo
1427 1142 1617 1179 cognoscatis,
1633 1142 1714 1179 quia,
1729 1141 1883 1170 secundum
1904 1141 1978 1179 quod
1999 1142 2064 1170 dicit
2085 1141 2167 1170 isaias

1316 1189 1435 1226 septimo
1447 1189 1479 1223 ¹⁰,
1501 1189 1654 1217 secundum
1676 1188 1757 1219 aliam
1778 1189 1914 1223 litteram,
1940 1200 1953 1214 a
1967 1188 2020 1217 nisi
2042 1188 2166 1218 credide—

1317 1235 1394 1269 ritis,
1422 1242 1477 1263 non
1505 1235 1709 1271 intelligetis»;
1738 1234 1809 1263 infra
1835 1235 1942 1264 decimo
1973 1238 2073 1272 quarto
2101 1234 2167 1264 dicit

1318 1281 1457 1318 Philippo:
1485 1293 1498 1306 «
1513 1282 1570 1310 Non
1592 1281 1696 1315 credis,
1718 1282 1784 1318 quia
1805 1290 1855 1319 ego
1876 1282 1903 1310 in
1925 1282 2020 1316 Patre,
2041 1285 2069 1311 et
2088 1282 2166 1311 Pater

1317 1329 1345 1357 in
1366 1336 1411 1358 me
1426 1332 1466 1357 »Τ
1491 1340 1505 1354 «ι
1520 1329 1646 1366 Alioquin
1668 1332 1781 1366 propter
1802 1337 1888 1366 opera
1908 1329 1968 1366 ipsa
1987 1329 2091 1358 credite
2105 1341 2132 1357 ».
2274 1359 2275 1362 Ἴ

1398 1377 1442 1404 50.
1465 1375 1554 1412 (Vers.
1578 1375 1645 1411 39.).
1669 1375 1854 1411 Quaerebant
1874 1384 1943 1413 erqo
1963 1384 2038 1404 eum.
2068 1375 2166 1413 Tangi·
2182 1367 2277 1411 Quartum-2

1318 1426 1364 1452 tur
1386 1423 1430 1452 liic
1451 1425 1599 1460 quartum,
1618 1423 1721 1452 scilicet
1742 1423 1896 1458 declinatio
1912 1423 2164 1462 persequentium,

1317 1470 1383 1507 quia
1404 1470 1526 1499 nondum
1548 1473 1657 1507 tempus
1677 1470 1827 1499 advenerat
1847 1470 1981 1507 patiendi;
2004 1470 2065 1499 ideo
2085 1470 2166 1499 dicit:

1319 1517 1504 1552 Quaerebant
1531 1525 1599 1554 erqo
1627 1525 1693 1545 eum
1720 1516 1951 1554 apprehendere,
1974 1517 2021 1546 sed
2042 1525 2098 1546 non
2118 1525 2167 1555 po-
2274 1546 2276 1552 .

1318 1566 1447 1598 tuerunt;
1470 1564 1544 1592 unde
1564 1563 1645 1592 dicit:
1669 1565 1705 1593 Et
1723 1564 1812 1593 emittit
1832 1564 1866 1593 dc
1890 1564 2028 1593 manibus
2055 1573 2165 1593 eorum.
2273 1559 2277 1622 Ι4

1317 1610 1410 1639 Simile
1428 1610 1530 1639 dicitur
1545 1611 1634 1639 Lucae
1648 1613 1749 1647 quarto
1761 1612 1799 1639 ¹¹:
1823 1622 1837 1636 <t
1848 1611 1908 1648 Ipse
1921 1614 2015 1640 autem
2030 1611 2167 1640 transiens

1317 1665 1366 1694 per
1387 1657 1509 1685 medium
1530 1657 1655 1691 illorum,
1676 1657 1778 1692 ibat»,
1800 1657 1911 1695 quando
1931 1658 2082 1687 voluerunt
2102 1666 2166 1687 eum

1317 1704 1508 1741 praecipitare.
2274 1731 2276 1742 ¹,

1397 1751 1442 1778 51.
1465 1750 1553 1786 (Vers.
1576 1750 1644 1786 40).
1668 1751 1703 1778 Et
1724 1750 1796 1779 abiit
1809 1751 1831 1767 ¹2
1853 1754 1938 1779 trans
1959 1751 2116 1780 Iordanem
2134 1751 2166 1780 in
2274 1745 2277 1788 ¹}

1316 1805 1382 1825 eum
1404 1797 1516 1832 locum,
1538 1797 1590 1825 ubi
1609 1800 1673 1826 erac
1690 1797 1815 1826 Ioannes
1837 1798 1996 1835 baptizans
2013 1798 2165 1836 primurn,
2275 1801 2278 1823 ἵ

1316 1845 1350 1873 de
1371 1853 1427 1882 quo
1448 1845 1507 1873 loco
1528 1844 1630 1873 dicitur
1651 1853 1737 1881 supra
1757 1845 1854 1874 tertio:
1874 1857 1888 1871 «ι
1904 1845 1967 1874 Erat
1985 1845 2098 1875 Ioannes
2118 1846 2166 1875 ha-

1316 1891 1423 1928 ptizans
1443 1891 1471 1920 in
1493 1892 1604 1920 Aennon
1619 1903 1646 1919 n.
1670 1893 1706 1920 Et
1724 1892 1835 1921 mansit
1855 1892 1928 1926 illic,
1950 1892 1978 1921 in
1999 1892 2093 1929 quiete
2113 1892 2165 1921 sci-

1316 1938 1397 1972 licet;
1419 1938 1635 1975 chrysostomus
1648 1938 1686 1967 ¹³:
1712 1950 1727 1965 (ι
1744 1939 1835 1968 Monet
1856 1939 1994 1968 tumultus
2014 1939 2112 1977 fugere
2138 1942 2166 1968 et

1316 1985 1344 2013 in
1375 1985 1468 2021 quiete
1496 1993 1618 2019 orare»;
1640 1986 1767 2020 mansit,
1789 1985 1966 2015 absconditus
1997 1994 2013 2014 a
2044 1986 2165 2020 ludaeis,

1316 2031 1470 2060 secundum
1505 2031 1574 2060 illud
1608 2032 1815 2061 Deuteronomii
1848 2032 1989 2070 trigesimo
2020 2032 2164 2061 secundo:

1321 2090 1334 2104 «
1349 2079 1518 2107 Abscondam
1540 2078 1637 2107 faciem
1660 2087 1750 2108 meam
1770 2079 1805 2107 ab
1826 2079 1865 2108 eis
1880 2091 1907 2108 ».

2274 1327 2276 1340 t

472 2255 479 2267 ¹
499 2255 596 2283 Vulgata
614 2256 697 2278 omittit
714 2262 778 2286 erqo.
795 2268 827 2273 -
844 2256 948 2279 Subinde
964 2258 1077 2285 allegatur
1093 2257 1148 2279 Lev.
1166 2257 1208 2285 24,
1223 2257 1260 2279 16.

470 2293 480 2306 ²
498 2295 562 2316 Vei-s.
581 2295 618 2317 65.
635 2307 666 2312 —
683 2295 792 2324 Sequitur
809 2296 864 2318 Phil.
883 2297 909 2323 2,
927 2296 948 2318 6.
967 2298 989 2318 et
1005 2296 1028 2318 7.

470 2332 479 2345 ¹³
496 2334 577 2356 Psalm.
597 2334 620 2356 81
633 2353 638 2362 ,
656 2335 678 2356 6.
695 2335 805 2363 August„
822 2336 844 2357 in
862 2336 920 2358 ioan.
934 2336 1021 2363 Evang.
1035 2338 1062 2357 tr.
1074 2335 1112 2358 48.
1124 2342 1146 2357 n.
1159 2336 1184 2357 9:
1198 2336 1259 2357 Deus

407 2372 461 2395 dicit
478 2379 519 2400 per
536 2374 674 2401 Prophetam
693 2374 716 2396 in
734 2374 822 2396 Psalmo
841 2374 986 2397 bominibus:
1004 2374 1054 2404 Eyo
1072 2374 1137 2397 dixi.-
1150 2374 1257 2397 ditescas.

407 2412 432 2433 Et
449 2412 534 2440 Legem
547 2413 672 2440 appellavit
685 2413 796 2436 Dominus
808 2414 945 2441 generaliter
962 2420 1043 2436 omnes
1055 2414 1104 2436 illas
1116 2414 1258 2442 Scripturas,

407 2451 515 2478 quamvis
532 2450 586 2473 alibi
602 2452 733 2479 specialiter
750 2452 812 2474 dicat
828 2452 928 2481 Legem,
946 2458 958 2474 a
976 2453 1097 2481 Prophetis
1114 2459 1165 2475 earn
1178 2452 1257 2474 distin-

408 2495 493 2516 guens,
515 2490 582 2512 sicuti
600 2492 634 2512 est
652 2490 716 2520 [Luc.
736 2491 776 2520 16,
795 2492 855 2520 16.];
872 2492 922 2515 Lea*
939 2494 961 2515 et
976 2492 1107 2521 Prophetae
1123 2498 1198 2521 usque
1216 2494 1258 2514 etc.

469 2526 479 2539 ⁴
496 2528 561 2550 Vers.
580 2529 601 2551 3.
619 2541 650 2545 —
667 2529 771 2552 Subinde
788 2530 899 2558 allegatur
916 2531 993 2553 Matth.
1011 2531 1037 2558 5,
1057 2532 1092 2553 18.

470 2565 478 2578 ⁶
496 2567 606 2594 August,
624 2568 647 2590 in
665 2568 723 2590 ioan.
742 2570 829 2596 Evang.
847 2572 874 2591 tr.
893 2570 929 2592 48.
947 2576 968 2592 n.
987 2570 1014 2592 9:
1031 2570 1053 2592 Sl
1071 2571 1157 2593 lumina
1175 2570 1258 2592 illumi—

406 2608 458 2628 nata
477 2606 507 2628 dii
525 2609 591 2633 sunt,
609 2608 699 2634 lumen,
715 2608 779 2636 quod
792 2608 917 2636 illuminat,
934 2615 980 2631 non
998 2612 1032 2631 est
1043 2609 1105 2631 Deus
1114 2611 1147 2632 ἱ)...
1166 2610 1188 2631 Si
1201 2615 1257 2637 ergo

406 2650 450 2666 vos
466 2645 523 2667 deos
540 2646 593 2667 facit
609 2651 686 2668 sermo
704 2646 756 2673 Dei⁷
774 2647 895 2675 quomodo
907 2654 953 2670 non
965 2650 998 2670 est
1010 2648 1071 2670 Deus
1083 2648 1187 2671 Verbum
1201 2648 1257 2670 Dei?

407 2684 472 2705 Pater
488 2690 544 2711 ergo
562 2685 713 2707 sanctificavit
730 2686 811 2708 Filium
828 2692 897 2708 suum
915 2689 937 2708 et
949 2687 1010 2709 misit
1022 2687 1045 2708 in
1057 2687 1179 2709 mundum.
1191 2688 1257 2709 Forte

406 2722 489 2751 aliquis
505 2722 578 2745 dicat:
597 2723 618 2745 Si
640 2724 705 2746 Pater
723 2730 776 2746 eum
800 2726 963 2753 sanctificavit,
986 2732 1042 2753 ergo
1064 2726 1189 2755 aliquando
1212 2732 1257 2748 non

406 2763 455 2783 erat
471 2763 580 2784 sanctus?
598 2762 635 2784 Sic
652 2763 816 2791 sanctificavit,
833 2765 953 2793 quomodo
974 2764 1060 2792 genuit.
1078 2765 1106 2787 Ut
1128 2765 1190 2787 enim
1208 2771 1257 2787 san-

407 2803 457 2823 ctus
474 2803 545 2829 esset,
564 2801 680 2829 gignendo
698 2802 717 2824 ei
735 2802 810 2829 dedit,
828 2804 882 2832 quia
900 2806 1005 2825 sanctum
1023 2810 1076 2826 eum
1094 2804 1174 2831 genuit
1190 2806 1232 2825 etc.

470 2838 479 2851 ‘³
496 2840 524 2862 Ut
541 2839 596 2862 dicit
613 2841 718 2868 August.,
732 2841 753 2863 in
766 2844 818 2864 nota
836 2842 989 2869 praecedente
1004 2843 1122 2871 allegatus.
1134 2855 1165 2859 —
1177 2843 1257 2871 Sequi-

407 2882 443 2901 tur
460 2879 537 2900 Matth.
556 2879 598 2905 ⁴2,
611 2879 649 2901 31.
661 2885 709 2908 seq.
727 2891 758 2896 -
770 2881 866 2903 Inferius
883 2881 981 2904 vocibus
997 2887 1046 2904 non
1064 2888 1113 2904 esse
1131 2882 1207 2904 Deum
1219 2882 1257 2904 ed.

410 2924 464 2940 cum
482 2918 587 2940 Gorrano
605 2918 710 2946 praefigit
727 2925 788 2941 curn.

1379 2255 1388 2269 ⁷
1406 2257 1448 2279 Ed.
1465 2256 1559 2284 (locent,
1577 2257 1696 2279 Gorranus
1712 2256 1850 2285 ostendunt,
1871 2256 1914 2280 CN
1931 2263 1981 2280 esse
1997 2256 2087 2281 dicunt.

1380 2294 1389 2307 Β
1407 2297 1472 2319 Vers.
1492 2297 1513 2318 1.

1379 2334 1389 2346 ⁹
1406 2336 1454 2357 Hoc
1471 2341 1522 2363 cap.
1539 2342 1563 2357 v.
1581 2336 1618 2358 30.

1379 2372 1399 2385 ¹⁰
1417 2375 1483 2397 Vers.
1494 2375 1516 2401 9,
1528 2374 1657 2397 secundum
1669 2375 1816 2402 septuaginta
1828 2375 1976 2403 interpretes,
1988 2375 2025 2398 ed.
2039 2376 2165 2403 praemittit

1316 2414 1437 2435 lectionem
1461 2414 1589 2441 Vulgataez
1613 2413 1641 2436 Si
1664 2419 1711 2437 non
1737 2413 1897 2442 credideritis,
1914 2420 1964 2437 non
1984 2414 2163 2444 permanebitis.

1316 2453 1567 2480 Explicationen1=vide
1584 2453 1647 2481 apud
1664 2453 1773 2481 August.,
1786 2453 1810 2475 in
1827 2453 1886 2476 loon.
1904 2454 1991 2482 Evang.
2009 2456 2037 2476 tr.
2055 2454 2093 2477 29.
2106 2460 2129 2477 n.
2141 2454 2164 2477 6.

1317 2492 1452 2521 (intellectus
1468 2494 1502 2514 est
1519 2498 1608 2514 merces
1625 2491 1687 2520 fidei)
1706 2495 1728 2514 et
1745 2494 1771 2514 tr.
1795 2493 1831 2515 36.
1855 2499 1878 2514 n.
1898 2492 1920 2515 7.
1945 2492 2071 2521 (credendo
2093 2494 2163 2516 homo

1316 2532 1340 2554 sit
1357 2534 1425 2560 aptus
1442 2532 1471 2554 ad
1488 2531 1681 2559 intelligendum).
1699 2531 1743 2554 Csr.
1767 2535 1823 2554 tom.
1845 2533 1877 2554 ill.
1900 2538 1953 2560 pag.
1976 2532 2034 2559 530,
2057 2534 2111 2555 nota
2133 2533 2161 2560 5;

1315 2574 1372 2593 tom.
1392 2571 1419 2593 V.
1437 2577 1490 2598 pag.
1509 2570 1567 2599 494,
1585 2573 1637 2593 nota
1657 2571 1677 2593 8.
1695 2583 1726 2587 -
1743 2571 1794 2593 Duo
1811 2577 1875 2600 seqq.
1896 2571 1938 2593 loci
1961 2573 2015 2594 sunt
2036 2572 2097 2594 ioan.
2122 2571 2162 2599 14,

1316 2609 1353 2631 10.
1370 2612 1392 2631 et
1411 2610 1447 2631 12.

1380 2646 1397 2659 ¹¹
1416 2648 1483 2670 Vers.
1501 2649 1538 2670 30.

1378 2685 1397 2698 ¹⁹
1416 2687 1512 2714 Vulgata
1530 2687 1595 2709 addit
1612 2686 1706 2710 iterum.
1717 2699 1749 2704 -—
1760 2688 1869 2717 Sequitur
1887 2689 1947 2710 ioan.
1965 2688 1989 2716 3,
2006 2689 2048 2717 23,
2061 2694 2104 2716 pro
2115 2694 2162 2717 quo

1315 2726 1352 2748 ed.
1369 2726 1451 2753 allegat
1470 2727 1494 2754 1,
1513 2727 1555 2748 28:
1573 2727 1634 2748 llaec
1652 2727 1673 2748 in
1691 2727 1799 2749 Bethania
1817 2728 1873 2749 sacta
1886 2729 1940 2749 sunt
1954 2730 2016 2749 trans
2028 2727 2161 2754 Iordanem,

1315 2764 1354 2787 ubi
1372 2767 1420 2787 erat
1437 2766 1533 2787 loannes
1550 2764 1677 2792 baptizans.

1378 2801 1396 2815 ¹³
1415 2804 1437 2825 ln
1456 2805 1518 2825 loan.
1535 2804 1613 2826 homil.
1631 2805 1668 2826 61.
1688 2804 1752 2833 (alias
1769 2804 1816 2833 60.)
1834 2811 1856 2827 n.
1874 2805 1903 2827 3:
1921 2805 1944 2827 ld
1961 2805 2025 2833 quod
2043 2805 2111 2827 etiam
2123 2810 2161 2827 no·

1314 2841 1350 2864 bis
1375 2842 1505 2864 faciendum
1532 2842 1625 2870 suadet,
1643 2843 1725 2865 iubens
1743 2845 1819 2866 forum
1844 2843 1917 2866 vitare
1942 2844 2115 2872 tumultumque
2139 2846 2161 2866 et

1314 2881 1406 2903 turbam
1424 2885 1494 2910 atque
1511 2882 1535 2904 in
1552 2882 1659 2905 cubiculo
1674 2883 1794 2911 tranquille
1806 2889 1880 2905 orare.
1891 2895 1922 2899 —
1933 2882 2037 2905 Subinde
2049 2883 2160 2910 allegatur

1314 2921 1380 2943 Dent.
1397 2922 1439 2949 32,
1458 2921 1494 2943 20.

2272 3094 2275 3109 «γ
2271 3021 2276 3077 affe?
2272 2988 2275 3015 ,fi
2272 2855 2276 2975 <⁷.*-q-
2273 2836 2275 2842 a
2270 2780 2277 2828 ψ».
2274 2749 2275 2769 ῳ
2274 2705 2276 2735 ev.
2273 2660 2275 2697 ⁴⁴.
