2296 3316
269 1302 352 1322 Tertium
356 1316 361 1321 .

379 131 437 161 3014

380 215 534 254 pecudum;
555 217 583 244 et
603 217 663 244 erat
684 215 750 243 haec
772 214 876 251 piscina
895 214 976 242 iuxta
994 213 1127 251 templum
1148 215 1176 242 et
1190 212 1225 242 ab

379 263 432 292 hoc
462 262 552 291 officio
581 261 828 290 denominationem
863 263 1015 297 acceperat.
1048 260 1110 289 Ideo
1139 260 1224 289 dicit:

381 310 462 345 Quae
489 308 713 346 cognominatur
745 307 885 336 Hebraice
910 305 1085 342 Bethsaida,
1121 307 1149 336 id
1183 309 1225 336 est

379 356 478 385 domus
498 354 649 392 pecudum,
670 354 736 391 quia
750 354 802 383 hoc
823 353 942 382 habebat
963 354 1085 383 officium
1097 355 1116 382 ¹.
1138 354 1225 383 Habe-

379 401 426 431 hat
454 401 535 430 etiarn
556 403 701 435 ornatum;
723 400 797 429 unde
823 400 908 429 dicit:
931 400 1064 439 Quinque
1090 401 1225 438 porticus

379 447 493 477 habens.
517 447 548 476 Et
567 455 655 485 quare
676 447 727 476 hos
747 447 879 482 habehat,
898 448 969 476 ratio
990 447 1125 477 redditur.

458 496 483 523 5.
506 494 594 530 (Vers.
617 493 665 530 3.).
687 494 722 522 In
743 493 788 522 bis
809 493 921 523 iacebat
935 494 1091 523 multitudo
1111 502 1224 532 mayna

379 541 596 579 lanquentium,
624 543 652 570 et
672 548 722 578 per
750 544 878 570 naturam
907 541 1122 576 incurabilium;
1150 541 1224 570 unde

378 588 458 617 dicit:
471 587 645 621 Caecorum,
660 587 852 621 claudorum,
867 587 1043 622 aridorum,
1058 590 1224 624 exspectan-

378 635 451 663 tium
472 642 568 673 aquae
588 637 714 668 motum,
735 637 768 663 ut
795 634 898 663 scilicet
919 637 1085 663 sanarentur
1113 642 1163 671 per
1183 634 1224 663 di-

377 681 456 710 vinae
476 681 580 718 gratiae
601 680 782 715 beneficium,
803 680 878 718 quod
892 680 1104 717 impendebatur
1122 680 1150 709 in
1171 681 1220 709 An—

377 728 429 765 geli
450 728 592 757 descensu.
615 727 676 757 Ideo
696 727 777 756 dicit:

457 775 482 803 6.
505 774 594 810 (Vers.
609 774 658 810 4.).
674 774 803 812 Anyelus
817 777 915 803 autem
931 774 1050 803 Domini
1062 774 1223 803 secundum

378 825 490 859 tempus
509 821 693 850 descendebat
714 822 745 850 in
764 821 925 858 piscinam,
946 820 981 849 ad
1003 821 1156 849 sanandum
1171 820 1224 851 sci-

377 869 455 903 licet;
476 871 504 897 et
524 868 609 897 huius
629 868 778 897 descensus
799 868 892 896 subdit
911 868 1048 905 signum:
1077 867 1110 895 Et
1130 875 1224 896 move-

377 915 465 944 batur
486 923 582 953 aqua,
598 917 629 943 ut
650 922 749 951 aquam
766 914 891 943 viderent
911 914 958 951 qui
974 914 1107 951 Angelum
1129 913 1223 943 videre

376 970 431 991 non
453 964 595 999 poterant;
617 964 644 990 et
665 961 788 990 divinum
811 961 904 990 subdit
925 960 1072 999 effectum:
1105 961 1140 989 Et
1160 961 1223 999 qui-

376 1017 497 1047 cumque
514 1008 601 1045 prior
615 1007 800 1036 descendebat
810 1008 821 1024 Β
835 1008 867 1036 in
879 1007 1027 1045 piscinam
1041 1011 1104 1045 post
1121 1008 1222 1036 motio-

375 1064 440 1084 nem
461 1063 571 1093 aquae,
587 1058 717 1092 tanquam
738 1054 888 1089 sollicitior,
909 1063 1003 1083 sanus
1016 1053 1102 1091 fiebat
1116 1063 1135 1083 a
1150 1063 1223 1092 qua-

376 1110 497 1140 cumque
527 1101 707 1130 detinebatur
732 1100 919 1137 infirmitate,
947 1101 1005 1130 sine
1032 1101 1222 1136 distinctione,

375 1149 453 1187 quia,
481 1148 552 1177 sicut
579 1147 680 1177 dicitur
701 1148 818 1177 Actuum
838 1146 960 1182 decimo,
986 1159 1000 1173 α
1019 1156 1073 1177 non
1094 1150 1135 1177 est
1159 1156 1222 1186 per-

375 1203 507 1225 sonarum
528 1197 655 1232 acceptor
675 1194 749 1224 Deus
764 1207 777 1220 ι)
803 1197 853 1224 etc.

454 1243 480 1270 7.
503 1242 591 1278 (Vers.
615 1242 662 1278 5.).
687 1242 760 1270 Erat
780 1245 877 1270 autem
904 1241 1026 1281 quidam
1058 1240 1141 1271 bomo
1169 1245 1220 1272 etc.

374 1288 507 1326 Tangitur
528 1288 574 1317 hic
595 1288 723 1323 tertium,
745 1288 849 1318 scilicet
863 1289 1028 1327 languentis
1048 1289 1221 1323 necessitati,

375 1335 441 1373 quia
460 1335 662 1372 diu'infirmus
682 1335 774 1365 inerat
787 1338 814 1364 et
833 1336 907 1364 omni
930 1335 1044 1364 aua-itio
1058 1336 1220 1365 destitutus.

374 1382 428 1411 Diu
449 1381 588 1419 infirmus
608 1381 715 1417 fuerat,
737 1382 810 1411 unde
824 1381 905 1411 dicit:
929 1383 1003 1411 Erat
1023 1385 1122 1411 autem
1137 1382 1221 1411 bomo

375 1429 497 1468 quidam
527 1429 569 1458 ibi
576 1440 585 1462 ,·
606 1429 744 1467 quidam,
767 1429 814 1466 qui
829 1429 840 1446 ³
872 1429 899 1458 in
925 1429 1035 1458 miseria
1056 1429 1220 1466 singularis,

375 1475 498 1513 triyinta
528 1479 589 1504 octo
620 1483 713 1504 annos
744 1474 852 1504 babens
885 1477 917 1504 in
947 1475 1119 1513 infirmitate
1153 1485 1219 1505 sua.

375 1522 455 1556 Ecce,
476 1521 645 1551 infirmitatis
665 1521 819 1559 longitudo,
841 1531 897 1560 qua
918 1522 1050 1551 Dominus
1071 1525 1164 1551 motus
1179 1525 1220 1552 est

375 1563 500 1598 misereri
521 1572 549 1597 et
569 1576 704 1606 quaerere
725 1569 753 1597 et
773 1568 875 1606 alloqui
897 1577 969 1598 eum.
992 1568 1068 1598 Unde
1088 1569 1169 1598 dicit:

452 1616 478 1644 8.
501 1615 589 1651 (Vei-s.
612 1616 660 1652 6.).
682 1615 768 1644 Hunc
789 1624 855 1644 cum
877 1616 996 1644 vidisset
1020 1616 1101 1644 Iesus
1122 1616 1219 1645 iacen-

376 1666 446 1696 tem,
475 1661 634 1691 infirmitate
660 1662 849 1699 opprimente,
875 1666 901 1691 et
927 1663 1120 1700 coynovisset,
1146 1664 1219 1702 quia

373 1708 433 1737 iam
454 1709 581 1737 multum
598 1709 735 1746 temporis
745 1709 758 1726 ‘²
772 1708 901 1744 baberet,
916 1710 944 1738 in
959 1710 1123 1747 poenalitate
1138 1710 1219 1740 mise—

374 1755 431 1784 riae
439 1766 446 1790 ;
468 1755 539 1784 dicit
565 1755 606 1789 ei,
627 1763 677 1792 per
697 1756 892 1793 benignitatem
922 1757 1142 1786 misericordiae:
1172 1757 1219 1786 Vis

372 1801 465 1831 sanus
495 1801 585 1838 fieri?
616 1810 666 1839 per
694 1803 826 1831 virtutem
854 1803 962 1832 divinae
986 1804 1130 1841 potentiae.
1160 1805 1218 1833 Non

372 1850 424 1878 hoc
444 1849 610 1886 quaerebat,
632 1849 697 1887 quia
717 1849 751 1878 de
772 1850 914 1879 voluntate
935 1850 1089 1886 dubitaret,
1119 1851 1167 1880 sed
1186 1854 1219 1881 ut

371 1896 431 1925 eius
451 1896 629 1933 indigentiam
650 1897 844 1926 manifestaret.
867 1897 946 1934 Quod
967 1900 994 1927 et
1015 1898 1077 1927 fecit
1102 1906 1153 1927 sua
1174 1907 1217 1928 re-

372 1943 529 1980 sponsione;
550 1943 611 1972 ideo
632 1943 737 1972 subdit:

450 1991 475 2018 9.
498 1990 586 2026 (Vers.
609 1991 657 2025 7.).
674 1990 829 2027 Respondit
849 1990 876 2019 ei
891 1990 1065 2028 languidus:
1083 1992 1215 2027 Domine,

371 2035 514 2065 bominem
534 2045 593 2065 non
607 2036 709 2071 liabeo,
731 2040 777 2071 ut,
793 2045 859 2065 cum
881 2037 1001 2066 turbata
1015 2037 1107 2075 fuerit
1121 2047 1215 2078 aqua,

371 2083 466 2112 mittat
486 2092 531 2112 me
551 2083 583 2112 in
600 2083 748 2120 piscinam
754 2093 765 2117 ,·
786 2086 813 2112 et
834 2084 871 2112 ita
892 2092 998 2122 pauper
1013 2093 1091 2120 sum,
1113 2089 1140 2115 et
1161 2094 1215 2116 non

1000 131 1169 162 COMMENT.
1192 131 1224 161 IN
1245 131 1391 162 IOANNEM
1412 132 1440 162 C.
1462 133 1493 162 V.

1281 262 1308 288 et
1321 267 1377 288 non
1391 262 1433 288 est
1446 259 1494 296 qui
1509 259 1658 293 adiuvet»,
1673 262 1701 288 et
1714 266 1765 296 ego
1779 266 1816 288 ex
1837 266 1881 287 me
1898 266 1961 287 sum
1981 258 2125 296 impotens.

1281 306 1357 335 Unde
1370 305 1478 335 subdit:
1502 306 1579 335 Dum
1592 305 1675 334 venio
1695 313 1760 343 eyo,
1776 305 1855 334 alius
1869 308 1935 334 ante
1954 313 2000 334 me
2013 305 2126 335 descen-

1281 352 1339 386 ἀίω
1360 355 1387 381 et
1408 352 1446 381 ita
1460 352 1550 381 sanari
1572 360 1627 381 non
1642 359 1768 389 possum,
1789 352 1856 389 quia
1869 360 1924 381 non
1945 354 2059 381 sanatur
2073 352 2125 382 nisi

1280 407 1355 428 unus
1376 402 1402 428 et
1422 398 1468 428 ille
1487 399 1536 436 qui
1555 398 1631 436 prior
1651 398 1800 428 descendit.
1823 398 1854 427 Et
1868 398 1907 427 sic
1927 398 2054 428 innuitur
2068 399 2126 428 lan-

1280 446 1389 484 guentis
1409 445 1565 475 necessitas.
2278 468 2279 471 η

1361 493 1404 521 10.
1421 492 1509 527 (Vers.
1525 493 1573 529 8.).
1595 492 1670 522 Dicit
1684 493 1711 522 ei
1726 493 1814 521 lesus.
1830 492 1963 529 Tangitur
1981 493 2026 522 hic
2040 501 2124 531 quar-
2137 495 2234 520 Quartum·
2277 491 2280 534 ξ

1281 542 1354 574 tum,
1376 539 1478 568 scilicet
1499 539 1633 568 curantis
1651 543 1792 577 potestas,
1814 539 1880 576 quia
1900 539 1959 568 solo
1980 544 2126 578 praecepto
2277 537 2280 544 '

1279 589 1365 615 sanat.
1389 586 1449 615 ldeo
1475 585 1556 615 dicit:
1586 586 1697 624 Surye,
1720 586 1781 615 tolle
1807 585 1968 624 yrabatum
1996 589 2079 616 tuum
2101 591 2127 616 et

1280 632 1420 667 ambula;
1447 641 1550 670 surye,
1583 641 1631 670 per
1653 633 1853 666 valetudinem;
1876 633 1938 662 colle
1965 633 2126 671 qrabatum

1279 683 1379 714 tuum,
1400 687 1450 716 per
1478 679 1683 714 fortitudinem;
1711 683 1737 708 et
1757 679 1895 714 ambula,
1924 687 1974 717 per
2002 680 2126 710 sanitatis

1279 726 1483 756 certitudinem
1505 726 1584 763 Quod
1605 729 1632 755 et
1653 726 1755 756 factum
1776 729 1833 761 est;
1856 727 1929 756 unde
1949 729 1977 756 et
1998 727 2105 757 subdit:

1361 774 1404 801 11.
1436 773 1525 809 (Vers.
1556 774 1603 808 9..)
1638 774 1671 802 Et
1700 774 1801 802 statim
1830 782 1924 802 sanus
1954 772 2053 812 faetus
2086 779 2127 804 est
2285 791 2288 828 ¹

1279 819 1394 854 bomo⁸;
1409 827 1485 854 ecce,
1507 820 1648 855 valetudo;
1663 823 1688 849 et
1705 820 1826 849 sustulit
1838 829 1876 858 9⁷
1878 820 2000 850 abutum
2020 829 2125 856 suum;

1279 873 1357 901 ecce,
1379 866 1527 901 fortitudo3
1548 870 1573 895 et
1594 866 1782 901 ambulabat;
1803 875 1882 902 ecce,
1901 867 2024 897 sanitatis
2045 869 2126 898 certi·
2284 857 2288 901 Ι

1279 912 1354 943 tudo.
1377 913 1408 942 Et
1430 914 1481 942 hoc
1505 916 1592 942 totum
1612 913 1716 942 factum
1743 917 1787 942 est
1806 914 1909 943 Christi
1930 914 2030 950 verb03
2053 915 2125 944 Psal-

1279 968 1357 988 mus:
1383 971 1397 984 «
1412 960 1471 997 Ipse
1491 960 1578 995 dixit,
1600 964 1628 989 et
1648 961 1719 989 facta
1740 964 1843 995 sunt»;
1867 961 1939 990 unde
1961 961 2057 991 Esther
2078 962 2124 992 de-

1279 1007 1350 1035 cimo
1372 1007 1452 1036 tertio
1472 1007 1544 1036 dixit
1558 1007 1770 1037 Mardochaeus:
1792 1019 1805 1033 «
1820 1008 1950 1042 Domine,
1965 1008 2024 1037 Rex
2038 1009 2125 1038 omni-

1279 1056 1391 1091 potens,
1413 1054 1441 1082 in
1462 1054 1564 1083 ditione
1586 1057 1634 1083 tua
1653 1058 1753 1083 cuncta
1774 1058 1839 1083 sunt
1860 1054 1948 1092 posita
1962 1067 1975 1080 »
2001 1058 2052 1084 etc.

1360 1102 1403 1129 12.
1426 1101 1583 1130 Moraliter.
1610 1101 1763 1130 Notandum
1785 1104 1827 1130 est
1849 1101 1906 1136 hic,
1925 1109 1997 1139 quae
2018 1102 2053 1130 sit
2073 1102 2126 1131 ista
2137 1102 2233 1126 E⁸v⁰⁸¹2¹⁰
2274 1027 2288 1360 ⁴

1281 215 1323 242 est
1337 213 1385 250 qui
1399 213 1526 247 adiuvet;
1541 212 1702 242 Psalmus⁵z
1722 223 1735 238 «
1750 212 1903 241 Tribulatio
1921 212 2049 249 proxima
2069 215 2126 248 est,

1275 1147 1393 1185 piscina
1414 1148 1541 1187 quinque
1555 1147 1663 1177 babens
1674 1152 1825 1186 porticus,
1847 1149 1895 1186 qui
1914 1152 1979 1178 sunt
1993 1149 2124 1187 infirmi,
2145 1126 2228 1145 mmm

1278 1197 1306 1224 et
1326 1195 1468 1233 quomodo
1489 1200 1646 1225 curantur
1669 1212 1706 1217 -
1728 1196 1867 1231 Piscina,
1889 1204 1960 1234 quae
1981 1204 2018 1225 ex
2045 1197 2125 1234 aquis

1279 1241 1447 1278 pluvialibus
1467 1244 1667 1280 congregatur,
1689 1243 1857 1280 poenitentia
1877 1245 1933 1278 est
1958 1243 1986 1271 in
2007 1251 2063 1280 qua
2084 1246 2125 1272 est

1277 1289 1375 1318 effusio
1396 1289 1582 1326 lacrymarum
1613 1297 1665 1326 pro
1695 1289 1841 1318 amissione
1867 1297 2063 1327 supernorum.
2085 1290 2125 1319 De

1278 1336 1329 1364 hac
1350 1336 1445 1373 pluvia
1466 1336 1596 1365 Ieremiae
1616 1336 1752 1373 quinto⁷:
1768 1335 1834 1365 Non
1847 1337 1999 1366 dixeiunt:
2015 1336 2125 1365 Metua-

1277 1392 1344 1412 mus
1367 1384 1458 1412 Deum
1479 1386 1628 1417 nostrum,
1650 1383 1702 1422 qui
1722 1383 1774 1413 dat
1800 1383 1883 1413 nobis
1900 1383 2036 1421 pluviam
2057 1387 2124 1412 tem-

1276 1438 1455 1467 poraneam,
1477 1430 1504 1458 id
1525 1433 1566 1459 est
1594 1430 1835 1467 compunctionem
1863 1439 1914 1468 pro
1941 1430 2021 1460 malls
2049 1438 2124 1460 com-

1276 1476 1382 1510 missis,
1404 1480 1429 1505 et
1448 1477 1625 1511 serotinam,
1648 1485 1699 1514 pro
1720 1477 1799 1506 bonis
1813 1477 1930 1506 omissis.
1946 1477 2015 1506 Haec
2029 1477 2124 1515 pluvia

1275 1523 1416 1552 descendit
1436 1523 1470 1552 ad
1491 1523 1592 1558 valles,
1607 1531 1662 1552 non
1683 1526 1725 1553 est
1739 1524 1767 1553 in
1781 1524 1923 1553 montibus
1937 1527 1965 1553 et
1979 1523 2122 1561 superbis;

1276 1570 1388 1599 secundi
1411 1570 1514 1607 Regum
1536 1570 1642 1607 primo.
1664 1571 1772 1600 Montes
1798 1571 1913 1605 Gelboe,
1934 1579 1985 1600 nec
2009 1580 2059 1600 ros
2073 1580 2124 1600 nec

1272 1616 1377 1654 pluvia
1396 1617 1514 1645 veniant
1535 1625 1626 1654 super
1652 1626 1710 1646 vos.
1736 1634 1772 1639 —
1795 1618 1864 1647 Haec
1889 1618 2008 1655 piscina
2028 1617 2124 1655 poeni-

1275 1663 1376 1692 tentiae
1397 1662 1480 1692 habet
1500 1663 1628 1702 quinque
1645 1664 1796 1701 porticus,
1812 1665 1840 1693 in
1855 1665 1957 1702 quibus
1971 1665 2123 1702 requiescit
2136 1665 2177 1707 ωξ1
2204 1665 2275 1708 223¹&
2274 1692 2283 1708 χ

1274 1710 1429 1739 multitudo
1450 1711 1688 1748 lanquentium⁸3
1711 1712 1777 1749 quia
1801 1712 1926 1749 quinque
1947 1714 2013 1741 sunt
2033 1712 2122 1741 consi-
2135 1712 2246 1731 dmum*
2281 1718 2285 1738 t

1274 1757 1442 1792 derationes,
1458 1766 1529 1795 quae
1543 1757 1645 1787 dehent
1665 1758 1756 1788 facere
1772 1759 1911 1788 hominem
1933 1758 1960 1787 in
1982 1759 2124 1796 poeniten—
2274 1795 2275 1798 Ἴ

1274 1805 1312 1833 tia
1333 1812 1504 1842 permanere.
2158 1803 2162 1805 ’
2274 1807 2275 1819 ³

1356 1852 1398 1881 13.
1422 1852 1513 1881 Prima
1534 1852 1732 1887 consideratio,
1754 1857 1855 1882 reatus
1874 1853 1999 1890 peccati,
2015 1861 2071 1890 quo
2092 1861 2120 1883 se
2134 1860 2204 1880 Prima.
2272 1822 2276 1899 s

1273 1899 1404 1937 obligavit
1433 1900 1468 1928 ad
1500 1907 1632 1937 poenam;
1655 1900 1818 1929 Psalmus⁹z
1843 1900 1990 1936 Quoniam
2020 1909 2069 1938 eqo
2092 1901 2122 1929 in
2272 1902 2274 1927 t

1271 1945 1388 1984 flagella
1406 1950 1536 1984 paratus
1557 1955 1639 1980 sum,
1661 1951 1685 1975 et
1706 1947 1788 1976 dolor
1809 1956 1890 1977 meus
1911 1947 1942 1976 in
1969 1950 2122 1984 conspectu

1272 2002 1334 2021 meo
1353 2001 1473 2030 semper.
1489 2010 1524 2014 —
1536 1993 1661 2022 Secunda
1675 1994 1872 2029 consideratio,
1894 1994 2055 2023 severitatis
2076 1993 2122 2022 iu-
2136 2001 2228 2021 secunda.
2272 1988 2285 2023 ἰ’

1272 2040 1360 2074 dieii;
1381 2040 1561 2069 Ecclesiastici
1583 2040 1704 2069 secundo
1717 2041 1755 2068 ¹⁰:
1779 2041 1812 2070 Si
1835 2041 2043 2078 poenitentiam
2063 2049 2122 2069 non

433 2202 441 2215 ¹
459 2204 563 2233 Hieron.,
580 2204 628 2227 Lib.
646 2205 676 2227 de
692 2205 736 2227 situ
754 2208 776 2228 et
792 2206 926 2229 nominibus
943 2207 1046 2230 locorum
1058 2208 1175 2239 ΗΘΜ-Βία,
1187 2211 1217 2233 de

371 2244 514 2272 Evangeliis:
536 2243 681 2272 «Bethesda,
698 2245 786 2273 piscina
804 2245 827 2267 in
850 2246 985 2274 Ierusalem,
1007 2254 1068 2276 quae
1089 2248 1217 2272 vocabatur

371 2281 510 2311 προβατικῆ,
528 2285 550 2305 et
567 2289 579 2305 a
597 2282 663 2305 nobis
679 2283 823 2312 interpretari
841 2287 915 2312 potest
938 2286 1046 2313 pecualis.
1067 2287 1128 2310 Haec
1153 2289 1216 2317 quin-

370 2326 416 2350 que
437 2320 557 2350 quondam
578 2322 681 2350 porticus
697 2322 790 2350 habuit,
808 2324 1008 2353 ostendunturque
1032 2326 1119 2353 gemini
1141 2327 1216 2354 lacus,

370 2366 469 2389 quorum
492 2367 550 2383 unus
572 2360 675 2384 hibernis
696 2362 780 2389 pluviis
802 2362 893 2391 impleri
915 2363 983 2391 solet;
1006 2364 1062 2387 alter
1084 2365 1169 2388 mirum
1192 2366 1216 2389 in

369 2399 466 2422 modum
483 2399 582 2427 rubens,
599 2401 665 2429 quasi
682 2401 782 2424 cruentis
799 2402 878 2430 aquis,
891 2402 978 2431 antiqui
991 2403 1012 2425 in
1025 2410 1050 2426 se
1061 2405 1138 2432 operis
1149 2405 1216 2433 signa

370 2441 470 2461 testatur.
488 2439 545 2461 Nam
562 2439 647 2462 hostias
664 2440 686 2462 in
702 2446 730 2462 eo
748 2441 819 2462 lavari
837 2447 848 2463 a
861 2441 1023 2465 sacerdotibus
1039 2443 1116 2466 solitas
1129 2445 1215 2473 serunt,

369 2477 431 2500 unde
448 2480 470 2500 et
486 2484 568 2500 nomen
585 2479 732 2506 acceperit».
750 2480 773 2501 ln
790 2483 841 2502 nota
860 2480 947 2502 adiecta
965 2481 1056 2510 dicitur,
1073 2482 1136 2511 quod
1148 2482 1216 2506 Beth-

369 2515 424 2539 esda
441 2517 593 2545 etymologice
609 2517 723 2545 significet
738 2518 774 2540 vel
792 2517 889 2541 domum
912 2519 1102 2548 misericordiae,
1125 2521 1161 2544 vet
1178 2521 1215 2544 do-

368 2561 435 2578 mum
452 2554 585 2585 effuswnis,
604 2556 669 2584 quod
686 2556 707 2578 in
725 2563 777 2578 eam
795 2563 870 2586 aquae
886 2558 965 2586 templi
988 2559 1168 2583 effunderentur.
1184 2573 1215 2577 —

369 2594 402 2616 De
418 2595 557 2622 etymologia
574 2595 674 2618 nominis
690 2595 816 2619 Bethsaida
832 2597 887 2619 vide
909 2598 973 2620 locos
990 2604 1061 2626 supra
1084 2605 1138 2627 pag.
1155 2600 1214 2628 266,

368 2634 421 2654 nota
439 2633 460 2654 3.
477 2633 598 2661 allegatos,
615 2633 655 2656 uhi
671 2634 799 2656 secundum
818 2635 909 2658 Hieron.
927 2639 960 2658 est
977 2636 1039 2659 idem
1061 2643 1088 2659 ac
1109 2637 1214 2661 «domus

368 2670 480 2700 frugum,
496 2672 533 2693 vel
551 2671 635 2695 domus
656 2674 832 2701 venatorum»,
855 2675 983 2697 secundum
1001 2675 1058 2698 alios
1078 2682 1132 2698 vero
1153 2675 1214 2700 ndo-

368 2715 423 2732 mus
434 2708 488 2738 cibi,
502 2710 538 2732 vel
549 2709 634 2734 domus
645 2710 709 2734 oleae
717 2713 884 2735 1».—-1nterius
896 2719 938 2741 pro
950 2713 992 2737 hos
1005 2715 1068 2737 multi
1081 2715 1149 2738 codd>
1162 2715 1213 2739 hoe.

430 2746 439 2760 ²
456 2749 554 2776 Vulgata
574 2749 602 2772 Et
617 2749 659 2779 qui
670 2750 741 2779 prior
758 2750 920 2775 desoendzsset.
937 2766 968 2769 —
986 2753 1087 2776 Subinde
1099 2754 1212 2782 allegatur

367 2787 417 2809 Act.
435 2787 476 2814 ⁴0,
494 2787 532 2810 34.

429 2824 439 2838 ³
456 2825 513 2850 Cod.
530 2827 546 2849 Β
564 2827 631 2857 quia,
649 2828 668 2850 H
685 2827 708 2850 id
723 2828 821 2858 estqui,
834 2829 870 2852 ed.
881 2830 947 2858 legit:
962 2830 1064 2858 Quidam
1075 2830 1142 2860 dicit,
1155 2831 1212 2861 quia

367 2864 409 2888 iste
426 2864 449 2888 in
466 2868 510 2888 etc.
527 2866 621 2889 Interius
638 2872 680 2894 pro
696 2866 805 2890 misereri
822 2869 838 2890 B
854 2868 1031 2898 misericordia,
1049 2870 1151 2893 nonnulli
1173 2871 1211 2894 alii

366 2904 435 2927 codd.
451 2904 556 2929 miseria

1271 2087 1430 2125 efferimus,
1452 2087 1615 2116 incidemus
1644 2087 1675 2116 in
1703 2096 1812 2116 manus
1846 2088 1964 2117 Domini
1971 2099 1981 2122 ‚·
2010 2087 2044 2117 ad
2071 2087 2122 2117 He·
2278 2069 2285 2223 ἲ

1337 2209 1347 2222 ¹²
1364 2211 1462 2239 Vulgata
1484 2212 1583 2239 tempus.
1605 2222 1637 2226 —
1659 2210 1754 2232 interius
1776 2216 1819 2238 pro
1840 2209 1890 2233 eius
1907 2209 2064 2240 indiyentiam
2081 2210 2120 2233 ed.

1272 2255 1343 2272 snam
1360 2248 1514 2278 indigentiam
1531 2248 1580 2278 ipse
1598 2248 1720 2278 lanquens.
2281 2248 2285 2295 Ι

1336 2286 1346 2300 ⁵
1362 2289 1445 2310 psalm.
1463 2288 1503 2315 211,
1524 2288 1564 2315 12,
1582 2287 1621 2310 nbi
1638 2294 1681 2316 pro
1698 2289 1720 2311 et
1736 2294 1785 2311 non
1810 2288 1906 2316 Vulgata
1930 2287 2043 2318 quoniam
2065 2293 2121 2311 non.

1273 2327 1372 2355 Vulgata
1389 2327 1458 2349 etiam
1476 2326 1570 2349 interius
1586 2329 1639 2355 post
1655 2327 1719 2349 Dum
1740 2326 1806 2350 venio
1830 2327 1895 2350 addit
1915 2326 1986 2350 enim.
2010 2327 2121 2355 Superius

1273 2367 1326 2393 post
1338 2364 1458 2395 piscinam
1474 2366 1512 2388 ed.
1529 2366 1676 2395 prosequitur
1693 2365 1718 2389 id
1734 2367 1779 2394 est,
1797 2366 1831 2389 ita
1845 2372 1939 2396 pauper
1955 2372 2023 2395 sum,
2035 2367 2121 2390 utnon

1272 2403 1302 2427 sit
1319 2404 1361 2434 qui
1376 2404 1479 2428 adiuvet.

1335 2441 1345 2455 θ
1363 2444 1460 2471 Vulgata
1478 2444 1541 2467 addit
1558 2443 1605 2467 ille.
1622 2457 1652 2461 —
1670 2444 1774 2467 Subinde
1791 2445 1919 2473 allegantur
1936 2445 1971 2467 Ps.
1990 2444 2046 2474 448,
2064 2445 2086 2468 5.
2098 2447 2121 2467 et

1272 2482 1353 2504 Esther
1371 2483 1412 2509 43,
1430 2483 1452 2505 9.
1469 2482 1513 2505 Cir.
1532 2489 1603 2511 supra
1621 2489 1675 2511 pag.
1693 2483 1750 2512 279,
1767 2486 1821 2506 nota
1839 2484 1860 2506 5.

1334 2519 1343 2533 ⁷
1361 2522 1426 2544 Vers.
1444 2522 1483 2544 24.
1499 2534 1530 2539 —
1547 2522 1599 2551 Seq.
1622 2523 1686 2545 locus
1707 2526 1742 2545 est
1764 2523 1788 2545 ll.
1805 2523 1862 2551 Reg.
1881 2523 1906 2550 1,
1923 2523 1961 2545 2-1,
1979 2535 2009 2538 —-
2024 2522 2120 2545 Interius

1272 2563 1325 2588 post
1341 2560 1405 2584 Haec
1418 2560 1504 2590 pluv'm
1522 2561 1558 2584 ed.
1576 2562 1724 2590 prosequitur
1741 2563 1835 2585 tantum
1852 2560 1968 2585 descendit
1984 2560 2017 2585 ad
2031 2560 2119 2590 valles,

1271 2598 1296 2621 id
1312 2601 1346 2623 est
1362 2598 1395 2622 ad
1410 2599 1524 2628 humiles,
1542 2606 1589 2623 non
1607 2602 1641 2623 est
1657 2600 1682 2623 in
1698 2599 1830 2629 montibus,
1847 2599 1872 2623 id
1887 2601 1921 2623 est
1942 2599 2059 2630 superbis.
2074 2599 2120 2623 Csr.

1271 2644 1341 2666 supra
1359 2644 1413 2666 pag.
1431 2639 1489 2666 290,
1506 2642 1560 2662 nota
1579 2640 1617 2662 ¹13.

1333 2675 1343 2689 ³
1360 2678 1390 2699 Ita
1407 2678 1427 2700 D
1444 2678 1491 2704 (Fa
1509 2678 1611 2701 secunda
1629 2678 1722 2707 manu);
1740 2679 1777 2701 alii
1793 2678 1861 2701 codd.
1879 2679 1916 2701 vel
1933 2680 1959 2701 ut
1975 2678 2012 2701 ed.
2028 2677 2120 2707 requie—

1269 2715 1357 2744 scitur,
1376 2717 1412 2739 vel
1434 2716 1572 2746 requiescit,
1590 2718 1628 2740 cui
1650 2718 1671 2740 in
1690 2719 1708 2740 A
1725 2720 1747 2740 et
1764 2718 1783 2740 M
1801 2717 1903 2740 secunda
1925 2723 2008 2740 manus
2030 2717 2120 2740 addidit

1268 2754 1390 2784 poenitens
1408 2756 1447 2785 (ita
1465 2757 1534 2779 etiarn
1551 2757 1687 2786 Gorranus).

1332 2792 1342 2806 ⁹
1360 2795 1441 2817 Psalm.
1458 2794 1499 2823 37,
1518 2796 1554 2818 18.
1572 2808 1602 2812 -
1619 2795 1664 2819 Cir.
1681 2797 1705 2818 11.
1723 2796 1783 2818 Sent.
1801 2796 1824 2818 d.
1842 2796 1878 2818 42.
1896 2795 1954 2818 dub.
1971 2795 1992 2818 t.
2277 2768 2281 2819 1

1332 2831 1351 2845 ¹⁰
1369 2834 1434 2856 Vers.
1451 2835 1488 2857 22.
1506 2846 1536 2851 —
1553 2835 1661 2864 Sequitur
1677 2835 1748 2858 Hebr.
1771 2836 1812 2863 40,
1836 2836 1873 2858 31.
1895 2847 1926 2852 -
1943 2835 2054 2863 Superius
2076 2840 2119 2863 pro

1268 2871 1397 2895 severitatis
1415 2873 1492 2900 plures
1509 2873 1576 2896 codd.
1594 2873 1714 2901 severitas.
