2296 3316
290 981 347 1005 Resp.

268 1402 346 1421 Divisio.

229 1869 342 1889 subdivisio.

213 2011 238 2029 Ex
242 2010 309 2034 positio
317 2011 346 2030 lit-

237 2034 308 2053 tei-alis.

369 151 426 179 954

368 228 422 262 ris,
444 227 491 256 sed
514 227 633 255 verbum
647 226 818 263 spiritualem
833 225 917 255 habet
931 225 1144 262 generationem.
1161 226 1215 254 Ma-

367 275 477 303 nifestat
504 274 692 310 spiritualem,
717 273 798 310 quia,
823 272 895 301 sicut
922 272 987 301 dicit
1014 272 1183 309 Augustinus
1195 273 1214 306 ¹,

367 321 484 350 verbum
506 320 595 349 induit
616 328 710 349 vocem
732 323 759 348 et
779 327 834 348 non
856 319 954 348 transit
980 319 1007 347 in
1035 326 1149 353 vocem;
1176 318 1214 347 sic

367 367 489 396 Verbum
510 370 655 396 aeternum
675 366 765 395 induit
786 374 905 394 carnem.

446 414 491 443 34.
514 414 624 450 Quaest.
646 413 676 441 V.
699 413 765 442 Item
787 412 932 449 quaeritur
952 412 987 441 de
1008 412 1060 440 hoc
1078 411 1153 449 quod
1173 411 1214 440 di·

367 462 415 491 cit:
438 462 560 490 Factum
584 464 623 489 est
644 468 736 493 earo‚·
757 460 823 497 quia
843 462 891 488 aut
912 462 953 488 est
968 467 1084 488 sensus:
1099 457 1214 496 factum

366 512 406 537 est
426 516 513 541 caro,
535 508 563 536 id
583 510 625 536 est
645 509 782 535 mutatum
811 507 839 534 in
867 514 997 540 carneum
1026 509 1075 534 aut
1098 504 1213 542 factum

366 563 454 589 caro,
480 554 507 583 id
526 557 568 583 est
588 554 707 587 lactum,
730 556 761 581 ut
782 553 817 581 sit
836 561 909 582 caro.
932 553 1034 581 Neuter
1056 552 1212 581 Intellectus

366 609 450 631 sanus
464 605 513 630 est.
526 617 562 622 -—
576 601 608 629 Si
622 604 652 629 tu
667 600 759 634 dieas,
775 600 848 636 quod
866 599 1065 636 synecdochica
1086 602 1127 628 est
1148 607 1212 627 con-

367 648 497 682 structio,
512 651 539 677 et
557 656 628 676 caro
649 647 686 676 ibi
708 650 815 675 tantum
837 647 910 675 valet
931 649 1067 683 quantum
1088 645 1212 680 bomo&-

366 695 439 724 unde
466 693 579 731 sactum
607 702 695 728 earo,
723 694 751 722 id
771 696 813 722 est
833 692 937 726 bomo;
959 695 1024 721 tunc
1046 692 1211 729 quaeritur:

365 750 452 779 quare
472 741 559 778 magis
580 740 667 769 voluit
686 740 885 769 humanitatem
900 740 1013 776 intelligi
1029 747 1078 776 per
1092 748 1211 768 earnem

365 796 448 825 quam
476 796 525 825 per
554 787 702 821 animam,
731 795 794 816 cum
816 787 907 815 anima
928 787 963 815 sit
984 786 1101 815 nobilior
1123 790 1211 824 pars?

364 852 401 856 —-
425 836 455 863 Et
476 843 563 872 quare
584 842 652 863 usus
673 837 714 863 est
736 835 787 863 hac
808 834 945 863 locutione
965 834 1128 870 figurativa,
1147 841 1210 862 cum

364 886 456 920 posset
476 882 517 911 uti
538 882 674 919 propria?

442 930 622 958 Rnsrounao:
644 928 813 962 Dicendum,
834 928 909 965 quod
937 928 983 956 illa
1011 928 1077 956 unio
1098 927 1150 956 fuit
1177 927 1211 956 ad

365 979 487 1005 nostram
515 976 706 1004 eruditionem
733 979 760 1004 et
787 978 911 1004 nostram
932 975 1078 1008 salutem;
1099 978 1126 1003 et
1146 982 1211 1004 eru—

364 1023 430 1052 ditio
451 1023 518 1056 fuit,
540 1022 605 1060 quia
627 1022 768 1055 visibilis;
789 1025 816 1050 et
838 1022 978 1056 liberatio,
1001 1022 1066 1059 quia
1084 1021 1211 1059 passibi-

364 1071 417 1104 lis,-
438 1074 466 1099 et
486 1078 550 1099 caro
570 1070 636 1098 dicit
657 1072 762 1107 partem
786 1069 920 1098 visibilem
948 1073 975 1098 et
1000 1070 1121 1098 maxime
1149 1078 1211 1107 pas-

363 1117 487 1147 sibilem:
510 1116 592 1145 ideo³
614 1120 664 1145 etc.

430 1211 577 1244 Secundo,
598 1210 632 1239 de
653 1210 720 1247 ipsa
741 1209 944 1238 incarnatione
965 1210 1063 1248 quoad
1083 1209 1146 1238 eius

559 1256 825 1294 manifestationem
846 1256 1009 1294 dupliciter.

443 1350 488 1379 35.
506 1351 542 1378 Et
556 1350 683 1379 uidimus
694 1349 822 1387 gloriam
837 1350 907 1378 eius.
924 1351 1014 1386 Supra
1028 1350 1211 1378 determinata

363 1401 404 1427 est
426 1398 507 1426 Verbi
530 1397 699 1431 incarnati0;
722 1397 749 1425 in
771 1397 822 1425 hac
843 1400 921 1434 parte
942 1397 1144 1425 determinatur
1165 1397 1210 1425 in-

363 1445 483 1473 carnati
504 1444 585 1473 Verbi
598 1444 722 1482 cognitio
737 1444 794 1473 sive
808 1444 998 1472 manifestatio.
1014 1444 1098 1472 Habet
1116 1447 1209 1472 autem

363 1491 431 1520 haec
452 1499 517 1528 pars
537 1491 621 1525 duas,
643 1491 708 1527 quia
728 1491 819 1527 primo
846 1490 901 1527 agit
929 1490 962 1519 de
991 1490 1210 1519 manifestatione

363 1538 423 1567 eius
438 1538 465 1566 in
479 1538 609 1575 qenerali
619 1548 629 1570 ‚·
651 1537 771 1566 secundo
794 1545 873 1571 vero,
889 1537 915 1565 in
931 1537 1066 1574 speciali,
1083 1537 1119 1565 ibi
1131 1538 1158 1565 ⁴¹:
1177 1538 1211 1566 Et

364 1584 415 1614 hoe
436 1589 477 1613 est
496 1585 689 1613 testimoniam
713 1584 834 1613 Ioannis
855 1587 905 1613 etc.

447 1677 553 1715 Primo,
575 1676 608 1707 de
628 1675 854 1707 manifestatione
875 1676 960 1707 Verbi
981 1677 1123 1707 incarnati

691 1723 721 1753 in
743 1723 879 1762 generali.

439 1818 529 1847 Prima
556 1826 620 1855 pars
648 1819 730 1847 habet
760 1818 844 1852 duas,
876 1818 941 1856 quia
968 1819 1058 1855 primo
1087 1819 1208 1856 tangitur

359 1865 446 1902 ipsius
457 1865 539 1894 Verbi
552 1865 685 1894 incarnati
697 1865 836 1902 coynitioe
851 1865 971 1894 secundo
982 1873 1057 1899 vero,
1069 1866 1208 1903 cognitio-

358 1912 406 1940 nis
420 1912 507 1946 ratio,
523 1912 560 1941 ibi
572 1913 582 1930 ⁵
595 1923 601 1940 :
618 1912 741 1940 Ioannes
756 1912 950 1940 testimonium
958 1911 1089 1949 perbibet
1102 1916 1153 1940 etc.

440 1959 569 1996 Coynitio
584 1966 650 1987 vero
668 1958 750 1987 Verbi
774 1959 923 1992 incarnati,
944 1967 1027 1996 quam
1047 1959 1207 1988 habuerunt

359 2005 477 2042 Apostoli
492 2008 519 2033 et
533 2005 684 2039 credentes,
696 2004 748 2033 fuit
763 2008 898 2041 quantum
914 2004 947 2033 ad
962 2008 1111 2042 utramque
1126 2008 1207 2034 natu—

359 2059 437 2086 ram;
459 2051 486 2080 in
508 2059 629 2088 quorum
650 2059 768 2088 persona
789 2051 854 2080 dicit
876 2051 1061 2088 Evangelista:
1085 2052 1119 2080 Et
1132 2052 1206 2080 vidi-

359 2106 426 2127 mus
452 2098 580 2136 gloriam
608 2098 686 2132 eius,
712 2098 739 2126 id
760 2102 817 2132 est,
839 2098 1036 2135 cognovimus;
1057 2098 1204 2136 pluriam,

421 2269 430 2283 ¹
447 2270 509 2293 Libr.
526 2271 577 2293 XV.
594 2271 624 2293 de
642 2271 704 2293 Trin.
722 2277 741 2293 c.
760 2272 796 2294 11.
813 2278 836 2294 n.
854 2272 896 2294 20:
915 2272 940 2294 Et
963 2272 1022 2295 sicut
1044 2272 1143 2295 verbum
1165 2279 1206 2295 no-

359 2312 432 2331 strum
449 2309 474 2331 fit
495 2315 540 2332 vox
561 2315 603 2332 nee
625 2312 726 2332 mutatur
751 2310 774 2332 in
796 2316 891 2339 vocem,
910 2311 938 2333 ita
962 2310 1069 2334 Verbum
1089 2311 1129 2334 Dei
1151 2317 1205 2334 caro

359 2348 454 2376 quidem
471 2348 556 2371 sactum
573 2351 618 2375 est,
636 2348 677 2371 sed
694 2348 765 2377 absit,
783 2352 807 2372 ut
825 2352 952 2372 mutaretur
969 2350 993 2372 in
1015 2356 1117 2372 carnem.
1133 2349 1205 2378 Chry-

358 2390 425 2415 sost.,
442 2388 464 2409 in
482 2388 542 2410 loan.
559 2387 637 2409 homil.
655 2388 676 2410 2.
695 2387 758 2416 (31135
776 2388 784 2410 1Ι
792 2388 806 2417 .)
824 2395 847 2411 n.
865 2388 891 2411 4:
908 2389 987 2417 Neque
1003 2389 1063 2412 enim
1082 2394 1205 2412 commune

358 2427 479 2455 quidpiam
504 2426 624 2449 nobiscum
650 2426 731 2454 habet,
753 2427 794 2449 sed
816 2428 884 2456 longe
906 2431 940 2451 est
962 2435 975 2451 a
997 2428 1205 2451 communicatione

358 2472 411 2488 cum
427 2458 562 2488 creaturis...
578 2466 629 2489 ideo
652 2465 752 2489 Verbum
774 2467 835 2489 illum
858 2468 990 2496 appellavit.
1008 2467 1066 2491 Cum
1088 2468 1149 2490 enim
1166 2468 1205 2490 do-

358 2508 436 2528 cturus
452 2508 523 2533 esset,
535 2507 579 2528 hoc
590 2505 693 2528 Verbum
711 2512 762 2528 esse
779 2506 924 2534 unigenitum
940 2507 1022 2530 Filium
1040 2508 1093 2534 Dei;
1110 2514 1140 2530 ne
1151 2508 1204 2536 quis

358 2544 528 2572 generationem
546 2544 678 2572 passibilem
695 2545 859 2573 suspicaretur,
876 2546 1003 2574 praemissa
1025 2546 1094 2569 Verbi
1104 2547 1205 2575 appella-

358 2583 418 2606 tione
436 2590 529 2606 omnem
547 2584 603 2606 tollit
619 2585 703 2606 malam
721 2585 878 2613 suspicionem
896 2588 939 2608 etc.
955 2585 1001 2608 Csr.
1018 2586 1032 2608 1.
1048 2587 1109 2608 Sent.
1124 2586 1148 2609 d.
1165 2586 1203 2608 27.

358 2628 382 2650 p.
398 2622 423 2644 11.
440 2629 464 2651 q.
481 2622 501 2645 4.
519 2635 549 2639 -
566 2623 660 2646 Interius
677 2627 730 2651 post
746 2629 844 2647 carnem
861 2624 899 2647 ed.
918 2625 983 2647 addit
1005 2626 1027 2648 et
1047 2631 1095 2648 non
1116 2625 1204 2649 transit

357 2666 382 2683 m
399 2665 504 2683 carnem.

419 2697 429 2711 ²
446 2699 491 2723 Csr.
508 2706 578 2728 supra
594 2707 650 2728 pag.
668 2701 726 2729 185,
743 2704 796 2724 nota
813 2702 836 2724 7.

419 2737 429 2750 ⁹
447 2739 505 2762 Vide
521 2739 554 2762 111.
571 2740 632 2762 Seut.
650 2740 674 2762 d.
691 2741 712 2762 2.
730 2746 750 2762 3.
774 2741 796 2763 2.
813 2747 837 2769 q.
854 2742 875 2763 2.
898 2741 928 2764 ad
947 2742 967 2763 1.
985 2754 1016 2758 -
1032 2742 1075 2764 Pro
1097 2742 1203 2765 maoeime

357 2777 393 2800 ed.
409 2777 567 2801 materialem.

418 2815 429 2828 ⁴²
444 2816 510 2839 Vers.
529 2817 566 2839 19.
582 2829 613 2834 -
630 2818 743 2845 Superius
762 2820 785 2841 et
804 2818 899 2841 inferius
919 2825 962 2847 pro
982 2818 1104 2842 incarnati
1121 2819 1201 2848 Verbi,

356 2855 421 2884 quod
445 2855 481 2878 bis
506 2855 575 2878 habet
591 2856 623 2883 D,
641 2858 663 2879 et
685 2856 742 2879 intra
764 2857 832 2880 etiam
850 2858 866 2880 E
885 2858 907 2884 (a
930 2858 1031 2881 secunda
1054 2858 1147 2888 manu),
1164 2859 1202 2882 3111

355 2894 423 2917 codd.
440 2894 476 2917 vel
497 2894 567 2918 Verbi
581 2894 766 2924 incarnationis,
784 2897 819 2919 vel
838 2903 890 2919 cum
908 2897 946 2920 ed.
963 2897 1143 2921 incarnationis.

418 2932 427 2945 ⁶
446 2934 510 2956 Vers.
529 2934 566 2957 15.

1006 147 1176 176 COMMENT.
1199 147 1231 177 lN
1253 147 1397 176 IOANNEM
1419 147 1446 175 C.
1469 147 1487 175 I.

1271 225 1375 254 scilicet
1389 228 1525 262 quantum
1539 224 1573 253 ad
1594 224 1779 254 Diviiiitatem.
1795 225 1943 261 Propterea
1955 225 2036 255 dicit:
2052 226 2117 255 Glo-
2133 232 2258 277 eovglglifflipi·

1271 272 1351 300 riam
1372 271 1460 309 quasi
1492 271 1638 308 Uniyeniti
1658 279 1677 299 a
1699 271 1809 304 Patre,-
1830 271 1863 300 de
1885 280 1940 309 qua
1961 272 2049 309 gloria
2075 281 2118 302 se-

1270 318 1376 346 cundae
1398 318 1469 347 Petri
1491 318 1621 354 primo⁶:
1649 329 1663 343 «
1676 318 1785 355 Accepit
1805 326 1822 347 a
1842 318 1898 347 Deo
1925 319 2004 348 Patre
2032 319 2117 348 bono-

1270 372 1329 393 rem
1358 367 1386 393 et
1412 365 1544 401 gloriam,
1574 372 1639 393 voce
1666 364 1777 401 delapsa
1797 364 1831 393 ad
1851 373 1916 394 eum
1934 373 1953 394 a
1974 366 2117 403 magnifica

1269 412 1375 448 gloria:
1404 412 1450 440 1116
1471 414 1512 440 651
1534 411 1617 440 Filius
1637 419 1717 440 meus
1737 411 1854 440 dilectus
1870 423 1896 440 ».
1920 429 1954 432 -
1977 413 2116 449 Quantum
2133 419 2258 464 itegnifflina-
2278 436 2281 448 ,

1270 466 1336 487 vero
1357 458 1389 487 ad
1413 458 1612 487 humanitatem
1634 458 1736 486 dicitur
1755 458 1873 495 plenum
1890 459 2007 495 oratiae
2027 462 2053 487 et
2072 468 2117 488 ve-

1269 505 1378 538 ritatis,
1394 505 1420 533 id
1435 508 1489 538 est,
1504 504 1643 539 vidimus,
1656 505 1770 541 supple:
1785 512 1862 539 eum,
1872 504 1991 542 plenum
2000 506 2118 543 qratiae

1269 556 1295 580 et
1313 552 1455 586 veritatis,
1478 560 1543 581 vere
1567 552 1703 589 plenum,
1726 551 1791 588 quia
1812 552 1840 580 in
1862 552 1937 589 ipso,
1959 553 2031 582 sicut
2050 552 2117 581 dici-

1269 602 1315 627 tur
1336 598 1370 627 ad
1391 598 1564 627 Colossenses
1578 598 1700 627 secundo
1711 598 1731 633 ⁷,
1751 609 1764 624 α
1779 598 1869 627 01111115
1883 599 2026 636 plenitudo
2043 599 2117 628 Divi-

1268 645 1360 673 nitatis
1388 645 1569 681 corporaliter
1590 645 1726 674 inhabitat
1740 656 1767 679 »;
1787 645 1906 682 plenum
1926 646 2061 683 gratiae,
2083 645 2115 675 ad

1268 692 1460 721 exhaurienda
1482 695 1610 729 peecata;
1630 692 1748 729 plenum
1763 692 1912 727 veritam,
1927 692 1961 721 ad
1979 692 2117 730 implenda

1268 739 1415 776 promissa;
1428 739 1608 768 Ecclesiastici
1621 739 1752 776 vigesimo
1767 742 1883 777 quarto:
1900 751 1914 765 «
1925 739 1954 768 In
1970 747 2014 769 me
2027 740 2117 768 omnis

1267 785 1355 822 gratia
1367 785 1438 814 vitae
1450 788 1476 814 et
1491 785 1615 814 veritatis
1626 797 1652 814 ».
1670 786 1700 814 Ε1
1714 786 1875 821 notandum,
1887 786 1962 824 quod
1976 787 2029 815 hoc
2042 786 2117 824 quod

1267 832 1350 861 dicit:
1380 833 1468 870 quasi
1492 832 1638 870 Uniyeniti
1662 841 1715 861 non
1744 836 1786 862 est
1813 836 1878 862 nota
1905 834 2117 871 comparationis

1267 879 1309 907 vel
1331 879 1533 913 similitudinis,
1555 879 1602 908 sed
1623 880 1811 917 expressionis
1821 880 1840 908 ⁸.

1346 926 1392 955 36.
1417 927 1539 955 loannes
1560 927 1763 955 testimonium.
1787 927 1933 964 Postquam
1962 928 2050 970 posita
2076 931 2118 957 est
2131 933 2257 978 ³333?qu
2283 943 2285 946 ·

1267 974 1402 1011 cognitio,
1418 973 1530 1010 ponitur
1552 973 1596 1002 hic
1617 973 1807 1011 coynoscendi
1827 974 1912 1002 ratio.
1928 975 1995 1003 Nam
2013 975 2116 1012 triplex

1266 1021 1319 1049 fuit
1333 1021 1360 1049 in
1376 1020 1415 1049 eis
1430 1020 1500 1048 ratio
1513 1020 1709 1057 cognoscendi:
1725 1020 1826 1057 prima,
1842 1029 1891 1059 per
1906 1021 2116 1059 testimonium,-

1267 1067 1402 1099 secunda,
1419 1075 1468 1104 per
1481 1067 1664 1104 sinyularem
1678 1066 1825 1104 effectum;
1839 1068 1936 1103 tertia,
1951 1075 2001 1105 per
2014 1068 2116 1106 sinqu-

1268 1114 1330 1143 lare
1351 1114 1563 1142 documentum.

1347 1161 1435 1197 (Vers.
1461 1161 1526 1196 15).
1550 1160 1641 1189 Prima
1665 1169 1731 1198 ergo
1759 1161 1830 1190 ratio
1858 1161 2037 1199 cognoscendi
2063 1162 2115 1191 fuit

1268 1215 1317 1244 per
1339 1208 1534 1236 testimoninm.
1555 1206 1771 1242 authenticum,
1787 1208 1890 1237 scilicet
1910 1215 2044 1245 personae
2064 1217 2114 1237 au-

1268 1254 1420 1289 thenticae,
1436 1255 1542 1283 103111115
1563 1254 1704 1289 videlicet,
1719 1255 1767 1292 qui
1783 1258 1895 1284 sanctus
1916 1255 1968 1284 suit
1982 1263 2019 1284 ex
2033 1258 2114 1284 utero

1267 1301 1372 1330 matris.
1386 1302 1533 1338 Propterea
1547 1302 1628 1330 dicit:
1640 1302 1764 1330 loannes
1780 1302 1976 1330 testimonium
1987 1301 2116 1339 perhibet

1267 1348 1300 1376 (le
1311 1348 1391 1385 ipso5
1404 1348 1617 1377 Proverbiorum
1628 1348 1734 1377 decimo
1746 1350 1847 1385 quarto
1855 1348 1882 1376 ⁹:
1900 1359 1914 1374 «
1925 1348 2013 1377 Testis
2027 1348 2115 1377 fidelis

1266 1404 1321 1424 non
1337 1395 1470 1423 mentitur
1485 1407 1512 1423 υ.
1529 1396 1563 1423 Et
1577 1394 1701 1429 elamat,
1723 1395 1836 1424 Ioannes
1850 1397 1946 1432 aperte
1960 1397 1988 1424 et
2002 1403 2113 1429 secure,

1266 1442 1419 1471 secundum
1434 1442 1501 1470 illud
1518 1442 1600 1471 Isaiae
1615 1442 1846 1479 quinquagesimo
1859 1445 1971 1471 octavo:
1988 1453 2003 1468 «
2013 1442 2114 1477 clama,

1266 1497 1300 1517 ne
1321 1497 1426 1523 cesses,
1449 1489 1527 1526 quasi
1551 1489 1617 1518 tuba
1634 1489 1727 1517 exalta
1749 1497 1843 1518 vocem
1865 1492 1941 1518 tuam
1956 1500 1987 1524 »;
2005 1489 2113 1519 dicens:

1267 1535 1325 1572 Qui
1342 1539 1409 1573 post
1428 1544 1472 1564 me
1493 1535 1569 1564 venit
1590 1539 1656 1564 ante
1677 1544 1721 1564 ine
1741 1535 1841 1573 faetus
1855 1540 1916 1570 est;
1931 1536 1991 1565 ideo
2005 1536 2113 1574 dignior

1266 1591 1310 1611 me
1332 1582 1484 1611 secundum
1507 1583 1657 1611 humanam
1678 1586 1806 1612 naturam
1829 1583 1962 1618 effectus3
1977 1583 2011 1612 ad
2027 1584 2114 1621 Ephe-

1266 1630 1320 1659 sios
1342 1630 1431 1667 primo
1445 1630 1482 1658 ¹⁰:
1509 1641 1523 1655 «
1537 1629 1637 1658 Omnia
1657 1630 1775 1659 subiecit
1795 1630 1848 1659 sub
1869 1630 1986 1667 pedibus
2007 1631 2067 1660 eius
2087 1635 2115 1660 et

1265 1676 1356 1713 ipsum
1377 1676 1451 1705 dedit
1472 1680 1555 1714 caput
1576 1684 1661 1713 supra
1681 1684 1791 1706 omnem
1814 1677 1960 1706 Ecclesiam
1975 1689 2001 1705 ».
2024 1677 2056 1705 Et
2069 1685 2113 1706 ra-

1267 1723 1303 1752 tio
1324 1724 1409 1752 11111115
1430 1727 1486 1752 est:
1508 1724 1580 1762 quia
1598 1724 1685 1761 prior
1705 1732 1751 1752 me
1775 1727 1856 1758 erat,
1885 1723 1989 1752 scillcet
2016 1731 2114 1753 secun-

1264 1770 1330 1799 dum
1352 1771 1547 1805 Divinitatem;
1570 1770 1641 1799 infra
1662 1774 1777 1800 octavo:
1801 1782 1814 1796 «
1829 1771 1929 1805 Amen,
1951 1779 2032 1800 amen
2053 1771 2113 1800 dico

1265 1818 1357 1852 vobis,
1386 1820 1534 1855 antequam
1556 1818 1693 1847 Abraham
1714 1818 1806 1852 fieret,
1828 1826 1878 1855 ego
1900 1826 1961 1847 sum
1978 1829 2005 1853 »;
2027 1821 2054 1847 et
2074 1818 2113 1847 sic

1264 1864 1341 1901 prior
1362 1865 1468 1893 Ioanne.
1622 1898 1625 1901 ι
2101 1897 2103 1899 ¹

1344 1911 1389 1940 37.
1412 1911 1500 1948 (Vers.
1526 1912 1591 1947 le).
1615 1912 1649 1940 Et
1670 1912 1703 1940 de
1720 1912 1900 1949 plenitudine
1921 1912 1991 1941 eim.
2014 1912 2113 1949 Tangi-

1264 1962 1311 1987 tur
1340 1958 1383 1986 hic
1411 1958 1532 1987 secunda
1560 1958 1631 1987 ratio
1659 1959 1855 1996 cognoscendi,
1884 1959 1959 1996 quod
1985 1959 2113 1989 Christus

1263 2007 1324 2033 erat
1344 2005 1390 2033 Dei
1413 2005 1512 2039 Pinus,
1528 2005 1631 2034 scilicet
1645 2008 1759 2042 propter
1774 2006 1958 2043 sinyularem
1972 2005 2111 2044 effectum,

1263 2055 1290 2080 et
1311 2052 1362 2080 iste
1383 2051 1435 2080 fuit
1456 2052 1565 2080 collatio
1585 2052 1698 2089 gratiae.
1728 2052 1876 2090 Propterea
1903 2053 1987 2082 dicit:
2017 2054 2052 2082 Et
2078 2054 2113 2082 >ale

1260 2098 1450 2136 plenitudine,
1472 2099 1550 2136 quasi
1572 2099 1663 2128 dicat:
1685 2107 1750 2128 vere
1771 2100 1951 2136 cognovimus
1971 2107 2035 2129 eum
2053 2100 2113 2138 ple-

1325 2271 1335 2284 θ
1353 2273 1417 2295 Vers.
1437 2273 1474 2296 117.

1325 2310 1334 2323 ⁷
1352 2312 1417 2335 Vers.
1435 2313 1458 2335 9.
1474 2325 1505 2329 -
1522 2313 1631 2342 Sequitur
1648 2313 1715 2336 Eccli.
1734 2313 1776 2342 24,
1794 2314 1836 2336 25:
1854 2314 1878 2336 ln
1896 2320 1934 2337 me
1952 2313 2025 2342 gratia
2035 2314 2111 2337 omnis

1262 2351 1314 2373 viae
1336 2354 1358 2374 et
1379 2351 1490 2374 veritatis.
1507 2364 1538 2369 —
1555 2353 1667 2380 Superius
1689 2359 1732 2381 pro
1755 2352 1846 2383 supple,
1864 2354 1929 2382 quod
1951 2353 2038 2376 habent
2053 2353 2110 2382 DN,

1261 2390 1330 2413 codd.
1347 2391 1501 2413 communiter
1517 2390 1658 2414 substituunt
1674 2398 1755 2421 snper,
1773 2393 1811 2415 ed.
1829 2391 1934 2422 insuper.

1324 2428 1334 2442 ⁸
1350 2429 1479 2458 chrysost„
1492 2430 1514 2452 in
1525 2431 1587 2453 Ioan.
1599 2431 1677 2453 homil.
1691 2431 1728 2453 42.
1746 2431 1810 2460 (31135
1823 2431 1870 2459 11.)
1883 2438 1904 2454 11.
1918 2432 1952 2454 1.;
1964 2432 2021 2455 Illud
2033 2434 2109 2454 autem

1261 2468 1332 2499 quasi
1347 2475 1392 2491 non
1409 2469 1564 2492 similitudinis
1580 2472 1615 2492 est
1631 2476 1706 2499 neque
1722 2470 1858 2499 parabolae,
1872 2471 1914 2494 sed
1931 2471 2111 2494 confirmationis

1261 2510 1283 2530 et
1299 2507 1437 2530 definitionis
1453 2508 1508 2530 nulli
1525 2507 1598 2530 dubio
1615 2507 1741 2536 obnoxiae,
1758 2515 1785 2532 ac
1802 2509 1821 2532 si
1833 2509 1929 2532 diceret:
1945 2509 2052 2532 Vidimus
2064 2509 2110 2537 glo·

1260 2547 1333 2574 riam,
1350 2546 1444 2576 qualem
1461 2546 1559 2570 decebat
1574 2546 1660 2570 habere
1677 2548 1823 2576 unigenitum
1840 2551 1862 2571 et
1878 2554 2016 2577 germanum
2027 2548 2109 2571 Filium

1260 2586 1313 2613 Dei,
1330 2586 1493 2608 universorum
1511 2586 1581 2614 regis.
1598 2587 1707 2616 Gregor.,
1725 2587 1803 2610 XVIII.
1819 2588 1896 2610 Moral.
1914 2593 1934 2610 6.
1952 2588 1974 2610 ὃ.
1992 2594 2015 2610 n.
2032 2588 2109 2610 42:111

1260 2631 1326 2648 sacro
1343 2625 1434 2654 eloquio
1450 2625 1513 2649 sicut
1527 2628 1550 2648 et
1567 2626 1638 2655 quasi
1653 2627 1777 2655 aliquando
1793 2633 1841 2649 non
1853 2633 1896 2655 pro
1907 2627 2057 2650 similitudine
2067 2632 2110 2655 po-

1260 2664 1329 2692 nitur,
1346 2664 1388 2687 sed
1405 2671 1448 2693 pro
1464 2665 1569 2688 veritate.
1585 2665 1651 2688 Unde
1667 2670 1701 2688 est
1718 2666 1774 2688 illud
1791 2665 1861 2695 [Ioan.
1880 2667 1901 2694 1,
1921 2665 1979 2695 ll.]:
2002 2665 2108 2689 Vidimus

1260 2703 1364 2733 gloriam
1386 2702 1448 2731 eius,
1466 2703 1570 2733 gloriam
1593 2704 1663 2734 quasi
1684 2704 1803 2734 Uniqeniti
1822 2707 1865 2727 etc.
1887 2704 1933 2727 Cir.
1955 2704 2011 2727 ibid.
2034 2704 2107 2728 XXV.

1259 2749 1278 2765 c.
1298 2743 1335 2765 lO.
1352 2749 1375 2765 n.
1392 2742 1430 2766 25.
1449 2755 1481 2760 —
1497 2743 1539 2766 Ed.
1555 2743 1597 2766 sed
1612 2743 1734 2773 eoepressio
1751 2743 1864 2768 veritatis.

2145 981 2194 1005 plex.

2132 1169 2201 1188 Prima.

2129 1920 2220 1940 Secunda.

1322 2780 1331 2793 ⁰
1349 2782 1415 2804 Vers.
1433 2782 1460 2811 5,
1480 2782 1502 2804 in
1527 2789 1574 2811 quo
1599 2783 1664 2805 multi
1689 2783 1758 2806 codd.
1782 2782 1917 2806 mentietur.
1944 2796 1974 2799 —
2000 2783 2108 2812 Sequitur
2128 2781 2130 2783 ’

1258 2821 1309 2844 1531.
1325 2821 1368 2849 58,
1387 2822 1408 2843 1.
1424 2833 1456 2838 -
1472 2821 1585 2850 superius
1596 2822 1719 2850 respicitur
1730 2823 1786 2845 Luc.
1799 2823 1807 2845 1
1820 2841 1825 2851 ,
1838 2822 1879 2845 1151
1892 2823 1919 2845 Et
1931 2822 2016 2851 Spiritu
2029 2826 2107 2845 sancto

1258 2860 1385 2888 replebitur
1402 2860 1478 2883 adhuc
1495 2867 1522 2883 ex
1539 2863 1604 2884 utero
1622 2862 1701 2885 matris
1718 2868 1781 2885 suae.

1322 2897 1341 2911 ¹⁰
1358 2900 1424 2923 Vers.
1442 2901 1479 2922 22.
1496 2912 1527 2917 —
1545 2901 1598 2930 Seq.
1614 2901 1678 2923 locus
1695 2903 1730 2924 est
1746 2902 1807 2924 ioan.
1826 2902 1852 2929 8,
1870 2902 1908 2924 58.

2277 490 2281 517 ἰ,

2276 518 2280 542 l
