2296 3316
48 2034 165 2062 maman?

48 2065 91 2093 >duur
96 2067 157 2086 tre⁸l³⁰

52 2091 117 2108 tenuas.

49 2229 162 2273 Tripgossxoinvi-

860 377 1215 425 PROOEMIUM

549 503 996 564 COMMENTARII
1032 507 1102 566 IN
1139 507 1531 568 SAPIENTIAM

406 1031 587 1060 INTRODUCTIO
608 1038 770 1059 GENERALIS.

249 1126 273 1154 1.
289 1125 402 1162 Diliyite
416 1125 512 1153 lumen
526 1124 703 1162 sapientiae,
718 1132 832 1158 omnes,
847 1123 900 1162 qui
910 1132 1012 1161 praee-

47 1172 223 1224 nnpuxrffiuastis
238 1171 369 1209 populis,
390 1171 543 1208 Sapientiae
564 1174 644 1200 sexto
656 1172 675 1199 ¹.
697 1171 831 1207 Quoniam
853 1170 949 1200 eodem
964 1171 1012 1199 ha-

54 1211 164 1271 Ἥ

56 1276 148 1296 formanda.
175 1266 298 1303 leguntur
318 1273 367 1303 per
394 1265 554 1303 sapientiam
583 1273 643 1295 esse
664 1265 747 1300 facta,
770 1265 923 1294 secundum
944 1265 1012 1294 illud

175 1219 218 1249 bet
237 1227 280 1248 res
299 1218 423 1253 formari,
445 1221 472 1247 et
492 1218 644 1247 deformata
675 1218 836 1252 reformari;
863 1221 890 1247 et
921 1218 1013 1247 omnia

176 1312 280 1341 Psalmi:
304 1312 408 1341 Omnia
438 1313 470 1341 in
499 1313 647 1350 sapientia
674 1311 784 1350 fecisti;
815 1320 926 1341 necesse
954 1315 1012 1346 est,

175 1359 262 1388 omnia
282 1367 330 1397 per
350 1359 509 1396 sapientiam
531 1359 685 1388 reformari.
709 1359 800 1396 Imago
831 1367 898 1396 ergo
929 1359 1013 1387 ratio-

175 1407 241 1436 nalis
259 1407 378 1441 animae,
399 1414 470 1443 quae
496 1418 510 1432 «
524 1406 558 1435 ad
579 1406 664 1435 totius
685 1406 834 1443 sapientiae
856 1406 1013 1435 similitudi-

176 1461 235 1483 nem
255 1454 353 1491 legitur
374 1461 433 1483 esse
454 1453 525 1482 facta
538 1466 551 1479 »
571 1454 599 1482 in
613 1453 685 1483 libro
699 1453 733 1482 de
748 1454 853 1491 Spiritu
868 1457 894 1482 et
909 1454 1013 1487 anima,

176 1508 222 1537 per
241 1503 380 1538 peccatum
402 1508 468 1530 vero
489 1501 665 1538 postmodum
686 1500 839 1530 deformata
854 1501 881 1529 in
896 1503 1013 1534 tantum,

176 1550 205 1577 ut
224 1548 320 1577 merito
340 1548 425 1585 possit
444 1548 555 1585 quaeri:
579 1547 671 1577 Cuius
692 1552 732 1577 est
752 1548 851 1586 imago
866 1551 892 1576 et
911 1556 1014 1585 super-

175 1595 289 1633 scriptio
309 1594 377 1624 haee
388 1594 417 1623 Ξῖ)
439 1603 488 1632 per
509 1595 671 1632 sapientiam
692 1598 734 1624 est
749 1594 904 1624 necessario
927 1594 1015 1623 refor-

175 1642 278 1671 manda.
299 1642 364 1671 Item
375 1642 402 1677 ⁸,
423 1642 489 1680 quia
502 1642 537 1671 ad
550 1642 611 1671 eius
625 1642 849 1671 reformationem
873 1641 929 1670 duo
950 1645 1015 1670 sunt

177 1689 337 1724 necessaria,
358 1689 460 1718 scilicet
479 1689 610 1718 malitiae
631 1686 762 1726 expulsio
777 1691 804 1717 et
819 1688 933 1726 perfecti
949 1688 1016 1717 boni

175 1736 360 1771 introductio,
381 1739 412 1765 ut
433 1744 465 1765 eo
486 1736 652 1765 informetur
673 1739 700 1765 et
721 1736 746 1765 ei
761 1736 842 1765 cuius
856 1738 898 1765 est
912 1736 1014 1773 imago,

175 1790 302 1820 expresse
321 1783 523 1818 conformetur3
545 1783 679 1820 sapientia
707 1786 800 1812 autem
821 1786 863 1812 est
884 1783 1015 1812 malitiae

175 1829 334 1868 expulsiva,
355 1830 427 1859 unde
448 1831 601 1867 Sapientiae
616 1830 768 1867 septimo4:
785 1830 938 1868 Sapientia
952 1831 1015 1859 vin-

176 1877 212 1906 cit
229 1877 389 1911 malitiam;
410 1877 476 1907 item
496 1877 609 1914 perfecti
631 1877 698 1906 boni
718 1878 932 1912 introductiva,
949 1879 1014 1916 quia

180 1935 193 1950 «
206 1924 334 1961 sapientia
353 1927 406 1959 est,
428 1925 455 1953 in
470 1933 525 1962 qua
539 1924 653 1962 perfecti
667 1925 731 1954 boni
746 1925 836 1954 forma
849 1926 973 1955 consistit
987 1938 1014 1959 »‚

176 1973 206 2000 ut
224 1971 287 2000 dicit
306 1971 382 2009 Hugo
402 1972 430 2000 in
452 1972 522 2000 libro
546 1972 580 2001 de
601 1971 713 2009 Origine
733 1973 837 2001 artium
851 1973 871 2001 ⁵.
894 1973 925 2002 Et
946 1981 1015 2010 quo-

176 2017 245 2046 niam
265 2018 352 2056 imago
365 2018 466 2053 divina,
481 2027 531 2056 per
546 2021 690 2056 peccatum
705 2019 732 2048 in
747 2019 838 2048 anima
853 2019 1013 2054 deformata,

176 2064 362 2094 reformatione
382 2066 484 2103 indiget
504 2066 658 2095 secundum
678 2075 773 2096 omnes
794 2070 851 2096 tres
865 2075 930 2096 suas
951 2075 1014 2104 par-

176 2113 229 2146 tes,
249 2119 318 2149 quae
339 2112 490 2141 secundum
512 2113 718 2151 Augustinum⁶
739 2116 805 2143 sunt
826 2114 1013 2151 intelligentia,

176 2159 304 2187 memoria
323 2162 350 2188 et
370 2159 514 2194 voluntas;
537 2160 639 2189 idcirco
660 2161 772 2198 Sapiens
792 2161 827 2190 ad
851 2161 1012 2198 sapientiam

177 2205 314 2242 tripliciter
334 2206 417 2235 allicit
437 2209 465 2235 et
485 2207 597 2242 invitat,
619 2208 722 2237 scilicet
742 2208 776 2236 ad
790 2208 940 2245 sapientiae
953 2212 1014 2236 stu-

177 2251 285 2281 diosam
306 2253 541 2291 acquisitionem,
563 2257 590 2283 et
618 2255 670 2283 hoc
696 2258 832 2292 quantum
859 2255 894 2283 ad
915 2255 1014 2283 intelli-

236 2416 244 2430 ¹
261 2418 325 2442 Vers.
342 2420 380 2443 23.
396 2433 427 2436 —
444 2421 551 2450 Sequitur
567 2421 604 2444 Ps.
621 2421 677 2450 403,
694 2421 733 2444 24.

235 2455 244 2469 ²
261 2458 336 2481 Matth.
352 2459 394 2486 22,
412 2459 449 2482 20.
461 2472 491 2476 —
502 2460 588 2482 Auctor
601 2459 653 2483 libri
670 2460 699 2483 de
716 2461 804 2489 Spiritu
820 2463 843 2483 et
859 2461 936 2483 anima
949 2460 1016 2489 (inter

178 2501 244 2524 opera
260 2497 377 2527 August),
394 2505 414 2521 e.
431 2499 460 2521 6:
479 2508 491 2519 α
503 2499 584 2522 Anima
601 2500 631 2522 ad
647 2500 821 2523 similitudinem
838 2501 907 2523 totius
924 2501 1016 2528 sapien-

178 2534 220 2557 tiae
244 2536 299 2558 racta
321 2537 424 2560 omnium
440 2537 463 2560 in
479 2544 504 2560 se
526 2539 584 2566 gerit
609 2538 782 2562 similitudinem
795 2548 806 2559 n
826 2542 869 2562 etc.
886 2539 1016 2567 Respicitur

178 2573 229 2597 Gen.
247 2575 267 2602 vt,
283 2576 326 2598 26:
343 2576 462 2600 Faciamus
479 2578 596 2600 hominem
613 2578 643 2601 ad
660 2578 787 2607 imaginem
804 2581 825 2601 et
842 2578 1015 2601 similitudinem

178 2615 284 2637 nostram.

237 2651 246 2664 ³
263 2653 363 2682 Supple:
380 2661 421 2683 per
437 2656 574 2684 sapientiam
591 2659 625 2679 est
641 2656 770 2679 necessario
787 2656 941 2679 reformanda.

236 2690 247 2703 ⁴
263 2692 326 2715 Vers.
343 2694 388 2716 30:
405 2694 545 2722 Sapientiam
562 2697 639 2718 autem
655 2701 702 2718 non
719 2696 789 2718 vincit
806 2695 898 2718 malitia.

236 2729 246 2742 ⁶
261 2731 321 2755 Libr.
337 2733 354 2755 I.
370 2733 508 2756 ErudItionis
524 2734 689 2764 didascalicae,
712 2741 733 2758 c.
755 2736 782 2764 2,
803 2735 867 2764 quod
885 2735 1016 2758 inscribitur

179 2768 207 2791 de
221 2769 309 2799 origine
324 2771 414 2795 artium
430 2775 453 2795 et
468 2773 559 2795 animae
576 2774 732 2802 perfectione:
749 2774 860 2797 Omnium
880 2774 1016 2802 expetendo-

179 2812 228 2830 rum
244 2808 317 2837 prima
333 2813 367 2833 est
383 2811 505 2840 sapientia,
523 2812 547 2834 in
563 2818 609 2842 qua
625 2816 669 2836 etc.

237 2845 247 2859 ⁶
262 2847 322 2871 Libr.
346 2849 375 2872 X.
400 2850 429 2872 de
455 2851 517 2873 Trin.
542 2857 562 2874 c.
588 2852 625 2874 Μ.
648 2858 671 2874 n.
696 2851 735 2874 1¹7.
756 2858 820 2881 seqq.
839 2854 861 2874 et
878 2851 939 2875 XIV.
956 2857 975 2874 c.
994 2852 1015 2874 8.

178 2890 199 2907 n.
216 2885 239 2908 Μ
249 2895 255 2914 3
271 2887 301 2910 de
317 2887 401 2916 Spiritu
423 2891 445 2912 et
469 2890 545 2913 anima
564 2890 635 2920 (inter
652 2897 723 2918 opera
740 2890 860 2920 August),
878 2896 898 2913 c.
916 2890 953 2913 35.
970 2890 1015 2913 Csr.

179 2924 193 2946 I.
209 2925 268 2986 Sient.
288 2927 317 2949 Iit.
337 2928 449 2957 Magistri,
472 2929 495 2952 d.
516 2930 549 2952 III.
574 2935 594 2953 c.
619 2931 640 2959 2,
665 2933 687 2952 et
712 2930 768 2953 ibid.
793 2929 921 2953 Comment.
946 2936 970 2958 p.
992 2930 1016 2952 II.

179 2968 198 2986 a.
230 2981 236 2987 .
251 2971 274 2994 q.
292 2966 312 2988 l.

1068 1030 1204 1067 gentiam;
1226 1030 1263 1059 ad
1280 1031 1430 1068 acquisitae
1457 1032 1605 1069 sapientiae
1631 1032 1751 1070 sirmam
1779 1036 1910 1065 retentio-

1068 1085 1147 1112 nem,
1169 1080 1196 1106 et
1217 1078 1268 1107 hoc
1289 1081 1424 1115 quantum
1447 1079 1481 1108 ad
1508 1080 1682 1116 memoriam;
1708 1081 1741 1110 ad
1762 1083 1910 1120 acquisitae

1068 1124 1217 1161 sapientiae
1238 1128 1265 1154 et
1286 1126 1447 1155 memoriter
1469 1129 1590 1156 retentae
1604 1127 1792 1164 dilectionem,
1814 1132 1841 1158 et
1859 1130 1911 1159 hoc

1068 1174 1204 1208 quantum
1225 1172 1259 1200 ad
1279 1172 1456 1201 voluntatem.

1148 1219 1174 1247 2.
1196 1218 1234 1246 Ad
1255 1219 1403 1255 sapientiae
1416 1220 1578 1250 studiosam
1593 1223 1829 1260 acquisitionem;
1847 1224 1911 1253 Pro·
1927 1220 2012 1239 ΝΜΟ
2019 1221 2043 1239 ³⁴¹

1070 1264 1230 1294 verbiorum
1252 1266 1382 1302 vigesimo
1403 1268 1553 1304 septimo⁷:
1570 1268 1657 1297 Stude
1670 1270 1847 1306 sapientiae,
1867 1270 1913 1307 fitz·
1938 1246 2047 1290 {gfffflffi

1069 1311 1119 1340 mi.
1143 1311 1253 1340 Filium
1276 1315 1364 1346 vocat,
1396 1321 1599 1351 quemcumque
1630 1318 1743 1352 paterna
1770 1317 1911 1346 affectione
1939 1295 1988 1309 nem*

1070 1358 1214 1393 informat,
1236 1359 1293 1388 sive
1321 1359 1356 1388 sit
1376 1360 1497 1394 iuvenis,
1520 1361 1576 1389 sive
1601 1369 1702 1396 senex;
1728 1363 1911 1399 Augustinus:

1076 1417 1089 1431 «
1103 1405 1141 1434 Ad
1161 1405 1322 1434 discendum
1343 1407 1417 1443 quod
1438 1415 1508 1443 opus
1529 1410 1571 1436 est
1591 1408 1667 1436 nulla
1684 1408 1751 1436 mihi
1766 1411 1840 1437 aetas
1853 1416 1915 1438 sera

1071 1452 1158 1481 videri
1179 1456 1281 1490 potest;
1303 1453 1382 1490 quia,
1405 1454 1455 1482 etsi
1477 1462 1555 1483 senes
1586 1455 1672 1492 magis
1703 1455 1800 1484 docere
1821 1455 1914 1484 deceat

1071 1508 1155 1537 quam
1176 1500 1284 1534 doceri,
1306 1500 1393 1538 magis
1414 1503 1505 1530 tamen
1526 1501 1604 1530 decet
1624 1510 1671 1530 eos
1691 1502 1808 1537 discere,
1830 1511 1912 1540 quam

1072 1547 1139 1584 quid
1159 1547 1273 1576 doceant
1294 1547 1421 1584 ignorare
1436 1560 1461 1575 ».
1485 1548 1586 1582 Stude,
1602 1548 1703 1586 inquit,
1718 1551 1745 1578 et
1760 1549 1811 1578 hoc
1825 1549 1914 1578 innuit

1073 1594 1263 1623 vehementem
1283 1593 1451 1631 diligentiam
1472 1594 1545 1623 circa
1569 1595 1775 1632 acquisitionem
1807 1596 1912 1633 sapien-

1072 1640 1125 1669 tiae
1149 1640 1341 1669 adhibendam.
1361 1653 1374 1666 «
1386 1641 1513 1670 Studium
1538 1642 1625 1676 enim,
1641 1645 1673 1671 ut
1689 1642 1755 1671 dicit
1778 1643 1884 1672 Tullius
1892 1643 1912 1678 ⁸,

1072 1690 1113 1717 est
1134 1688 1282 1717 vehemens
1302 1688 1447 1725 applicatio
1468 1689 1550 1717 ammi
1572 1697 1635 1717 cum
1649 1697 1759 1718 summa
1772 1689 1911 1726 voluptate

1072 1735 1106 1763 ad
1126 1735 1234 1772 aliquid
1250 1735 1428 1772 agendum».
1451 1735 1519 1764 Haec
1540 1738 1632 1765 autem
1660 1736 1807 1765 vehemens
1827 1737 1909 1765 animi

1071 1782 1217 1819 applicatio
1238 1782 1355 1819 requirit
1377 1783 1544 1811 vacatIonem
1565 1783 1599 1811 ab
1624 1783 1810 1812 exterioribus
1829 1791 1910 1812 occu-

1072 1829 1236 1866 pationibus.
1269 1830 1388 1866 «Impar
1419 1830 1491 1858 enim
1519 1830 1637 1859 efficitur
1668 1830 1701 1858 ad
1729 1830 1835 1867 singula
1863 1831 1910 1867 qui

1072 1876 1185 1905 confusa
1205 1879 1297 1905 mente
1317 1876 1449 1905 dividitur
1470 1876 1503 1905 ad
1525 1877 1652 1911 multa»,
1678 1881 1709 1906 ut
1729 1877 1793 1905 dicit
1814 1877 1911 1914 Grego-

1072 1924 1138 1953 rius.
1168 1924 1282 1960 Propter
1310 1924 1384 1961 quod
1410 1924 1586 1953 Ecclesiastici
1615 1924 1754 1961 trigesimo
1775 1923 1908 1952 octavo⁹z

1072 1971 1253 2008 Sapientiam
1280 1971 1373 1999 scribe
1400 1971 1431 1999 in
1460 1975 1583 2008 tempore
1606 1971 1780 2005 vacuitatis,
1811 1970 1837 1999 id
1868 1973 1909 1999 est

1071 2018 1220 2047 vacationis
1240 2018 1274 2047 ab
1295 2026 1378 2055 opere
1399 2018 1544 2052 exteriori;
1569 2018 1621 2056 qui
1646 2018 1719 2046 enim
1743 2018 1912 2046 minoratur

1071 2069 1156 2099 actu,
1184 2065 1287 2094 scilicet
1317 2065 1466 2099 exteriori,
1491 2065 1630 2102 percipiet
1656 2065 1848 2102 sapientiam,
1880 2066 1912 2092 ut

1071 2112 1173 2141 dicitur
1194 2113 1221 2141 in
1243 2112 1346 2142 eodem.

1150 2160 1176 2189 3.
1199 2160 1236 2188 Ad
1257 2160 1405 2197 sapientiae
1425 2159 1546 2197 firmam
1567 2159 1767 2192 retentionem;
1782 2158 1913 2187 Ecclesia·
1930 2153 2057 2196 ἳξῃιῗξῇζῃξῗ·

1072 2207 1131 2236 stici
1146 2207 1252 2236 decimo
1273 2210 1372 2244 quarto
1385 2207 1420 2241 ¹⁰,
1442 2207 1489 2235 ubi
1509 2206 1588 2235 dicit:
1611 2207 1718 2235 Beatus
1738 2206 1802 2240 vir,
1817 2206 1913 2245 quiin

1071 2254 1218 2291 sapientia
1238 2253 1421 2287 ntorabitur·;
1437 2254 1500 2282 item
1520 2253 1732 2282 Proverbiorum
1748 2253 1843 2282 tertio:
1860 2253 1912 2282 De-

1135 2419 1143 2433 '¹
1161 2421 1227 2443 Vers.
1246 2420 1281 2442 Μ.
1299 2433 1329 2436 —
1347 2419 1461 2442 Sententia
1487 2419 1584 2447 August.
1605 2418 1702 2441 hahetur
1727 2419 1748 2440 in
1774 2418 1843 2446 Epist.
1861 2418 1912 2440 466.

1074 2460 1138 2490 (alias
1154 2460 1201 2489 28.)
1220 2465 1240 2482 c.
1258 2459 1279 2481 4,
1297 2465 1318 2481 n.
1337 2459 1362 2481 sl:
1381 2458 1415 2481 Ad
1434 2458 1595 2481 discendum...
1613 2457 1678 2486 quia,
1701 2457 1741 2479 etsi
1758 2463 1823 2479 senes
1840 2457 1913 2484 magis

1073 2499 1139 2521 decet
1156 2498 1239 2521 docere
1255 2504 1327 2527 quam
1348 2498 1448 2525 dIscere‚
1465 2497 1539 2524 magis
1556 2499 1632 2518 tamen
1648 2496 1749 2521 discere.
1772 2502 1841 2524 quam
1859 2495 1915 2524 quid

1072 2538 1171 2561 doceant
1187 2538 1301 2565 ignorare.

1136 2575 1146 2589 ⁸
1161 2576 1222 2599 Libr.
1240 2577 1255 2599 I.
1273 2577 1365 2599 Rhetor.
1387 2582 1407 2598 c.
1424 2575 1469 2597 25:
1492 2574 1597 2597 Studium
1622 2576 1656 2596 est
1680 2573 1749 2596 animi
1774 2573 1866 2596 assidua
1891 2575 1913 2595 et

1073 2618 1198 2639 vehemens
1215 2616 1244 2638 ad
1261 2616 1361 2644 aliquam
1378 2621 1427 2637 rem
1444 2614 1556 2643 applicata
1574 2619 1657 2641 magna
1672 2619 1725 2635 cum
1741 2612 1861 2635 voluntate
1877 2618 1913 2634 oc-

1073 2656 1178 2684 cupatio,
1196 2658 1219 2678 ut
1238 2655 1396 2683 philosophiae
1413 2656 1455 2676 etc.
1471 2667 1502 2669 —
1526 2652 1636 2681 Superius
1658 2655 1709 2680 post
1726 2651 1801 2681 inquit
1818 2651 1867 2672 Vat.
1884 2649 1909 2673 in

1073 2694 1116 2718 hoc
1133 2691 1247 2721 innuens,
1265 2693 1419 2716 vehementem
1437 2691 1517 2715 debere
1533 2698 1582 2715 esse
1598 2690 1744 2721 diligentiam
1761 2693 1802 2712 etc.

1135 2732 1145 2745 ⁹
1162 2734 1227 2756 Vers.
1241 2733 1283 2760 25,
1296 2732 1335 2755 ubi
1352 2733 1419 2755 etiam
1436 2738 1484 2760 seq.
1502 2732 1572 2753 locus.
1584 2730 1660 2753 Verba
1678 2730 1788 2757 Vulgatae
1805 2728 1857 2751 vide
1875 2734 1910 2750 su-

1073 2780 1114 2802 pra
1139 2779 1194 2801 pag.
1219 2773 1261 2799 66,
1287 2774 1339 2794 nota
1368 2772 1386 2793 1.
1402 2783 1433 2787 -
1449 2771 1552 2798 Gregor„
1578 2770 1677 2797 Regulae
1702 2768 1833 2797 pastoralis,
1853 2773 1876 2795 p.
1894 2768 1908 2788 Ι,

1072 2820 1093 2836 c.
1119 2813 1132 2835 4
1147 2821 1152 2835 :
1177 2813 1252 2840 Impar
1280 2811 1379 2839 quisque
1406 2810 1520 2832 invenitur
1547 2809 1576 2831 ad
1603 2808 1704 2836 singula,
1729 2808 1784 2829 dum
1814 2807 1907 2828 confusa

1073 2854 1150 2874 mente
1167 2854 1209 2873 etc.
1227 2863 1257 2867 —
1274 2850 1324 2872 Vat.
1342 2852 1364 2871 et
1381 2849 1448 2871 codd.
1465 2848 1591 2877 Imperitus
1608 2854 1650 2875 pro
1666 2847 1757 2875 Impar.

1136 2888 1155 2902 ¹⁰
1173 2890 1238 2913 Vers.
1255 2889 1293 2911 22.
1309 2901 1339 2904 —
1356 2888 1406 2910 Duo
1423 2894 1486 2916 seqq.
1504 2886 1545 2909 loci
1563 2889 1615 2908 sunt
1631 2886 1698 2907 Prov.
1715 2884 1742 2913 3,
1759 2885 1785 2911 3,
1803 2883 1841 2905 ubi
1859 2883 1910 2904 Vul-

1074 2932 1126 2958 gata
1145 2928 1228 2951 omittit
1244 2934 1308 2956 eam,
1326 2930 1348 2949 et
1365 2928 1407 2954 22,
1425 2926 1462 2948 20.
