2296 3316
217 574 246 593 Ad
263 574 304 593 eius
319 574 346 592 di⁴

230 598 337 617 lectionem.

226 1231 287 1250 Causa
305 1232 343 1249 0111-

248 1255 300 1273 cieus
313 1255 345 1273 tri-

246 1278 296 1302 plex.

216 1302 253 1320 Per
269 1301 344 1321 modum

224 1325 341 1349 inspirantis.

221 1701 342 1720 invenientis.

372 164 424 191 108

364 241 457 269 scribe
471 249 536 268 eam
552 240 581 268 in
598 240 704 268 tabuiis
719 240 816 268 cordis
832 245 888 270 titi.
905 242 929 268 id
945 244 987 269 est
1001 249 1028 268 in
1045 241 1134 269 tribus
1149 250 1210 277 par-

367 288 439 316 tibus
453 288 560 316 divinae
577 287 716 323 imaginis,
732 290 759 315 et
773 287 927 323 specialiter
942 296 969 315 lli
989 295 1136 320 memoria,
1151 296 1211 316 eam
1240 325 1241 328 Ἰ

365 335 483 362 tirmiter
518 333 669 362 retinendo.
705 334 818 370 Propter
847 333 920 370 quod
947 333 1027 362 dicit:
1060 333 1211 367 Describe,

363 380 437 418 quod
452 381 524 409 enim
540 380 672 409 scribitur
693 380 803 408 firmius
817 383 844 408 et
858 379 963 408 diutius
979 380 1128 414 retinetnr3
1148 380 1212 409 Pro-

365 428 525 456 verbiorum
557 427 688 464 vigesimo
719 427 851 455 secundo:
880 427 962 460 Ecce,
985 425 1128 463 descripsi
1147 435 1212 455 eam

364 474 416 504 tibi
436 475 602 512 tripliciter,
623 474 651 503 id
672 477 713 504 est
734 474 761 502 in
783 473 971 511 intelliqentia
991 481 1041 510 per
1060 473 1212 503 studiosam

363 522 589 559 acquisitionem,
611 522 638 550 in
660 521 803 550 memoria
824 529 874 558 per
896 520 1004 549 firmam
1021 519 1212 554 retentionem,

364 569 391 598 in
414 569 557 597 voluntate
572 576 621 605 per
635 568 831 601 dilectionem:
849 568 883 596 ad
904 567 978 605 quod
1000 569 1093 596 monet
1107 567 1134 596 in
1151 575 1212 596 ver-

363 616 405 645 bis
426 616 573 653 propositis
594 615 700 643 dicens:
725 615 840 653 Diliqite
861 614 957 643 lamen
977 615 1138 652 sapientiae
1159 617 1210 643 etc.

506 709 546 737 DE
567 717 751 741 QUADRUPLICI
773 717 863 737 CAUSA
885 717 968 737 HUIUS
990 717 1068 737 LIBRI.

440 805 466 833 [1.
484 805 512 833 10
533 804 636 841 quibus
658 803 751 832 verbis
772 803 851 832 nobis
872 805 993 840 quatuor
1015 810 1113 831 causae
1128 801 1213 830 liuius

361 851 453 889 operis
474 851 647 884 innuuntur,
669 850 772 879 scilicet
787 857 870 878 causa
884 849 1007 887 efficiens
1028 857 1065 877 ex
1080 856 1210 886 persona,

361 907 432 937 quae
454 898 578 936 loquitur
593 897 702 926 dicens:
718 897 852 934 Diliqite;
869 896 1021 934 formaliS,
1044 896 1071 924 id
1091 899 1132 925 est
1153 903 1212 924 mo-

361 947 413 975 dus
434 945 547 982 agendi,
562 953 612 982 per
634 944 730 973 lumen
752 944 894 978 innuitur;
916 942 1079 972 materialis
1100 942 1212 971 nomine

361 993 522 1030 sapientiae
550 991 734 1029 exprimitur;
756 991 856 1028 finalis
884 999 920 1019 ex
948 990 1044 1019 ordine
1065 997 1115 1019 seu
1136 998 1211 1019 eom-

360 1040 515 1077 paratione
537 1039 677 1078 loquentis
698 1039 738 1067 ad
756 1046 932 1075 personam,
953 1037 988 1066 ad
1008 1045 1091 1075 quam
1121 1045 1212 1067 sermo

360 1087 506 1124 dirigitur,
529 1086 643 1123 intelligi
664 1088 769 1123 potest,
792 1093 857 1114 cum
877 1085 994 1114 dicitur.-
1019 1084 1139 1118 Omnes,
1161 1084 1213 1123 qui

358 1133 501 1170 praeestis
519 1133 646 1170 populis.

442 1182 467 1210 5'.
484 1181 522 1209 De
538 1180 628 1217 primo
643 1179 812 1213 notandum,
834 1178 909 1215 quod
931 1178 1035 1215 triplex
1056 1180 1098 1207 est
1118 1186 1213 1206 causa
1228 1210 1233 1215 ,

362 1228 485 1266 efficiens
512 1227 597 1256 huius
625 1226 707 1255 libri:
730 1225 819 1263 prima
847 1233 897 1262 per
925 1225 1038 1254 modum
1060 1224 1212 1262 inspiran-

362 1275 413 1309 ta,
445 1274 548 1303 scilicet
575 1274 665 1307 Deus;
691 1272 765 1302 unde
797 1272 843 1301 Iob
875 1272 1017 1309 trigesimo
1045 1271 1166 1301 secundo
1181 1272 1211 1300 ¹:

361 1322 523 1360 Iitspiratio
557 1320 766 1358 Omnipotentis
797 1320 849 1349 dat
880 1319 1117 1357 i'ntelliyentiam,·
1146 1319 1212 1348 item

361 1368 540 1398 Ecclesiastici
562 1368 669 1405 primo:
694 1367 795 1396 Omnis
814 1366 961 1404 sapientia
982 1374 1002 1395 a
1016 1366 1140 1395 Domino
1156 1366 1212 1394 Deo

362 1419 415 1450 est,
438 1416 510 1445 sicut
530 1415 619 1444 omnis
639 1414 763 1443 essentia
784 1414 819 1443 ab
839 1414 900 1443 eius
915 1413 1046 1448 essentia,
1062 1415 1089 1442 et
1102 1413 1137 1441 ab
1152 1412 1212 1441 eius

363 1463 477 1492 veritate
508 1462 597 1491 omnis
627 1461 752 1495 veritas,
774 1464 802 1490 et
829 1461 864 1489 ab
895 1461 955 1490 eius
980 1460 1102 1489 bonitate
1122 1459 1212 1488 omnis

361 1510 483 1539 bonitas.
505 1509 653 1538 «Primum
675 1509 747 1537 enim
771 1508 798 1537 in
814 1515 984 1545 unoquoque
998 1515 1099 1544 genere
1114 1515 1212 1536 eorum

361 1565 432 1594 quae
460 1559 521 1594 post
549 1556 641 1593 ipsum
662 1558 742 1589 sunt,
765 1563 848 1584 causa
868 1555 970 1589 est2»;
993 1557 1020 1583 et
1043 1562 1125 1583 omne
1148 1561 1212 1591 per-

361 1604 463 1634 fectum
484 1612 500 1632 a
521 1603 643 1641 perfecto
665 1606 813 1636 causatur,
835 1602 989 1631 secundum
1011 1601 1165 1630 Boethium.

440 1652 465 1679 6.
482 1650 607 1680 Secunda
621 1658 705 1679 causa
719 1649 841 1678 efficiens
852 1657 902 1686 per
912 1648 1027 1677 modum
1043 1647 1212 1676 invenientis

360 1701 402 1728 est
432 1698 490 1735 ipse
521 1698 666 1731 Salomon;
693 1697 766 1726 unde
800 1697 828 1725 in
863 1695 1047 1725 ecclesiastica
1074 1695 1212 1724 historia³

366 1746 482 1775 «omnis
507 1746 687 1782 antiquorum
715 1745 819 1773 chorus
847 1744 966 1777 librum,
999 1743 1047 1780 qui
1076 1742 1213 1780 Sapientia

361 1793 535 1827 intitulatur,
565 1792 717 1821 Salomonis
745 1799 804 1820 esse
835 1791 1011 1820 dixerunt».
1038 1790 1113 1819 Unde
1142 1789 1212 1818 liber

1022 162 1214 191 PROOEMH'M
1237 162 1461 190 COMMENTARN

1270 248 1326 277 ipse
1349 241 1500 277 Sapientia
1516 241 1680 269 Salomonis
1702 241 1872 276 inscribitur,
1894 243 1922 270 et
1934 250 2011 271 more
2032 242 2118 271 eccle-

1269 288 1378 316 siastico
1406 288 1569 316 lectionibus
1596 287 1629 316 de
1658 288 1710 316 hoc
1738 288 1809 317 libro
1837 289 1936 317 sumtis
1966 289 2118 326 praemitti-

1270 338 1332 363 tur:
1358 346 1371 359 «
1387 334 1463 362 Dixit
1485 334 1611 363 Salomon
1632 334 1696 363 filiis
1718 335 1842 369 lsrael»,
1870 334 1936 372 quia
1960 335 2063 364 scilicet
2083 335 2117 365 de

1269 381 1329 410 eius
1346 381 1488 410 sententiis
1504 381 1573 410 liber
1588 381 1639 410 iste
1661 380 1829 417 compilatus
1861 382 1920 410 suit.
1938 398 1975 403 —-
1990 382 2119 411 Proxima
2134 389 2271 417 Compuantin.)
2282 387 2296 409 ..³¹

1269 434 1353 455 causa
1373 426 1496 456 efficiens
1526 435 1576 464 per
1601 427 1715 456 modum
1747 430 1938 466 compilantes
1950 428 2002 457 fuit
2026 428 2118 463 Philo,

1270 473 1489 510 sapientissimus
1514 473 1691 509 Iudaeorum,
1713 474 1761 511 qui
1787 475 1959 512 temporibus
1980 475 2118 512 Apostolo-

1269 528 1334 550 rum
1362 521 1429 555 fuit,
1461 523 1493 550 ut
1514 521 1599 550 refert
1626 521 1811 550 ecclesiastica
1835 522 1986 556 historia&
2015 522 2064 559 qui
2084 522 2119 550 ab

1270 576 1364 597 amore
1385 568 1535 605 sapientiae
1556 567 1641 597 Philo
1662 576 1717 597 non
1738 568 1876 598 immerito
1897 572 1938 598 est
1955 569 2117 606 appellatus

1269 614 1398 643 Rabanus
1425 614 1507 643 etiam
1536 615 1639 643 librum
1660 615 1745 644 istum
1773 616 1866 652 potius
1896 615 1995 645 asserit
2021 623 2077 644 non
2103 623 2120 644 a

1268 661 1424 696 Salomone,
1447 665 1479 690 ut
1499 664 1628 698 putatur,
1650 662 1697 691 sed
1718 670 1734 691 a
1762 662 1890 697 Philone,
1918 662 2119 699 sapientissimo

1269 708 1381 742 Iudaeo,
1402 708 1487 737 fuisse
1508 708 1712 746 conscriptum,
1734 708 1761 738 id
1783 711 1824 738 est
1845 709 2032 746 compilatum.

1347 757 1373 784 7.
1390 755 1478 784 Causa
1499 759 1594 785 autem
1607 754 1760 793 formatis,
1782 756 1810 785 id
1830 759 1872 785 est
1889 756 1988 785 modus
2008 756 2118 793 agendi,
2156 763 2271 790 caueam„

1268 805 1300 831 ut
1313 802 1418 831 dictum
1440 805 1493 837 est,
1509 811 1558 840 per
1573 803 1670 831 tumen
1685 803 1826 838 innuitur,
1841 803 1922 841 quia,
1938 803 2010 832 sicut
2024 786 2267 832 lumenss'oatiii'tffi‘ri'if'

1268 849 1351 878 habet
1366 849 1493 878 radicalis
1508 857 1574 878 suae
1595 850 1709 887 originis
1723 849 1948 884 occultationem,
1963 849 1991 878 in
2005 857 2119 887 egressu

1268 897 1372 925 claram
1386 896 1646 931 manifestationem,
1661 896 1689 925 in
1712 897 1794 925 ssuxu
1809 896 2058 931 continuationem;
2080 896 2119 925 sic

1268 945 1296 972 et
1316 943 1367 972 iste
1382 943 1452 972 liber
1473 943 1628 980 Sapientiae
1642 943 1726 972 habet
1747 943 1775 971 in
1790 943 1933 972 sententiis
1953 943 2118 980 profundam

1268 989 1459 1019 difficultatem
1490 993 1517 1019 et
1547 990 1662 1027 originis
1693 990 1931 1025 occultationem,
1966 990 2119 1019 secundum

1269 1036 1337 1065 illud
1358 1036 1404 1065 lob
1426 1036 1558 1074 vigesimo
1577 1036 1712 1066 octavo⁵:
1748 1035 1892 1065 Trahitur
1912 1037 2058 1074 sapientia
2085 1036 2120 1065 de

1269 1083 1408 1117 occultis,·
1436 1084 1464 1112 in
1496 1083 1671 1113 sermonibus
1702 1084 1805 1113 claram
1835 1082 2118 1122 manifestationem,

1268 1130 1422 1168 Sapientiae
1443 1134 1536 1160 sexto:
1553 1131 1645 1160 Clara
1667 1134 1707 1160 est
1728 1134 1755 1160 et
1767 1139 1842 1170 quae
1862 1139 2017 1170 nunqnam
2037 1139 2119 1159 mar-

1269 1177 1353 1206 cescit
1373 1177 1534 1215 sapientia,
1550 1178 1649 1212 ela-ra,
1671 1178 1800 1215 inquam,
1815 1185 1865 1215 per
1885 1177 2059 1215 eloquentiae
2073 1184 2120 1206 ve-

1268 1227 1424 1260 nustatem;
1438 1218 1465 1250 '«
1479 1225 1559 1254 stilus
1580 1225 1653 1254 enim
1674 1225 1760 1254 huius
1781 1225 1860 1260 libri,
1882 1224 2037 1254 secundum
2059 1224 2119 1254 Hie-

1269 1280 1427 1308 ronymum,
1439 1271 1571 1301 Graecam
1587 1271 1692 1301 redolet
1706 1271 1893 1309 eloquentiam
1905 1283 1919 1297 1»
1929 1282 1936 1306 ;
1947 1271 1975 1300 10
1987 1279 2119 1309 processu

1269 1326 1335 1347 vero
1356 1317 1509 1346 rationum*
1526 1317 1759 1356 consequentiam
1779 1321 1805 1346 et
1832 1317 2003 1346 ordinatam
2030 1317 2119 1346 conti-

1268 1365 1454 1400 nuationem,
1483 1365 1663 1394 Ecclesiastici
1687 1365 1819 1402 vigesimo
1840 1365 1966 1402 prim0⁶z
1991 1364 2119 1394 Scientia

1267 1411 1409 1449 sapientis
1431 1415 1574 1450 tanquam
1595 1412 1752 1441 inundatio
1780 1412 1960 1447 abundabit,
1989 1411 2119 1441 continue

1269 1459 1393 1494 fluendo,
1415 1468 1470 1488 non
1491 1459 1634 1494 stillando;
1649 1463 1674 1488 et
1688 1459 1843 1489 consilium
1864 1459 1945 1489 iltius
1961 1459 2039 1489 sicut
2051 1458 2119 1498 fons

1268 1507 1344 1535 vitae
1362 1509 1522 1544 permanet.

1347 1554 1373 1582 8.
1383 1553 1471 1582 Causa
1482 1561 1549 1582 vero
1559 1552 1723 1582 materiatis
1734 1553 1845 1582 nomine
1855 1553 2017 1591 sapientiae
2025 1552 2120 1591 expri-
2137 1561 2196 1580 eausa
2206 1562 2265 1580 maa..

1269 1601 1363 1630 mitur.
1384 1612 1398 1626 «
1410 1601 1548 1638 Sapientia
1562 1603 1664 1635 autem,
1679 1600 1833 1630 secundum
1848 1600 2032 1638 Augustinum
2043 1600 2064 1635 ⁷,
2078 1602 2121 1629 est

1269 1648 1427 1677 divinarum
1449 1656 1545 1677 rerum
1567 1647 1686 1685 cognitio
1700 1659 1732 1682 »3
1751 1656 1797 1677 res
1817 1650 1912 1677 autem
1933 1647 2042 1677 divinae
2056 1650 2121 1677 sunt

1268 1694 1317 1724 Dei
1336 1694 1481 1732 potentia,
1496 1694 1643 1732 sapientia
1664 1697 1692 1724 et
1706 1694 1837 1729 bonitas;
1858 1694 1892 1724 de
1913 1694 2015 1732 quibus
2029 1694 2121 1732 agitur

1269 1742 1297 1771 in
1319 1742 1371 1771 hoc
1393 1741 1478 1776 libro,
1501 1742 1630 1779 quamvis
1650 1741 1832 1779 principalius
1852 1741 1886 1771 de
1909 1740 2055 1779 sapientia
2078 1741 2121 1770 in-

1269 1789 1408 1819 tendatur.
1430 1788 1596 1817 Potentiam
1623 1789 1672 1818 Dei
1700 1788 1823 1818 notificat
1851 1788 1878 1818 in
1906 1788 2050 1826 punitione
2077 1796 2121 1818 re·
2138 1796 2166 1816 na
2175 1795 2259 1821 potentia.

424 1962 432 1976 ¹
450 1963 516 1986 Vers.
534 1963 556 1985 8.
573 1976 603 1978 —
620 1962 728 1991 Sequitur
746 1962 812 1984 Eccli.
830 1962 851 1989 1,
869 1962 891 1984 1.

423 2001 432 2015 ²
450 2002 582 2025 Secundum
600 2001 700 2029 Aristot.,
717 2001 741 2023 11.
759 2001 859 2028 Metapli.
870 2002 921 2022 text.
941 2000 961 2022 4.
981 2000 1010 2029 (l.
1022 2000 1116 2022 brevior
1132 1999 1210 2029 0.1.),

361 2043 383 2065 in
400 2042 466 2065 cuius
483 2041 625 2070 expositione
643 2042 757 2063 Averroes
771 2040 813 2062 ait:
826 2040 969 2062 Manifestum
987 2042 1021 2062 est
1037 2046 1079 2067 per
1096 2046 1133 2066 se,
1144 2039 1208 2068 quod

362 2082 546 2111 unumquodque
563 2080 730 2109 principiorum
752 2080 776 2102 in
798 2085 940 2108 unoquoque
962 2085 1047 2107 genere
1064 2081 1098 2101 est
1114 2078 1209 2106 proprie

361 2128 429 2144 03053
453 2127 534 2143 eorum
557 2126 617 2149 quae
642 2119 751 2142 dicuntur
776 2119 805 2141 de
830 2118 879 2140 aliis
895 2118 966 2141 rebus
988 2118 1104 2141 collocatis
1127 2118 1149 2140 in
1172 2118 1208 2140 1110

362 2167 447 2189 genere
465 2162 508 2182 ete.
525 2159 570 2182 Csr.
588 2159 615 2181 V.
633 2159 731 2187 metaph.
748 2160 800 2181 text.
819 2158 856 2180 12.
875 2158 924 2186 (lV.
942 2164 961 2180 c.
979 2158 1010 2186 6.)
1029 2160 1051 2180 et
1070 2158 1099 2180 X.
1116 2160 1168 2180 text.
1187 2158 1208 2180 3.

362 2206 427 2229 seqq.
445 2199 499 2227 (lx.
516 2205 536 2222 c.
557 2199 575 2221 1.
593 2199 665 2227 serp),
682 2199 711 2221 de
733 2204 779 2227 quo
797 2198 851 2220 vide
869 2201 924 2220 tom.
942 2198 965 2220 11.
983 2203 1037 2225 pag.
1055 2197 1098 2224 94,
1115 2200 1169 2220 nota
1188 2196 1208 2219 4.

361 2251 392 2255 —
409 2239 443 2260 De
467 2238 578 2260 sententia
602 2237 691 2260 Boethii
716 2238 756 2259 cfr.
779 2237 812 2259 111.
838 2237 867 2259 (10
892 2236 984 2259 Consol.
1008 2242 1077 2264 prosa
1103 2236 1144 2264 10,
1169 2235 1210 2258 11111

362 2277 474 2304 ostendit,
493 2277 626 2304 imperfecta
643 2279 665 2298 et
685 2276 761 2298 minus
787 2277 886 2304 perfecta
912 2282 1044 2303 supponere
1069 2276 1209 2303 perfectum,

362 2317 434 2338 immo
460 2315 667 2344 perfectissimum,
685 2315 749 2344 quod
774 2315 803 2337 sit
829 2315 894 2342 origo
912 2317 934 2337 et
951 2316 1002 2337 sons
1023 2315 1100 2337 omnis
1117 2314 1170 2336 boni
1188 2317 1211 2336 et

362 2355 465 2384 perfecti.
483 2355 570 2377 Tamen
588 2355 639 2377 Vat.
656 2357 678 2377 et
695 2354 764 2377 codd.
782 2354 866 2376 liabent
883 2360 952 2377 omne
965 2354 1105 2384 perfectum.

424 2393 433 2406 ³
451 2394 554 2421 Eusebii,
578 2393 630 2416 libr.
651 2394 688 2416 lV.
714 2400 734 2415 c.
757 2394 799 2421 22,
822 2393 950 2416 secundum
977 2394 1108 2416 versionem
1134 2392 1210 2415 Rufini

362 2433 522 2463 (Aquileiensis
540 2432 692 2461 presbyteri),
709 2439 769 2462 quae
787 2437 863 2455 tamen
880 2439 933 2455 cum
960 2435 1020 2455 textu
1043 2432 1147 2460 originali
1165 2438 1211 2454 non

360 2472 492 2495 concordat.
509 2472 623 2495 Eusebius
645 2472 707 2495 enim
730 2472 775 2494 ait:
794 2472 842 2494 Non
864 2472 939 2494 solum
962 2474 1039 2494 autem
1057 2471 1107 2499 ipse
1126 2470 1212 2500 [Hege-

360 2511 465 2541 sippus],
482 2511 523 2534 sed
547 2514 569 2533 et
591 2512 697 2533 irenaeus
722 2514 744 2533 et
769 2511 844 2533 omnis
869 2511 1016 2539 antiquorum
1034 2512 1131 2537 chorus,
1148 2510 1211 2533 omni

361 2551 446 2573 virtute
468 2552 574 2573 refertam
598 2551 733 2578 sapientiam
756 2550 884 2572 Salomonis
901 2550 1026 2572 Proverbia
1048 2553 1212 2578 nuncuparunt

363 2588 501 2619 [πανάρετον
526 2588 615 2619 Σοφίαν
641 2586 681 2615 τὰς
706 2588 847 2619 Σολομῶνος
874 2587 1004 2619 Παροιμίας
1029 2586 1139 2619 ἐκάλουν]
1165 2588 1211 2611 Csr.

361 2628 452 2652 Cornel.
469 2636 482 2651 a
500 2630 598 2657 Lapide,
616 2630 745 2657 Prolegom.
762 2629 785 2651 in
804 2628 841 2651 lib.
860 2630 922 2656 Sap.,
940 2628 979 2651 ubi
997 2629 1078 2656 011310,
1091 2628 1211 2656 perpensis

362 2668 435 2691 tribus
452 2668 599 2696 opinionibus
616 2669 645 2691 (10
662 2672 755 2691 aiu-tore
773 2669 840 2690 liuius
857 2668 907 2690 libri
926 2668 1014 2696 (prima
1028 2670 1098 2695 tenet,
1111 2667 1211 2690 Salomo-

362 2713 416 2729 nem
442 2713 493 2730 esse
517 2710 647 2735 auctorem,
665 2707 734 2729 altera
760 2707 789 2729 ab
815 2707 906 2729 Hieron.
923 2707 1002 2733 allata,
1020 2706 1105 2729 Philoni
1126 2706 1210 2729 librum

361 2746 478 2773 attribuit3
497 2747 560 2769 tertia
577 2746 607 2769 ab
629 2746 757 2774 Augustino
780 2746 886 2774 primitus
903 2746 976 2774 posita
996 2746 1036 2768 sed
1059 2746 1208 2774 postmodum

363 2785 491 2814 improbata
510 2786 586 2813 ipsum
605 2785 683 2808 tribuit
699 2786 762 2812 lesu,
775 2785 820 2807 filio
838 2785 942 2813 Sirach>;
960 2788 1066 2814 quartam
1084 2785 1159 2813 ponit,
1177 2790 1209 2807 se-

362 2825 464 2847 cundum
477 2831 547 2853 quam
561 2824 672 2847 incertum
685 2829 731 2851 cst,
746 2825 798 2853 quis
811 2825 876 2847 suerit
889 2828 969 2847 auctor
981 2824 1144 2851 secundarius,
1156 2824 1209 2853 qui,

361 2864 461 2886 dictante
478 2864 564 2892 Spiritu
580 2867 673 2891 sancto,
690 2864 774 2886 librum
793 2864 962 2892 conscripserit.

424 2902 433 2915 ⁴
450 2903 556 2931 Eusebii,
574 2903 612 2925 lib.
624 2904 648 2925 11.
660 2910 680 2926 c.
692 2904 718 2930 5,
732 2903 771 2926 ubi
789 2910 815 2926 cx
833 2904 909 2926 xviii.
928 2902 1103 2933 Antiquitatum
1120 2903 1208 2931 loseplii

361 2946 473 2971 narratur,
490 2943 553 2972 quod
572 2943 634 2965 Philo
655 2943 791 2970 legationem
810 2949 852 2970 pro
871 2943 959 2965 ludaeis
980 2943 1106 2970 susceperit
1122 2942 1151 2964 ad
1170 2942 1209 2964 im-

361 2986 490 3010 peratorem
514 2981 594 3005 Caium
618 2982 752 3009 Caligulam.
770 2982 815 3004 Ctr.
833 2982 962 3010 Nicephor„
980 2982 1003 3004 11.
1021 2982 1105 3004 Eccles.
1125 2981 1209 3004 Histor.

1267 1966 1287 1983 c.
1300 1960 1323 1982 9.
1332 1972 1364 1976 —
1373 1959 1494 1986 Rabanus,
1507 1960 1599 1987 Prolog.
1611 1958 1740 1981 Comment.
1750 1958 1774 1981 in
1783 1958 1821 1981 lib.
1833 1959 1899 1988 Sap.:
1910 1959 1984 1988 Quem
1997 1958 2047 1988 [lib.
2056 1957 2119 1988 Sap.]

1266 2000 1343 2021 tamen
1368 1998 1450 2021 heatus
1474 1998 1629 2026 Hieronymus
1654 1998 1736 2021 asserit
1759 2005 1806 2021 non
1828 2004 1840 2021 3
1864 1998 1999 2025 Salomone,
2017 1999 2042 2020 ut
2058 2003 2116 2020 usus

1266 2037 1346 2066 031101,
1357 2038 1399 2061 5οᾱ
1414 2044 1427 2060 3
1446 2038 1550 2067 Philone,
1563 2038 1696 2061 doctissimo
1709 2038 1804 2065 ludaeo,
1821 2038 1891 2060 tuisse
1905 2037 2061 2065 conscriptum
2073 2038 2109 2060 ete

1265 2090 1296 2093 —-
1313 2076 1404 2100 Cornel.
1421 2083 1433 2099 3
1450 2076 1550 2105 Lapide,
1568 2077 1610 2099 loc.
1629 2077 1650 2099 in
1668 2077 1777 2105 praeced.
1793 2079 1846 2099 nota
1863 2076 1907 2104 cit,
1926 2076 1971 2098 ait:
1988 2075 2063 2099 Causa
2082 2081 2115 2098 er-

1266 2116 1337 2143 roris,
1354 2122 1396 2139 cur
1413 2116 1499 2138 seilicet
1523 2116 1625 2138 nonnulli
1651 2115 1799 2145 Sapientiam
1823 2114 1927 2138 tribuunt
1951 2114 2052 2142 Philoni,
2069 2117 2117 2143 est,

1266 2155 1330 2184 quod
1347 2155 1455 2178 Salomon
1473 2161 1485 2177 3
1502 2155 1562 2183 Deo,
1579 2155 1603 2178 11.
1614 2156 1672 2183 Reg.
1685 2155 1727 2184 12,
1739 2154 1781 2183 25,
1793 2157 1940 2183 nuncupatus
1956 2154 1985 2177 sit
2000 2153 2113 2177 Hebraice

1266 2194 1354 2217 ledidm
1372 2193 1422 2224 [cfr.
1438 2201 1508 2223 supra
1525 2201 1579 2223 pag.
1596 2195 1637 2222 10,
1654 2197 1706 2217 nota
1724 2193 1770 2224 3.],
1788 2194 1810 2217 id
1828 2196 1862 2217 est
1877 2192 1987 2217 amabilis
1998 2192 2113 2222 Domino,

1267 2234 1308 2263 qui
1330 2235 1416 2257 Graece
1438 2234 1521 2257 dicitur
1544 2232 1628 2264 φίλων;
1646 2233 1717 2264 φιλέω
1739 2234 1801 2256 00110
1821 2236 1856 2256 est
1872 2238 1939 2261 amo,
1956 2229 2020 2263 φιλία
2035 2238 2116 2261 amor,

1267 2271 1334 2303 φίλος
1351 2273 1451 2297 clinicus.
1468 2273 1534 2297 Unde
1558 2276 1581 2296 et
1605 2273 1684 2296 Philon
1710 2273 1809 2296 Iudaeus
1825 2279 1837 2295 3
1855 2272 1990 2295 RahbiniS...
2006 2271 2119 2295 Hebraice

1268 2316 1364 2336 vocatur
1382 2312 1470 2336 [edidia
1487 2315 1530 2336 etc.
1547 2326 1576 2329 --
1595 2313 1747 2341 Opinionem,
1764 2318 1834 2341 quam
1858 2313 1901 2335 1100
1922 2312 1973 2334 1000
1990 2312 2012 2334 S.
2030 2312 2117 2334 Bonav.

1268 2352 1389 2380 proponit,
1408 2352 1531 2374 insinuavit
1555 2352 1624 2374 etiam
1650 2352 1672 2374 in
1697 2351 1816 2374 Collation.
1834 2351 1857 2373 in
1878 2351 1986 2373 1101111001.
2003 2350 2077 2373 collat.
2094 2350 2117 2373 6.

1269 2398 1291 2414 n.
1307 2391 1329 2414 7.
1347 2398 1413 2420 seqq.
1431 2391 1495 2420 (tom.
1513 2391 1540 2413 V.
1561 2397 1615 2419 pag.
1633 2391 1673 2413 361
1700 2391 1743 2413 col.
1765 2390 1808 2419 ll.).
1831 2391 1853 2413 ln
1880 2392 1934 2412 nota
1955 2389 2012 2412 ibid.
2028 2389 2117 2412 adiecta

1268 2437 1344 2460 noque
1362 2432 1384 2453 S.
1403 2431 1495 2453 Hieron.
1512 2437 1587 2459 neque
1605 2431 1627 2453 S.
1639 2430 1726 2453 Bonav.
1740 2430 1864 2458 Prologum
1882 2430 1903 2452 in
1922 2429 2007 2452 librum
2025 2429 2118 2457 Sapien-

1268 2470 1313 2493 tiae
1329 2470 1494 2499 allegavimus,
1506 2476 1552 2499 qua
1570 2469 1718 2498 allegatione,
1730 2469 1748 2492 si
1761 2475 1812 2491 eam
1830 2469 1976 2497 fecissemus,
1987 2474 2024 2491 res
2036 2468 2117 2491 clarior

1268 2509 1421 2538 apparuisset.
1433 2509 1590 2537 Allegavimus
1602 2510 1679 2531 autem
1697 2508 1764 2536 plura
1781 2508 1893 2536 opuscula
1910 2507 2022 2536 Philonis,
2035 2507 2057 2530 in
2068 2507 2118 2536 qui-

1268 2548 1312 2571 hus
1329 2548 1379 2576 ipse
1396 2548 1503 2571 eamdem
1528 2554 1578 2570 rem
1604 2549 1693 2570 tantum
1713 2547 1791 2575 tangit.
1810 2547 1876 2570 Plura
1902 2546 1931 2569 de
1956 2546 2115 2569 convenientia

1268 2587 1319 2610 libri
1335 2587 1465 2615 Sapientiae
1476 2589 1499 2609 et
1510 2587 1677 2615 opusculorum
1689 2586 1789 2609 Philonis
1805 2585 1896 2609 exhibet
1907 2586 1931 2608 Ρ.
1944 2586 2004 2613 Aug.
2016 2584 2116 2612 enimet,

1267 2627 1396 2650 Comment.
1415 2627 1437 2649 in
1454 2626 1505 2648 libr.
1523 2626 1584 2654 Sap„
1602 2626 1718 2648 Dissertat.
1735 2625 1765 2648 de
1781 2628 1875 2648 auctore
1892 2624 1941 2647 libri
1960 2624 2098 2652 Sapientiae.

1330 2664 1339 2677 ⁶
1359 2666 1424 2688 Vers.
1442 2665 1479 2687 18.
1497 2678 1527 2681 -
1545 2664 1652 2693 Sequitur
1670 2664 1723 2692 Sap.
1742 2665 1768 2692 6,
1787 2664 1823 2686 13.
1839 2676 1870 2680 —
1888 2663 2004 2686 Sententia
2024 2663 2115 2685 Hieron.

1268 2704 1366 2727 babetur
1383 2705 1406 2727 in
1424 2705 1522 2732 Prologo
1540 2704 1562 2727 in
1580 2703 1617 2727 lib.
1637 2704 1690 2732 Sap.
1707 2704 1776 2732 paulo
1795 2703 1888 2726 inferius
1904 2703 2011 2730 allegato.

1329 2743 1339 2756 θ
1358 2745 1423 2767 Vers.
1441 2744 1478 2766 16.

1330 2781 1338 2794 ⁷
1356 2783 1416 2805 Libr.
1436 2783 1495 2805 XlV.
1518 2783 1547 2805 de
1569 2783 1631 2805 Trin.
1648 2789 1667 2805 c.
1694 2782 1712 2804 Ι.
1736 2789 1758 2805 11.
1784 2783 1811 2804 3:
1839 2781 1954 2810 Sapientia
1978 2783 2013 2803 est
2036 2786 2114 2803 rerum

1267 2824 1422 2845 humanarum
1448 2822 1628 2851 divinarumque
1652 2822 1770 2845 scientia...
1791 2821 1878 2844 Verum
1903 2820 2030 2843 secundum
2057 2821 2115 2842 hanc

1267 2862 1450 2888 distinctionem,
1468 2867 1514 2890 qua
1531 2860 1587 2883 dixit
1604 2861 1727 2889 Apostolus
1745 2860 1775 2890 [1;
1792 2860 1843 2883 Cor.
1857 2860 1899 2886 12,
1913 2858 1962 2889 8.]:
1978 2857 2027 2882 Alii
2041 2857 2113 2882 datur

1266 2907 1345 2925 sermo
1361 2900 1501 2931 sapientuze,
1519 2899 1563 2923 alii
1577 2906 1656 2923 sermo
1672 2899 1794 2928 scientiae,
1810 2899 1851 2922 isla
1869 2898 1971 2921 definitio
1988 2898 2113 2921 dividenda

1267 2944 1311 2969 est,
1324 2944 1349 2963 ut
1365 2947 1442 2963 rerum
1460 2940 1593 2963 divinarum
1610 2940 1705 2962 scientia
1722 2939 1816 2967 proprie
1834 2938 1945 2967 sapientia
1960 2939 2114 2966 nuncupetur,

1267 2982 1420 3003 humanarum
1438 2983 1515 3002 autem
1533 2979 1626 3008 proprie
1643 2979 1752 3002 scientiae
1769 2984 1853 3001 nornen
1870 2977 1979 3000 obtineat.

2146 1585 2199 1611 rialis
2205 1584 2264 1609 quoad*
2276 1592 2277 1604 l

2147 1610 2190 1627 tria.
2276 1610 2277 1641 1
