2296 3316
228 590 282 610 item,
297 589 320 607 de
333 593 360 607 se-

237 613 297 632 cundo
311 613 354 631 tria.

229 966 256 985 De
266 970 360 987 mensura,

241 994 319 1008 numero
342 991 361 1007 θῑ

240 1012 323 1037 pondere
330 1017 361 1031 ex-

241 1036 309 1060 positio
323 1036 361 1060 pri-

240 1065 277 1079 ma-

267 2094 361 2114 Secunda.

380 176 432 204 182>

376 254 434 282 lora
454 252 564 281 diversa
584 254 666 280 extra
688 253 790 279 terram
812 258 908 284 suam,
927 259 980 288 per
1003 250 1144 287 spiritum
1164 249 1225 278 vii·-

375 301 445 329 tutis
466 304 541 328 tuae.
564 300 617 327 l-loc
638 301 728 335 potest
749 297 863 334 intelligi
886 297 1087 331 intransitive,
1109 300 1137 326 et
1158 299 1224 325 tunc

374 347 538 383 intelligitur
558 346 591 374 de
606 345 706 382 spiritu
727 345 865 378 increato;
881 344 924 373 vel
939 344 1093 373 transitive
1107 344 1164 372 sive
1186 343 1224 371 es-

374 394 488 427 fective,
510 396 537 422 et
552 396 618 422 tunc
640 395 729 430 potest
744 392 857 429 intelligi
879 392 913 420 de
928 391 1028 428 spiritu
1050 394 1156 424 creato;
1178 390 1224 419 lob

375 443 475 477 quarto
488 441 510 468 ¹:
530 439 614 468 «Vidi
630 447 677 468 eos
697 438 745 475 qui
760 441 913 475 operantur
934 437 1121 475 iniquitatem,
1140 437 1224 465 flante

374 488 446 521 Deo,
468 486 598 523 periisse,
621 489 648 515 et
662 485 763 523 spiritu
789 485 845 514 irae
867 485 927 513 eius
941 492 1001 513 esse
1023 486 1222 513 consumtos».

454 533 508 562 Sed
529 533 630 561 omnia
650 536 701 561 etc.
724 532 771 561 Hic
795 531 930 565 ostendit,
952 530 1026 568 quod
1053 539 1088 559 ex
1109 530 1224 559 miseri-

374 580 477 609 cordia
504 580 612 617 punivit
640 583 667 609 et
696 579 804 616 punivit
826 579 934 613 minus,
956 586 1040 615 quam
1062 579 1174 615 posset;
1197 580 1225 606 et

373 627 463 664 primo
485 635 534 664 per
556 627 622 660 hoc,
644 626 718 664 quod
740 634 793 655 non
817 625 926 662 punivit
947 625 1036 659 ultra,
1058 632 1142 662 quam
1164 624 1224 653 exi-

373 677 451 711 geret
471 674 574 712 eulpae
594 674 761 712 quantitati,
783 673 849 710 quia
870 673 899 701 iu
922 681 1082 705 mensura:
1103 671 1225 701 secundo

373 729 423 758 per
439 722 502 755 hoc,
517 721 591 758 quod
606 729 661 749 non
677 720 785 757 punivit
806 720 896 754 ultra,
911 728 995 757 quam
1017 720 1143 756 exigeret
1164 718 1224 747 cul-

372 776 427 805 pae
447 767 663 804 multiplieitm,
682 767 748 804 quia
765 767 796 796 in
811 775 950 799 izzmzeroe
972 766 1067 799 tertio,
1089 765 1155 802 quia
1169 773 1224 793 non

373 815 460 849 ultra,
475 823 558 852 quain
573 814 698 851 exigeret
709 814 858 851 peccantis
879 813 1007 842 conditio
1029 813 1072 841 vel
1089 812 1224 850 qualitas,

374 862 439 899 quia
460 862 491 890 iu
508 861 644 899 pondere.

452 909 541 945 (Vers.
565 910 632 944 at).
656 909 726 938 Bene
747 908 822 942 dixi,
845 907 919 945 quod
946 916 1001 936 non
1022 908 1105 945 punis
1126 915 1224 936 secun-

372 956 439 985 dum
462 956 671 985 immensitatem
689 956 825 993 potentiae
842 958 918 989 tuae,
934 955 960 983 id
976 958 1030 989 est,
1046 955 1073 984 in
1088 958 1225 992 quantum

373 1011 482 1040 posses:
512 1003 562 1031 secl
589 1003 688 1032 omnia
709 1007 778 1037 ete,
807 1002 886 1040 quasi
915 1002 1003 1031 dicat:
1032 1010 1087 1030 non
1116 1004 1225 1030 tantum

374 1054 517 1079 creaturas
538 1051 625 1088 ipsas,
648 1051 695 1080 sed
717 1054 743 1080 et
771 1058 868 1080 earum
892 1049 1091 1078 retributiones
1112 1052 1140 1077 et
1160 1056 1225 1086 poe-

374 1106 423 1126 nas
444 1105 493 1126 seu
515 1098 685 1135 punitiones,
700 1097 873 1136 disposuisti
893 1097 923 1125 in
945 1104 1101 1129 mensura,
1125 1098 1225 1124 utnon

374 1145 509 1175 excedant
530 1145 633 1182 culpae
659 1146 866 1183 quantitateiii;
894 1147 919 1172 et
943 1151 1083 1177 womero,
1111 1146 1143 1171 ut
1171 1151 1225 1171 non

374 1192 509 1222 excedant
537 1192 640 1229 culpae
670 1192 934 1229 multiplicitatem,·
965 1194 991 1219 et
1020 1190 1166 1227 pondere,
1195 1194 1226 1219 ut

374 1248 429 1268 non
450 1239 586 1268 excedant
604 1240 753 1276 peccantis
773 1238 966 1267 conditionem
988 1238 1030 1266 vel
1053 1237 1156 1274 peccati
1172 1237 1226 1266 cir-

375 1286 577 1315 cumstantiam.
600 1286 678 1323 Quod
699 1290 791 1315 autem
814 1286 911 1323 puniat
932 1284 1085 1314 seeundum
1111 1293 1226 1313 mensu-

375 1342 460 1367 ram,
483 1333 657 1370 Apocalypsis
684 1334 790 1363 decimo
810 1333 947 1362 octav02:
974 1344 987 1357 «
1002 1332 1142 1369 Quantum
1169 1333 1226 1369 glo-

376 1380 493 1409 rificavit
515 1388 543 1409 se
565 1380 592 1409 in
614 1380 730 1415 deliciis,
753 1384 861 1410 tantum
883 1380 946 1409 date
967 1379 991 1408 ei
1015 1382 1185 1407 tormentum
1200 1383 1227 1408 et

376 1428 482 1457 luctum
497 1438 528 1461 >›;
551 1428 615 1456 item
638 1428 721 1457 Isaiae
749 1428 880 1465 vigesimo
908 1427 1040 1463 septimo:
1068 1437 1081 1450 «
1101 1426 1128 1454 ln
1151 1434 1227 1454 men-

376 1482 443 1503 sura
464 1477 559 1503 contra
576 1482 749 1508 mensuram,
770 1482 834 1503 enm
855 1474 962 1502 abiecta
976 1472 1073 1506 suerit,
1094 1472 1228 1501 iudicabis

376 1528 436 1549 eam
452 1531 482 1555 »;
504 1521 568 1549 item
593 1521 681 1549 Lucae
702 1524 797 1549 sexto:
824 1532 837 1546 «
854 1521 880 1549 ln
903 1528 960 1557 qua
981 1527 1113 1548 mensura
1140 1519 1227 1547 mensi

376 1567 499 1602 fueritis,
521 1568 683 1597 remetietur
704 1568 782 1597 vobis
797 1581 823 1596 ».
846 1567 925 1605 Quod
951 1566 1105 1596 secundum
1127 1575 1228 1595 nume-

376 1623 459 1649 rum,
481 1615 655 1652 Apocalypsis
672 1609 779 1644 decimo
799 1618 896 1644 octavo
908 1615 932 1643 ⁸:
952 1626 966 1639 «
978 1614 1122 1651 Duplicate
1137 1613 1161 1642 ei
1177 1613 1228 1642 du-

376 1662 458 1699 plicia
479 1662 631 1691 secundum
653 1670 738 1699 opera
758 1663 819 1691 eius
833 1674 864 1696 »;
887 1662 953 1691 item
977 1661 1059 1690 Isaiae
1074 1660 1228 1698 quadrage-

376 1709 461 1738 simo:
487 1721 500 1734 «
512 1709 638 1746 Suscepit
652 1708 685 1737 de
707 1717 793 1738 manu
814 1709 921 1738 Domini
936 1708 1058 1745 duplicia
1076 1716 1126 1744 pro
1141 1707 1229 1736 omni-

376 1756 429 1785 bus
451 1756 569 1793 peccatis
590 1756 648 1785 suis
663 1768 690 1789 »,
712 1756 738 1784 id
753 1760 794 1785 est
809 1756 948 1794 duplicem
970 1763 1103 1792 poenam,
1126 1755 1229 1783 scilicet

377 1810 491 1840 poenam
513 1802 605 1831 damni
627 1806 654 1831 et
679 1811 794 1840 poenam
818 1811 935 1837 sensus,
958 1802 1002 1831 vel
1030 1809 1146 1838 poenam
1168 1809 1229 1830 cor-

377 1850 499 1887 poralem
515 1850 684 1879 exteriorem
703 1853 731 1878 et
752 1850 925 1887 spiritualem
940 1849 1117 1883 interiorem,
1140 1849 1166 1877 id
1187 1852 1229 1878 est

377 1897 560 1926 conscientiae
572 1905 737 1925 remorsum.
750 1897 829 1934 Quod
845 1897 998 1927 secundum
1011 1897 1139 1934 pondus,
1154 1899 1230 1933 patet

377 1952 463 1981 supra
484 1945 602 1973 sexto4:
630 1956 643 1969 «
655 1944 763 1981 Exiguo
777 1945 939 1973 conceditur
960 1943 1165 1978 misericordia,
1181 1952 1229 1981 po-

377 1994 466 2020 tentes
487 1994 613 2028 potenter
635 1994 772 2020 tormenta
794 1992 976 2029 patientur».

457 2038 540 2067 Aliter
568 2041 658 2075 potest
684 2038 723 2067 sic
745 2039 866 2075 exponi:
896 2039 1013 2072 onmia,
1043 2038 1148 2066 scilicet
1168 2046 1228 2066 cor-

379 2085 484 2123 poralia
510 2089 646 2122 quantum
671 2085 705 2114 ad
730 2093 808 2114 suam
831 2088 980 2119 naturam,
1003 2084 1178 2121 disposuisti
1198 2084 1229 2112 iii

980 171 1151 201 COMMENT.
1174 171 1205 199 lN
1227 170 1419 198 SAPIENTlAM
1440 170 1468 197 C.
1491 170 1531 197 xt.

1280 255 1435 281 mensu-ra,
1452 255 1573 275 numero
1588 250 1613 275 et
1624 247 1765 284 pondere,
1777 247 1843 285 quia
1857 254 1988 276 mensura
2001 248 2126 277 omnium

1280 294 1468 331 corporalium
1489 296 1555 323 sunt
1568 297 1690 331 quatuor
1710 294 1858 328 elementa,
1874 302 1945 331 quae
1963 294 2065 324 habent
2078 303 2128 323 nu-

1281 349 1407 374 merum,
1423 340 1531 377 pondus
1545 343 1572 369 et
1587 348 1762 375 mensuram,
1778 343 1809 369 ut
1823 343 1906 378 patet.
1919 357 1958 361 —
1969 341 2017 370 Vel
2031 341 2126 371 aliter:
2145 347 2219 367 Tertia-

1277 389 1395 425 pomlzts
1416 387 1537 416 refertur
1558 387 1592 416 ad
1622 388 1770 424 potentiam
1792 388 1946 425 operantis;
1968 397 2127 422 nmnerus,

1280 435 1313 463 ad
1329 435 1497 472 sapientiam
1524 435 1692 469 ordinantis;
1714 443 1872 469 mensura,
1894 435 1927 464 ad
1955 435 2128 464 clementiam

1280 482 1487 516 conservantis;
1515 482 1549 510 ad
1581 482 1715 510 Romanos
1743 482 1888 511 undecimo
1909 482 1939 511 ⁶:
1971 494 1985 508 «
2005 483 2045 511 Ex
2073 491 2129 520 quo
2271 484 2275 518 i

1279 529 1372 557 omnia
1386 541 1413 563 »,
1435 532 1571 566 qnantum
1592 529 1625 557 ad
1648 529 1798 565 potentiam
1820 529 1921 564 Patris;
1948 541 1962 555 «
1976 537 2027 567 per
2045 538 2128 567 quein
2271 519 2273 534 ³

1280 576 1372 604 omnia
1386 588 1417 609 2»,
1438 575 1530 612 quoad
1549 575 1711 612 sapientiam
1734 575 1804 609 Filii;
1831 576 1886 604 «in
1908 585 1965 614 quo
1993 577 2085 606 omnia
2100 589 2127 612 »‚

1280 622 1371 660 quoad
1386 622 1559 652 clementiam
1582 622 1701 659 Spiritus
1719 623 1813 651 sancti.
1831 639 1867 644 -
1883 624 2039 653 Secundum
2054 624 2130 654 Glos-

1281 678 1338 699 sam
1361 669 1479 698 Rabani:
1506 681 1519 694 «
1539 670 1573 698 ln
1603 678 1757 703 mensura,
1786 670 1918 707 qualitas;
1941 670 1972 699 in
1992 680 2129 706 numero,

1281 717 1436 755 quantitas;
1452 717 1483 745 in
1495 717 1632 754 pondere,
1652 717 1722 745 ratio
1734 729 1759 745 ι».
1775 734 1815 738 -—-
1829 717 1986 746 Secundum
2004 719 2131 755 Augusti-

1282 765 1387 798 num⁶,
1409 772 1552 793 mensura
1573 767 1719 793 creaturae
1740 767 1782 793 est
1803 764 1863 793 eius
1878 767 1954 793 certa
1974 765 2130 802 quantitas,

1281 820 1336 849 qua
1351 811 1453 840 dicitur
1469 819 1568 848 magna
1584 812 1625 840 vel
1641 819 1727 848 parva.
1744 811 1786 840 vel
1803 811 1961 847 mediocris;
1976 821 2129 847 numerus,

1281 861 1358 887 certa
1372 858 1508 895 qualitas,
1523 866 1580 895 qua
1593 858 1628 887 ab
1649 858 1703 887 alia
1722 858 1904 896 disiungitur;
1917 859 2050 896 pondus,
2066 868 2130 897 pro-

1282 906 1394 943 prietas,
1408 914 1465 943 qua
1480 905 1506 933 in
1523 906 1582 934 loco
1597 913 1648 934 suo
1663 905 1802 940 consistit;
1821 905 1895 935 unde
1909 906 2062 936 secundum
2078 907 2132 936 Au—

1282 953 1439 991 gustinum,
1461 961 1603 981 memma
1624 952 1696 982 idem
1725 956 1766 982 est
1787 953 1861 990 quod
1884 953 2000 989 modus;
2024 955 2132 992 species

1282 1001 1354 1029 idem
1377 1003 1416 1028 est
1439 1000 1514 1037 quod
1542 1008 1692 1034 numerus;
1715 1000 1787 1029 ordo
1809 1000 1896 1036 idem,
1919 1001 1993 1038 quod
2014 1001 2131 1038 pondus.

1286 1059 1300 1073 «
1315 1048 1385 1076 Haec
1405 1047 1458 1076 tria
1473 1059 1499 1081 »,
1522 1047 1626 1076 scilicet
1645 1047 1759 1082 modus,
1775 1048 1880 1085 species
1901 1052 1928 1077 et
1948 1048 2031 1083 ordo,
2057 1060 2071 1074 «
2083 1049 2133 1078 ubi

1283 1103 1382 1132 magna
1403 1098 1481 1128 sunt,
1503 1102 1602 1131 magna
1632 1094 1704 1123 bona
1725 1095 1875 1129 sunt3-ubi
1908 1104 2009 1133 parva,
2031 1104 2132 1133 parva3

1282 1142 1328 1171 ubi
1346 1141 1437 1175 nulla,
1453 1141 1529 1170 nulla
1544 1153 1570 1176 »,
1586 1141 1658 1170 sicut
1672 1142 1730 1179 ipse
1744 1142 1810 1171 dicit
1821 1142 1840 1171 ⁷.
1857 1159 1896 1163 —
1910 1143 1958 1172 Vel
1977 1145 2067 1180 potest
2082 1143 2134 1172 hoc
2149 1148 2214 1167 Sexta·

1281 1189 1384 1226 exponi
1406 1189 1440 1217 de
1461 1197 1607 1223 mensura,
1630 1197 1747 1218 numero
1768 1193 1795 1218 et
1817 1181 1943 1227 pondere
1953 1190 1979 1219 in
1995 1190 2135 1219 increatis

1282 1237 1336 1266 sic:
1358 1237 1389 1265 in
1410 1245 1568 1270 mensura,
1591 1236 1618 1265 id
1639 1239 1680 1265 est
1703 1237 1729 1265 in
1761 1239 1787 1266 te
1815 1237 1907 1266 omnia
1937 1240 2133 1272 mensurante,

1283 1285 1308 1313 id
1330 1287 1372 1314 est
1393 1284 1506 1313 modum
1533 1285 1571 1313 rei
1594 1284 1706 1313 cuilibet
1728 1284 1912 1322 praefigente;
1943 1285 1974 1313 in
1995 1293 2133 1319 numero,

1283 1332 1309 1361 id
1328 1335 1370 1361 est
1391 1332 1418 1360 in
1441 1334 1467 1360 te
1481 1331 1573 1360 omnia
1588 1334 1765 1366 numerante,
1788 1331 1814 1360 id
1828 1334 1870 1361 est
1884 1332 1998 1361 cuilibet
2013 1332 2053 1361 rei
2073 1340 2134 1369 spe-

1282 1379 1351 1408 ciem
1380 1378 1522 1415 propriam
1548 1378 1695 1415 largiente;
1718 1378 1748 1406 in
1769 1379 1912 1416 pondere,
1934 1378 1962 1407 id
1987 1382 2029 1408 est
2058 1379 2085 1407 in
2108 1382 2134 1407 te

1283 1425 1375 1453 onmia
1396 1425 1579 1461 ponderante,
1598 1424 1625 1453 id
1646 1427 1688 1453 est
1708 1425 1837 1454 omnibus
1858 1425 2005 1462 proprium
2026 1427 2053 1454 et
2074 1433 2135 1454 cer-

1284 1474 1343 1500 tum
1357 1471 1484 1499 ordinem
1498 1471 1662 1508 assignante.
1686 1471 1753 1500 Huic
1771 1472 1920 1501 concordat
1934 1472 2069 1509 quaedam
2085 1480 2135 1502 ex-

1284 1518 1383 1556 positio
1404 1517 1568 1555 Augustini⁸
1593 1518 1723 1547 dicentis:
1750 1530 1763 1543 «
1779 1518 1806 1547 ln
1828 1526 1975 1554 mensura,
1997 1519 2024 1548 id
2045 1522 2087 1548 est
2107 1520 2134 1548 in

1285 1570 1311 1595 te
1333 1566 1408 1603 ipso,
1431 1565 1478 1602 qui
1501 1573 1530 1593 es
1551 1573 1683 1594 mensura
1697 1565 1755 1594 sine
1770 1573 1902 1595 mensura
1922 1566 2074 1604 unicuique
2094 1567 2134 1596 rei

1284 1612 1397 1641 modum
1420 1612 1587 1649 praefigens3
1609 1620 1746 1640 numerus
1767 1612 1826 1641 sine
1847 1621 1965 1642 numero
1995 1613 2070 1642 omni
2096 1614 2134 1642 roi

1284 1660 1403 1697 speciem
1419 1659 1570 1696 praebens:
1593 1659 1701 1696 pondus
1722 1660 1780 1688 sine
1802 1660 1924 1696 pondere
1945 1668 2055 1689 omnem
2077 1668 2136 1689 rem
2288 1661 2296 1675 ²

1284 1707 1317 1735 ad
1339 1706 1516 1736 stabilitatem
1539 1707 1653 1735 trahens
1668 1718 1694 1734 ».
1712 1706 1834 1735 Primum
1854 1707 1881 1735 in
1907 1707 2013 1736 ratione
2038 1715 2137 1736 causae

1283 1753 1440 1792 efficientis,
1463 1753 1617 1782 secundum
1639 1753 1667 1782 in
1689 1753 1795 1782 ratione
1816 1753 2006 1791 exmpleris,
2022 1753 2136 1783 tertium

1285 1801 1313 1830 in
1335 1801 1441 1829 ratione
1463 1808 1563 1829 causae
1580 1800 1689 1837 finalis.
1713 1818 1750 1821 -—
1771 1801 1910 1830 Moraliter
1931 1801 1986 1830 sic:
2008 1802 2043 1830 1η
2060 1810 2138 1831 men-
2155 1805 2249 1850 3323&

1284 1856 1377 1882 sura,
1398 1850 1495 1876 contra
1510 1847 1609 1875 vitium
1624 1847 1856 1885 superfluitatis;
1871 1848 1903 1877 in
1916 1857 2053 1883 numero,
2073 1857 2137 1878 con·
2239 1843 2243 1849 '

1285 1898 1329 1924 tra
1344 1895 1441 1924 vitium
1462 1894 1702 1932 sinyularitatis,·
1716 1895 1748 1923 in
1760 1895 1900 1932 pandere,
1922 1898 2019 1925 contra
2039 1895 2136 1925 vitium

1286 1942 1411 1971 leuitatis
1423 1942 1442 1970 ⁹.

1365 1988 1417 2017 Sed
1438 1989 1584 2017 obiicitur:
1607 1989 1629 2017 si
1650 1989 1743 2018 omnia
1770 1989 1905 2027 disposuit
1933 1990 1960 2018 in
1988 1998 2136 2025 mensura,
2155 1995 2249 2021 Quaestio·
2281 2000 2283 2011 ’-

1285 2044 1404 2065 numero
1425 2038 1452 2064 et
1474 2035 1608 2072 pondere:
1630 2044 1697 2073 ergo
1711 2044 1871 2065 mensuram
1887 2037 1914 2066 in
1928 2045 2060 2067 mensura
2074 2040 2137 2073 etc„

1285 2086 1313 2113 et
1334 2083 1373 2112 sic
1395 2083 1421 2111 in
1444 2083 1593 2111 inlinitum.

2147 629 2225 653 Quarta.

2147 723 2225 748 Quinta.
2287 726 2296 766 l}

442 2245 449 2259 ¹
469 2247 533 2269 Vei-s.
551 2247 572 2269 8.
590 2250 613 2269 et
629 2247 651 2268 9.
670 2246 722 2269 Post
738 2246 886 2276 iniquitatem
904 2247 1003 2275 Vulgata
1021 2247 1087 2275 plura
1110 2246 1181 2269 addit.
1199 2259 1230 2263 —

378 2286 394 2308 E
412 2286 480 2308 codd.
497 2285 660 2313 supplevimus
675 2285 713 2308 vel
729 2285 874 2309 transitive...
892 2287 979 2309 creato.

441 2323 450 2336 ²
469 2325 533 2347 Vers.
551 2324 573 2346 7.
590 2337 621 2341 —
638 2325 689 2347 Duo
703 2331 769 2354 seqq.
781 2325 823 2347 loci
835 2328 888 2348 sunt
900 2326 949 2348 lsai.
962 2325 999 2352 27,
1013 2326 1034 2347 8.
1046 2328 1069 2348 et
1081 2326 1135 2348 Luc.
1149 2325 1174 2352 6,
1188 2325 1229 2348 38:

379 2364 464 2387 Eadem
482 2365 571 2393 quippe
587 2360 709 2392 mensura,
726 2370 773 2393 qua
791 2365 864 2387 mensi
882 2368 925 2388 etc.

441 2402 451 2416 ⁸
469 2404 534 2426 Vers.
552 2404 574 2426 6.
591 2416 622 2420 —
639 2404 748 2433 Sequitur
764 2404 814 2427 lsai.
832 2404 874 2433 40,
891 2405 914 2427 2.

441 2442 451 2455 ¹¹
469 2443 534 2466 Vers.
552 2443 579 2465 7:
597 2443 684 2470 Exiguo
701 2443 763 2465 enim
781 2443 940 2466 conceditur...
963 2446 1070 2471 potentes
1093 2446 1170 2466 autem
1188 2449 1231 2471 po-

379 2485 451 2504 tenter
468 2485 510 2505 etc.

442 2520 451 2533 ⁵
469 2522 535 2544 Vers.
553 2522 590 2544 36.
607 2534 638 2539 --
654 2522 733 2545 Glossa
746 2521 835 2544 Rabani
846 2525 879 2544 est
892 2523 972 2545 Glossa
984 2522 1118 2546 ordinaria.
1131 2522 1181 2545 Lib.
1194 2523 1231 2545 Vl.

379 2562 524 2590 Hypognost.
548 2562 615 2589 (inter
637 2568 708 2590 opera
731 2562 851 2591 August),
874 2568 893 2584 c.
916 2561 936 2584 t.
954 2568 975 2584 n.
1000 2562 1028 2584 6:
1050 2562 1079 2585 ln
1101 2567 1230 2590 mensura,

379 2603 448 2629 puto,
460 2600 524 2629 quod
541 2603 630 2623 constet
645 2600 755 2629 qualitas,
767 2600 790 2623 in
803 2606 917 2629 numero,
934 2601 1050 2630 quantitas
1056 2610 1062 2628 ;
1078 2600 1230 2630 inpendere,

379 2640 437 2662 ratio
454 2642 603 2668 peraequata.

442 2677 452 2690 ⁶
469 2678 532 2701 Libr.
549 2679 585 2701 lV.
603 2678 632 2701 de
650 2679 706 2701 Gen.
723 2679 752 2701 ad
769 2679 801 2701 lit.
818 2685 839 2701 c.
851 2679 878 2701 3.
894 2686 917 2701 n.
929 2679 951 2701 7.
963 2682 985 2702 et
998 2680 1018 2701 8.
1031 2679 1151 2702 resolvens
1163 2685 1232 2708 quae-

380 2718 489 2746 stionem,
507 2718 626 2747 quomodo
643 2719 700 2740 haec
717 2718 759 2740 tria
771 2718 794 2740 in
807 2718 854 2740 Deo
866 2718 973 2741 Creatore
985 2719 1080 2746 suerint,
1098 2718 1166 2741 dicit:
1184 2718 1231 2746 An,

380 2757 508 2780 secundum
527 2757 550 2780 id
567 2758 631 2786 quod
647 2758 756 2780 novimus
772 2764 912 2781 mensuram
930 2758 952 2780 in
974 2758 1007 2781 eis
1028 2764 1089 2787 quae
1113 2758 1232 2786 metimur,

380 2800 403 2819 et
418 2803 548 2830 numerum
565 2797 588 2819 in
605 2797 638 2819 eis
655 2803 716 2826 quae
738 2803 902 2826 numeramus,
919 2800 942 2820 et
956 2797 1050 2827 pondus
1068 2798 1091 2820 in
1114 2798 1147 2820 eis
1170 2804 1231 2826 qnae

381 2836 550 2865 appendimus,
567 2842 613 2859 non
630 2839 665 2859 est
681 2837 742 2859 Deus
759 2837 813 2864 ista3
831 2837 959 2860 secundum
972 2837 995 2860 id
1007 2844 1076 2866 vero,
1091 2838 1156 2867 quod
1169 2843 1232 2860 men-

380 2881 441 2898 sura
457 2875 521 2897 omni
538 2875 571 2898 rei
589 2875 686 2898 modum
704 2876 822 2904 praefigit,
840 2878 862 2898 et
878 2882 994 2899 numerus
1007 2876 1071 2898 omni
1082 2876 1116 2898 rei
1127 2876 1230 2904 speciem

382 2914 490 2943 praebet,
507 2917 530 2937 et
543 2914 638 2944 pondus
655 2920 748 2937 omnem
765 2920 815 2937 rem
832 2915 862 2937 ad
874 2915 976 2943 quietem
988 2915 1173 2941 aestabilitatem
1186 2918 1232 2937 tra-

382 2955 425 2983 hit,
444 2955 480 2977 ille
497 2954 604 2982 primitus
621 2957 644 2976 et
665 2954 779 2976 veraciter
796 2956 819 2976 et
840 2954 986 2982 singulariter
1004 2954 1046 2977 ista
1068 2957 1115 2982 est,
1132 2954 1172 2984 qui
1189 2957 1231 2977 ter-

382 2994 452 3016 minat
468 2993 546 3016 omnia
563 2997 585 3016 et
603 2994 686 3016 format
701 2993 777 3016 omnia
795 2996 817 3015 et
834 2993 924 3016 ordinat
941 2994 1032 3021 omnia;
1050 2994 1152 3023 nihilque
1168 2994 1230 3016 aliud

1287 2246 1374 2269 dictum
1397 2245 1555 2273 intelligitur...
1579 2244 1667 2268 Omnia
1693 2245 1718 2268 in
1739 2252 1855 2269 mensura
1877 2248 1900 2269 et
1919 2252 2021 2270 atumem
2043 2248 2065 2271 et
2081 2253 2139 2277 ptm-

1287 2285 1342 2309 dere
1358 2284 1508 2315 disposuisti,
1527 2285 1570 2307 nisi
1587 2285 1666 2307 omnia
1683 2285 1706 2307 in
1719 2288 1741 2308 te
1752 2285 1903 2314 disposuisti?
1915 2287 2025 2314 Magnum
2036 2289 2071 2310 est
2083 2293 2140 2315 pau-

1287 2325 1368 2354 cisque
1384 2331 1521 2348 concessum
1538 2325 1651 2347 excedere
1668 2325 1758 2353 omnia,
1776 2331 1837 2354 quae
1854 2325 1928 2348 metiri
1946 2329 2055 2354 possunt,
2072 2329 2097 2349 ut
2107 2326 2140 2349 vi-

1287 2364 1370 2387 deatur
1387 2370 1494 2387 mensura
1512 2364 1561 2387 sine
1578 2370 1699 2392 mensura3
1717 2364 1829 2387 excedere
1845 2365 1937 2392 omnia,
1951 2371 2012 2394 quae
2023 2366 2141 2388 numerari

1288 2407 1398 2432 possunt,
1417 2407 1440 2427 ut
1456 2404 1564 2427 videatur
1581 2410 1694 2427 numerus
1711 2404 1762 2426 sine
1784 2410 1882 2427 numero
1889 2413 1895 2432 5
1915 2405 2028 2428 excedere
2048 2405 2141 2433 omnia,
2280 2426 2282 2430 ,

1287 2449 1349 2472 quae
1365 2444 1467 2471 appendi
1484 2446 1592 2472 possunt,
1610 2446 1635 2466 ut
1652 2443 1760 2466 videatur
1776 2444 1869 2471 pondus
1886 2444 1936 2466 sine
1955 2444 2059 2472 pondere
2076 2444 2140 2474 (vide
2280 2436 2283 2486 ξ

1288 2482 1383 2505 inferius
1399 2485 1485 2505 sextam
1503 2482 1690 2511 expositionem).

1351 2520 1359 2534 ⁷
1377 2521 1439 2545 Libr.
1456 2522 1485 2545 de
1502 2523 1585 2545 Natura
1603 2522 1670 2550 boni,
1689 2528 1708 2545 c.
1726 2522 1754 2545 3:
1771 2522 1856 2545 Haec...
1873 2521 1913 2545 ubi
1930 2523 1991 2545 nulla
2008 2525 2072 2552 sunt,
2089 2523 2140 2546 nul·
2280 2505 2282 2553 ζ

1287 2563 1336 2585 lum
1357 2562 1446 2585 bonum
1463 2564 1505 2585 est.
2280 2556 2282 2562 ’

1352 2599 1438 2628 {Vide
1463 2607 1533 2629 supra
1559 2604 1612 2624 nota
1634 2601 1657 2624 6.
1679 2601 1724 2624 Cl'r.
1746 2602 1857 2630 Dialogus
1879 2601 1910 2623 65
1935 2602 1978 2630 Qq.
2000 2601 2075 2625 Orosii
2096 2604 2140 2625 etc.

1289 2641 1358 2670 (iuter
1374 2647 1445 2669 opera
1463 2640 1570 2670 August.)
1579 2660 1584 2670 ,
1596 2648 1619 2670 q.
1631 2641 1669 2664 39.
1686 2641 1748 2664 Alex.
1759 2642 1820 2670 Hah,
1838 2641 1861 2664 S.
1872 2647 1897 2669 p.
1909 2642 1934 2664 ll.
1946 2647 1969 2670 q.
1981 2641 2004 2664 7.
2015 2648 2057 2670 per
2068 2644 2138 2665 totam

1288 2681 1394 2703 diversos
1410 2681 1473 2703 locos
1490 2681 1612 2708 Augustini
1629 2682 1672 2703 hac
1689 2681 1718 2704 de
1734 2687 1760 2703 re
1776 2681 1841 2703 affert
1857 2683 1880 2703 et
1896 2680 1998 2709 exponit.

1351 2718 1361 2731 ⁹
1377 2720 1488 2748 August„
1506 2720 1543 2742 lV.
1559 2720 1589 2742 de
1606 2721 1663 2743 Gen.
1681 2720 1710 2743 ad
1728 2720 1759 2743 lit.
1776 2726 1797 2743 c.
1815 2720 1836 2742 t.
1852 2727 1876 2743 n.
1892 2721 1920 2742 8:
1937 2720 1976 2743 Est
1992 2719 2062 2742 etiam
2078 2726 2142 2743 men-

1287 2765 1347 2783 sura
1364 2759 1451 2788 aliquid
1468 2759 1565 2787 agendi,
1583 2765 1611 2782 ne
1623 2760 1651 2782 sit
1663 2759 1821 2782 irrevocabilis
1833 2762 1855 2782 et
1865 2759 2019 2782 immoderata
2030 2765 2140 2788 progres-

1288 2799 1334 2827 sio,
1352 2801 1374 2821 et
1390 2802 1424 2821 est
1440 2805 1556 2822 numerus
1573 2801 1596 2821 et
1611 2799 1759 2821 affectionum
1776 2799 1846 2822 animi
1863 2801 1886 2821 et
1902 2799 2027 2826 virtutum,
2045 2805 2093 2828 quo
2109 2798 2139 2821 ab

1288 2838 1395 2860 stultitiae
1411 2838 1556 2860 deformitate
1573 2838 1603 2860 ad
1619 2838 1745 2866 sapientiae
1762 2839 1861 2861 formam
1878 2838 1997 2867 decusque
2010 2838 2127 2866 colligitur
2133 2847 2138 2865 ;

1288 2879 1311 2899 et
1327 2879 1361 2899 est
1374 2875 1470 2906 pondus
1486 2876 1611 2899 voluntatis
1622 2880 1645 2899 et
1655 2877 1754 2905 amoris,
1772 2876 1812 2899 ubi
1823 2878 1930 2905 apparet,
1943 2876 2022 2905 quanti
2033 2875 2144 2905 quidque-

1289 2916 1311 2937 in
1328 2915 1472 2943 appetendo,
1491 2915 1615 2950 fugiendo,
1633 2916 1798 2944 praeponendo
1819 2915 2029 2944 postponendoque
2054 2914 2140 2943 penda-

1289 2957 1325 2976 tur
1340 2956 1384 2976 etc.
