2296 3316
5 631 86 682 (positi-o
92 631 121 650 lit-

6 655 117 699 ἑὸὲὲῇᾶῗπι.

5 715 9 750 l

1 3135 14 3186 *6³*”
0 3116 1 3120 Α

756 123 925 151 COMMENT.
948 123 980 151 IN
1001 122 1147 151 IOANNEM
1168 122 1196 150 C.
1220 123 1262 151 lV.

134 211 230 232 errore
251 202 368 235 reiecto,
392 203 521 230 hortatur
542 201 690 235 Dominus,
712 203 744 229 ut
764 203 843 229 vocet
864 200 981 234 virum,

135 250 161 278 id
182 252 224 279 est
243 249 370 278 naturale
392 248 507 277 rationis
527 247 674 282 iudicium,
695 249 728 276 ut
748 246 834 284 possit
854 246 917 275 fidei
939 254 982 275 sa-

134 299 275 326 cramenta
295 295 453 333 percipere,
475 297 503 323 et
522 303 578 323 non
599 294 634 323 sit
654 294 731 323 sicut
754 302 845 332 equus
865 297 890 322 et
918 302 982 322 mu-

134 343 197 377 lus,
225 342 331 382 quibus
358 350 417 370 non
443 345 485 370 est
511 341 667 370 intellectus
683 342 701 369 ¹.
723 340 781 369 Tali
809 340 916 369 animae
935 340 983 369 dat

134 390 268 419 Dominus
286 397 395 428 aquam
410 388 558 417 salientem
580 388 612 416 in
624 387 717 416 vitam
738 391 896 416 aeternam.
912 387 982 415 Haec

134 440 176 467 est
201 445 274 474 aqua
303 436 437 474 gratiae,
459 443 531 473 quae
551 443 567 463 a
597 435 654 463 Deo
675 434 830 468 descendit;
859 433 920 463 ideo
948 433 981 462 ad

133 484 221 513 Deum
236 483 317 512 salire
337 483 413 517 facit;
429 482 584 519 proprietas
605 481 678 511 enim
692 489 781 518 aquae
801 484 855 515 est,
876 484 908 509 ut
922 484 981 509 tan-

135 532 194 559 tum
214 529 355 564 ascendat,
376 531 512 566 quantum
533 527 674 557 descendit
685 528 704 555 Β.

213 576 258 605 34.
281 576 370 613 (Vers.
395 576 460 609 19.).
489 574 566 603 Dicit
585 574 612 603 ei
637 573 752 602 mulier.
774 573 908 610 Tangitur
936 572 981 600 hic

134 623 305 657 secundum;
328 625 474 659 postquam
495 621 568 650 enim
590 621 722 649 revelavit
742 623 897 653 secretum,
919 627 981 648 ma-

133 669 252 708 nifestat
272 669 403 698 dubium.
425 668 523 697 Mulier
537 668 611 697 enim
632 668 740 702 videns,
755 667 829 705 quod
848 667 982 695 Dominus

134 720 206 746 esset
226 716 350 754 cognitor
371 718 558 749 secretorum,
580 723 659 744 suam
672 715 872 744 dubitationem
887 713 982 742 termi-

134 764 252 793 nandam
273 763 418 800 proponit;
446 766 561 799 propter
588 762 662 799 quod
690 762 745 790 ait:
769 761 844 790 Dicit
872 761 898 790 ei
917 770 982 789 mu-

135 811 207 840 lier:
232 811 368 844 Domine,
395 809 494 844 video,
522 810 594 848 qaia
620 808 762 846 propheta
788 817 816 837 es
846 812 894 842 tn,
917 808 983 845 quia

135 857 238 887 scilicet
257 857 327 886 nosti
350 859 469 891 secreta,
491 860 519 886 et
545 856 583 885 ita
603 859 681 893 potes
708 855 875 893 respondere
902 855 983 884 dubi-

135 904 230 933 tationi
245 904 265 933 ³.

213 951 259 980 35.
281 951 370 987 (Vers.
394 951 461 983 20).
495 951 601 986 Patres
631 950 725 978 nostri
755 950 786 978 in
808 953 901 978 monte
931 948 983 978 ltoe

135 998 353 1032 adoraverunt,
376 998 480 1027 scilicet
494 997 630 1026 Abraham
653 999 680 1026 et
695 997 772 1025 Iacob
784 997 808 1030 ⁴²;
830 1000 855 1025 et
874 1005 925 1024 vos
939 996 982 1024 di-

134 1045 213 1079 citis,
229 1045 300 1083 qnia
321 1045 506 1082 lerosolymis
520 1048 562 1072 est
578 1044 671 1078 loeas,
687 1043 738 1072 abi
751 1044 880 1072 adorare
898 1052 982 1081 opor-

135 1095 178 1120 tet.
200 1091 225 1120 Si
241 1091 326 1128 igitur
347 1094 440 1128 patres
455 1093 520 1119 sunt
540 1090 680 1124 imitandi,
695 1090 833 1127 quomodo
853 1098 919 1127 ergo
934 1098 983 1119 vos

134 1138 187 1167 hoc
207 1138 311 1172 dicitis,
332 1138 410 1175 quasi
427 1145 530 1166 morem
554 1141 664 1174 patrum
681 1139 907 1166 contemnentes?
929 1137 982 1165 Hoc

134 1184 260 1213 dicebant
282 1184 371 1213 Iudaei
394 1187 507 1221 propter
532 1184 599 1212 illud
622 1183 825 1212 Deuteronomii
854 1183 982 1211 duodeci-

134 1240 179 1260 mo
193 1232 220 1260 ⁵:
246 1244 259 1256 «
274 1231 357 1265 Cave,
379 1239 413 1260 ne
435 1231 462 1259 in
487 1231 561 1260 omni
583 1231 642 1260 loco
659 1231 759 1259 offeras
778 1230 909 1264 Domino,
935 1230 982 1258 sed

134 1279 161 1307 in
183 1279 258 1313 loco,
279 1286 364 1316 quem
385 1278 499 1315 elegerit
512 1278 683 1307 Dominus».
706 1277 792 1306 Huius
813 1277 983 1314 quaestionis

133 1326 218 1355 dubio
239 1326 372 1355 Dominus
393 1325 535 1360 satisfacit,
557 1325 716 1359 ostendens,
738 1324 812 1362 quod
834 1332 924 1361 neque
945 1324 981 1352 ibi

134 1381 224 1411 neque
245 1373 271 1402 in
293 1373 392 1402 Iudaea
413 1373 533 1410 perfecte
553 1372 719 1406 adorabant;
741 1372 802 1400 ideo
822 1371 875 1399 ait:

213 1420 258 1449 36.
282 1420 370 1457 (Vers.
393 1421 460 1454 al).
491 1419 568 1448 Dicit
591 1419 617 1448 ei
638 1419 738 1447 lesus:
760 1418 874 1453 Mulier,
900 1418 982 1447 erecte

133 1466 224 1502 milti,
245 1467 316 1506 quia
336 1467 449 1495 veniet⁶
471 1465 561 1500 liora,
583 1466 701 1505 quando
722 1474 811 1504 neque
833 1465 865 1494 in
888 1469 982 1493 monte

135 1513 186 1543 hoc
199 1523 289 1553 neque
310 1513 495 1552 [erosolymis
513 1513 677 1542 adorabitis
692 1513 819 1541 Patrem.
842 1513 895 1541 Ista
914 1513 983 1541 hora

134 1564 176 1591 est
190 1565 301 1599 tempus
313 1561 443 1599 waliae,
459 1561 487 1589 in
508 1569 564 1598 quo
578 1560 659 1589 debet
672 1560 800 1589 evacuari
822 1568 902 1589 error
916 1567 981 1597 gen-

134 1608 224 1637 111111111
246 1611 273 1637 01
293 1603 394 1637 umbra
414 1608 608 1637 mandatorum
630 1607 767 1644 legalium.
784 1607 822 1635 De
843 1607 895 1635 hac
913 1607 983 1635 hora

134 1655 169 1684 ad
190 1656 325 1684 Romanos
345 1655 451 1684 decimo
472 1654 591 1683 tertio⁷:
619 1665 632 1679 «
646 1654 717 1682 Hora
737 1657 778 1682 est
800 1654 853 1682 iam
875 1661 924 1681 nos
948 1652 982 1681 de

134 1710 231 1731 somno
251 1709 382 1739 surgere;
411 1709 469 1730 nox
490 1701 655 1738 praecessit,
676 1700 734 1729 dies
762 1703 854 1729 autem
882 1707 982 1736 appro-

135 1749 279 1786 pinquavit
294 1761 307 1775 »
332 1752 383 1778 etc.
406 1749 476 1777 Haec
498 1748 567 1776 hora
588 1748 678 1776 locum
701 1747 833 1776 orationis
854 1755 908 1775 non
935 1746 983 1775 de-

135 1796 265 1825 terminat
285 1796 401 1829 alicubi,
424 1795 471 1824 sed
486 1794 606 1831 ubique;
628 1794 734 1831 primae
752 1793 786 1822 ad
806 1793 982 1822 Timotheum

135 1843 271 1872 secundo:
299 1855 312 1869 «
326 1843 406 1877 Volo,
428 1842 503 1871 viros
523 1849 605 1870 orare
626 1841 654 1870 in
675 1841 749 1870 omni
764 1841 839 1875 loco,
861 1841 983 1869 levantes

135 1898 221 1927 puras
241 1898 340 1919 manus
354 1901 368 1915 »
394 1893 445 1918 etc.
468 1889 500 1917 Et
520 1889 584 1917 licet
604 1896 654 1917 nec
675 1888 721 1917 hic
741 1896 792 1917 nec
811 1887 983 1924 lerosolymis

136 1937 255 1974 perfecte
280 1944 355 1965 nunc
383 1936 528 1970 adoretur,
554 1939 645 1964 tamen
674 1935 774 1964 melius
801 1935 981 1971 lerosolymis.

136 1984 197 2013 ldeo
216 1984 297 2013 dicit:

214 2029 260 2059 37.
286 2030 374 2067 (Vers.
400 2029 468 2065 22).
502 2029 553 2057 Vos
580 2029 715 2057 adoratis
742 2028 819 2067 quod
845 2028 983 2061 nescitis,-

135 2077 201 2115 quia
221 2078 319 2115 Legem
340 2085 394 2106 non
416 2076 535 2111 hahetis;
557 2076 636 2110 item,
658 2076 745 2105 Deum
767 2075 849 2105 simul
870 2077 898 2104 et
912 2075 984 2104 idola

135 2125 223 2154 colitis
244 2128 271 2154 et
291 2125 380 2153 Deum
401 2124 514 2153 localem
543 2124 654 2153 creditis
662 2134 668 2158 ;
691 2123 783 2161 quarti
811 2123 914 2159 Regum
937 2121 983 2150 de-

136 2172 206 2201 cimo
234 2172 372 2209 septimo⁸
393 2171 495 2200 dicitur
515 2171 549 2200 de
570 2171 765 2204 Samaritanis‚
786 2170 859 2207 quod
881 2169 984 2198 servie-

200 2328 208 2341 ¹
227 2329 308 2352 Psalm.
326 2329 368 2357 31,
385 2329 407 2351 9.
424 2341 456 2345 —
472 2328 518 2351 Cfr.
534 2329 645 2356 August,
662 2328 685 2350 in
708 2329 768 2350 ioan.
792 2329 880 2356 Evang.
903 2330 931 2350 tr.
948 2328 985 2350 45.

138 2375 159 2391 n.
177 2369 219 2391 22:
236 2368 277 2391 Hic
293 2368 329 2390 vir
347 2367 482 2397 [intellectus
498 2367 548 2390 sive
564 2373 641 2395 mens,
659 2373 720 2396 quae
736 2367 876 2390 illuminatur
887 2367 938 2389 luce
950 2373 985 2389 su-

138 2407 242 2436 periore,
260 2406 316 2429 ibid.
332 2413 355 2429 n.
374 2407 411 2429 19,
427 2409 450 2429 01
465 2405 512 2435 21.]
530 2406 634 2435 quinque
650 2406 692 2428 illis
709 2406 766 2428 viris
781 2406 805 2428 in
826 2406 866 2428 ista
891 2406 985 2428 muliere

137 2452 183 2469 non
201 2449 351 2469 successerat.
368 2445 411 2469 Ubi
429 2446 490 2468 enim
508 2451 554 2467 non
571 2445 675 2468 succedit
693 2445 743 2472 ille,
760 2451 824 2467 error
845 2445 985 2467 dominatur.

138 2486 195 2508 Nam
211 2491 265 2508 cum
282 2485 385 2513 coeperit
401 2485 478 2507 anima
497 2490 569 2512 capax
592 2490 643 2507 esse
664 2484 770 2512 rationis,
788 2487 827 2507 aut
849 2491 861 2506 a
883 2484 986 2512 sapiente

138 2527 214 2547 mente
229 2524 329 2553 regitur,
346 2527 385 2547 aut
402 2523 432 2546 ab
449 2530 551 2546 errore...
567 2524 636 2546 Error
652 2526 729 2546 autem
747 2524 788 2546 iste
805 2530 850 2546 non
867 2526 916 2546 erat
932 2524 986 2552 legi-

138 2563 208 2585 timus
225 2563 275 2590 vir,
292 2563 334 2586 sed
350 2563 452 2590 adulter;
465 2563 517 2585 ideo
533 2563 554 2585 ei
571 2562 683 2585 Dominus
695 2563 736 2584 ait:
749 2563 809 2586 Bene
821 2561 916 2590 dimisti,
929 2562 985 2592 quia

138 2608 187 2625 non
203 2601 276 2625 habeo
292 2602 380 2626 virum.
399 2601 508 2632 Quinque
524 2601 587 2624 enim
603 2601 668 2625 viros
689 2601 793 2625 habuisti
813 2604 856 2624 etc.
874 2601 919 2624 Csr.
936 2601 986 2624 Ori-

139 2647 204 2669 gen.‚
221 2641 243 2663 in
260 2642 320 2664 ioan.
337 2644 392 2663 torn.
412 2641 419 2663 vi
427 2641 449 2663 3.
466 2647 487 2663 u.
506 2641 526 2663 9.

201 2678 211 2692 ²
229 2680 286 2702 Vide
303 2680 359 2702 infra
375 2680 403 2707 7,
421 2680 459 2702 39.
476 2682 563 2708 quaest.
581 2680 596 2702 l.
614 2682 636 2702 et
652 2680 756 2702 Prooem.
773 2679 795 2701 in
813 2680 828 2701 1.
846 2679 906 2701 Sent.

202 2717 211 2731 ⁸
227 2720 244 2741 E
262 2719 331 2741 codd.
348 2719 511 2747 supplevimus
527 2717 584 2748 quia
600 2717 710 2741 scilicet...
727 2717 874 2741 dubitationi.

156 2760 159 2762 “
201 2756 212 2770 ⁴
229 2758 364 2780 Samaritani
376 2758 438 2780 enim
449 2757 540 2786 dicunt,
551 2757 576 2780 in
587 2760 665 2779 monte
675 2757 774 2779 Garizim
791 2757 901 2779 adorasse
916 2755 986 2779 Abra-

140 2798 193 2819 ham
206 2796 285 2826 ibique
293 2797 331 2819 fllii
341 2797 376 2819 sui
385 2797 523 2819 sacrificium
535 2802 629 2824 parasse
641 2796 692 2824 (cfr.
702 2796 831 2824 Chrysost.‚
841 2796 862 2818 in
875 2796 935 2817 ioan.
948 2796 986 2817 ho-

140 2836 186 2859 mil.
197 2837 234 2859 32.
251 2837 306 2859 alias
323 2837 361 2859 34.
377 2843 401 2859 n.
423 2836 468 2865 2.);
485 2842 498 2858 3
520 2834 615 2862 Iacobo,
632 2841 645 2857 e
667 2835 830 2863 Mesopotamia
847 2835 947 2862 reduce,
962 2835 986 2856 in

141 2875 224 2898 eodem
240 2878 318 2898 monte
334 2876 404 2898 altare
425 2875 527 2903 positum
545 2874 626 2901 fuisse,
643 2876 665 2896 et
686 2874 747 2897 iuxta
762 2875 837 2902 ipsum
855 2873 877 2895 in
895 2873 985 2895 Sichem

141 2914 257 2937 habitasse
270 2913 335 2943 (Gen.
353 2915 394 2942 33,
411 2914 444 2936 l8.
456 2913 541 2942 seqq.).
554 2913 678 2942 Origenes,
690 2913 713 2935 in
725 2914 787 2936 ioan.
798 2915 853 2936 tom.
867 2913 902 2934 13.
915 2919 937 2934 n.
950 2913 986 2940 ¹12,

1831 123 1887 151 295

1038 200 1105 228 bant
1124 200 1181 228 Deo
1202 203 1293 229 terrae
1314 203 1341 229 et
1362 200 1441 229 idolis
1462 200 1528 229 suis.
1553 199 1611 229 Nos
1632 200 1797 229 adoramus
1811 200 1890 238 qaod

1038 246 1166 279 seimus;
1181 255 1251 281 nOS,
1273 247 1376 275 scilicet
1397 247 1487 275 ludaei
1494 258 1501 281 ;
1522 247 1594 285 quia
1614 246 1699 275 salas
1713 256 1747 275 ecc
1770 247 1888 276 ludaeis

1038 296 1092 327 est,
1107 293 1134 321 id
1149 296 1190 322 est
1204 293 1331 322 Christus
1346 294 1478 328 salvator;
1494 294 1527 322 ad
1542 294 1650 322 Galatas
1665 294 1759 323 tertio:
1780 306 1793 319 «ι
1805 294 1888 323 Abra-

1039 340 1091 368 hae
1112 340 1200 368 dictae
1222 344 1287 368 sunt
1308 341 1503 377 promissiones
1524 344 1551 370 et
1572 341 1669 369 semini
1691 341 1751 370 eius
1770 353 1796 370 ».
1819 341 1889 378 Quia

1039 394 1105 423 ergo
1126 395 1176 416 nec
1198 387 1372 424 lerosolymis
1392 388 1512 424 perfecte
1527 388 1669 422 adoratur,
1691 388 1770 417 docet
1791 388 1889 417 mulie-

1039 441 1112 468 rem,
1133 433 1243 470 quando
1258 437 1285 462 et
1300 434 1438 470 quomodo
1464 434 1584 471 perfecte
1605 435 1750 469 adoretur,
1773 443 1807 464 ne
1827 443 1888 464 eam

1038 480 1158 509 detineat
1178 481 1205 508 in
1227 488 1370 517 suspenso.
1395 481 1455 509 [deo
1475 481 1556 510 dicit:

1118 527 1163 555 38.
1187 527 1275 563 (Vers.
1292 527 1359 563 ⁹23).
1384 528 1439 556 Sed.
1451 528 1527 556 venit
1548 527 1631 556 liora.
1648 528 1727 562 Dixi,
1743 528 1818 565 quod
1832 537 1888 558 non

1039 574 1158 610 perfecte
1179 574 1314 608 adoratis,
1343 574 1409 611 quia
1429 575 1517 603 Deum
1538 575 1656 604 localem
1685 576 1814 609 creditis,
1837 583 1887 604 nec

1040 620 1129 649 ludaei
1151 621 1287 657 perfecte,
1315 622 1381 658 quia
1400 621 1454 649 sub
1482 621 1598 659 figaris
1622 623 1677 651 Sed
1698 623 1773 651 venit
1794 622 1885 657 liora,

1039 667 1142 696 scilicet
1162 668 1282 704 gratiae,
1303 671 1329 696 et
1348 677 1428 696 nane
1448 672 1502 702 est,
1524 669 1590 706 quia
1611 669 1738 698 Christus
1766 669 1820 697 iam
1842 677 1888 698 ve-

1039 717 1133 748 nerat;
1156 715 1274 752 qnando
1294 715 1357 743 veri
1378 715 1551 743 adoratores
1572 715 1740 744 adorabunt
1770 716 1889 744 Patrem

1039 761 1071 789 in
1090 762 1200 798 spirita
1214 766 1240 790 et
1260 762 1397 790 veritate:
1413 762 1444 790 in
1465 762 1591 799 spirita,
1607 766 1703 791 contra
1725 763 1888 792 localitatem

1039 810 1067 837 et
1087 808 1303 845 corpulentiam;
1325 808 1357 837 in
1377 809 1510 843 veritate,
1533 809 1635 838 reiecta
1655 809 1767 844 umbra;
1790 817 1889 838 secun-

1039 854 1106 883 dum
1127 855 1201 892 quod
1223 855 1330 884 dicebat
1350 856 1495 893 Apostolus
1516 856 1652 885 secundae
1673 856 1706 884 ad
1732 856 1889 885 Corinthios

1040 902 1159 930 terti0⁹:
1185 913 1199 926 «
1213 902 1266 930 Nos
1288 903 1408 931 revelata
1429 902 1497 931 facie
1523 903 1638 939 gloriam
1662 903 1768 931 Domini
1790 911 1888 939 specu-

1040 948 1141 982 lantes,
1164 949 1398 978 transformamur
1419 949 1447 978 in
1469 950 1583 978 eandem
1602 950 1748 987 imaginem
1770 958 1786 978 a
1808 950 1888 978 clari-

1040 998 1094 1024 tate
1117 1008 1130 1021 »
1155 998 1206 1025 etc.
1228 996 1306 1032 Quod
1335 996 1389 1025 sint
1414 997 1458 1026 isti
1487 996 1544 1025 veri
1574 997 1748 1031 adoratores,
1770 997 1889 1026 ostendit

1039 1042 1147 1071 dicens:
1171 1042 1248 1071 Nam
1269 1046 1296 1071 et
1324 1044 1413 1072 Pater
1435 1044 1504 1072 tales
1532 1045 1664 1083 qaaerit,
1687 1045 1739 1082 qai
1766 1045 1890 1073 adorent

1039 1098 1122 1123 earm
1150 1090 1263 1126 supple:
1292 1090 1363 1119 sicut
1390 1090 1494 1119 dictum
1523 1095 1579 1126 est,
1609 1092 1640 1119 in
1660 1091 1769 1128 spirita
1797 1095 1823 1120 et
1843 1100 1887 1119 ve-

1039 1136 1134 1164 ritate.

1118 1182 1164 1211 39.
1187 1183 1276 1219 (Vers.
1291 1183 1363 1217 24).
1381 1184 1511 1221 Spiritus
1531 1188 1572 1213 est
1589 1185 1679 1219 Deus,
1702 1193 1754 1213 non
1771 1192 1887 1221 corpus,

1040 1231 1071 1257 ut
1086 1237 1134 1257 vos
1156 1229 1282 1263 creditis;
1300 1230 1382 1258 Isaiae
1397 1231 1609 1268 quadragesimo
1622 1232 1657 1259 ¹⁰:
1682 1243 1695 1255 «
1706 1231 1755 1259 Cui
1771 1231 1888 1259 similem

1039 1276 1219 1305 existimastis
1233 1276 1341 1305 Deum?
1356 1278 1408 1305 Aut
1423 1285 1506 1314 quam
1524 1277 1670 1314 imaginem
1693 1278 1799 1314 ponetis
1814 1278 1837 1306 ei
1853 1280 1888 1305 n?

1041 1323 1076 1350 Et
1102 1331 1148 1351 eos
1176 1323 1228 1361 qui
1255 1324 1383 1352 adorant
1408 1332 1491 1358 eam,
1520 1324 1551 1352 in
1578 1324 1688 1361 spiritu
1716 1328 1742 1352 et
1768 1324 1889 1353 veritate

1039 1373 1148 1407 oportet
1168 1370 1315 1404 aelorare,·
1336 1374 1368 1399 ut
1388 1371 1427 1399 sic
1448 1371 1472 1400 ei
1494 1371 1711 1405 conformentur,
1733 1374 1764 1400 111
1785 1371 1839 1400 sint
1860 1371 1888 1399 in

1038 1417 1163 1455 spiritu,
1185 1426 1239 1446 non
1261 1418 1287 1446 in
1317 1425 1418 1451 carne;
1440 1418 1474 1446 ad
1497 1418 1632 1446 Romanos
1659 1421 1774 1446 octavo:
1802 1429 1815 1443 (ι
1836 1418 1889 1454 Qui

1038 1464 1066 1493 111
1088 1472 1171 1493 031110
1192 1468 1257 1494 sunt
1272 1465 1327 1494 Deo
1350 1465 1458 1502 placere
1472 1474 1527 1494 non
1549 1468 1665 1502 possunt
1680 1476 1710 1500 »;
1726 1465 1781 1493 sint
1802 1465 1829 1493 in
1844 1474 1889 1494 ve-

1038 1511 1140 1545 ritate,
1164 1520 1218 1540 non
1239 1512 1267 1540 in
1289 1512 1414 1547 fictione3
1437 1512 1592 1549 Sapientiae
1612 1512 1718 1549 primo:
1744 1512 1889 1549 «Spiritus

1039 1562 1150 1587 sanctus
1170 1558 1331 1595 disciplinae
1351 1559 1463 1596 effugiet
1482 1559 1578 1588 fictum
1593 1572 1620 1588 ».

1118 1606 1164 1633 40.
1187 1606 1275 1642 (Vers.
1292 1606 1359 1641 Ἧι).
1385 1606 1460 1634 Dicit
1474 1607 1501 1635 ei
1518 1606 1632 1635 mulier.
1650 1607 1696 1635 Hic
1718 1607 1771 1635 iam
1793 1606 1888 1641 tertio,

1040 1659 1076 1680 ex
1095 1659 1150 1688 quo
1171 1652 1355 1681 manifestavit
1376 1652 1506 1686 dubium,
1522 1653 1618 1690 aperit
1630 1652 1699 1690 fidei
1718 1661 1888 1681 sacramen-

1040 1702 1110 1726 tum.
1134 1698 1231 1727 Mulier
1252 1699 1339 1733 enlm,
1360 1707 1376 1727 a
1396 1699 1512 1728 Domino
1533 1699 1683 1733 instructa,
1698 1700 1732 1728 ad
1747 1700 1888 1728 Christum

1039 1747 1066 1773 et
1100 1748 1210 1782 tempus
1240 1746 1344 1782 gratiae
1376 1746 1489 1775 oculum
1524 1746 1750 1775 considerationis
1781 1747 1887 1781 elevat;

1040 1795 1153 1829 propter
1168 1792 1242 1829 quod
1257 1793 1306 1821 ait:
1324 1792 1401 1821 Dicit
1414 1792 1441 1821 ei
1453 1792 1573 1821 mulier:
1590 1793 1665 1826 Scio,
1681 1793 1752 1831 qnia
1768 1793 1889 1821 Messias

1039 1840 1131 1873 venit,
1157 1839 1209 1878 qni
1229 1840 1338 1868 dieitur
1355 1839 1503 1873 Christas;
1524 1848 1591 1868 cum
1616 1848 1685 1877 erqo
1705 1840 1815 1868 venerit
1828 1839 1887 1874 ille,

1040 1887 1122 1916 nobis
1136 1886 1326 1915 annuntiabit
1339 1887 1440 1915 omnia
1452 1888 1483 1915 ¹¹.
1502 1887 1609 1916 Sciebat
1624 1887 1676 1916 hoc
1694 1887 1807 1921 mulier;
1823 1887 1889 1924 quia

1040 1934 1201 1963 Samaritani
1224 1935 1322 1971 Legem
1351 1934 1548 1968 admittebant,
1577 1934 1742 1968 credebant,
1768 1934 1889 1963 maxime

1040 1981 1106 2019 quia
1125 1981 1253 2010 Christus
1274 1981 1302 2009 in
1323 1981 1392 2018 Lege
1414 1981 1627 2017 promittebatur
1649 1988 1703 2009 non
1722 1983 1829 2009 tantum
1846 1981 1889 2009 lu-

1039 2028 1129 2062 daeis,
1151 2028 1198 2057 sed
1213 2031 1240 2057 et
1254 2028 1397 2065 gentibus;
1413 2027 1525 2057 Genesis
1538 2027 1749 2065 quadragesimo
1768 2036 1840 2056 nono
1854 2024 1887 2056 ¹2}

1045 2087 1059 2101 «
1073 2076 1130 2104 Non
1152 2075 1295 2104 auferetur
1317 2077 1457 2111 sceptrum
1475 2075 1508 2103 de
1530 2074 1595 2103 Iuda
1609 2078 1637 2103 et
1656 2075 1716 2103 dux
1730 2074 1764 2103 de
1785 2074 1889 2103 femore

1041 2123 1116 2156 eius,
1138 2122 1224 2150 donec
1252 2122 1343 2150 veniat
1364 2121 1412 2158 qui
1439 2121 1590 2150 mittendus
1617 2124 1674 2156 est,
1702 2124 1730 2150 et
1750 2121 1808 2158 ipse
1836 2121 1889 2150 erit

1040 2169 1211 2206 exspectatio
1239 2169 1364 2205 gentium
1388 2180 1414 2196 ».
1437 2168 1478 2196 Ex
1506 2176 1562 2205 quo
1583 2168 1669 2205 igitur
1696 2168 1797 2196 mulier
1825 2176 1888 2205 per—

1043 2328 1125 2355 allegat
1142 2327 1209 2349 Deut.
1225 2326 1267 2353 27,
1286 2326 1327 2348 42:
1344 2326 1370 2348 Et
1387 2325 1480 2347 stabunt
1497 2325 1526 2347 ad
1547 2324 1732 2347 benedicendum
1750 2325 1836 2353 populo
1854 2331 1889 2347 su-

1043 2372 1085 2395 per
1102 2369 1204 2388 montem
1221 2366 1333 2392 Garizim,
1352 2365 1445 2387 iordane
1462 2364 1607 2391 transmisso,
1625 2364 1730 2391 Simeon,
1747 2364 1803 2386 Levi
1820 2367 1862 2386 etc.

1105 2403 1115 2416 ⁶
1132 2405 1198 2427 Vers.
1216 2405 1253 2427 43.
1271 2406 1293 2426 et
1310 2404 1352 2426 44:
1369 2403 1439 2430 Cave,
1451 2409 1479 2425 ne
1490 2403 1573 2425 offeras
1590 2403 1724 2426 holocausta
1741 2403 1814 2425 1113111
1826 2403 1888 2425 0111111

1042 2445 1105 2472 loco⁷
1122 2450 1193 2472 quem
1210 2444 1308 2471 videris,
1326 2443 1367 2465 sed
1384 2443 1405 2464 in
1423 2449 1450 2465 eo
1468 2448 1537 2471 quem
1555 2444 1598 2464 etc.

1104 2481 1114 2494 ⁶
1132 2485 1161 2505 lta
1178 2483 1246 2505 etiam
1264 2482 1327 2505 card.
1345 2483 1412 2510 Hugo
1429 2484 1451 2503 et
1468 2482 1492 2503 B.
1512 2480 1609 2509 Albert.,
1627 2481 1726 2509 Vulgata
1743 2480 1812 2504 venit.

1105 2520 1113 2533 ⁷
1132 2522 1197 2544 Vers.
1216 2522 1253 2544 Μ.
1275 2527 1324 2550 seq.
1341 2533 1372 2537 —
1389 2520 1497 2549 Sequitur
1522 2520 1536 2542 Ι.
1562 2520 1622 2543 Tim.
1648 2520 1675 2547 2,
1701 2520 1721 2542 8.
1747 2520 1795 2542 Non
1821 2520 1889 2548 pauci

1042 2562 1124 2584 codd:
1145 2560 1212 2589 Volo,
1229 2560 1294 2584 viros
1310 2560 1336 2583 in
1352 2559 1418 2583 omni
1435 2559 1485 2583 loco
1503 2559 1581 2582 levare
1597 2562 1639 2582 ew.

1105 2598 1114 2612 ⁸
1131 2601 1198 2622 Vers.
1217 2600 1254 2622 33.
1271 2602 1293 2622 et
1310 2599 1347 2621 41.
1364 2611 1395 2615 -
1412 2599 1466 2628 Seq.
1487 2599 1552 2621 locus
1573 2600 1608 2621 est
1628 2598 1676 2621 Gal.
1698 2599 1725 2626 3,
1743 2599 1785 2627 16,
1802 2598 1825 2621 111
1841 2605 1888 2628 quo

1042 2646 1085 2668 pro
1102 2638 1177 2662 dictae
1193 2639 1271 2666 plures
1287 2638 1355 2661 codd.
1372 2637 1448 2661 datae.

1105 2676 1115 2689 ⁹
1131 2678 1197 2700 Vers.
1215 2678 1253 2699 ⁴8.

1106 2715 1125 2729 ¹⁰
1144 2718 1208 2739 Vers.
1221 2717 1257 2743 ⁴8,
1269 2716 1309 2739 ubi
1323 2716 1420 2744 Vulgata
1432 2718 1454 2738 et
1464 2715 1494 2739 C:
1505 2715 1547 2739 Cui
1559 2715 1656 2738 similem
1669 2715 1753 2738 fecistis
1762 2716 1836 2738 Deum
1845 2718 1888 2738 etc.

1043 2768 1073 2773 —
1092 2756 1141 2778 Duo
1158 2762 1224 2784 seqq.
1240 2755 1283 2777 loci
1301 2757 1355 2777 sunt
1370 2755 1438 2777 Rom.
1455 2755 1482 2783 8,
1500 2755 1522 2777 8.
1539 2757 1561 2777 et
1578 2754 1632 2782 Sap.
1649 2754 1675 2781 ⁴,
1693 2755 1714 2777 5.

1106 2793 1124 2806 ¹¹
1143 2793 1217 2817 Codd.
1239 2794 1329 2822 legunt:
1347 2792 1414 2822 Scio,
1431 2792 1495 2823 quod
1515 2792 1614 2816 Messias
1637 2792 1711 2821 venit,
1729 2794 1750 2816 et
1766 2792 1806 2816 ille
1822 2792 1888 2816 nobis

1042 2832 1194 2857 annuntiabit
1210 2832 1299 2856 omnia.

1106 2871 1125 2884 ¹²
1143 2872 1208 2894 Vers.
1227 2872 1264 2895 to.
1275 2884 1306 2888 —
1317 2872 1430 2900 Superius
1441 2877 1484 2900 pro
1495 2871 1553 2901 quia
1564 2870 1672 2895 Christus
1683 2877 1729 2893 non
1740 2871 1806 2899 pauci
1819 2870 1889 2893 codd.

1043 2912 1097 2934 satis
1113 2910 1173 2933 bene
1190 2910 1253 2940 qnod
1270 2910 1386 2934 Christus.

1905 768 2019 790 Notandum.

1905 1612 1996 1631 Tertium.
