2296 3316
221 380 317 404 Exposuit»
324 381 352 399 nt-

251 404 322 422 tsi-alis.

241 427 267 446 be
281 427 348 451 primo.

214 1692 243 1711 De
254 1692 343 1711 seeundo.

370 157 406 185 86

367 235 491 271 qratiam
507 234 588 263 tertio
599 237 712 270 propter
729 233 944 270 ineptitudinem
960 233 1099 265 metitiae:
1114 236 1214 270 quarto

369 284 480 318 propter
493 280 708 309 subversionem
724 280 869 313 iustiliae,
884 279 919 308 ob
934 287 1057 308 amorem
1073 280 1212 316 pecuniae.

416 328 504 363 (Vers.
522 328 563 355 16.
578 328 643 361 17.).
654 327 767 363 Propter
778 326 1027 355 deordinationem
1037 326 1125 364 yttlae
1135 335 1214 364 prae-

367 374 438 402 latus
459 373 576 402 carnalis
590 377 617 402 et
632 373 765 402 remissus
779 377 820 401 est
835 373 1003 410 praelatione
1025 373 1169 411 indignus,
1188 377 1214 402 et

368 429 415 449 vae
430 421 469 449 eis
487 420 534 457 qui
557 428 621 449 eum
642 420 692 449 sibi
716 420 888 457 praeficiunt.
912 420 972 449 Ideo
992 420 1073 449 dicit:
1094 421 1150 449 Vae
1164 420 1216 449 tibi

367 471 460 501 terra,
476 468 562 496 eones
574 476 626 496 rese
635 476 712 504 puer
726 471 779 501 est,
795 467 820 495 id
836 471 876 496 est
888 464 1214 504 insecutor'passionum;

366 515 444 552 pueri
459 515 532 543 enim
554 514 712 551 passionum
735 518 800 543 sunt
821 514 1004 548 insecutores;
1021 515 1103 551 Isaiae
1118 515 1215 551 penul-

366 562 431 590 timo
445 562 466 589 ¹:
484 573 497 587 «1
513 561 583 590 Puer
595 564 706 589 centum
718 569 855 589 annorum
868 562 1004 590 morietur
1018 574 1045 589 ν.
1062 561 1123 590 {deo
1144 569 1213 595 vac,

365 608 430 645 quia
444 608 549 636 occasio
570 608 753 636 damnationis
773 611 901 637 aeternae
921 611 948 637 et
966 608 1077 645 signum
1091 608 1214 644 indigna-

365 655 446 683 tionis
466 655 586 687 divinae;
608 654 691 683 Isaiae
714 655 810 683 tertio:
831 666 844 680 «
859 655 934 683 Dabo
956 662 1058 692 pueros
1076 654 1215 691 principes

364 709 470 736 eorum,
485 704 512 730 et
526 702 673 730 effeminati
687 702 905 730 dominabuntur
920 702 959 730 eis
974 714 999 729 ».
1018 698 1048 729 Et
1062 701 1127 738 quia
1138 701 1214 737 prin-

364 749 438 785 cipes
452 752 609 785 sequuntur
621 749 733 783 ducem,
749 749 810 777 ideo
824 749 904 778 dicit:
923 750 956 777 Et
970 748 1056 777 cuius
1064 747 1214 784 principes

364 804 449 824 »zone
469 796 629 830 comedent,
651 797 704 824 cito
726 800 891 833 quaerentes
911 795 1096 828 delectabilia;
1112 797 1139 823 et
1154 794 1214 823 ideo

364 850 472 879 semper
494 847 559 872 sunt
579 843 761 880 insipientes,
784 843 849 880 quia
870 842 972 871 dicitur
999 841 1213 870 Proverbiorum

363 890 531 927 vigesim021
559 890 743 919 «Luxuriosa
774 898 818 918 res
849 893 890 918 est
922 889 1034 922 vinum,
1057 891 1084 917 et
1110 889 1213 917 tumul-

364 941 443 966 tuosa
464 937 597 971 ebrietas,
620 937 790 974 quicumque
822 937 865 965 his
892 936 1061 970 delectatur,
1084 944 1137 964 non
1160 936 1213 964 erit

364 984 472 1021 sapiens
487 996 512 1012 ».
530 1000 566 1004 -
583 984 614 1012 Et
628 984 693 1020 quia
712 996 725 1008 (ι
740 984 865 1020 opposita
887 983 966 1011 iuxta
981 990 1009 1011 se
1025 983 1113 1019 posita
1127 982 1213 1020 magis

364 1031 524 1060 elucescunt
539 1043 566 1063 n,
588 1030 761 1059 commendat
777 1030 963 1063 contrarium,
980 1030 1006 1058 in
1021 1030 1082 1059 eius
1095 1029 1213 1059 detesta-

365 1078 464 1106 tionem
484 1078 596 1106 'dicens:
620 1078 711 1105 Beata.
733 1081 830 1110 terra,
852 1077 939 1105 cuins
959 1086 1012 1105 rea:
1033 1081 1074 1105 est
1093 1076 1212 1111 nobilis,

362 1125 503 1153 nobilitate
533 1124 635 1153 seilicet
667 1132 792 1157 morum,
826 1123 891 1160 quia
923 1123 1059 1152 nobilitas
1087 1124 1144 1152 sola
1172 1127 1213 1152 est

363 1179 433 1209 quae
455 1172 579 1200 animum
601 1171 726 1200 moribus
747 1174 842 1205 ornat;
864 1171 898 1199 de.
920 1179 976 1207 quo
998 1171 1211 1200 Proverbiorum

362 1219 497 1247 ultimo³:
526 1218 655 1247 «Nobilis
677 1218 704 1246 in
726 1218 814 1255 portis
836 1218 878 1246 vir
906 1218 981 1252 eius,
1004 1218 1115 1255 quando
1136 1218 1212 1247 sede-

362 1266 398 1294 rit
419 1274 482 1294 cum
505 1266 679 1294 senatoribus
700 1269 830 1294 terrae».
856 1266 884 1294 Et
907 1266 973 1303 quia
1004 1266 1143 1303 principes
1170 1273 1212 1293 se-

362 1316 489 1349 quuntur
520 1313 634 1346 ducem,
664 1313 724 1341 ideo
753 1313 861 1341 subdit:
893 1314 926 1341 Et
953 1313 1040 1341 czlitls
1062 1313 1212 1350 principes

363 1364 519 1388 vescuntur
542 1364 666 1397 tempore
687 1368 758 1393 sao,
780 1360 806 1388 id
828 1364 869 1388 est
892 1361 961 1388 hora
981 1360 1073 1389 debita
1088 1364 1149 1397 post
1164 1368 1211 1389 ne-

361 1407 434 1444 gotia
454 1407 595 1444 expedita,
618 1411 644 1435 et
666 1407 718 1436 hoc
739 1408 779 1435 acl
800 1407 1005 1444 reficiendum,
1027 1416 1086 1435 non
1102 1407 1147 1436 'ad
1168 1407 1212 1435 lu-
1235 1422 1237 1424 v

361 1454 502 1487 muriam
525 1454 738 1482 interlinearis.-
765 1455 912 1482 «Tantum
934 1454 1098 1488 comedunt,
1120 1458 1151 1483 ut
1172 1454 1212 1483 vi—

361 1504 441 1535 vant3
467 1510 521 1530 non
543 1502 655 1535 vivunt,
678 1505 708 1529 ut
729 1501 914 1534 comedant»,
936 1501 1008 1530 sicut
1028 1501 1082 1536 illi,
1102 1501 1135 1530 de
1150 1502 1212 1538 qui-

361 1548 414 1577 bus
445 1549 581 1577 secundae
613 1549 682 1577 Petri
716 1549 852 1577 secundo:
890 1548 1159 1585 «Coinquinationes
1185 1552 1212 1578 et

361 1595 484 1624 maculae
505 1595 609 1624 deliciis
630 1595 790 1629 affluentes,
806 1596 833 1623 in
848 1595 981 1624 conviviis
996 1596 1210 1625 luxuriantes».

441 1642 529 1679 (Vers.
555 1643 619 1671 183.
643 1643 677 1670 ln
702 1642 835 1680 pigritiis
863 1641 1070 1671 humiliabitur·
1091 1646 1141 1671 etc.
1165 1643 1211 1672 Hic

361 1689 482 1718 secundo
502 1689 668 1723 ostenditur,
691 1690 781 1726 ipsum
803 1690 958 1726 praelatum
980 1689 1127 1718 remissum
1142 1689 1212 1718 indi-

361 1744 446 1772 gnum
477 1743 536 1764 esse
565 1740 678 1773 propter
700 1736 872 1765 otiositatem
890 1736 1048 1774 plyritiae,
1071 1736 1103 1764 ad
1126 1745 1210 1773 quam

361 1783 539 1820 consequitur
570 1783 722 1812 destructio
749 1783 849 1812 domus
880 1787 1063 1812 constructae.
1097 1784 1211 1820 Propter

360 1830 434 1867 quod
455 1830 536 1859 dicit:
563 1831 597 1858 ln
627 1831 759 1868 piyritiis
787 1829 993 1859 lzwniliabittlr
1022 1830 1209 1868 contignatio.

362 1878 544 1915 Contiynatio
575 1878 676 1907 dicitur
708 1878 865 1907 coniunctio
897 1878 1035 1915 lignorum
1057 1878 1092 1907 ad
1113 1886 1211 1915 coope-

360 1925 484 1953 riendam
499 1925 611 1953 domum
624 1926 643 1953 4.
660 1925 712 1953 Ista
728 1924 904 1954 humiliatur
920 1926 951 1953 in
962 1926 1112 1963 piyritiis,
1132 1925 1210 1962 quia,

360 1970 427 1999 dum
458 1971 607 2008 negligitur
643 1972 783 2008 reparari,
819 1972 944 2005 corruit;
980 1972 1018 2000 sic
1049 1971 1131 2000 etiam
1163 1971 1210 2000 de-

360 2018 480 2046 struitur
501 2018 656 2046 aediticium
683 2018 826 2055 spirituale
848 2026 898 2055 per
918 2018 1072 2055 pigritiam;
1096 2019 1210 2047 Prover—

360 2065 469 2093 biorum
491 2064 597 2093 decimo
618 2066 752 2094 octavo⁵:
779 2076 793 2090 «
807 2066 859 2102 Qui
881 2066 971 2094 mollis
1002 2068 1029 2094 et
1059 2066 1210 2095 dissolutus

360 2114 402 2140 est
422 2112 449 2140 in
470 2120 554 2149 opere
581 2120 632 2140 suo
659 2112 745 2141 frater
770 2115 811 2141 est
831 2120 916 2149 opera
937 2120 988 2141 sua
1008 2112 1166 2150 dissipantis
1181 2125 1207 2141 ι).

363 2159 393 2187 Et
413 2159 493 2196 quia,
515 2159 562 2187 ubi
584 2165 639 2187 non
660 2162 701 2187 est
723 2159 804 2188 timor
827 2159 933 2188 Domini
955 2167 1097 2196 pungens,
1113 2163 1210 2196 regnat

360 2206 485 2243 pigritia;
507 2206 568 2234 ideo
588 2206 689 2235 dicitur
712 2206 893 2235 Ecclesiastici
922 2206 1054 2243 vigesimo
1076 2206 1208 2243 septimo:

365 2264 379 2277 α
393 2252 420 2280 Si
440 2261 495 2281 non
517 2253 543 2281 in
567 2253 664 2282 timore
687 2253 793 2281 Domini
816 2253 940 2282 tenueris
954 2257 980 2281 te
995 2253 1139 2294 instanter,
1155 2253 1209 2281 cito

360 2299 540 2328 subvertetur
560 2300 659 2329 domus
681 2304 729 2329 tua
742 2313 769 2328 ιι.
788 2301 821 2328 Et
834 2301 867 2329 in
880 2300 1050 2338 infirmitate
1064 2309 1209 2329 manuum

356 2347 530 2384 perstillabit
551 2348 663 2376 domus.
687 2348 758 2377 ldem
785 2348 866 2382 dicit,
889 2348 935 2377 sed
956 2348 1044 2385 magis
1064 2349 1207 2385 explanat;

423 2524 431 2537 ¹
450 2526 516 2548 Vers.
533 2526 574 2553 20,
592 2525 649 2548 ibid.
668 2526 689 2553 3,
708 2526 727 2548 4.
746 2529 779 2549 est
796 2533 845 2555 seq.
863 2527 933 2549 locus.

422 2565 431 2579 ¹²
451 2566 514 2587 Vers.
534 2566 555 2587 1.
571 2578 603 2582 -
619 2566 724 2592 Aristot.,
742 2566 756 2587 1.
774 2566 866 2588 Elench.
879 2572 898 2588 c.
912 2566 949 2588 ⁴4.
963 2566 991 2594 (c.
1005 2566 1065 2593 ·15.);
1086 2576 1097 2586 ιι
1110 2567 1208 2594 Apposi-

361 2606 387 2627 tis
399 2605 459 2627 enim
473 2605 533 2627 iuxta
550 2611 574 2627 se
592 2605 723 2631 contrariiS,
737 2604 824 2627 minora
837 2608 859 2627 et
871 2606 958 2627 maiora
970 2609 1083 2634 apparent
1094 2609 1116 2628 et
1128 2606 1207 2634 peiora

360 2647 382 2666 et
398 2644 493 2666 meliora
510 2643 643 2666 hominibus
656 2652 676 2665 n.
695 2644 721 2665 Et
738 2644 762 2666 11,
780 2643 809 2665 de
826 2643 894 2666 Caelo
919 2646 941 2666 et
966 2644 1067 2671 mundo,
1092 2647 1146 2666 text.
1171 2643 1207 2666 40.
1236 2638 1238 2656 ¹¹

361 2683 390 2712 (c.
408 2683 454 2711 6.):
472 2682 620 2705 Sensibiliora
637 2683 698 2705 enim
716 2686 770 2705 sunt
787 2683 850 2705 iuxta
865 2689 890 2705 se
907 2683 1007 2705 invicem
1026 2684 1108 2712 posita.

422 2720 432 2733 ³
451 2722 516 2744 Vers.
534 2722 571 2744 23.
587 2734 617 2738 —
635 2722 743 2751 Sequitur
760 2723 784 2744 ll.
801 2723 861 2744 Petr.
879 2723 904 2749 2,
923 2722 964 2745 ⁴3:
981 2722 1207 2751 Coinquinationes...

359 2761 382 2783 in
400 2762 514 2784 conviviis
531 2762 578 2784 suis
595 2762 734 2784 luxuriantes
751 2761 879 2784 vobiscum.
903 2762 1006 2784 Glossam
1030 2761 1208 2785 interlt'marem

359 2800 451 2823 exhibet
467 2801 570 2828 Lyranus
588 2801 609 2822 in
627 2801 699 2823 Eccle.
718 2801 760 2829 40,
778 2801 816 2823 17.

422 2839 432 2851 “
448 2840 527 2862 Glossa
545 2839 706 2863 interlinearis
718 2840 739 2862 in
752 2841 814 2863 hunc
826 2841 901 2863 locum
914 2841 976 2869 apud
989 2841 1117 2869 Lyranum:
1132 2840 1207 2870 Tiqna

360 2879 480 2906 congeries
505 2879 608 2906 lapidum
634 2879 670 2901 vel
697 2879 821 2901 domorum
845 2878 922 2908 [Card.
938 2880 1006 2907 Hugo
1023 2886 1036 2901 a
1052 2881 1076 2902 S.
1092 2879 1168 2902 Charo
1185 2880 1206 2901 in

360 2918 421 2939 hunc
438 2917 527 2939 locum:
545 2917 700 2947 contignatio,
726 2918 749 2940 id
775 2920 809 2940 est
834 2918 950 2946 tignorum
976 2919 1128 2947 constructio;
1145 2918 1207 2946 tigna

360 2959 413 2979 sunt
429 2956 488 2984 ligna
507 2956 617 2984 aedificii,
634 2963 693 2985 qnae
712 2957 733 2978 in
751 2958 832 2984 gallico
850 2963 962 2985 caprones
980 2958 1112 2986 (chevrons)
1131 2958 1208 2980 dicun-

1235 2765 1238 2808 1

994 155 1164 184 COMMENT.
1187 155 1219 183 ΙΝ
1235 154 1476 200 :ECCLESIASTEN
1497 156 1524 184 C.
1546 156 1576 185 X.

1272 233 1377 261 domus
1395 234 1556 270 perstillat,
1579 234 1689 271 quando
1710 239 1751 264 est
1772 236 1897 273 pluviosa
1918 240 1945 265 et
1959 245 2013 265 non
2027 238 2120 267 desen-

1271 279 1312 308 dit
1332 280 1366 308 ab
1387 280 1523 310 imbribus
1551 281 1578 309 in
1599 289 1655 318 qua
1682 290 1736 311 non
1761 285 1802 311 est
1829 283 1948 318 bonum;
1970 292 2020 313 nec
2041 292 2119 314 secu-

1273 335 1335 356 rum
1358 335 1430 362 esse;
1459 328 1533 357 unde
1558 328 1771 358 Proverbiorum
1800 330 1932 367 vigesimo
1963 331 2118 368 septim0⁶:

1277 386 1290 400 «
1305 375 1387 403 Tecta
1407 374 1589 411 perstillantia
1610 375 1637 403 in
1658 375 1702 404 die
1723 376 1833 413 frigoris
1847 380 1874 406 et
1888 377 2005 414 litigiosa
2018 378 2119 407 mulier

1272 424 1509 458 comparantur».
1532 422 1584 450 Ista
1603 422 1702 451 domus
1724 423 1873 459 perstillat,
1888 424 1999 461 quando
2020 433 2120 454 manus

1272 471 1337 496 sunt
1358 468 1484 497 infirmae
1504 471 1530 496 et
1552 469 1698 503 remissae;
1720 469 1781 498 ideo
1801 470 1835 499 ad
1857 471 1993 500 Hebraeos
2017 472 2120 501 duode-

1271 514 1357 542 cimo:
1384 526 1397 539 «
1413 514 1547 542 Remissas
1568 522 1667 543 manns
1687 518 1714 543 et
1735 516 1825 544 soluta
1846 525 1936 554 genua
1959 518 2071 555 erigite,
2093 522 2120 547 et

1271 567 1384 596 gressus
1404 563 1495 588 rectos
1516 560 1595 588 facite
1616 561 1733 597 pedibus
1754 563 1853 591 vestris
1868 575 1895 591 ».

1351 606 1439 639 (Vers.
1458 607 1522 642 19).
1540 607 1574 634 In
1589 607 1654 636 risu
1668 606 1785 644 faciunt
1793 617 1901 645 panem
1912 613 1963 639 etc.
1976 611 2023 640 Hic
2038 612 2119 641 tertio

1271 653 1389 682 ostendit
1410 653 1497 690 ipsius
1518 653 1589 690 pigri
1611 657 1638 682 et
1659 654 1777 683 carnalis
1797 655 1985 692 indignitatem
2006 661 2119 695 propter

1271 700 1494 736 ineptitudinem
1515 700 1656 735 laetitiae,
1679 700 1706 729 in
1728 709 1783 738 qua
1811 709 1920 739 semper
1942 703 2039 732 volunt
2059 712 2119 734 esse

1271 746 1411 780 carnales,
1433 749 1460 775 et
1480 749 1594 783 propter
1619 755 1703 784 quam
1731 748 1835 776 faciunt
1863 756 1959 783 omne,
1985 750 2060 787 quod
2081 751 2120 779 sa-

1271 793 1356 821 ciunt.
1379 793 1440 822 Ideo
1461 794 1538 823 dicit:
1562 795 1596 823 ln
1617 795 1682 823 risu
1702 793 1822 831 faciunt
1839 803 1946 832 panem
1961 800 1987 825 et
1999 797 2120 831 vinum,-

1270 839 1402 868 Glossa⁷z
1427 841 1540 869 Praelati
1562 841 1589 870 in
1611 841 1685 876 risu,
1708 841 1735 870 id
1755 845 1797 870 est
1828 842 1856 871 in
1887 843 1990 873 laetitia
2012 844 2118 882 inepta;

1272 886 1359 915 Lucae
1379 887 1558 917 duodecimo:
1585 900 1598 913 «
1615 888 1709 916 Anima
1729 896 1806 923 mea,
1827 889 1912 919 habes
1932 891 2021 920 multa
2047 891 2119 920 bona

1271 933 1299 962 in
1319 942 1405 963 annos
1426 935 1576 972 plurimos,
1592 936 1718 969 comede,
1740 936 1818 971 bibe,
1832 937 1984 973 epulare».
2007 938 2039 967 Et
2059 938 2120 968 ideo

1271 981 1428 1019 subiungit:
1457 982 1491 1011 Ut
1510 982 1663 1020 epulentur
1695 982 1816 1011 bibentes
1824 993 1834 1016 ‚·
1855 983 1960 1012 faciunt
1980 985 2066 1020 enim,
2088 989 2120 1014 ut

1270 1029 1427 1063 comedant,
1449 1037 1503 1058 non
1525 1032 1557 1058 ut
1577 1029 1710 1058 esurienti
1731 1029 1871 1066 srangant;
1894 1030 1982 1059 lacobi
2003 1031 2118 1068 quinto:

1275 1086 1287 1100 «
1304 1076 1409 1112 Epulati
1432 1076 1498 1105 estis
1519 1084 1603 1114 super
1625 1080 1728 1105 terram
1749 1080 1776 1106 et
1797 1077 1824 1105 in
1840 1077 1962 1106 luxuriis
1976 1079 2119 1108 enutristis

1270 1122 1354 1151 corda
1385 1126 1477 1151 vestra
1491 1135 1518 1151 ».
1550 1124 1581 1152 Et
1612 1123 1645 1152 de
1676 1124 1728 1152 hoc
1760 1123 2004 1160 reprehenduntur
2035 1124 2118 1153 Isaiae

1270 1169 1380 1206 quinto:
1400 1182 1413 1195 «
1425 1170 1537 1199 Cithara
1550 1174 1577 1199 et
1593 1171 1652 1207 lyra
1665 1174 1692 1199 et
1708 1171 1802 1199 vinum
1817 1171 1844 1199 in
1860 1170 1992 1199 conviviis
2006 1171 2118 1206 vestris,

1269 1219 1297 1245 et
1317 1225 1388 1254 opus
1410 1218 1456 1246 Dei
1478 1226 1532 1246 non
1555 1218 1690 1254 respicitis
1704 1230 1730 1246 ».

1348 1265 1437 1300 (Vers.
1453 1265 1518 1305 ¹9)-
1533 1266 1565 1294 Et
1575 1265 1716 1301 pecuniae
1726 1264 1862 1293 obediunt
1872 1265 1972 1294 onznia
1983 1268 2034 1294 etc.
2049 1266 2120 1295 Tan-

1269 1311 1344 1347 gitur
1366 1311 1410 1340 bic
1431 1315 1547 1349 quarto,
1570 1311 1644 1348 quod
1665 1311 1767 1348 indigni
1789 1314 1855 1340 sunt
1869 1315 1983 1349 propter
2000 1312 2118 1342 subver-

1268 1358 1379 1387 sionem
1400 1359 1546 1393 iuslitz'ae,
1568 1367 1652 1396 quam
1683 1359 1851 1388 subvertunt
1872 1359 1907 1388 ob
1928 1367 2050 1388 amorem
2072 1368 2118 1397 pe-

1269 1406 1375 1434 cuniae.
1402 1406 1463 1435 ldeo
1494 1406 1575 1435 dicit:
1610 1407 1643 1434 Et
1667 1405 1810 1443 pecuniae
1838 1406 1937 1435 omnia
1965 1406 2117 1441 obediunt,

1269 1453 1335 1489 quia
1355 1461 1450 1482 omnes
1471 1453 1615 1490 pecuniam
1647 1460 1732 1489 super
1752 1453 1844 1481 omnia
1874 1453 2007 1491 diligunt3
2035 1453 2118 1483 Isaiae

1269 1499 1397 1536 prim0⁸:
1425 1512 1438 1525 «
1452 1500 1554 1528 Omnes
1574 1499 1691 1536 diligunt
1712 1508 1843 1535 munera,
1865 1503 2023 1538 sequuntur
2037 1501 2118 1530 retri—

1270 1546 1397 1576 butiones
1412 1558 1438 1581 »3
1454 1549 1481 1575 et
1502 1546 1564 1575 inde
1578 1546 1706 1583 sequitur
1720 1547 1865 1576 subversio
1879 1547 2015 1576 iustitiae:
2036 1559 2050 1573 «
2064 1548 2116 1577 Pu-

1269 1593 1334 1630 pillo
1356 1602 1410 1622 non
1432 1594 1569 1627 iudicant,
1591 1596 1618 1622 et
1639 1601 1722 1622 causa
1750 1594 1848 1623 viduae
1876 1602 1931 1623 non
1963 1594 2117 1631 ingreditur

1268 1641 1301 1669 ad
1324 1649 1370 1670 eos
1384 1652 1411 1675 »;
1433 1644 1461 1670 et
1492 1641 1620 1670 {eremiae
1641 1644 1736 1669 sexto:
1764 1653 1777 1666 «ι
1798 1642 1817 1670 Α
1840 1642 1945 1670 minore
1973 1649 2063 1679 usque
2083 1642 2117 1671 ad

1268 1688 1401 1717 maiorem
1423 1696 1518 1717 omnes
1538 1688 1671 1716 avaritiae
1692 1689 1844 1717 student».

1348 1736 1383 1763 In
1404 1735 1575 1773 cogyitatione
1595 1739 1647 1763 tua
1668 1739 1718 1764 etc.
1735 1736 1825 1772 Supra
1838 1735 1957 1765 ostendit
1978 1736 2117 1765 carnalem

1268 1784 1296 1810 et
1316 1782 1426 1819 pigrum
1448 1782 1591 1819 indignum
1613 1782 1796 1819 praelatione;
1813 1783 1857 1811 bic
1878 1782 2031 1820 compescit
2049 1782 2117 1811 sub-

1268 1829 1342 1858 ditos
1357 1830 1388 1858 in
1402 1829 1515 1858 occulta
1528 1829 1719 1863 detractione,
1735 1830 1756 1858 si
1772 1830 1924 1867 contingat,
1940 1830 2022 1859 talem
2037 1838 2116 1867 prae-

1267 1877 1327 1911 fici;
1349 1881 1376 1906 et
1398 1878 1487 1914 primo
1508 1877 1585 1914 ponit
1611 1875 1857 1911 exhortationem,-
1883 1877 2004 1906 secundo
2027 1877 2117 1906 reddit

1268 1924 1420 1952 rationem.

1347 1972 1436 2008 (Vers.
1452 1970 1519 2008 ᾖα),
1536 1969 1720 1999 Eaeliortatur
1735 1970 1835 2007 igitur,
1850 1973 1882 1999 ut
1896 1978 1946 1999 nec
1960 1970 2065 2000 malum
2074 1971 2115 2000 di-
2129 1978 2260 2002 Expositiolit-

1267 2021 1310 2046 cat
1331 2018 1480 2047 minuendo
1494 2017 1610 2050 famam,
1626 2025 1676 2045 nec
1691 2018 1795 2045 malum
1810 2017 1979 2054 imprecetur
1997 2017 2116 2055 optando

1267 2064 1327 2093 eius
1347 2065 1496 2093 miseriam.
1520 2064 1581 2092 ldeo
1605 2063 1686 2092 dicit:
1713 2064 1748 2092 ln
1775 2065 1946 2102 coyitatione
1973 2067 2026 2093 tua
2053 2065 2118 2103 reyz'

1266 2120 1301 2140 ne
1321 2111 1477 2145 detrahas,
1499 2111 1525 2139 id
1547 2114 1588 2139 est
1609 2111 1635 2139 in
1658 2112 1780 2144 occulto;
1811 2112 1895 2140 Exodi
1920 2111 2052 2148 vigesimo
2073 2120 2116 2141 se-

1266 2158 1398 2188 cundo⁹:
1435 2170 1448 2184 «
1473 2158 1529 2187 Diis
1560 2166 1613 2186 non
1645 2158 1790 2193 detrahes,
1818 2162 1845 2187 et
1872 2158 1989 2196 principi
2020 2159 2114 2196 populi

1266 2207 1306 2235 tui
1328 2215 1383 2235 non
1404 2206 1549 2234 maledices
1564 2217 1589 2233 ».
1614 2206 1647 2233 El
1669 2206 1700 2234 in
1730 2209 1835 2234 secreto
1860 2205 1988 2234 cubiculi
2008 2205 2066 2240 tui,
2087 2205 2115 2234 id

1266 2257 1307 2283 est
1328 2250 1522 2287 conscientiae,
1536 2261 1571 2281 ne
1585 2252 1773 2281 maledixeris
1793 2253 1890 2287 diviti,
1905 2256 1932 2282 et
1947 2253 1999 2282 hoc
2013 2253 2115 2290 impre-

1266 2300 1353 2329 cando
1373 2301 1492 2334 malurn;
1515 2300 1549 2328 ad
1571 2300 1706 2328 Romanos
1730 2299 1907 2328 duodecimo:
1934 2310 1947 2324 α
1962 2299 2115 2328 Benedicite

1266 2347 1498 2385 persequentibus
1519 2355 1580 2381 vos,
1602 2346 1754 2375 benedicite
1768 2350 1795 2375 et
1810 2347 1892 2376 nolite
1913 2346 2114 2380 maledicere»;

1266 2530 1314 2554 tur,
1331 2527 1385 2556 quia
1402 2534 1427 2549 se
1445 2527 1543 2549 invicem
1557 2528 1638 2548 mutua
1648 2526 1794 2553 colligatione
1811 2524 1924 2555 capiunt}
1942 2525 2000 2548 Vide
2012 2525 2113 2553 Hieron..

1265 2566 1394 2589 Comment.
1412 2566 1435 2588 in
1452 2568 1513 2588 hunc
1531 2566 1614 2588 locum.

1329 2603 1338 2616 ⁵
1355 2605 1422 2627 Vers.
1439 2605 1460 2627 9.
1480 2617 1509 2620 —
1527 2604 1634 2633 Sequitur
1651 2604 1719 2625 Eccli.
1737 2604 1779 2630 27,
1798 2603 1819 2625 4.

1329 2643 1339 2656 ⁶
1356 2645 1422 2667 Vers.
1444 2645 1478 2667 15.
1495 2656 1526 2660 -
1544 2644 1596 2672 Seq.
1614 2644 1677 2666 locus
1693 2646 1727 2665 est
1744 2642 1814 2665 Hebr.
1832 2643 1874 2670 12,
1893 2643 1929 2666 12.
1946 2646 1968 2665 et
1986 2643 2023 2665 13.

1328 2682 1336 2696 ⁷
1354 2684 1434 2706 Glossa
1452 2682 1611 2706 interlinearis
1633 2683 1696 2710 apud
1718 2683 1848 2709 Lyranum:
1873 2682 1930 2711 Quia
1957 2682 2050 2710 praelati
2076 2682 2112 2704 vel

1265 2722 1361 2752 quilibet
1378 2723 1465 2745 deliciis
1490 2725 1512 2745 et
1533 2723 1588 2745 risui
1611 2722 1689 2744 dediti.
1714 2721 1758 2744 Csr.
1784 2721 1875 2744 Hieron.
1901 2722 1924 2744 in
1950 2722 2011 2744 hurc
2035 2722 2112 2744 locum

1266 2762 1373 2790 (Vulgata
1385 2762 1413 2784 ln
1424 2761 1520 2790 risum).
1533 2775 1562 2777 —
1575 2761 1678 2784 Subinde
1690 2762 1816 2789 allegantur
1826 2761 1880 2786 Luc.
1895 2762 1936 2791 12,
1950 2762 1992 2783 ⁴9:
2006 2761 2113 2783 Anima...

1265 2800 1325 2823 bona
1342 2800 1416 2828 posita
1426 2801 1448 2822 in
1458 2807 1529 2823 annos
1539 2801 1661 2829 plurimos,
1673 2802 1803 2830 requiesce,
1817 2801 1915 2824 comede
1926 2804 1981 2829 etc.;
1996 2802 2039 2823 lac.
2051 2800 2077 2827 5,
2089 2799 2111 2821 5.

1265 2843 1287 2862 et
1299 2840 1347 2863 lsai.
1360 2841 1387 2867 5,
1401 2841 1442 2868 12,
1455 2840 1495 2863 ubi
1513 2841 1610 2869 Vulgata
1626 2844 1680 2869 post
1692 2840 1745 2871 lyra
1758 2841 1822 2864 addit
1833 2843 1856 2864 et
1865 2842 2006 2870 tympanum
2017 2841 2040 2863 et
2047 2839 2112 2863 tibia.

1264 2892 1295 2896 —
1307 2880 1420 2908 Superius
1431 2886 1444 2902 e
1456 2880 1525 2902 codd.
1536 2881 1698 2908 supplevimus
1712 2880 1754 2903 llic
1766 2880 1834 2903 tertio
1846 2879 1967 2903 ostendit...
1980 2879 2033 2902 Ideo
2049 2878 2110 2902 dicit.

1327 2917 1336 2930 ‘³
1355 2919 1421 2941 Vers.
1441 2920 1483 2946 23,
1502 2919 1540 2941 ubi
1559 2920 1627 2942 etiam
1645 2922 1679 2942 est
1695 2926 1743 2948 seq.
1758 2920 1834 2948 locus;
1847 2919 1925 2942 tertius
1937 2922 1971 2941 est
1982 2919 2023 2941 ler.
2035 2918 2061 2946 6,
2075 2919 2112 2942 13.

1327 2956 1338 2969 ⁰
1355 2958 1420 2981 Vers.
1438 2958 1475 2981 28.
1493 2970 1524 2975 ——
1541 2959 1675 2987 Sequuntur
1691 2959 1757 2980 Rom.
1777 2959 1818 2985 12,
1839 2957 1873 2980 14.
1890 2960 1913 2980 et
1930 2958 1945 2980 1.
1962 2958 2019 2980 Petr.
2037 2958 2063 2986 3,
2081 2956 2101 2979 9.

2137 617 2163 636 De
2178 618 2242 638 tertio.

2136 1272 2164 1291 De
2177 1275 2251 1297 quarto.

2135 1742 2162 1761 De
2173 1742 2190 1761 2.
2201 1745 2260 1767 pade>

2157 2002 2227 2021 teralis.

2133 2025 2246 2044 Exhortatio.
