2296 3316
329 180 385 208 vni
1044 176 1287 206 PROLEGOMENA
1308 176 1337 205 c.
1360 176 1377 205 1.
1411 211 1414 214 ¹

327 253 459 280 rummmen
475 257 512 280 alii
530 257 622 280 codices
638 259 660 279 et
677 257 775 285 catalogi
792 256 886 279 maioris
903 255 1043 279 auctoritatis
1063 255 1180 285 quaestio-

329 311 383 327 nem
408 304 437 327 de
462 307 556 327 auctore
573 304 643 327 huius
660 304 811 332 Expositionis
829 304 850 326 in
869 304 971 326 favorem
995 303 1061 326 Petri
1081 302 1178 326 loannis

330 350 392 374 Olim·
401 351 502 373 solvunt.
515 351 560 373 lam
572 351 725 379 allegavimus
736 351 868 379 catalogum
879 350 1033 374 bibliothecae
1046 349 1179 372 Assisiensis

328 405 365 421 an.
386 399 439 421 1381
449 417 455 428 ,
472 399 539 421 cuius
555 399 678 421 auctoritas
694 399 748 421 elidi
764 405 811 421 non
827 400 915 426 potest,
937 398 1072 421 confirmata
1094 394 1179 419 iudicio

328 445 454 469 doctissimi
472 445 595 468 Sbaraleae
611 448 633 468 et
650 446 672 467 Ρ.
690 445 773 468 Fidelis
784 451 797 467 a
808 445 894 467 Fauna.
906 445 948 467 Hic
960 444 1055 472 insuper
1072 444 1179 472 antiquos

328 493 388 515 duos
404 492 497 515 codices
513 498 526 514 a
543 498 568 515 se
585 492 727 515 examinatos
742 492 826 520 allegat
835 497 892 514 suae
903 491 1031 514 sententiae
1044 493 1112 513 testes
1130 491 1179 513 ido-

328 544 393 561 11005.
409 538 501 561 Primus
512 540 546 561 est
557 537 712 565 Parz‘sz'ensz‘s,
724 538 776 567 qui,
788 544 842 560 cum
854 543 899 560 non
912 537 1027 560 contineat
1038 537 1082 559 nisi
1094 537 1178 565 scripta

329 585 387 607 Petri
405 585 494 607 loannis
510 585 583 612 Olivi,
600 585 686 607 summi
704 584 815 607 momenti
832 586 867 607 est
883 591 926 612 pro
943 584 1080 613 quaestione
1096 584 1120 606 in
1137 585 1179 606 hac

329 634 351 654 et
367 638 417 661 seq.
433 633 581 660 paragrapho
598 632 721 659 solvenda;
739 632 800 654 unde
812 632 861 654 eius
874 632 987 659 integram
999 631 1179 659 descriptionem

329 678 459 709 abeodem
477 679 500 701 Ρ.
518 679 594 701 Fidele
610 681 712 701 notatam
730 678 767 701 hic
783 678 967 701 transcribimus.

395 726 415 747 1.
434 725 546 753 Parisiis,
564 725 701 748 bibliotheca
723 725 860 752 Nationalis‚
882 725 935 748 cod.
957 725 1041 748 15588.
1058 725 1112 747 011111
1130 726 1180 747 Sor-

327 773 403 795 bonae
421 773 473 795 420.
491 772 591 795 membr.
607 773 629 794 in
648 773 686 794 tol.
697 778 757 795 saec.
770 773 826 795 Xlll.
838 772 943 795 soliorum
957 772 1010 795 179.
1022 773 1045 795 ln
1059 773 1081 795 1.
1094 773 1147 795 folio
1160 779 1178 795 r.

326 821 350 843 ln
362 820 483 848 superiore
499 819 616 848 margine,
634 819 713 847 parvis
727 820 854 842 admodum
867 820 958 848 litteris,
970 826 982 842 a
996 825 1066 842 manu
1078 820 1178 842 secunda

328 874 389 890 saec.
405 868 465 890 XlV.
476 867 566 895 primae
577 866 705 889 medietatis
717 867 813 894 legitur:
825 866 923 890 Postilla
935 867 968 890 lo.
980 866 1052 890 Petri.
1065 866 1096 890 Et
1106 866 1179 890 liuius

326 913 420 943 postille
437 912 519 936 tabula
536 913 687 942 questionum
705 911 745 936 71.
762 912 790 935 de
808 912 944 936 Leinoricis.
963 912 1056 936 bancha
1073 912 1105 936 ad
1115 912 1180 936 volu-

327 967 382 984 men
398 959 423 984 9.
439 961 497 983 Hinc
514 961 556 983 col.
575 961 600 982 4:
623 960 674 983 Vidi
690 960 715 983 ἑτι
737 960 836 983 dextera
851 960 952 983 sedentis
969 966 1042 990 super
1064 959 1179 983 thronum

329 1007 417 1031 librum
436 1014 512 1031 unum
528 1007 645 1037 scriptum
662 1007 726 1030 intus
743 1009 765 1030 et
781 1007 841 1037 foris
852 1007 975 1037 siqnatum
986 1006 1072 1037 siqillis
1083 1008 1179 1036 septem.

329 1054 496 1079 consideranti
518 1054 579 1078 mihi
599 1050 790 1084 scriptio-arum*
802 1056 944 1078 sanctarum
963 1054 1079 1084 pelagum
1101 1053 1180 1084 infini-

328 1104 379 1125 tum
397 1104 439 1125 etc.
456 1102 543 1124 Desinit
561 1102 598 1123 sol.
618 1101 639 1123 4.
656 1108 675 1123 r.
692 1101 734 1124 001.
754 1102 775 1124 1.
792 1101 852 1124 circa
870 1102 953 1124 finem:
971 1101 1008 1125 Ad
1024 1101 1086 1125 hanc
1105 1101 1179 1131 iyitar

330 1147 441 1171 visionem
459 1149 508 1171 tam
526 1147 607 1171 utilem
625 1149 721 1177 tamque
737 1147 915 1170 desiderabilem
927 1153 971 1170 nos
983 1146 1120 1171 introducat
1131 1146 1180 1176 ipse

327 1195 371 1218 Dei
385 1195 450 1225 filius
467 1196 534 1218 Iesus
551 1195 615 1218 Xtus
633 1195 675 1225 qui
691 1201 746 1218 cum
765 1195 835 1218 Patre
852 1197 874 1218 ct
891 1194 983 1224 Spiritu
995 1196 1078 1218 sancto
1090 1194 1148 1218 vim't
1158 1195 1180 1217 et

326 1243 411 1271 regma!
429 1243 450 1265 et
467 1243 554 1265 cancta
572 1242 632 1265 videt
648 1244 670 1265 et
680 1241 800 1272 qubernat
810 1242 834 1265 in
845 1242 927 1266 secula
938 1242 1084 1266 seculorum.
1095 1242 1179 1265 Amen.

388 1290 442 1312 Post
458 1290 528 1317 haec,
545 1290 607 1312 nullo
625 1290 760 1318 interposito
777 1290 867 1318 medio,
888 1290 1048 1319 prosequitur:
1069 1289 1179 1317 Quatuor

325 1335 444 1359 animatia
460 1336 557 1366 sinqnla
574 1342 658 1360 eorum
676 1336 793 1360 habebant
809 1336 862 1359 alas
879 1342 949 1360 senas
966 1338 987 1360 et
1008 1336 1147 1360 incircuitu
1158 1339 1181 1360 et

326 1384 390 1407 intus
404 1383 478 1413 plena
495 1385 553 1407 suut
568 1383 644 1407 ocutis
661 1385 682 1407 et
699 1384 805 1413 requiem
821 1390 870 1407 non
887 1383 1005 1408 habebant
1020 1384 1056 1408 die
1072 1391 1101 1408 ac
1113 1386 1180 1409 nocte

325 1431 441 1455 dicentia:
459 1431 576 1459 Sanctus,
594 1431 710 1457 Sanctus.
728 1431 832 1455 Sanctus
850 1431 966 1455 Dominus
990 1432 1052 1455 Deus
1075 1432 1180 1463 omnipo-

326 1480 389 1505 tens,
408 1477 449 1507 qui
465 1479 499 1501 est
515 1479 537 1501 et
554 1477 596 1507 qui
611 1479 665 1501 erat
680 1480 702 1501 et
718 1478 760 1508 qui
776 1480 892 1502 vetiturus
909 1480 950 1502 est.
973 1478 1179 1509 Super-ineffabilis

325 1523 426 1547 altitudo
435 1523 541 1547 doctrine
549 1524 682 1554 eaanyelice
691 1524 715 1547 in
725 1526 829 1554 quatuor
841 1524 968 1554 eoanyeliis
980 1525 1127 1555 apprehense
1135 1529 1180 1548 etc.

325 1571 413 1593 Desinit
429 1572 467 1593 tol.
485 1571 507 1593 5.
523 1577 541 1593 r.
559 1572 603 1594 col.
625 1572 642 1593 1.
660 1572 721 1594 circa
737 1572 892 1600 principium:
910 1573 939 1595 In
955 1578 1054 1602 eqressu
1074 1579 1131 1596 vero
1152 1572 1180 1596 de

326 1617 369 1641 Xti
385 1619 461 1641 morte
477 1619 499 1641 et
516 1618 672 1645 coutumeliis.
690 1619 718 1641 ln
735 1618 814 1642 reditu
830 1621 911 1642 aulem
923 1618 952 1642 de
961 1619 1040 1643 reditu
1051 1621 1096 1643 aut
1107 1619 1134 1643 de
1145 1626 1180 1643 re-

325 1664 482 1688 surrectionis
499 1666 522 1688 et
537 1664 683 1688 ascensionis
699 1665 804 1695 tropheis
821 1667 842 1689 et
857 1666 986 1695 preconiis.

388 1712 446 1734 Hinc
462 1712 609 1735 immediate:
628 1711 687 1735 Cum
705 1718 779 1735 essem
796 1712 820 1735 in
837 1712 914 1736 medio
936 1713 1087 1743 captivm-am
1108 1713 1179 1737 mia

325 1757 429 1788 fluvium
447 1758 524 1782 Cobar
540 1758 590 1781 vidi
605 1758 719 1782 visionem
735 1759 786 1782 Dei.
804 1759 964 1783 Conscendere
980 1766 1036 1783 cum
1053 1760 1130 1784 Paulo
1142 1767 1179 1784 vo-

326 1804 426 1829 lentibus
444 1805 469 1829 in
485 1805 583 1829 tertium
600 1805 677 1829 celum
694 1809 737 1828 etc.
755 1807 842 1829 Desinit
860 1807 898 1829 10].
915 1807 936 1829 9.
954 1814 977 1829 v.
995 1808 1039 1830 001.
1057 1808 1078 1830 γ1.
1095 1814 1179 1831 versus

325 1853 444 1875 medium:
462 1852 540 1876 Clavis
557 1853 629 1876 etiam
645 1859 731 1877 earum
748 1855 783 1877 est
798 1853 896 1878 visibilis
914 1854 1010 1878 caritas.
1028 1855 1061 1878 De
1078 1854 1129 1879 istis
1146 1857 1179 1879 ta-

325 1906 379 1923 men
401 1900 507 1924 clavibus
528 1902 549 1924 et
566 1900 594 1923 de
615 1900 685 1924 modo
708 1900 811 1925 ducendi
825 1908 866 1925 eas
882 1901 988 1932 amplior
1005 1902 1111 1932 eoeiqitur
1128 1904 1179 1926 tra-

327 1948 411 1970 ctatus.
427 1946 534 1976 Explicit
549 1947 591 1971 iste
608 1949 734 1972 tractatas.
750 1948 798 1971 Deo
815 1948 918 1978 qracias.

390 1994 461 2017 Unius
479 1991 553 2017 lineae
575 1995 650 2023 spatio
666 1995 815 2024 interposito,
832 1996 928 2024 legitur:
945 1995 1073 2026 Inqredere
1089 1996 1114 2019 in
1131 2003 1179 2020 me-

327 2040 365 2064 dio
382 2042 507 2069 rotarum,
525 2048 569 2071 que
584 2044 642 2065 sant
658 2042 742 2066 subtus
761 2042 891 2071 Cherubin,
908 2044 931 2066 et
941 2042 1012 2072 imple
1023 2049 1111 2067 manus
1123 2045 1178 2067 tuas

326 2089 348 2111 et
364 2087 436 2117 imple
449 2088 538 2118 prunis
555 2088 631 2118 iqnis,
649 2095 694 2119 que
710 2091 768 2113 sunt
783 2090 845 2113 inter
858 2089 989 2118 Cherubin,
1002 2092 1023 2114 et
1035 2090 1129 2120 effunde
1140 2097 1178 2114 sa-

323 2141 368 2164 per
386 2134 516 2158 Civitatem.
535 2136 621 2159 Ezech.
637 2137 670 2160 Χ.
686 2136 874 2166 scripturaram
890 2139 1033 2161 sanctarum
1044 2138 1145 2168 pelagius
1157 2140 1180 2162 et

326 2181 427 2212 abyssus
449 2182 592 2212 triformiter
614 2189 639 2207 ee
660 2183 749 2213 ingerit
770 2187 813 2207 etc.
836 2185 922 2207 Desinit
944 2185 982 2207 sol.
1005 2185 1042 2207 12.
1058 2191 1077 2207 r.
1095 2186 1139 2208 col.
1157 2186 1178 2207 1.

327 2232 380 2257 post
401 2229 504 2252 medium
527 2229 572 2252 sic:
597 2230 661 2253 Fons
678 2230 784 2254 veritatis
801 2230 911 2260 equitatis
928 2233 950 2255 et
966 2231 1087 2260 caritatis,
1105 2232 1130 2255 in
1146 2239 1179 2256 se-

327 2276 381 2299 cula
398 2276 543 2300 seculorum.
558 2277 642 2300 Amen.

390 2324 491 2352 Deinde,
507 2325 557 2347 sine
574 2326 619 2347 ullo
637 2325 712 2353 spatio
730 2325 820 2353 medio,
838 2326 922 2348 iterum
943 2326 1034 2354 incipit:
1055 2326 1141 2350 Vacate
1158 2328 1179 2350 et

328 2370 412 2399 videte,
430 2371 543 2400 quoniam
560 2377 602 2401 eqo
619 2377 674 2394 sum
691 2372 762 2395 Deus.
780 2371 847 2395 Sicut
868 2371 929 2395 inter
946 2372 1027 2395 omnia
1048 2372 1110 2396 nihil
1131 2373 1179 2396 Deo

327 2417 399 2440 altius
416 2420 459 2440 etc.
473 2416 564 2441 Desinit
580 2419 618 2441 sol.
636 2418 674 2441 14.
690 2425 714 2441 v,
731 2419 774 2441 col.
796 2419 815 2441 1.
832 2419 892 2442 circa
906 2419 1065 2442 medietatem:
1077 2419 1179 2443 Plenum

327 2464 404 2494 qratie
420 2466 442 2488 et
458 2465 576 2493 vei-itata,
595 2465 619 2488 in
635 2465 716 2489 secula
733 2466 877 2489 seculorum.
901 2467 983 2490 Amen.
1006 2466 1112 2496 Eoeplicit
1132 2468 1179 2490 tra-

327 2513 404 2535 ctatus
421 2511 471 2535 iste.
488 2512 535 2535 Deo
552 2512 657 2542 qracias.

389 2559 452 2581 Folio
474 2560 579 2592 sequenti
602 2559 623 2582 in
646 2560 767 2588 superiore
783 2564 848 2588 parte
871 2561 966 2589 legitur:
985 2560 1083 2584 Postilla
1106 2567 1179 2591 super

328 2605 472 2634 Mattheum,
494 2609 517 2628 et
538 2606 609 2629 intra:
633 2607 743 2635 0001110)-
765 2607 837 2637 facies
862 2607 936 2631 uni...
961 2608 1024 2631 aeris
1049 2608 1177 2632 candentis.

328 2652 412 2675 Ezech.
425 2653 441 2675 I.
460 2652 664 2680 Quemadmodum
681 2654 831 2678 admirabilis
848 2656 882 2678 est
898 2655 1015 2678 clttusura
1032 2658 1074 2678 etc.
1092 2656 1179 2679 Desinit

329 2700 365 2722 sol.
385 2699 437 2722 134.
453 2706 491 2722 V.:
508 2700 560 2729 Ipse
577 2701 611 2723 est
623 2700 657 2724 leo
670 2707 812 2730 reeurqens,
830 2702 873 2731 qai
887 2702 954 2725 solus
970 2702 1060 2725 meruit
1070 2702 1180 2732 etpotuit

327 2745 418 2769 solvere
434 2748 522 2776 septem
537 2746 664 2776 siqnacula
681 2747 737 2770 libri
752 2748 803 2771 Dei.
820 2748 865 2772 Cui
880 2750 915 2772 est
932 2748 1008 2772 honor
1025 2750 1046 2772 et
1063 2749 1141 2778 ¹qloria
1153 2749 1177 2772 in

328 2793 409 2816 secula
424 2793 569 2816 seculorum.
586 2795 670 2817 Amen.
687 2794 765 2818 Finito
784 2794 844 2818 libro
861 2795 893 2819 sit
909 2796 963 2819 laus
980 2798 1002 2819 et
1024 2795 1103 2825 aleria
1125 2798 1176 2820 oeto.

329 2840 412 2863 Amen.

391 2886 453 2908 Folio
470 2887 524 2909 135.
541 2893 559 2909 r.
576 2888 619 2910 col.
640 2888 657 2909 1.
676 2887 765 2916 absque
783 2889 827 2911 ullo
845 2889 908 2911 titulo
926 2889 1018 2917 incipit:
1031 2889 1068 2913 Ad
1079 2892 1178 2913 coutem-

324 2932 443 2962 plandam
454 2934 476 2956 et
482 2933 651 2962 prelibandam
669 2934 694 2957 in
710 2939 807 2958 summa
824 2934 959 2958 doctrinam
976 2936 1127 2966 epistolarem
1144 2936 1178 2959 cli-

328 2979 446 3003 viniseimi
460 2979 544 3008 Pauli,
562 2980 636 3004 menti
650 2987 701 3004 mee
717 2981 778 3004 nihil
795 2987 922 3006 occurrere
940 2982 1021 3012 potuit
1041 2982 1134 3006 brevius
1157 2985 1179 3007 et

1235 254 1327 278 clarius
1344 260 1417 284 quam
1433 253 1534 277 verbum
1551 254 1656 278 eiusdem
1672 255 1703 277 11.
1720 253 1774 278 Cor.
1792 254 1834 277 ΙΙΙ.
1851 252 1964 277 dicentis:
1982 254 2027 278 Ubi
2041 254 2089 285 spi-

1235 301 1297 324 ritus
1315 300 1369 329 Dei,
1387 300 1420 324 ibi
1436 300 1532 324 libertas
1549 304 1592 324 etc.
1610 301 1697 324 Desinit
1713 301 1766 324 solio
1784 301 1837 324 163.
1854 307 1872 324 r.
1889 302 1932 324 col.
1946 301 1954 323 1
1966 308 1971 323 z
1985 300 2089 329 Quidam

1236 348 1319 378 lequnt
1334 347 1378 371 hoc
1394 347 1445 371 sine
1462 348 1498 370 cui
1516 347 1544 371 de
1563 348 1617 371 Deo.
1634 347 1664 371 Ei
1679 347 1722 377 qui
1736 347 1771 371 sic
1787 349 1870 377 potens
1887 349 1921 371 est
1936 348 1958 371 et
1969 347 2012 377 qai
2022 349 2089 372 tanta

1236 395 1302 419 nobis
1319 394 1434 418 revelavit
1449 395 1480 418 sit
1492 401 1538 425 per
1556 395 1635 418 lesam
1655 395 1733 418 Xtam
1755 394 1835 424 qloria
1856 395 1882 418 in
1900 394 1982 418 secula
1998 394 2088 418 seculo-

1236 448 1300 465 rum.
1316 442 1399 465 Amen.
1417 441 1523 471 Eoeplicit
1542 442 1660 465 tractatus
1682 441 1732 465 iste.
1758 441 1804 464 Deo
1826 441 1929 471 aracias.
1952 442 2005 465 Post
2027 443 2089 465 11000

1236 489 1431 511 commentarium
1442 494 1513 517 super
1525 489 1649 517 Epistolam
1666 489 1739 511 sancti
1756 488 1818 511 Pauli
1835 489 1938 517 Apostoli
1955 489 1985 511 ad
2006 489 2089 511 Roma·

1236 542 1279 559 nos
1300 536 1435 559 immediate
1456 536 1573 565 sequitur:
1590 536 1618 559 ln
1639 535 1734 565 speculo
1757 534 1822 559 brevi
1841 537 1865 559 et
1879 537 1962 565 aperto
1980 535 2091 559 contueri

1238 578 1367 606 volentibus
1379 582 1550 606 continentiam
1561 582 1654 606 Cantici
1665 582 1819 606 canticorum
1831 585 1875 605 etc.
1888 583 1975 605 Desinit
1985 583 2023 605 101.
2036 583 2088 605 179.

1237 636 1255 652 r.
1272 630 1314 652 col.
1333 631 1359 652 2:
1377 630 1456 653 Ducat
1470 635 1523 653 eam
1540 629 1572 653 ad
1588 629 1633 653 vite
1649 630 1725 659 fontes
1741 636 1877 659 aquarum,
1895 636 1956 660 qaas
1973 629 2015 660 qui
2030 629 2090 653 bibet

1236 682 1286 700 non
1302 676 1363 700 sitiet
1380 676 1404 700 in
1420 678 1536 700 eternum.
1554 677 1638 700 Amen.
1655 676 1763 706 Explicit
1778 676 1837 700 liber
1854 677 1903 701 iste.
1922 677 1969 701 Deo
1981 677 2086 707 qracias.

1238 723 1363 747 subiicitur
1379 724 1457 747 tabula
1473 723 1618 752 alphabetice
1634 724 1745 752 disposita
1761 730 1833 747 manu
1845 730 1906 748 saec.
1917 725 1978 748 XlV.
1990 727 2089 748 exarata.

1299 771 1361 794 Folio
1380 772 1432 793 181.
1449 778 1473 794 v.
1491 777 1559 794 manu
1577 777 1638 794 saec.
1656 772 1711 794 Xlll.
1729 772 1835 795 additur:
1853 773 1899 795 Iste
1915 771 1974 795 liber
1986 773 2021 795 est
2029 778 2089 802 pau-

1234 825 1322 849 perum
1338 819 1513 848 magistrorum
1530 818 1558 841 de
1575 817 1686 842 Sor-bona
1702 825 1733 842 erc
1750 818 1826 848 leqato
1848 818 1962 848 maqistri
1980 819 2046 842 Petri
2061 818 2089 842 de

1237 865 1378 894 Lemovicis,
1396 865 1517 895 quondam
1533 865 1592 889 socii
1607 865 1693 889 domus
1715 865 1799 894 huius,
1821 865 1845 889 in
1868 872 1914 896 quo
1937 866 2089 890 continentur

1236 912 1333 937 Posalle
1353 918 1428 942 super
1444 912 1576 936 Mattheam
1593 914 1614 936 et
1636 917 1709 942 super
1729 912 1860 942 Epistolam
1882 912 1914 936 ad
1930 913 2050 936 Romanos
2067 914 2088 936 et

1236 965 1309 989 super
1327 958 1432 982 Cantica.
1449 958 1570 982 posticum
1586 959 1618 982 X.
1636 958 1761 982 librorum.
1780 959 1958 983 Cathenabitur.

1295 1006 1341 1028 ,1110
1358 1006 1438 1029 Ρο1105
1454 1006 1484 1028 de
1501 1005 1643 1034 Lemovicis,
1665 1005 1830 1029 baccalaureus
1847 1006 1986 1035 theologiae,
2003 1007 2089 1035 legavit

1237 1052 1358 1076 sorbonae
1379 1053 1433 1081 plus
1453 1059 1525 1082 quam
1549 1053 1594 1075 120
1616 1053 1734 1079 volumina
1751 1056 1774 1076 et
1790 1056 1896 1076 mortuus
1911 1056 1946 1076 est
1961 1060 2000 1077 an.
2016 1054 2086 1076 1306.

1236 1112 1268 1117 -
1284 1100 1341 1122 11010
1358 1099 1432 1122 codici
1449 1099 1538 1122 accedit
1554 1098 1618 1123 alius
1635 1100 1697 1123 idem
1715 1100 1845 1123 testificans.

1300 1148 1323 1169 2.
1338 1147 1439 1175 Romae,
1457 1146 1594 1170 bibliotheca
1607 1147 1730 1174 Vaticana,
1741 1147 1794 1170 cod.
1805 1147 1907 1170 Urbinat.
1921 1147 1974 1171 480.
1985 1147 2086 1171 membr.

1236 1194 1260 1216 in
1278 1194 1314 1216 toi.
1332 1199 1392 1216 saec.
1410 1194 1471 1217 XlV.
1488 1194 1593 1217 ineuntis.
1611 1194 1630 1216 Α
1641 1194 1781 1223 posteriore,
1792 1195 1834 1217 sed
1846 1195 1940 1224 antiqua
1951 1201 2036 1224 manu,
2048 1196 2088 1218 ha-

1236 1241 1276 1264 het
1293 1241 1392 1264 indicem
1411 1243 1573 1264 contentorum
1591 1241 1612 1264 in
1630 1241 1676 1264 tine
1692 1242 1727 1264 his
1744 1241 1823 1264 verbis
1839 1248 1988 1271 expressum:
2005 1243 2033 1265 ln
2044 1241 2088 1266 hoc

1235 1288 1357 1312 volumine
1373 1288 1415 1311 hec
1431 1288 1583 1312 continentur
1608 1288 1674 1312 Petri
1697 1289 1810 1312 Iohannis
1826 1295 1899 1319 super
1917 1289 2086 1317 Ecclesiasten,

1235 1342 1308 1365 super
1325 1334 1373 1363 Iob,
1390 1334 1418 1358 de
1434 1335 1590 1365 Paupertate,
1607 1341 1650 1359 sea
1665 1341 1739 1365 snper
1754 1335 1871 1366 Requlam
1886 1336 1995 1366 fratrum
2011 1335 2088 1360 Mino-

1236 1389 1305 1411 rum,
1322 1389 1396 1412 saper
1412 1382 1555 1412 Dionysium
1571 1381 1599 1406 de
1615 1382 1729 1412 Anaetica
1746 1383 1883 1407 hierarchia
1899 1384 1922 1407 et
1936 1389 2009 1413 super
2027 1383 2088 1407 Can-

1236 1430 1283 1454 tica
1306 1429 1468 1453 Canticorum.
1490 1430 1624 1453 Postremus
1645 1430 1682 1453 hic
1703 1433 1812 1454 tractatus
1834 1431 1929 1460 incipit:
1947 1431 1975 1454 ln
1991 1430 2086 1461 speculo

1237 1475 1303 1499 brevi
1326 1477 1347 1500 et
1371 1478 1454 1506 aperto
1477 1479 1520 1499 etc.
1543 1477 1648 1500 Desinit:
1677 1476 1743 1504 Quas
1769 1477 1812 1507 qui
1837 1477 1893 1501 bibit
1915 1483 1966 1501 non
1991 1477 2040 1501 sitit
2063 1477 2087 1501 in

1236 1525 1354 1547 eternum.

1300 1571 1416 1595 Lubenter
1433 1571 1557 1599 praedIctis
1577 1570 1727 1599 adiungimus
1743 1577 1817 1599 grave
1833 1571 1992 1594 testimonium
2010 1574 2088 1595 aucto-

1236 1620 1280 1647 ris,
1296 1620 1338 1649 qui
1359 1619 1486 1642 novissime
1508 1618 1606 1641 eandem
1624 1618 1783 1647 quaestionem
1801 1618 1923 1647 diligenter
1945 1620 2051 1643 tractavit
2066 1622 2089 1643 et

1236 1668 1348 1691 iudicium
1366 1668 1390 1690 Ρ.
1401 1667 1485 1690 Fidelis
1504 1667 1572 1695 piene
1591 1666 1746 1689 confirmavit.
1765 1666 1883 1689 Laudatus
1901 1667 1962 1690 enirn
1980 1667 2004 1690 P.
2021 1667 2089 1690 Ehrle

1236 1716 1258 1738 S.
1277 1715 1284 1738 l
1310 1715 1332 1737 in
1350 1715 1396 1737 iam
1412 1715 1512 1742 allegato
1529 1714 1615 1737 Archiv
1632 1717 1676 1737 etc.
1691 1720 1747 1742 pag.
1768 1713 1813 1737 485
1838 1714 1931 1743 scribit,
1952 1715 2088 1738 auctoritate

1235 1761 1384 1790 antiquorum
1402 1761 1561 1788 catalogorum
1579 1760 1675 1782 omnino
1697 1762 1815 1788 constare,
1832 1761 1925 1784 Petrum
1948 1761 2009 1784 ioan.
2026 1760 2087 1784 olivi

1236 1809 1358 1837 scripsisse
1374 1808 1475 1837 aliquem
1487 1807 1685 1831 Commentarium
1703 1807 1726 1829 in
1737 1807 1857 1830 Canticum
1875 1808 2032 1831 Canticorum.
2043 1809 2086 1831 Pro

1236 1857 1279 1879 hac
1295 1856 1408 1879 sententia
1425 1855 1476 1883 ipse
1493 1855 1576 1883 allegat
1593 1854 1669 1882 primo
1692 1855 1824 1883 catalogum
1841 1854 1994 1878 bibliothecae
2011 1855 2088 1878 Ponti-

1235 1904 1302 1927 ssciae
1318 1902 1486 1926 Avenionensis
1502 1902 1561 1925 inter
1583 1908 1657 1924 annos
1675 1901 1812 1924 11370-1378
1829 1903 1953 1932 scriptum,
1976 1902 2016 1926 ubi
2033 1903 2087 1931 legi-

1236 1954 1284 1974 tur:
1305 1960 1317 1971 α
1328 1952 1383 1974 110111
1401 1951 1424 1973 in
1435 1950 1555 1973 volumine
1572 1949 1663 1978 signato
1675 1955 1717 1977 per
1733 1948 1840 1972 CCLXVl
1856 1951 1945 1978 postilla
1962 1950 2038 1973 fratris
2048 1951 2087 1973 Pe-

1235 1999 1263 2021 tri
1281 1998 1369 2021 loannis
1380 2004 1452 2026 super
1462 1996 1714 2025 GenesimsExodum,
1731 1997 1835 2026 Regum,
1847 1997 2010 2026 Ecclesiasten,
2028 1997 2086 2022 Gan-

1235 2045 1293 2073 tica,
1313 2045 1408 2073 isaiam,
1420 2044 1530 2071 Threnis‚
1548 2044 1689 2066 Ezechielem
1702 2052 1725 2066 n.
1742 2043 1828 2066 Similia
1840 2044 1948 2067 dicuntur
1959 2044 1982 2067 in
1999 2044 2043 2067 alio
2054 2044 2086 2067 in-

1235 2091 1340 2114 ventario
1358 2091 1473 2114 Benedicti
1484 2091 1530 2113 Xll.
1543 2089 1612 2119 (ibid.
1625 2096 1681 2118 pag.
1693 2089 1745 2112 461.
1755 2089 1823 2119 seq.).
1835 2090 1929 2118 Deinde,
1941 2090 2005 2120 quod
2017 2090 2086 2113 huius

1235 2139 1295 2161 Petri
1311 2138 1498 2161 Commentarius
1514 2137 1577 2160 idem
1593 2137 1622 2160 sit
1638 2142 1693 2160 cum
1710 2143 1750 2164 eo,
1767 2143 1837 2166 quem
1854 2138 1939 2161 Bonelli
1959 2137 2021 2166 typis
2036 2138 2085 2161 vul-

1235 2185 1310 2214 gavit,
1328 2184 1442 2213 probatur
1458 2187 1507 2207 tum
1530 2184 1661 2207 testimonio
1680 2184 1778 2212 catalogi
1801 2184 1946 2214 Assisiensis‚
1964 2188 2013 2208 tum
2030 2185 2085 2214 quia

1235 2232 1351 2254 invenitur
1363 2232 1385 2254 in
1397 2231 1492 2254 duobus
1503 2231 1603 2260 antiquis
1615 2230 1743 2259 codicibus
1754 2237 1814 2260 quos
1825 2238 1894 2260 supra
1904 2232 2012 2261 allegavit
2021 2233 2044 2254 P.
2053 2232 2086 2254 Fi-

1235 2278 1303 2306 delis,
1320 2279 1370 2301 scil.
1381 2278 1433 2301 cod.
1445 2277 1525 2301 Urbin.
1537 2277 1591 2300 480.
1603 2278 1640 2300 sol.
1655 2278 1705 2300 168.
1718 2284 1779 2306 seq.‚
1792 2277 1832 2300 ubi
1844 2285 1857 2300 a
1869 2284 1940 2301 manu
1957 2278 2086 2307 posteriore

1236 2326 1347 2353 scriptum
1365 2328 1411 2348 est:
1432 2334 1443 2345 τι
1455 2325 1535 2353 incipit
1551 2325 1640 2353 postilla
1658 2325 1717 2347 Petri
1730 2325 1819 2347 loannis
1835 2331 1906 2353 super
1923 2325 2015 2348 Cantica
2027 2325 2086 2349 Can-

1235 2373 1334 2395 ticorum
1349 2381 1375 2400 »3
1400 2375 1423 2394 et
1447 2372 1499 2394 cod.
1525 2372 1609 2395 15588.
1627 2371 1780 2394 bibliothecae
1804 2372 1928 2395 Nationaiis
1952 2372 2085 2395 Parisiensis

1236 2425 1296 2442 saec.
1317 2420 1372 2442 ΧΙΙΙ.
1396 2425 1449 2441 00111
1475 2418 1625 2446 inscriptione
1647 2418 1754 2447 antiqua:
1781 2427 1793 2439 ι(
1810 2418 1922 2448 Post[illa]
1946 2420 1972 2441 tr.
1994 2419 2085 2443 loannis

1236 2467 1319 2489 Petri»
1340 2465 1401 2496 [sic].

1300 2514 1314 2543 g
1339 2515 1361 2537 8.
1383 2513 1414 2536 De
1436 2512 1534 2544 quinque
1556 2512 1721 2543 Truentinas,
1744 2512 1770 2536 de
1794 2520 1813 2536 s.
1838 2513 1959 2545 emptura
1982 2515 2034 2537 sive
2058 2513 2084 2537 <le

1235 2560 1360 2591 Principiis
1376 2558 1522 2589 generalibus
1538 2558 1563 2582 in
1580 2566 1598 2582 s.
1617 2558 1759 2589 Scripturam
1781 2559 1804 2583 in
1830 2559 1988 2590 Supplemento
2012 2560 2085 2583 Bene-

1235 2608 1293 2632 dieti
1309 2606 1397 2632 Boneili
1412 2606 1538 2637 impressis.

1298 2662 1322 2679 a.
1342 2656 1364 2678 ln
1381 2656 1427 2677 hoo
1442 2654 1608 2682 Supplemento
1626 2654 1691 2683 (tom.
1708 2655 1724 2676 1.
1743 2655 1787 2677 col.
1807 2654 1887 2683 23-49)
1915 2654 2013 2677 habetur
2030 2660 2084 2677 cum

1236 2704 1315 2727 titulo:
1341 2703 1374 2726 De
1398 2701 1478 2726 studio
1503 2701 1642 2725 divinarum
1659 2701 1808 2730 litterarum,
1827 2702 1947 2726 Tractatus
1964 2703 1987 2725 in
2012 2701 2084 2725 verba

1235 2750 1319 2773 Psalmi
1336 2749 1378 2772 45:
1400 2749 1486 2772 Vacate
1503 2749 1524 2771 et
1541 2747 1628 2776 videte,
1649 2747 1762 2777 quoniam
1780 2754 1821 2778 eqo
1838 2754 1893 2772 sum
1910 2749 1982 2772 Deus.

1298 2795 1318 2819 b.
1337 2796 1424 2819 ibidem
1442 2796 1485 2818 col.
1503 2794 1605 2818 282-347
1627 2795 1747 2817 Tractatus
1764 2795 1785 2817 in
1800 2801 1851 2823 cap.
1869 2796 1890 2817 2.
1914 2794 2037 2818 Ezechielis
2054 2795 2083 2817 (le

1235 2849 1315 2866 sacrae
1331 2843 1464 2871 scripturae
1480 2842 1604 2870 mysterio:
1622 2841 1681 2864 Cum
1698 2847 1772 2864 essem
1789 2841 1813 2864 in
1835 2841 1911 2865 medio
1935 2841 2084 2870 captivorum

1235 2891 1306 2914 iartta
1322 2891 1413 2920 flumen
1430 2888 1524 2913 Chobar
1542 2893 1584 2912 etc.

1298 2943 1317 2961 c.
1335 2937 1392 2960 ibid.
1409 2937 1451 2959 col.
1475 2936 1579 2958 349-374
1603 2936 1724 2959 Tractatus
1740 2936 1762 2958 in
1780 2942 1831 2964 cap.
1853 2937 1890 2959 10.
1913 2935 2037 2959 Ezechielis
2054 2935 2084 2958 de

1236 2989 1253 3005 s·
1271 2983 1404 3011 scripturae
1420 2982 1528 3005 materia:
1546 2982 1674 3011 lnqreclere
1690 2982 1715 3005 in
1731 2982 1807 3006 medio
1823 2984 1936 3006 rotarum
1953 2984 1997 3005 etc.
