2296 3316
381 168 435 198 138

254 254 324 281 ruma.
338 255 361 273 αι»
379 248 517 277 Moluium
538 245 715 275 confessionis
737 245 858 282 tangitur
880 244 1000 281 duplex,
1022 243 1126 273 scilicet
1146 242 1223 280 affli-

230 277 362 326 ifflffisffi
378 295 434 323 ecio
454 294 487 323 de
509 301 573 322 vera
594 292 731 320 bonorum
752 291 893 325 felicitate,
915 294 942 320 et
963 290 1097 319 anoeiecas
1111 290 1145 319 de
1161 298 1223 327 pro—

229 325 274 342 ω’
377 341 439 378 pria
459 339 630 369 infelicitate·
656 338 784 366 Dicente&
805 338 887 366 incra
907 347 936 366 se
957 341 1007 366 etc.

456 388 544 421 (Vers.
567 386 615 422 2.).
637 385 768 421 Sequitur
790 384 891 420 igitur:
920 384 1065 417 videntem
1090 384 1222 412 Glossa¹:

264 439 356 458 Primum·
379 445 392 458 «κ
408 434 442 462 Se
463 433 497 462 de
518 433 605 471 gloria
626 432 659 461 ad
681 438 796 468 poenam
818 430 982 467 perductos,
1003 433 1030 459 et
1050 430 1224 459 adversarios

375 488 441 509 suos
462 480 496 509 de
517 488 605 517 poena
626 479 659 508 ad
687 485 816 507 coronam
839 477 986 506 translatos
1001 488 1032 511 »;
1062 476 1223 505 turbabun-

375 530 424 555 tur
447 527 550 555 timore
570 525 706 555 horribili
713 536 722 558 ;
746 524 829 553 Exodi
851 524 957 553 decimo
977 524 1091 561 quinto:
1117 535 1129 548 «
1146 524 1223 552 Tunc

373 573 531 603 conturbati
563 576 629 602 sunt
659 572 797 610 principes
831 571 912 600 Edom
929 582 958 605 »;
984 571 1048 599 item
1075 570 1223 599 Ezechielis

373 620 508 657 septimo:
543 632 556 645 «
578 620 758 649 Conturbatio
789 626 873 656 super
904 617 1141 647 conturbationem
1177 625 1223 646 ve-

372 668 470 701 niet»,
502 667 606 696 scilicet
637 666 812 696 conturbatio
837 665 870 694 de
901 664 1048 693 afflictione
1076 664 1223 693 reassumti

372 713 497 751 corporis
518 721 604 750 super
625 713 865 743 conturbationem
887 711 965 748 prius
986 711 1108 739 habitam
1129 711 1163 739 de
1184 710 1223 739 af-

372 761 493 790 ssictione
507 760 616 790 animae
631 761 711 798 prius
725 760 863 789 cruciatae
880 759 908 787 in
923 758 1123 795 gehennalibus
1144 758 1223 787 ssam-

250 814 312 833 Timor
326 814 357 833 m-
372 808 433 837 mis.
463 807 577 836 Timore
599 806 748 842 horribili,
775 807 877 836 scilicet
898 808 1012 843 propter
1042 805 1223 834 constantiam

275 838 325 862 ‘³¹⁶¹'
374 863 490 885 suorum
514 857 741 888 accusatorum,
756 854 790 883 de
810 853 912 891 quibus
927 860 1013 889 supra
1033 852 1129 881 eodem
1141 852 1160 880 ².
1177 852 1223 881 Se-

374 902 479 937 cundo,
512 904 626 939 propter
648 901 824 930 severitatem
845 899 1003 928 divinorum
1025 898 1222 933 modiolorum,

373 951 454 980 iuxta
474 948 541 978 illud
562 947 596 977 ad
610 948 748 976 Hebraeos
762 947 880 976 decimo:
907 957 920 970 «τ
932 945 1106 974 Horrendum
1121 948 1163 974 est
1182 946 1223 974 in-

373 998 464 1026 cidere
486 997 513 1025 in
544 1003 643 1024 manus
664 994 713 1023 Dei
745 994 862 1022 viventis
877 1004 907 1027 n;
937 993 1003 1021 item
1033 992 1105 1021 inl'ra
1127 995 1222 1021 sexto:

378 1055 391 1069 «
406 1043 546 1073 Horrende
567 1046 594 1071 et
614 1042 668 1070 cito
681 1041 830 1078 'apparebit
848 1040 926 1069 vobis
938 1052 963 1067 n.
986 1039 1092 1073 Tertio,
1108 1043 1223 1077 propter

373 1091 558 1128 praesentiam
586 1087 763 1117 horribilium
796 1090 962 1119 tortorum.;
994 1086 1039 1115 lob
1072 1086 1222 1123 vigesimo:

288 1144 355 1162 muer.
378 1150 391 1163 «
404 1138 510 1166 Vadent
531 1140 557 1166 et
578 1135 688 1165 venient
703 1142 788 1171 super
810 1141 874 1162 eum
891 1133 1040 1162 horribiles
1055 1145 1080 1161 ».
1104 1133 1152 1162 Vel
1168 1133 1222 1162 sic:

380 1184 603 1218 Tarbabzmlm·‚
632 1184 745 1220 propter
775 1180 979 1209 remordentem
1012 1180 1222 1215 conscientiam;

374 1232 493 1266 timore,
526 1234 638 1268 propter
670 1228 767 1258 iudicis
798 1228 1008 1257 irrevocabilem
1041 1227 1222 1261 senteutiam;

373 1278 524 1313 horribili,
557 1281 669 1316 propter
701 1275 901 1313 suppliciorum
933 1278 1164 1312 praeparatorum
1196 1278 1224 1303 et

372 1328 514 1355 tortorum
536 1325 712 1354 horribilium
741 1323 826 1352 visam
849 1321 1043 1358 praesentiam.
1075 1322 1110 1349 El
1129 1321 1222 1349 meffa-

374 1372 486 1401 buntur
507 1372 540 1401 in
560 1371 751 1404 subitacione,
773 1369 799 1398 id
821 1371 862 1398 est
883 1368 975 1397 subita
995 1367 1152 1404 adeptione,
1174 1376 1222 1395 sa-

374 1419 460 1454 lutis,
483 1419 588 1448 scilicet
603 1420 756 1452 iustorum,
773 1417 953 1454 insperatae,
969 1415 995 1443 id
1010 1418 1052 1444 est
1067 1423 1121 1444 non
1142 1415 1222 1444 aesti-

371 1470 462 1496 matae
483 1467 518 1495 ab
539 1467 606 1503 ipsis
628 1466 731 1503 impiis,
752 1467 876 1502 speratae
904 1466 994 1492 tamen
1016 1471 1032 1491 a
1057 1463 1152 1497 iustis,
1181 1470 1222 1491 se-

373 1514 496 1543 cundum
518 1514 587 1543 illud
616 1514 752 1543 Psalmiss:
779 1525 792 1538 «
808 1513 836 1541 In
866 1514 890 1540 te
919 1513 1103 1548 speraverunt
1131 1513 1223 1547 patres

372 1561 459 1590 nostri
475 1573 488 1586 »
508 1564 559 1589 etc.
587 1561 750 1595 Gemenles,
772 1559 901 1593 interius,
920 1566 995 1596 prae
1010 1557 1150 1595 a'ngyuslt'a
1164 1557 1223 1594 spi-

373 1608 464 1642 ricus,
496 1616 532 1637 ex
565 1608 785 1637 consideratione
815 1606 918 1645 gloriae
949 1609 975 1634 et
1006 1605 1102 1634 salutis
1134 1605 1222 1639 illius,

372 1663 456 1692 quam
488 1655 686 1692 perdiderunt;
719 1655 801 1692 primi
833 1655 936 1692 Regum
963 1655 1081 1690 quarto:
1112 1664 1124 1677 «
1148 1652 1223 1689 Inge-

370 1704 506 1730 niuerunt
527 1701 709 1735 philisthiim,
731 1702 868 1731 dicentes:
891 1702 945 1729 Vae
966 1700 1044 1729 nobis
1060 1712 1073 1725 »
1092 1702 1142 1728 etc.

451 1748 540 1782 (Vers.
564 1748 612 1783 3.).
630 1748 762 1777 Dicentes
778 1749 858 1777 iutra
879 1757 924 1782 se,
946 1747 1063 1776 dictione
1084 1746 1222 1781 interiori,

239 1801 353 1820 Secundum.
372 1799 399 1824 et
419 1803 475 1824 non
497 1798 595 1823 vacant
616 1795 752 1823 exteriori
765 1796 777 1812 4
798 1796 868 1824 sorte
890 1798 1004 1832 propter
1022 1793 1223 1822 vehementiam

372 1842 482 1871 doloris.
506 1841 719 1870 Poenicenlcam
743 1845 873 1879 agyentes,
894 1842 928 1871 de
949 1842 1036 1875 malo,
1059 1840 1132 1878 quod
1153 1840 1223 1869 sece-

372 1892 454 1923 runt;
474 1888 697 1926 poeniteutiam,
720 1888 768 1917 sed
801 1889 923 1923 tardam,
956 1888 1027 1917 sicut
1057 1887 1224 1924 poenitentia

371 1936 479 1970 divitis,
495 1935 528 1964 de
543 1944 599 1972 quo
614 1936 703 1963 Lucae
718 1935 827 1964 decimo
842 1938 934 1964 sexto:
955 1947 968 1960 «
980 1935 1058 1964 Pater
1073 1935 1222 1967 Abraham,

371 1983 503 2012 miserere
525 1982 608 2011 mei»
633 1984 702 2015 etc.;
732 1986 866 2019 agyentes,
898 1983 982 2011 immo
1002 1981 1094 2019 potius
1120 1981 1223 2018 patien-

372 2033 421 2058 tes.
444 2030 512 2058 Haec
534 2032 576 2058 est
597 2029 766 2065 poenitentia
794 2028 1009 2065 desperationis,
1031 2028 1103 2057 sicut
1130 2027 1223 2064 poeni-

371 2077 457 2106 tentia
478 2076 574 2110 ludae,
596 2076 629 2104 de
651 2084 708 2113 quo
729 2076 858 2105 Matthaei
874 2075 1006 2113 vigesimo
1027 2075 1164 2112 septimo-'²
1187 2075 1223 2103 le-

372 2123 461 2161 gitur,
484 2123 558 2160 quod
584 2122 782 2159 «poenitentia
801 2122 904 2151 ductus
932 2122 1026 2151 retulit
1048 2122 1160 2159 triginta
1180 2129 1223 2149 ar-

372 2174 484 2208 genteos
499 2182 525 2198 ».
550 2171 584 2198 Ec
601 2178 677 2207 prae
698 2170 841 2207 avique-cia
862 2170 988 2207 spiritus
1008 2173 1162 2207 perurentes,
1191 2169 1224 2197 de

372 2218 445 2246 malo
466 2226 585 2255 poenae,
607 2225 691 2254 quam
719 2217 918 2251 incurrerunt3
942 2217 1025 2246 Isaiae
1053 2216 1224 2254 sexagesimo

372 2266 485 2303 quinto:
512 2277 525 2290 α
541 2265 607 2293 Prae
629 2264 795 2293 contritione
817 2264 933 2301 spiritus
955 2264 1097 2293 ululabitis
1115 2276 1128 2289 »
1154 2267 1204 2292 etc.

227 2294 355 2360 Ξῖἕὲῗὲζὶπῗ
451 2312 491 2340 Hz'
510 2315 596 2346 sant,
618 2320 689 2349 quos
712 2311 875 2349 aliquando
897 2314 949 2339 etc.
972 2311 1019 2339 Hic
1040 2311 1116 2348 ponit
1134 2314 1225 2339 male-

238 2346 287 2384 cff-”a
307 2347 355 2366 ψ’
372 2359 453 2388 riam
484 2358 662 2387 confessionis
693 2358 843 2394 impiorum
876 2358 1068 2386 confitentium
1100 2365 1224 2386 errorem

983 164 1153 194 COMMENT.
1176 165 1207 193 ΙΝ
1228 164 1419 193 saPlENTlAM
1440 164 1468 192 C.
1493 164 1521 192 V.
2268 131 2289 180 ⁴

1281 242 1442 279 proprium,
1470 242 1561 279 primo
1589 242 1663 271 circa
1683 243 1831 272 iustorum
1851 243 1961 276 vz'tam;
1989 244 2125 278 secundo,

1281 289 1354 318 circa
1374 289 1464 317 vilain
1483 288 1658 326 propriam:
1680 289 1799 318 Lassatz'
1818 293 1869 319 etc.

1360 336 1388 364 ln
1410 335 1499 372 prima
1517 335 1608 372 primo
1626 336 1794 365 confitentur
1819 337 1983 365 Sanctorum
2005 340 2126 366 comem-
2147 342 2269 370 Prii-nomm

1277 385 1362 419 plum
1384 381 1565 418 praeteritum
1580 384 1607 411 et
1622 381 1791 417 irrisionem3
1810 383 1943 417 secundo,
1965 385 2053 412 status
2068 383 2126 412 illo-
2143 366 2266 434 ἕῖῗῖνῗίαίεᾞ

1281 437 1344 457 rum
1365 427 1613 465 reprobationem:
1636 428 1696 457 Nos
1717 429 1859 458 insensati
1878 432 1943 464 etc.;
1966 430 2060 464 tertio,
2081 438 2127 459 eo·
2144 417 2200 455 ἷῗῖἒῗυ
2215 413 2262 457 iffi

2145 464 2193 478 rum.

1280 483 1344 504 rum
1366 478 1432 504 tunc
1443 479 1627 512 praesentem
1640 476 1862 505 eaeallatz'onem:
1886 476 1969 511 Ecce,
1984 477 2127 515 quomodo

1280 522 1441 559 computati
1459 525 1545 555 sunt,·
1567 525 1683 559 quarto,
1704 531 1795 551 ssitztm
1815 532 1962 552 errorem:
1985 524 2063 560 Eryo
2083 532 2128 552 er-

1280 577 1424 598 ravzmus.
2281 580 2282 584 =

1359 616 1447 653 (Vers.
1471 615 1518 651 3.).
1541 616 1596 649 Hi,
1619 616 1722 645 scilicet
1742 616 1868 646 irrisoria
1895 617 2128 648 demonstratione
2145 621 2172 641 De
2186 622 2249 646 primo·
2267 590 2293 651 325

1280 662 1353 699 digni
1376 662 1529 691 secundum
1550 661 1684 691 iudicium
1705 662 1871 699 impiorum,
1886 667 1969 698 sant,
1984 672 2056 702 quos
2073 664 2128 693 ali—
2267 652 2292 731 ἢ

2287 714 2293 730 i

1280 709 1399 748 quaudo
1420 708 1579 737 habuimus
1601 708 1632 737 z‘n
1653 709 1801 743 derisam,
1822 709 1901 738 sactis
1921 713 1949 738 et
1968 710 2066 747 signis3
2083 711 2128 740 lob

1279 755 1480 785 duodecimoss:
1507 767 1520 780 «
1536 755 1683 784 Deridetur
1705 756 1769 785 iusti
1785 748 1947 793 simplicitas
1961 768 1991 792 »;
2014 757 2080 786 item
2100 757 2129 786 in

1280 803 1401 832 Psalmo:
1429 814 1442 827 «
1457 802 1559 831 Omnes
1581 802 1703 832 videntes
1724 811 1768 832 me
1792 803 1952 833 deriserunt
1973 812 2016 833 me
2037 815 2051 829 »
2076 806 2127 833 etc.

1281 851 1316 879 Ec
1336 850 1367 878 in
1381 849 1603 878 similitudmem
1624 849 1814 887 improperii,
1833 851 2046 888 improperando
2066 859 2129 881 ver-

1280 897 1337 931 bis;
1359 897 1385 925 in
1409 896 1529 925 Psalmo:
1556 908 1569 921 «
1585 896 1754 933 {inproperia
1775 897 2007 934 exprobrantium
2021 897 2070 927 tibi
2085 906 2128 927 ce·
2291 907 2293 911 ·

1280 944 1408 973 ciderunt
1429 952 1513 980 super
1534 944 1578 972 me
1594 956 1619 971 ».
1643 943 1694 972 Sed
1717 952 1780 972 cum
1796 944 2003 982 improperatur
2024 945 2128 974 homini
2291 961 2293 973 .

1280 999 1350 1028 opus
1376 991 1496 1025 bonum,
1525 990 1599 1028 quod
1621 991 1713 1028 potius
1741 994 1782 1020 est
1803 992 1920 1020 materia
1947 992 2052 1027 laudis,
2074 1001 2128 1022 non
2291 988 2294 995 ⁴

1280 1041 1321 1067 est
1343 1046 1441 1066 verum
1463 1037 1676 1075 improperium,
1702 1038 1749 1066 sed
1777 1037 1928 1067 similitudo
1948 1038 2128 1076 improperii;
2291 1002 2294 1063 Ι

1282 1089 1395 1122 propter
1416 1085 1490 1122 quod
1511 1085 1613 1114 dicitur
1635 1084 1692 1113 hic:
1716 1085 1746 1113 z'u
1770 1085 1992 1114 similitudinem
2020 1086 2129 1123 impro-
2290 1065 2295 1122 Ι

1277 1132 1373 1169 perit,
1394 1132 1530 1161 secundae
1561 1132 1593 1161 ad
1616 1131 1773 1161 Corinthios
1804 1133 1925 1161 sexto⁷:
1952 1144 1965 1158 (ι
1981 1133 2031 1162 Per
2061 1133 2130 1162 insa—
2291 1133 2295 1192 Ι

1282 1180 1364 1208 miani
1397 1182 1423 1208 et
1455 1179 1554 1207 bonam
1586 1179 1687 1208 samam
1709 1191 1723 1204 ι»
1756 1182 1807 1208 etc.
1824 1190 1830 1214 ;
1863 1180 1981 1209 Actuum
2012 1180 2128 1218 quinto:

1285 1238 1297 1252 «
1315 1227 1392 1255 Ibant
1414 1226 1532 1263 Apostoli
1554 1226 1705 1263 gaudentes
1723 1238 1736 1251 »
1762 1229 1813 1255 etc.
2291 1198 2295 1263 ἐ

1359 1274 1447 1310 (Vers.
1471 1273 1519 1309 4.).
1543 1273 1601 1302 Νω-
1617 1274 1759 1302 insensate·
1774 1275 1847 1308 'etc.,
1870 1274 2073 1303 insensatorum
2088 1275 2129 1303 in-
2144 1279 2170 1298 ⁰0
2183 1278 2265 1298 secundo>
2287 1291 2289 1298 ι

1280 1321 1396 1349 santium
1423 1328 1500 1349 inore
1514 1320 1651 1355 viventes;
1674 1320 1829 1355 imensalz',
1845 1321 1972 1358 inquam,
1993 1321 2060 1358 quia
2073 1330 2128 1350 non

1280 1368 1467 1397 sentiebamus
1487 1367 1520 1395 de
1542 1367 1642 1401 rebus,
1665 1367 1737 1396 sicut
1757 1370 1851 1401 erant;
1881 1368 2061 1397 Ecclesiastici
2082 1368 2128 1397 de·
2293 1382 2295 1388 ·

1280 1415 1351 1443 cimo
1366 1417 1446 1443 sexto
1457 1413 1481 1442 ⁸:
1508 1426 1520 1438 «
1535 1414 1561 1442 In
1578 1413 1621 1442 his
1641 1414 1770 1443 omnibus
1795 1414 1965 1443 insensatum
1981 1417 2023 1443 est
2037 1422 2085 1443 cor
2097 1425 2128 1449 »ς
2289 1396 2296 1504 l

2266 738 2287 792 Ἰ,

1280 1462 1385 1499 primae
1407 1461 1440 1490 ad
1462 1461 1618 1490 Corinthios
1645 1461 1752 1490 decimo
1780 1465 1895 1498 quarto:
1923 1473 1936 1487 (ε
1955 1461 2043 1491 Nolite
2070 1469 2130 1491 esse

1280 1509 1360 1546 pueri
1382 1508 1549 1537 sensibus».
1579 1508 1672 1536 Vitam
1687 1508 1819 1542 illorum,
1842 1508 1868 1537 id
1890 1511 1931 1537 est
1945 1508 2130 1538 conversatio—

1280 1563 1359 1590 nem,
1381 1563 1452 1592 quae
1474 1558 1533 1583 erat
1554 1554 1581 1582 in
1604 1557 1783 1591 paupertate,
1806 1555 1915 1590 labore,
1944 1555 2063 1590 vilitate,
2092 1555 2130 1584 ie-

1281 1603 1364 1632 iuniis
1384 1606 1449 1637 ctc.;
1472 1602 1703 1631 aestimabamus
1724 1602 1884 1631 insaniam.
1912 1603 1955 1632 Sic
1981 1603 2067 1632 David
2095 1603 2130 1632 ab

1281 1649 1360 1679 Achis
1382 1651 1527 1686 reputatus
1548 1652 1589 1678 est
1609 1649 1739 1683 insanus,
1761 1649 1843 1686 primi
1866 1650 1969 1687 Regum
1999 1649 2130 1687 vigesimo

1280 1696 1403 1734 primo⁹3
1425 1696 1463 1725 sic
1478 1698 1505 1725 et
1519 1696 1659 1731 Christus;
1676 1696 1782 1725 loannis
1797 1700 1905 1725 octavo:
1926 1708 1939 1722 «
1951 1697 2045 1726 Nonne
2059 1696 2130 1726 bene

1280 1745 1397 1773 dicimus
1416 1752 1477 1777 nos,
1500 1743 1565 1780 quia
1587 1743 1776 1772 Samaritanus
1801 1752 1830 1772 es
1852 1747 1882 1772 tu
1907 1747 1933 1773 et
1951 1743 2127 1773 daemonium
2278 1773 2280 1781 Α

1281 1791 1412 1820 habew?
1434 1790 1498 1819 item
1528 1790 1634 1819 loannis
1662 1790 1782 1819 decimo:
1810 1791 2017 1820 «Daemonium
2047 1790 2130 1820 habet
2293 1803 2295 1835 Α

1280 1843 1307 1868 et
1328 1838 1467 1872 insanit»;
1489 1838 1528 1866 sic
1549 1838 1664 1866 nuntius
1690 1837 1782 1872 Elisei‚
1804 1838 1897 1875 quarti
1919 1838 2022 1875 Regum
2044 1846 2129 1867 nono:

1286 1898 1299 1911 «
1314 1885 1384 1922 Quid
1406 1885 1480 1914 venit
1495 1885 1608 1914 insanus
1630 1885 1680 1913 iste
1695 1885 1729 1913 ad
1751 1887 1777 1914 te
1792 1888 1827 1913 »?
1849 1885 1918 1914 Osee
1932 1893 2021 1914 nono:
2049 1885 2130 1914 «Sci-

1281 1936 1345 1966 tote,
1362 1932 1452 1965 lsrael,
1471 1932 1588 1960 stultum
1603 1932 1767 1968 proplietam
1783 1935 1810 1960 et
1824 1932 1952 1960 insanum
1967 1931 2060 1961 virum
2075 1931 2129 1969 spi·
2293 1924 2296 1979 1

1280 1979 1408 2008 ritualem
1422 1990 1452 2013 »;
1468 1978 1604 2012 stultam,
1620 1978 1723 2007 scilicet
1738 1978 1765 2007 in
1781 1978 1993 2015 temporalibus,
2008 1981 2036 2008 et
2050 1979 2130 2008 insa·
2278 2011 2279 2014 Ἰ

1280 2035 1363 2060 num,
1384 2025 1537 2054 secundum
1560 2025 1692 2066 iudicium
1708 2025 1923 2054 mundanorum.
1946 2026 1982 2054 Et
1994 2025 2081 2062 finem
2098 2026 2130 2055 il-
2293 1997 2296 2047 ι

1281 2074 1394 2107 lorum,
1417 2073 1442 2101 id
1464 2076 1505 2101 est
1523 2076 1654 2106 mortem,
1676 2072 1738 2101 sine
1753 2072 1873 2107 honore,
1888 2073 2007 2102 alicuius
2027 2073 2131 2102 scilicet

1281 2120 1529 2154 remunerationis3
1561 2123 1658 2148 contra
1688 2119 1763 2156 quod
1791 2119 1892 2149 dicitur
1913 2120 1942 2148 in
1970 2120 2075 2149 Psalmo
2090 2119 2129 2149 ¹⁰:
2294 2154 2295 2158 Ἰ

1287 2167 1398 2196 «Nimis
1420 2166 1546 2195 honorati
1568 2169 1633 2195 sunt
1653 2166 1733 2195 amici
1755 2166 1809 2201 tui,
1832 2167 1906 2196 Deus
1920 2177 1947 2201 »3
1967 2166 2032 2196 item
2055 2167 2130 2196 loan-
2292 2172 2295 2186 ³

1282 2215 1324 2244 nis
1345 2214 1507 2243 duodecimo
1523 2214 1560 2241 ¹¹:
1588 2214 1642 2242 «Si
1671 2214 1734 2250 quis
1756 2214 1823 2242 mihi
1846 2213 2060 2249 ministraverit,
2082 2214 2131 2243 ho·
2293 2188 2296 2241 ι

1282 2261 1438 2291 noriiicabit
1458 2269 1523 2289 eum
1546 2261 1624 2289 Pater
1645 2268 1724 2289 meus
1738 2273 1766 2295 »‚
1788 2261 1836 2298 qui
1858 2261 1886 2289 in
1908 2260 1990 2290 caelis
2010 2263 2060 2290 est.
2293 2260 2296 2303 Ι

1361 2309 1449 2344 (Vers.
1473 2308 1520 2344 5.).
1540 2308 1686 2344 Quomodo
1708 2316 1774 2345 ergo
1789 2308 1952 2345 compacati
1971 2311 2041 2337 sant
2054 2308 2131 2337 inter
2148 2312 2175 2331 ΒΘ
2187 2310 2247 2331 tei-tio.

1283 2356 1359 2394 filios
1376 2355 1446 2384 Del?
1462 2363 1511 2392 per
1526 2355 1659 2392 gratiam3
1675 2355 1709 2383 ad
1725 2356 1861 2384 Romanos
1881 2358 1978 2384 octavo
1991 2354 2027 2383 ¹²:
2047 2366 2060 2380 «
2073 2355 2131 2384 Non

436 2516 443 2529 ¹
462 2517 551 2539 Scilicet
567 2516 728 2539 interlinearis
746 2523 773 2539 ex
790 2516 895 2539 Rabano.
913 2529 943 2533 —
961 2517 1012 2539 Duo
1030 2523 1095 2546 seqq.
1113 2517 1156 2539 loci
1174 2519 1227 2539 sunt

373 2556 444 2579 Exod.
462 2556 504 2583 15,
523 2556 559 2578 15.
576 2559 598 2578 et
615 2557 696 2578 Ezech.
713 2556 735 2584 7,
753 2557 791 2578 26.

436 2595 444 2608 Ξ
463 2597 529 2618 Vers.
550 2596 568 2618 1.
585 2608 615 2612 -
634 2596 766 2625 Sequuntur
783 2595 854 2618 Hebr.
872 2597 914 2624 10,
932 2597 974 2625 31;
994 2597 1048 2625 Sap.
1066 2597 1091 2625 6,
1110 2597 1131 2619 6.
1149 2599 1172 2619 et
1188 2596 1227 2619 lob

373 2636 415 2664 20,
434 2636 472 2657 25.
490 2647 519 2650 —-
536 2635 631 2657 Inferius
649 2641 691 2663 pro
709 2636 830 2657 tortorum
848 2635 865 2657 A
884 2636 1069 2658 tormentorum.

436 2672 445 2685 ³
462 2674 545 2696 Psalm.
558 2674 594 2702 21,
607 2674 628 2696 5.
642 2687 671 2689 -
684 2674 737 2703 Seq.
748 2674 813 2696 locus
825 2677 859 2696 est
871 2674 885 2696 l.
898 2675 957 2703 Reg.
970 2673 991 2701 4,
1004 2674 1027 2696 7.
1044 2677 1067 2697 et
1085 2675 1105 2697 8.
1119 2687 1147 2690 -
1160 2674 1226 2698 Card.

373 2714 441 2741 Hugo
459 2719 471 2735 a
489 2714 512 2735 S.
528 2712 603 2736 Charo
615 2715 637 2735 et
648 2714 752 2740 Lyranus
764 2714 826 2735 hunc
837 2715 860 2735 et
876 2719 926 2742 seq.
944 2719 1039 2736 versum
1057 2713 1090 2736 sic
1106 2713 1233 2736 exhibent·:.

373 2752 508 2775 videntes...
524 2752 653 2780 insperatae
670 2752 757 2779 salutis,
774 2753 892 2781 qememes
906 2758 969 2782 prae
985 2752 1099 2782 anquslia
1116 2752 1226 2782 spiritus,

373 2792 475 2815 dicentes
492 2791 549 2813 intra
567 2797 592 2813 se
609 2790 684 2820 [alias:
701 2791 777 2814 dicent
789 2791 847 2813 inter
859 2791 907 2821 se],
918 2792 1083 2820 poenitentiam
1101 2794 1195 2820 agentes
1207 2795 1229 2815 et

370 2837 432 2862 prae
447 2830 560 2861 anquslz'a
576 2830 675 2860 spiritus
693 2832 816 2860 qemeules.
835 2832 934 2859 Vulgata
947 2834 970 2854 et
980 2831 1092 2854 Rabanus
1108 2831 1181 2854 verba
1193 2838 1228 2861 ye-

373 2872 461 2894 menles
475 2876 537 2900 prae
553 2869 665 2899 unqu-seia
682 2869 781 2899 spiritus
799 2870 875 2898 primo
893 2871 944 2893 loco
961 2871 1038 2898 posita
1053 2871 1170 2893 omittunt.

436 2908 446 2921 ⁴
464 2909 494 2931 lta
511 2909 541 2937 A;
559 2909 613 2931 edd.
630 2909 721 2936 legunt:
733 2908 839 2932 Dicenles
856 2909 923 2932 intra
939 2915 980 2938 se,·
992 2909 1091 2933 inter-‚se
1109 2908 1163 2938 [cfr.
1174 2911 1230 2931 nota

373 2947 527 2978 praecedens]
539 2947 618 2971 verior
631 2947 720 2975 littera,
732 2947 822 2971 scilicet
831 2947 931 2971 dictione
943 2947 1060 2977 interiori,
1074 2948 1168 2971 omissis
1180 2954 1229 2970 ver-

373 2987 409 3011 bis
421 2989 443 3011 et
457 2993 506 3011 non
523 2989 609 3011 vacant
625 2987 746 3011 escteriorz'.
763 3001 794 3005 —
812 2987 916 3010 Subinde
932 2988 1045 3016 allegatur
1062 2988 1118 3011 Luc.
1136 2988 1178 3016 16,
1191 2987 1229 3010 24.

1284 2555 1387 2578 addunt:
1405 2555 1435 2578 El
1448 2560 1509 2584 prae
1525 2552 1638 2583 aizyusll'a
1655 2554 1696 2576 etc.
1714 2553 1776 2576 Haec
1792 2558 1840 2575 uon
1858 2551 1927 2576 habel
1943 2551 2063 2581 Rabanus,
2075 2552 2134 2582 quia

1283 2595 1345 2618 idem
1361 2596 1396 2618 esc
1411 2600 1494 2624 supra.
1511 2593 1557 2617 Cir.
1574 2599 1644 2621 supra
1662 2594 1716 2615 nota
1734 2593 1755 2614 3.

1346 2633 1356 2646 ⁶
1375 2635 1439 2657 Vers.
1457 2633 1478 2656 4.
1495 2646 1525 2649 ——
1542 2633 1592 2655 Duo
1609 2638 1673 2661 seqq.
1691 2632 1733 2654 loci
1756 2634 1810 2654 sunt
1832 2632 1866 2654 Ps.
1884 2632 1922 2660 2l,
1940 2632 1962 2654 8.
1984 2634 2007 2654 et
2029 2632 2071 2660 68,
2090 2631 2131 2654 1οι

1284 2673 1415 2702 Opprobria
1432 2671 1620 2700 exprobrantium
1639 2674 1681 2693 etc.

1347 2711 1356 2724 ⁷
1374 2713 1440 2735 Vers.
1457 2712 1479 2734 8.
1496 2725 1525 2727 —
1544 2711 1651 2740 Sequitur
1668 2711 1716 2733 Act.
1734 2711 1760 2738 5,
1779 2710 1817 2732 41.

1348 2750 1357 2763 ⁸
1375 2752 1441 2774 Vers.
1457 2751 1494 2773 20.
1511 2762 1542 2767 —
1558 2751 1612 2779 Seq.
1629 2750 1693 2772 locus
1709 2752 1743 2772 est
1759 2750 1774 2771 l.
1792 2749 1843 2772 Cor.
1862 2749 1903 2776 14,
1921 2749 1959 2771 20.

1347 2789 1357 2803 ⁹
1374 2791 1439 2814 Vers.
1452 2790 1493 2812 114:
1506 2790 1531 2812 Et
1547 2789 1578 2812 ait
1595 2789 1663 2811 Achis
1680 2789 1708 2811 ad
1727 2795 1807 2811 servos
1824 2795 1891 2811 suos:
1903 2788 1998 2811 Vidistis
2013 2787 2132 2811 hominem
2273 2791 2279 2811 ¹1

1285 2831 1392 2853 insanum
1409 2833 1452 2852 etc.
1469 2842 1499 2846 —
1517 2829 1648 2858 Sequuntur
1670 2829 1731 2850 loun.
1750 2829 1776 2856 8,
1795 2827 1831 2850 48.
1856 2830 1879 2850 et
1899 2828 1940 2855 10,
1958 2828 2002 2855 203
2020 2827 2058 2850 lV.
2074 2827 2133 2855 Reg.
2276 2817 2279 2824 ¹

1286 2870 1308 2897 9,
1327 2869 1362 2891 11.
1380 2871 1402 2891 et
1418 2868 1477 2891 Osee
1493 2868 1515 2896 9,
1532 2867 1554 2890 7.

1349 2906 1368 2920 ¹⁰
1386 2908 1467 2930 Psalm.
1485 2907 1541 2934 138,
1560 2906 1601 2929 17;
1618 2906 1689 2929 Nimis
1706 2905 1851 2928 honorificati
1867 2907 1981 2928 suntretc.

1349 2946 1367 2960 ²¹
1386 2947 1452 2970 Vers.
1469 2947 1507 2969 26.

1350 2985 1369 2998 ¹²
1387 2986 1452 3009 Vers.
1470 2986 1507 3008 15.
1525 2999 1554 3002 -
1572 2985 1680 3015 Sequitur
1697 2986 1757 3008 loan.
1776 2985 1796 3014 1,
1815 2985 1852 3007 12.

1348 2514 1357 2528 ⁵
1376 2516 1442 2538 Vcrs.
1459 2515 1480 2537 3.
1492 2528 1523 2531 —
1536 2515 1588 2543 Seq.
1606 2514 1669 2536 locus
1685 2516 1719 2536 est
1737 2514 1786 2536 lsai.
1798 2514 1840 2541 65,
1859 2513 1901 2541 14,
1919 2516 1972 2541 post
1987 2519 2058 2542 quem
2078 2513 2132 2536 edd.
2291 2449 2296 2584 ²

2292 2661 2294 2686 l
