2296 3316
39 324 94 343 Ratio
107 323 126 342 2.

39 605 95 624 Ratio
108 604 125 623 3.

10 934 64 953 Falsa
77 933 125 952 ratio

7 958 127 977 Graecorum.

4 1219 74 1242 *Quaest.
81 1217 100 1236 2.
109 1216 133 1235 de

10 1240 126 1261 certitudine.

70 1828 129 1852 Resp.

25 1875 120 1895 Cei-titudo

19 1899 133 1923 madmplex.

917 138 949 167 IN
970 137 1125 166 IOANNEM.

142 221 177 250 ab
198 220 344 250 haereticis
371 220 551 249 excitaretur.
572 218 648 247 Unde
670 217 696 246 in
718 217 854 253 Prologo¹
880 215 991 249 dicitur,

143 267 217 305 quod
237 267 335 296 ultimo
356 266 466 303 scripsit
488 265 680 302 EvangeIIum,
702 267 729 292 et
750 264 802 292 hoc
823 262 923 300 virgIni
945 262 992 290 de-

143 314 269 343 bebatur.
291 330 331 334 —
351 312 407 341 Alia
425 312 496 343 ratio
516 311 568 340 fuit
582 319 618 340 ex
633 314 711 348 parte
727 310 911 346 Scripturas,
926 309 992 346 quia

142 361 188 390 alii
209 362 274 389 sunt
295 359 396 388 versati
425 358 499 387 circa
523 357 723 387 humanitatem
751 359 778 385 et
806 356 880 385 circa
907 355 991 384 vitam

143 407 276 441 activam,
298 406 396 435 beatus
418 406 531 434 loannes
552 405 626 434 circa
646 404 823 432 Divinitatem
851 406 878 431 et
906 403 991 431 vitam

143 453 400 490 contemplativam,
422 453 493 482 sicut
514 452 579 481 dicit
610 451 782 488 Augustinus
810 450 837 479 in
865 449 960 478 Glossa
971 450 990 477 2.

143 501 213 537 Quia
233 508 300 537 ergo
322 507 370 537 per
391 499 509 528 visibilia
529 499 641 528 venitur
661 496 879 530 ad'invisibilia,
901 499 928 525 et
942 497 994 533 per'

143 547 259 576 activam
288 547 322 575 ad
350 545 609 582 contemplativam3
641 544 800 573 debuerunt
828 543 918 580 primo
946 543 991 571 alii

144 594 281 628 scribere,
303 594 403 622 ultimo
424 600 491 622 vero
519 593 640 621 Ioannes.
663 608 700 613 —
722 591 814 620 Tertia
842 590 913 619 ratio
941 590 993 618 fuit

144 648 181 670 ex
202 644 280 677 parte
301 639 528 677 dispensationis
549 639 688 672 divinae,·
709 638 775 675 qula
789 637 862 666 enim
879 637 992 665 Ioannes

143 688 242 717 ceteris
264 687 362 716 melius
383 689 543 715 servaverat
564 686 757 723 Evangelium,
779 685 800 713 si
823 685 881 722 ipse
902 684 992 721 primo

144 734 314 771 scripsisset,
336 736 386 762 aut
407 735 494 761 totum
514 732 670 769 scripsisset
690 735 717 761 et
738 732 799 761 aliis
818 732 909 760 locum
925 730 993 759 scri-

143 781 224 810 bendi
246 780 423 816 abstulisset;
445 783 494 809 aut
515 780 612 808 sinon
635 782 739 813 totum,
760 779 805 807 alii
821 779 911 816 ipsum
927 786 992 814 sup-

143 828 220 865 plere
241 836 295 856 non
321 830 440 865 possent.
470 827 531 856 Ideo
558 827 685 864 permisit
713 826 845 855 instinctu
874 825 993 862 Spiritus

143 875 243 909 sancti,
265 875 332 904 alios
353 875 432 912 prius
453 874 591 908 scribere,
613 878 645 903 111
666 881 738 911 quae
759 873 803 902 alii
826 873 993 906 omiserant,

142 922 320 960 postmodum
341 922 399 959 ipse
414 925 541 950 narraret
553 922 572 949 ⁵.
589 938 626 942 —
641 921 736 954 Graeci
757 923 850 949 autem
874 919 994 949 reddunt

143 969 224 998 aliam
245 977 372 1003 causam,
394 972 426 998 ut
445 969 514 998 alios
541 969 711 1005 corrigeret;
735 968 782 997 sed
803 967 992 1001 mentiuntur,

143 1017 225 1054 quia,
246 1017 269 1046 si
290 1017 386 1046 eodem
408 1016 512 1053 Spiritu
534 1016 720 1053 Evangelistae
741 1015 826 1044 locuti
841 1017 921 1049 sunt,
943 1015 994 1043 im-

142 1063 272 1100 possibile
299 1063 367 1098 fuit',
395 1071 442 1092 eos
469 1063 561 1092 dicere
589 1063 708 1097 salsum;
735 1062 795 1091 ideo
815 1061 919 1099 aliquid
940 1061 994 1089 suit

143 1110 315 1144 addendum,
338 1110 385 1139 sed
405 1110 475 1138 nihil
497 1109 701 1147 corrigendum.

224 1159 268 1187 10.
291 1158 401 1195 Quaest.
418 1158 446 1186 II.
463 1157 587 1186 Secundo
602 1157 749 1194 quaeritur
770 1156 804 1185 de
825 1156 910 1185 huius
930 1156 992 1184 libri

144 1205 325 1239 certitudine,
348 1207 375 1233 et
396 1204 514 1238 videtur,
537 1204 610 1241 quod
632 1204 703 1233 male
724 1203 863 1241 procedat.

225 1253 249 1280 l.
272 1252 298 1280 Si
319 1252 393 1280 enim
414 1251 513 1280 modus
534 1251 702 1280 narrationis
724 1253 765 1279 est
786 1250 883 1279 debilis
905 1253 932 1279 et
953 1250 993 1279 in-

144 1299 259 1332 firmus,
288 1298 354 1335 quia
381 1298 468 1335 quis4
496 1300 585 1334 potest
606 1297 810 1331 contradicere,
832 1305 883 1325 nec
911 1297 994 1326 habet

144 1344 218 1373 unde
246 1344 406 1378 refellatur;
429 1347 456 1372 et
477 1344 590 1372 Ioannes
618 1344 699 1372 modo
723 1344 880 1372 narratorio
901 1351 994 1381 proce-

144 1391 202 1420 dit:
224 1399 290 1429 ergo
312 1391 390 1420 valde
411 1390 539 1420 debiliter
560 1393 587 1419 et
609 1391 727 1419 infirme.

224 1440 250 1467 2.
273 1439 355 1472 Item,
377 1438 451 1475 quod
472 1437 571 1466 debeat
584 1438 815 1466 certitudinaliter
830 1438 993 1475 procedere,

145 1485 274 1515 videtur:
296 1485 362 1522 quia
387 1496 401 1510 «
415 1484 483 1513 nihil
505 1487 546 1513 est
567 1485 671 1513 certius
690 1485 794 1513 homini
810 1493 861 1514 sua
876 1485 928 1514 tide
940 1485 951 1502 ⁵
966 1496 993 1513 »:

145 1538 212 1569 ergo
232 1532 309 1561 nulla
329 1532 447 1569 cognitio
475 1531 518 1560 vel
546 1531 672 1560 doctrina
696 1532 800 1560 certius
821 1531 902 1561 debet
924 1532 993 1560 tradi

146 1587 178 1608 ea
198 1586 269 1616 quae
290 1581 404 1616 generat
424 1578 514 1607 fidem.
538 1578 589 1607 Sed
610 1578 736 1607 doctrina
757 1578 864 1607 Ioannis
891 1582 933 1607 est
960 1579 994 1608 ad

145 1626 334 1664 generandum
362 1626 460 1661 fidem,
489 1626 562 1655 sicut
589 1626 691 1654 dicitur
713 1626 820 1654 Ioannis
842 1626 993 1663 vigesimo:

146 1681 212 1711 ergo
238 1673 320 1702 debet
348 1681 407 1702 esse
435 1673 589 1702 certiSsima
616 1676 643 1701 et
671 1673 902 1702 certitudinaliter
930 1682 994 1710 pro-

146 1721 252 1750 cedere.

224 1768 406 1796 Reseonueo:
439 1767 607 1801 Dicendum,
639 1767 713 1804 quod
745 1767 923 1805 quadruplex
954 1770 996 1796 est

147 1814 298 1848 certitudo,
319 1814 423 1843 scilicet
443 1814 715 1848 demonstrationis,
732 1814 935 1848 (auctoritatis,
951 1814 995 1842 in-

148 1864 246 1889 ternae
278 1860 504 1890 illuminationis
538 1863 566 1890 et
600 1861 753 1889 exterioris
780 1861 993 1898 persuasionis.

147 1908 238 1937 Prima
258 1908 394 1937 certitudo
415 1911 472 1943 est,
494 1908 538 1936 cui
561 1908 650 1937 resisti
679 1916 733 1936 non
764 1911 870 1945 potest;
893 1908 920 1936 in
950 1908 995 1936 illa

210 2037 218 2050 ¹
237 2039 279 2067 Qui
298 2039 391 2061 interius
407 2038 451 2062 sub
463 2039 558 2061 nomine
569 2039 702 2067 Hieronymi
718 2040 836 2068 allegatur.
847 2052 878 2056 —
890 2040 995 2066 Ilieron.,

147 2077 177 2100 de
194 2077 255 2101 Viris
272 2077 408 2105 illustribus,
426 2084 446 2101 c.
463 2078 490 2100 9:
507 2078 653 2101 Novissimus
674 2079 778 2101 omnium
797 2078 923 2108 [loannes]
941 2079 995 2101 scri-

147 2117 193 2145 psit
210 2117 373 2145 Evangelium,
391 2120 485 2145 rogatus
503 2117 533 2140 ab
550 2117 616 2140 Asiae
636 2118 765 2146 episcopis,
782 2118 895 2140 adversus
917 2118 996 2141 Cerin-

147 2157 213 2179 thum
230 2156 333 2185 aliosque
350 2156 477 2179 haereticos
494 2160 516 2179 et
533 2157 632 2180 maxime
653 2160 707 2179 tunc
728 2157 885 2180 Ebionitai-um
908 2158 994 2186 dogma

148 2201 304 2224 consurgens,
321 2195 361 2224 qui
379 2198 496 2223 asserunt,
513 2195 630 2219 Christum
656 2199 708 2219 ante
730 2196 823 2219 Mariam
846 2203 893 2219 non
910 2197 994 2225 suisse;

148 2235 211 2257 unde
228 2237 250 2257 et
266 2235 401 2262 compulsus
419 2237 453 2257 est
469 2235 571 2257 divinam
589 2236 639 2258 eius
656 2235 798 2258 nativitatem
816 2235 915 2258 edicere.

211 2272 220 2285 ²
239 2274 292 2296 Sive
310 2273 332 2296 in
349 2274 458 2301 Prologo,
476 2280 546 2302 quem
564 2274 626 2296 card.
644 2275 712 2302 Ilugo
729 2278 752 2297 ct
768 2276 873 2302 Lyranus
894 2274 938 2297 sub
959 2281 996 2297 no·

148 2313 211 2335 mine
228 2313 349 2341 Augustini
367 2312 487 2340 exhibent,
501 2313 536 2335 ed.
554 2313 649 2335 Maurin.
667 2314 751 2336 incerto
763 2314 851 2336 auctori
863 2314 895 2342 (iu
910 2314 996 2341 evang.

149 2352 209 2374 Ioan.
227 2352 346 2381 Praefatio)
366 2351 482 2380 tribuunt;
500 2353 573 2374 maior
591 2352 662 2380 ipsius
684 2359 738 2381 pars
760 2356 836 2375 sumta
859 2353 951 2375 videtur
969 2359 996 2375 ex

148 2394 259 2420 August„
277 2392 291 2414 l.
318 2391 347 2414 de
372 2391 490 2414 Consensu
516 2392 653 2419 Evangelist.
678 2398 698 2414 c.
724 2393 745 2415 l.
769 2398 848 2421 seqq.,
866 2392 888 2414 in
911 2392 997 2420 quibus

149 2430 217 2453 etiam
236 2431 292 2452 haec
308 2430 358 2453 alia
375 2430 437 2453 ratio
455 2436 467 2452 a
485 2431 508 2453 S.
526 2431 612 2453 Bonav.
630 2431 694 2453 allata
715 2432 817 2459 ponitur.
835 2444 866 2448 —
883 2433 950 2454 Rom.
970 2432 996 2460 sl,

150 2469 192 2492 20:
210 2469 335 2492 Invisibilia
352 2470 413 2492 enlm
431 2470 503 2497 ipsius
520 2468 593 2499 [Dei]
611 2476 623 2492 a
635 2473 738 2493 creatura
751 2470 831 2493 mundi
844 2477 885 2498 per
897 2477 925 2493 ea
936 2476 997 2499 quae

150 2510 206 2531 tacta
224 2511 276 2531 sunt
293 2509 403 2531 intellecta
420 2509 601 2537 conspiciuntur.

212 2547 221 2560 ³
238 2549 342 2576 Hieram,
360 2549 390 2571 de
407 2549 468 2571 Viris
484 2548 622 2576 illustribus,
639 2555 657 2571 c.
676 2549 702 2571 9:
721 2549 766 2572 Sed
783 2552 805 2572 et
822 2550 889 2572 aliam
902 2556 996 2572 causam

150 2588 219 2610 huius
236 2588 368 2616 Scripturae
386 2587 487 2617 [Evang.
504 2587 574 2617 loan.]
593 2589 680 2615 serunt,
697 2589 761 2617 quod
773 2595 826 2611 cum
839 2589 931 2617 legisset
943 2589 998 2611 Mat—

150 2627 222 2655 thaei,
245 2627 313 2649 Marci
338 2629 360 2649 et
384 2627 459 2649 Lucae
483 2627 612 2655 volumina,
635 2627 767 2655 probaverit
792 2628 887 2656 quidem
911 2630 997 2650 textum

150 2666 258 2689 liistorIae
275 2668 297 2688 et
313 2672 368 2688 vera
386 2672 425 2688 eos
443 2661 526 2688 dixisse
543 2666 681 2694 firmaverit,
694 2667 734 2689 sed
747 2667 815 2689 unius
831 2669 918 2689 tantum
931 2668 997 2696 anni,

150 2705 173 2727 in
190 2711 236 2734 quo
254 2707 276 2727 et
292 2711 374 2733 passus
391 2708 436 2733 est,
454 2707 506 2733 post
523 2711 639 2728 carcerem
657 2706 746 2728 loannis
760 2706 878 2728 historiam
891 2706 997 2729 texuisse.

150 2744 313 2767 Praetermisso
331 2744 408 2773 itaque
424 2750 495 2771 anno,
510 2744 575 2766 cuius
593 2747 643 2766 acta
659 2750 675 2766 a
689 2741 762 2767 tribus
778 2745 879 2773 exposita
895 2746 997 2772 fuerant,

151 2783 276 2812 superioris
287 2783 410 2812 temporis,
423 2786 547 2812 antequam
562 2784 658 2806 Ioannes
674 2784 818 2806 clauderetur
833 2785 856 2806 in
868 2790 997 2811 carcerem,

151 2825 215 2851 gesta
232 2823 346 2850 narravit,
363 2823 422 2845 sieut
437 2823 583 2845 manifestum
601 2829 652 2845 esse
668 2823 752 2850 poterit
769 2823 803 2845 his
820 2823 859 2852 qui
877 2824 998 2851 diligenter

152 2864 250 2890 quatuor
268 2862 447 2889 Evangeliorum
468 2862 585 2884 volumina
608 2862 711 2890 legerint.
729 2862 792 2890 Quae
812 2869 849 2885 res
865 2863 933 2884 etiam
952 2862 998 2883 δια-

152 2899 235 2930 φωνίαν
253 2901 451 2929 (dissonantiam),
468 2908 528 2930 quae
553 2901 645 2924 videtur
670 2907 720 2924 esse
744 2908 798 2924 cum
824 2902 917 2930 celeris,
935 2902 997 2924 tollit.

152 2939 197 2963 Csr.
223 2939 348 2967 Eusebius,
370 2940 403 2963 Ill.
430 2940 513 2963 Ilistor.
538 2941 621 2963 Eccles.
645 2946 664 2962 c.
688 2940 726 2963 24.
744 2932 775 2957 '-
792 2941 809 2963 Α
832 2940 998 2963 recentioribus

1840 136 1896 164 243

1049 215 1158 252 cogitur
1180 215 1263 244 homo
1283 215 1430 249 assentire,
1452 214 1517 243 velit
1538 214 1621 248 nolit;
1637 217 1664 243 et
1679 213 1739 242 ideo
1761 213 1822 242 talis
1837 221 1897 242 cer-

1049 262 1154 296 titudo,
1176 262 1223 291 ubi
1245 262 1419 295 dominatur,
1441 264 1557 290 evacuat
1585 260 1675 289 tidem.
1698 261 1755 293 Alia
1775 264 1816 289 est
1838 268 1898 289 cer-

1050 308 1138 337 titudo
1168 308 1370 341 auctoritatis,
1393 311 1420 336 et
1450 308 1518 336 haec
1549 307 1632 336 fidem
1663 310 1791 344 generat;
1824 307 1897 336 unde

1049 356 1218 393 Augustinus
1230 356 1255 384 ⁶:
1275 367 1288 380 «
1299 355 1377 392 Quod
1399 354 1539 383 credimus
1557 354 1690 383 dehemus
1704 354 1896 383 auctoritati».

1049 403 1140 432 Tertia
1154 406 1196 432 est
1210 402 1348 431 certitudo
1369 401 1595 430 illuminationis
1613 401 1772 435 interioris,
1788 404 1815 429 et
1830 401 1897 430 haec

1049 450 1131 479 fidem
1156 450 1264 487 perficit
1285 453 1312 478 et
1340 450 1521 478 consummat.
1544 448 1648 484 Quarta
1669 452 1710 476 est
1729 448 1898 485 persuasio-

1048 497 1111 531 nis,
1133 497 1243 534 quando
1265 497 1349 525 homo
1370 495 1458 524 fidens
1473 495 1594 523 rationes
1608 495 1728 531 assi3nat
1743 502 1898 532 congruen-

1050 545 1103 573 tiae
1124 548 1151 573 et
1172 544 1322 578 efficaciae,
1344 546 1375 572 ut
1397 542 1471 580 quod
1502 542 1590 571 credit
1611 542 1759 578 intelligam
1782 545 1809 570 et
1832 542 1898 570 haec

1049 591 1186 620 certitudo
1207 591 1290 619 fidem
1311 589 1501 626 consequitur.
1517 589 1583 617 Nam
1604 588 1724 617 rationes
1740 585 1897 617 huiusmodi

1049 638 1122 667 fideli
1144 641 1209 667 sunt
1229 638 1348 675 optimae
1369 640 1397 666 et
1417 637 1555 670 efficaces,
1578 635 1678 664 infideli
1701 643 1768 664 vero
1783 643 1898 672 prorsus

1050 685 1161 714 inutiles
1183 688 1210 713 et
1231 685 1357 713 infirmae
1369 685 1388 712 ⁷.

1131 733 1142 760 1
1151 755 1155 760 .
1165 733 1191 760 2.
1204 731 1282 768 Quod
1291 739 1357 768 ergo
1365 730 1511 768 quaeritur
1522 729 1556 758 de
1564 729 1900 763 certitudine,dicendum,

1050 779 1123 816 quod
1150 790 1164 803 «
1178 778 1242 815 quia
1264 779 1327 807 finis
1348 777 1465 815 imponit
1485 777 1676 806 necessitatem
1691 777 1734 805 his
1749 784 1820 813 quae
1835 779 1900 805 sunt

1050 826 1083 854 ad
1105 825 1248 860 tinem⁸»;
1271 833 1335 854 cum
1360 826 1427 853 haec
1448 824 1573 853 doctrina
1594 824 1629 852 sit
1656 824 1690 852 ad
1715 824 1898 861 generandam

1050 872 1148 907 fidem,
1170 881 1224 901 non
1245 872 1341 901 debuit
1370 872 1473 900 habere
1501 870 1695 900 certitudinem
1718 871 1900 899 demonstra-

1051 920 1156 953 tivanz;
1178 928 1231 948 non
1255 920 1344 956 potuit
1376 919 1480 947 habere
1511 918 1705 947 certitudinem
1737 918 1898 952 internam,

1050 967 1116 1004 quia
1143 967 1189 995 illa
1214 970 1256 996 est
1280 967 1399 1004 gratiae3
1422 974 1476 994 non
1499 965 1595 994 debuit
1616 965 1718 993 habere
1743 973 1899 1002 persuaso-

1050 1014 1147 1042 riam:
1170 1014 1230 1042 ideo
1251 1013 1387 1050 oportuit,
1403 1012 1477 1050 quod
1493 1011 1608 1040 haberet
1629 1012 1823 1040 certitudinem
1844 1020 1899 1039 au-

1051 1061 1203 1089 ctoritatis.
1227 1061 1257 1089 Et
1279 1061 1346 1089 haec
1375 1063 1417 1088 est
1438 1059 1524 1093 ratio,
1546 1066 1633 1096 quare
1654 1066 1750 1087 omnes
1772 1058 1834 1087 libri
1857 1066 1899 1087 sa-

1051 1115 1114 1136 crae
1136 1108 1296 1144 Scripturae
1319 1107 1469 1135 traduntur
1491 1114 1540 1143 per
1571 1105 1684 1134 modum
1716 1105 1898 1139 narrationis,

1051 1163 1105 1183 non
1129 1154 1359 1188 ratiocinationis,
1376 1154 1441 1190 quia
1463 1156 1528 1182 sunt
1548 1153 1581 1181 ad
1597 1152 1780 1189 generandam
1802 1152 1898 1189 fidem,

1051 1210 1122 1239 quae
1143 1205 1185 1231 est
1206 1210 1255 1239 per
1277 1209 1420 1230 assensum
1443 1201 1571 1229 liberum.
1598 1199 1670 1228 Libri
1693 1202 1785 1228 autem
1807 1199 1900 1227 docto-

1051 1257 1115 1277 rum
1137 1249 1287 1278 traduntur
1309 1256 1358 1285 per
1380 1247 1618 1281 ratiocinationes,
1633 1247 1698 1284 quia
1720 1250 1786 1275 sunt
1807 1246 1840 1274 ad
1855 1254 1901 1283 ge-

1050 1296 1200 1325 nerandam
1223 1296 1441 1333 intelligentiam
1462 1297 1489 1324 et
1510 1294 1543 1323 ad
1558 1294 1639 1323 fidem
1659 1294 1857 1323 confovendam
1875 1295 1903 1322 et

1050 1343 1235 1372 nutriendam.
1259 1343 1309 1371 Sed
1341 1342 1462 1370 rationes
1493 1341 1555 1370 illae
1586 1349 1640 1369 non
1670 1341 1772 1369 habent
1801 1341 1901 1374 robur,

1050 1391 1102 1419 nisi
1125 1390 1254 1419 fundatae
1276 1397 1360 1426 super
1383 1389 1496 1418 fidem9.

1129 1438 1282 1467 Dicendum
1304 1440 1345 1466 est
1366 1445 1444 1473 ergo,
1467 1436 1541 1473 quod
1570 1435 1707 1465 certitudo
1732 1435 1904 1464 auctoritatis
1921 1441 2039 1484 ὃῦὲῗὲὲῑίιῑὲῧὲ

1922 1488 1998 1512 duplex.

1051 1486 1078 1514 in
1100 1485 1160 1514 aliis
1181 1484 1303 1514 scientiis
1324 1484 1444 1513 inventis
1464 1483 1499 1512 ab
1514 1484 1687 1518 hominihus,
1702 1484 1750 1521 qui
1765 1483 1904 1512 mentIun-

1051 1535 1098 1561 tur
1120 1540 1214 1569 saepe,
1237 1540 1355 1569 parvum
1382 1531 1466 1560 habet
1491 1531 1593 1565 robur;
1616 1531 1663 1560 sed
1685 1531 1711 1560 in
1734 1539 1812 1560 sacra
1833 1531 1904 1560 Scri-

1052 1583 1151 1616 ptura,
1173 1587 1244 1616 quae
1264 1587 1281 1608 a
1302 1579 1408 1616 Spiritu
1429 1581 1524 1607 sancto
1545 1578 1608 1607 data
1629 1581 1685 1613 est,
1706 1586 1833 1615 magnam
1854 1578 1903 1606 ha-

1051 1627 1098 1655 bet
1118 1627 1294 1660 firmitatem,
1316 1626 1382 1663 quia
1403 1626 1461 1662 lpse
1493 1626 1604 1654 mentiri
1631 1634 1685 1654 11011
1707 1628 1804 1663 potest.
1827 1625 1902 1654 Unde

1051 1673 1221 1710 Augustinus
1243 1681 1327 1710 super
1349 1672 1476 1701 Genesim
1490 1672 1525 1700 ¹⁰:
1546 1684 1559 1697 «
1574 1672 1659 1700 Maior
1674 1675 1715 1700 est
1731 1672 1816 1700 huius
1831 1671 1902 1700 Scri-

1052 1722 1151 1757 pturae
1172 1720 1323 1748 auctoritas
1351 1728 1435 1757 quam
1463 1719 1553 1748 omnis
1579 1719 1693 1747 humani
1716 1719 1815 1756 ingenii
1838 1726 1901 1755 per-

1053 1766 1197 1803 spicacitas
1211 1778 1238 1794 ».

1134 1815 1177 1842 11.
1194 1813 1304 1850 Quaest.
1320 1813 1360 1841 III.
1376 1813 1527 1849 Quaeritur
1541 1812 1575 1841 de
1590 1812 1758 1841 sublimitate
1773 1820 1903 1849 perscru-
1914 1817 2050 1860 ssssssiffi'jsstff

1053 1861 1163 1889 tationis
1191 1864 1217 1889 et
1245 1860 1388 1889 sermonis.
1422 1860 1453 1888 Et
1480 1859 1607 1893 videtur,
1637 1859 1711 1896 quod
1742 1859 1813 1888 male
1841 1862 1903 1896 agat

1053 1908 1151 1936 beatus
1172 1907 1301 1941 Ioannes,
1323 1907 1371 1944 qui
1384 1908 1406 1923 ¹¹
1429 1910 1483 1935 tam
1507 1907 1636 1935 sublimia
1657 1909 1869 1943 perscrutatur:

1052 2039 1186 2061 auctoribus
1204 2039 1288 2061 modus
1305 2037 1423 2060 solutionis
1441 2037 1532 2059 Hieron.
1555 2043 1600 2059 non
1618 2037 1675 2059 solet
1692 2036 1794 2065 probari.
1811 2049 1842 2054 -—
1859 2037 1903 2060 Pro

1052 2079 1167 2101 narraret
1183 2078 1200 2100 N
1218 2076 1346 2107 suppleret.
1367 2076 1477 2105 Superius
1489 2082 1532 2104 pro
1544 2077 1682 2099 servaverat
1697 2075 1853 2105 Ecanqelt'um
1866 2076 1904 2098 ed.

1053 2117 1219 2141 observaverat
1232 2116 1400 2146 Ezvanqelium,
1413 2116 1498 2145 quibus
1516 2115 1594 2138 verbis
1606 2117 1662 2138 haec
1679 2119 1733 2138 nota
1750 2116 1839 2138 adiecta
1858 2118 1904 2138 est:

1052 2156 1209 2186 Evaizqelium
1235 2162 1277 2185 per
1303 2156 1468 2183 metonymiam
1493 2155 1520 2185 [i.
1538 2161 1557 2177 e.
1579 2155 1837 2182 transnominationem,
1856 2161 1902 2184 qua

1052 2197 1145 2225 ponitur
1161 2203 1185 2219 v.
1201 2202 1224 2224 g.
1241 2202 1325 2218 nomen
1342 2195 1479 2218 continentis
1491 2201 1534 2223 pro
1546 2200 1571 2217 re
1582 2198 1688 2217 contenta
1705 2194 1764 2224 etc]
1783 2201 1826 2222 pro
1843 2194 1905 2217 Chri-

1053 2236 1079 2258 sti
1099 2236 1168 2263 gestis
1186 2235 1208 2257 in
1226 2234 1351 2262 Evangelio
1369 2234 1474 2256 narratis.
1490 2233 1536 2257 Csr.
1553 2234 1568 2256 1.
1585 2235 1646 2256 loan.
1664 2234 1684 2261 1,
1703 2234 1724 2255 l.
1743 2240 1808 2262 seqq.

1116 2273 1126 2286 ⁴
1142 2274 1200 2297 Cod.
1217 2274 1233 2296 B
1251 2273 1356 2303 quisque.

1116 2312 1126 2324 ⁵
1144 2313 1277 2335 Secundum
1295 2313 1405 2340 August,
1417 2313 1472 2335 Xlll.
1491 2312 1520 2334 de
1533 2312 1596 2334 Trin.
1608 2318 1627 2334 c.
1642 2312 1663 2334 l.
1676 2318 1697 2334 n.
1711 2312 1731 2334 3.
1745 2311 1790 2334 cfr.
1803 2316 1858 2334 tom.
1871 2313 1904 2335 111.

1054 2358 1109 2380 pag.
1135 2352 1193 2379 480,
1211 2354 1264 2374 nota
1290 2352 1311 2374 3.
1328 2363 1359 2368 —
1376 2352 1471 2373 Inferius
1496 2351 1607 2378 allegatur
1633 2352 1694 2373 loau.
1719 2351 1761 2377 20,
1785 2351 1826 2373 31:
1844 2352 1904 2374 Haec

1053 2394 1130 2414 autem
1149 2391 1233 2419 scripta
1251 2393 1315 2418 sunt,
1334 2393 1358 2413 ut.
1374 2390 1473 2413 credatis
1491 2393 1534 2412 etc.

1118 2429 1127 2442 ⁸
1145 2431 1177 2452 De
1195 2430 1292 2453 Utilitate
1310 2430 1433 2456 credendi,
1450 2435 1470 2451 c.
1491 2430 1526 2451 ll.
1543 2436 1563 2451 n.
1582 2429 1620 2451 255.
1637 2428 1682 2451 Csr.
1695 2429 1709 2451 l.
1722 2430 1821 2451 Retract.
1834 2436 1854 2451 c.
1871 2429 1903 2451 14.

1054 2477 1076 2492 n.
1090 2471 1112 2492 3.
1124 2482 1154 2486 —
1166 2470 1278 2498 Superius
1290 2475 1332 2497 pro
1350 2468 1500 2496 dominatur,
1518 2469 1581 2497 quod
1599 2468 1707 2491 exhibent
1724 2469 1742 2490 D
1752 2469 1767 2490 E
1777 2469 1792 2490 F
1802 2469 1820 2491 H
1831 2469 1837 2490 1
1848 2469 1866 2491 K
1877 2469 1904 2497 L,

1054 2509 1091 2532 ed.
1109 2508 1222 2532 donatur.

1117 2547 1125 2560 ⁷
1144 2548 1190 2573 Csr.
1207 2549 1222 2571 l.
1241 2549 1303 2570 Sent.
1320 2548 1425 2570 Prooem.
1442 2554 1465 2576 q.
1484 2548 1510 2575 2,
1527 2548 1559 2570 111.
1578 2548 1639 2570 Sent.
1656 2548 1679 2570 d.
1692 2548 1730 2569 23.
1742 2554 1763 2569 a.
1782 2548 1799 2569 l.
1812 2554 1834 2576 q.
1848 2547 1869 2570 4.
1883 2550 1905 2570 et

1055 2589 1078 2611 d.
1095 2588 1133 2611 24.
1150 2587 1206 2611 dub.
1220 2588 1241 2610 3.
1257 2600 1288 2604 —
1305 2588 1345 2610 Ed.
1357 2588 1394 2610 hic
1406 2587 1482 2609 addit:
1495 2588 1564 2616 aptae
1576 2588 1656 2610 tamen
1667 2586 1699 2609 ud
1710 2586 1905 2616 confundendum
1942 2610 1944 2613 ,

1054 2626 1215 2654 adversarios,
1233 2629 1255 2649 et
1272 2627 1341 2654 paulo
1358 2626 1465 2654 superius
1482 2629 1535 2654 post
1551 2625 1668 2655 intellipat
1684 2625 1805 2653 subiungit
1821 2627 1863 2648 aut
1880 2625 1905 2647 in

1054 2666 1099 2696 fide
1116 2666 1225 2697 infirmos
1242 2666 1326 2695 faveat.

1118 2704 1127 2717 ¹³
1146 2706 1279 2728 Secundum
1297 2705 1400 2733 Ariston,
1418 2711 1488 2733 supra
1506 2711 1560 2733 pag.
1578 2706 1604 2731 5,
1623 2707 1674 2727 nota
1694 2705 1716 2727 9.
1736 2705 1868 2732 allegatum.

1118 2744 1128 2756 ⁹
1145 2744 1190 2768 Csr.
1207 2745 1321 2773 Brevnoq.
1340 2745 1404 2773 (tom.
1422 2744 1459 2772 V.)
1478 2744 1568 2772 Prolog.
1586 2744 1634 2773 §5-
1645 2756 1676 2760 ——
1689 2744 1799 2771 Superius
1811 2750 1824 2765 e
1836 2743 1904 2765 codd.

1055 2784 1216 2812 supplevimus
1232 2783 1314 2813 fidem,
1336 2790 1395 2813 quae
1412 2785 1468 2806 est...
1486 2783 1518 2806 ad
1534 2782 1704 2812 periet-andam.

1118 2821 1138 2835 ¹⁰
1155 2822 1216 2845 Libr.
1228 2823 1251 2845 Il.
1263 2823 1292 2845 de
1309 2823 1364 2844 Gen.
1382 2822 1411 2845 ad
1429 2822 1459 2844 lit.
1477 2828 1497 2844 c.
1515 2822 1536 2845 5.
1554 2823 1614 2849 n.—9,
1631 2822 1669 2844 ubi
1683 2828 1725 2850 pro
1734 2821 1904 2851 perspicacitas

1055 2866 1129 2885 textus
1150 2863 1268 2890 originalis
1289 2862 1416 2891 capacitas.
1438 2862 1482 2885 Csr.
1505 2864 1562 2884 tom.
1579 2862 1607 2884 V.
1625 2868 1679 2890 pag.
1696 2862 1753 2889 207,
1771 2864 1824 2882 nota
1846 2861 1862 2881 l.
1882 2860 1903 2881 in

1055 2902 1108 2924 fine.
1124 2914 1155 2918 —
1172 2902 1284 2929 Superius
1301 2900 1399 2923 vocibus
1415 2900 1457 2930 qui
1473 2900 1621 2924 mentiuntur
1638 2901 1654 2922 B
1673 2899 1784 2922 interserit
1802 2905 1877 2927 saepe.

1119 2939 1137 2952 ¹¹
1155 2940 1212 2963 Cod.
1229 2940 1246 2963 C
1263 2939 1338 2969 quod,
1356 2940 1373 2962 N
1391 2945 1454 2963 cum.

1919 737 1991 764 Salutio
2002 741 2035 760 op-

1920 763 2031 785 positorum.
