2296 3316
233 487 325 509 Secundo,

200 511 325 531 manifestatio

200 541 233 559 per
250 535 327 553 verbnm

200 558 317 577 eruditionis.

212 674 286 699 ,Divisio
299 674 318 692 iu

200 698 236 717 duo
244 698 333 716 membra.

228 861 255 879 De
268 861 328 884 primo

235 886 320 907 quatuor.

237 1046 327 1065 Primum.

214 1280 327 1299 Secundum.

235 1421 328 1439 Tertium.

233 1701 330 1725 Quartum.

343 155 399 183 278

965 151 1134 180 COMMENT.
1157 151 1188 180 IN
1210 150 1355 179 IOANNEM
1375 150 1403 178 C.
1426 150 1465 178 111.

1107 312 1267 340 Campum
1288 311 1328 339 111.

427 438 448 464 l.
473 437 545 464 Erat
566 438 662 463 autem
685 434 825 473 ιμιίιίιιγη1
850 432 933 462 lzomo
954 436 1005 462 etc.
1028 434 1117 470 Supra
1132 441 1188 461 ma-

344 483 480 513 nifestavit
502 490 530 511 se
552 482 684 511 Dominus
706 482 811 510 ludaeis
833 481 910 518 signo
934 481 1058 515 virtutis,
1081 480 1125 509 hic
1146 488 1188 509 se-

344 530 434 559 cundo
455 529 609 557 manifestat
636 536 665 557 se
693 527 778 556 verbo
806 527 996 561 eruditionis,
1018 530 1045 555 et
1067 527 1119 555 hoc
1147 526 1187 554 in-

344 580 454 605 struens
475 583 569 604 omnes
591 575 703 603 ludaeos
724 574 751 602 in
773 582 891 610 persona
905 573 1040 602 Nicodemi
1057 572 1189 610 principis

345 623 515 651 ludaeorum.
545 622 576 650 Et
604 622 669 659 quia
696 621 812 650 verbum
839 620 1001 649 eruditionis
1033 619 1101 648 tradi
1133 627 1187 647 non

344 670 424 699 debet
446 669 496 698 nisi
518 669 578 700 auri
601 668 766 702 attendenti3
789 667 849 696 ideo
880 667 969 704 primo
1002 667 1046 695 hic
1075 669 1188 694 notatur

344 716 494 754 ditiyentia
523 715 685 748 Nicodemi‚·
713 714 834 743 secundo
862 722 944 748 vero,
970 713 1104 742 doctri-na
1136 713 1188 741 Do-

344 764 430 797 mini,
453 763 489 792 ibi
502 763 528 791 2:
550 762 706 799 Respondit
728 762 808 790 lesus
828 765 853 789 et
873 761 949 789 dixit
969 760 1010 789 ei:
1034 762 1134 788 Amen.

423 810 594 839 Describitur
616 817 681 846 ergo
702 809 865 838 Nicodemus
886 816 902 836 a
929 807 1102 845 quadruplici
1125 814 1189 835 con-

345 857 462 891 ditione,
484 861 515 885 ut
542 856 703 885 ostendatur
732 856 846 884 idoneus
873 855 907 883 ad
935 854 1120 891 disciplinam:
1142 853 1189 882 de-

345 905 477 934 scribitur
498 912 514 932 a
534 904 610 932 vitae
630 902 787 936 honestate,
809 902 843 931 ab
875 901 963 940 officii
993 901 1151 939 diynitate,
1173 908 1189 929 a

345 951 475 980 discendi
494 950 702 983 sollieitudine,
724 958 740 978 a
760 949 891 977 discendi
911 948 1082 986 aptitudine.

423 1000 449 1027 2.
472 998 560 1033 (Vers.
586 998 631 1029 1,).
657 996 829 1025 Describitur
855 996 939 1033 igitur
966 1004 982 1024 a
1009 995 1085 1024 vitae
1106 994 1189 1023 lione-

344 1049 416 1073 state
433 1044 539 1081 primo,
555 1051 618 1072 cum
633 1043 751 1071 dicitur:
768 1043 841 1071 Erat
856 1041 939 1070 liomo
954 1051 988 1070 ex
1006 1041 1188 1074 Plzarisaeis,

345 1092 518 1120 Nicodemus
539 1090 662 1118 nomine.
688 1091 730 1118 Ea·
752 1089 935 1123 Pharisaeis,
957 1096 1029 1126 quae
1043 1092 1116 1117 secta
1131 1091 1190 1117 erat

345 1138 512 1176 probabilior
533 1140 560 1165 et
582 1136 722 1165 honestior
747 1144 831 1172 super
852 1143 948 1164 omnes
969 1138 1057 1164 sectas
1079 1135 1190 1163 ludaeo-

345 1193 424 1218 rum;
446 1185 519 1213 unde
540 1184 685 1221 Apostolus
705 1183 841 1220 gloriatur
862 1183 896 1211 ad
918 1182 1106 1219 Philippenses
1135 1185 1190 1211 ter-

347 1232 420 1260 tio³z
446 1243 459 1256 «
475 1230 631 1259 Secundum
655 1230 741 1267 legem
764 1229 929 1258 Pharisaeus
944 1241 970 1257 ι»,
993 1245 1030 1248 -
1052 1228 1189 1257 Describi-

346 1282 392 1308 tur
413 1279 494 1307 etiam
516 1278 551 1306 ab
565 1277 654 1315 officii
666 1277 820 1314 dignitate,
836 1284 898 1305 cum
914 1276 1031 1304 dicitnr:
1048 1276 1190 1312 Princeps

348 1326 532 1354 ludaeorum.
554 1324 630 1353 Unde
652 1327 678 1353 et
699 1324 756 1360 ipse
778 1323 879 1352 restitit
900 1323 988 1351 furori
1010 1323 1188 1356 Iudaeorum;

345 1372 417 1401 infra
437 1372 589 1409 septimo⁴:
616 1383 629 1396 «
644 1370 773 1408 Nunquid
795 1371 841 1399 lex
862 1372 956 1398 nostra
977 1369 1079 1398 iudicat
1100 1369 1189 1398 homi—

346 1428 422 1453 nem,
437 1419 486 1447 nisi
502 1418 621 1447 audierit
634 1418 669 1446 ab
683 1426 715 1447 eo
731 1418 808 1455 prius
819 1420 853 1445 n?
868 1434 905 1438 -—-
920 1416 1092 1446 Describitur
1107 1417 1189 1445 etiam

345 1475 361 1496 a
382 1466 512 1495 discendi
531 1466 738 1499 sollicitudine,
761 1473 824 1493 cum
845 1465 962 1493 dicitur:

425 1513 451 1542 3.
475 1513 563 1547 (Vers.
585 1513 633 1547 2.).
656 1512 710 1541 Hie
731 1512 807 1541 venit
834 1512 875 1540 ad
903 1512 997 1540 lesum
1018 1515 1105 1539 nocte.
1128 1511 1189 1540 Ideo

346 1563 426 1589 nocte
451 1560 540 1593 venit,
562 1562 593 1588 ut
623 1560 744 1596 quietius
776 1561 867 1596 posset
897 1558 995 1587 instrui
1024 1561 1051 1587 et
1080 1558 1189 1592 doceri,

347 1608 413 1644 quia
433 1610 499 1635 tunc
520 1607 589 1635 hora
609 1609 651 1635 est
671 1606 779 1643 quieta3
794 1606 867 1634 unde
888 1606 915 1634 in
939 1606 1081 1634 Psalm05:
1107 1617 1121 1630 «
1136 1605 1190 1634 Me-

347 1654 391 1683 dia
411 1657 490 1682 nocte
512 1653 659 1690 surgebam
674 1653 707 1681 ad
722 1653 909 1682 confitendum
924 1653 972 1681 tibi
989 1665 1014 1681 n.
1031 1669 1067 1673 —
1082 1652 1190 1681 Descri-

347 1700 422 1729 bitur
443 1708 459 1728 a
480 1700 610 1728 discendi
639 1700 815 1737 aptitudine,
837 1707 900 1728 cum
921 1699 1037 1728 dicitur:
1061 1700 1096 1727 Et
1116 1699 1192 1728 dixit

346 1748 387 1781 ei,
410 1747 512 1775 scilicet
533 1747 605 1775 Iesu:
620 1746 730 1781 Rabbi,
752 1747 878 1780 scimus,
894 1747 966 1784 qaia
981 1755 1000 1775 a
1016 1747 1072 1774 Deo
1088 1747 1192 1775 venisti

344 1793 493 1830 magister.
516 1794 601 1829 Aptus
621 1793 693 1821 enim
722 1796 782 1821 erat
809 1793 917 1826 doceri,
939 1793 1005 1829 quia
1030 1792 1121 1821 doceri
1144 1801 1190 1821 ve-

343 1843 422 1869 nerat
443 1844 469 1869 et
490 1840 631 1869 Christum
662 1840 814 1877 perfectum
839 1840 979 1869 doctorem
1007 1840 1137 1869 credebat
1164 1844 1191 1869 et

344 1887 403 1916 eius
423 1886 577 1923 discipulus
604 1894 664 1915 esse
694 1887 816 1920 volebat,
838 1890 865 1915 et
887 1890 1001 1923 propter
1024 1887 1075 1915 hoc
1096 1887 1190 1924 magi-

342 1938 439 1962 stram
460 1934 589 1967 vocabat,
612 1934 683 1962 sicut
703 1933 846 1970 discipuli;
863 1933 934 1961 infra
948 1933 1054 1962 decimo
1071 1933 1188 1962 tertio⁶:

348 1981 430 2009 «Vos
454 1981 557 2009 vocatis
586 1989 629 2009 me
659 1981 799 2017 magister
821 1984 848 2008 et
871 1980 990 2008 Domine
1004 1992 1030 2008 ».
1056 1981 1086 2008 Et
1106 1981 1189 2014 ratio,

344 2036 431 2066 quare
453 2029 504 2057 hoc
525 2028 605 2062 dicit,
627 2028 760 2056 infertur:
784 2027 872 2056 Nemo
893 2028 1003 2064 potest⁷
1018 2026 1088 2055 lzaec
1102 2028 1191 2064 siyna

1243 431 1358 468 facere,
1379 440 1454 470 qaae
1475 435 1506 461 ta
1526 431 1620 469 facis,
1642 432 1703 460 nisi
1728 431 1821 469 fuerit
1853 432 1928 460 Deus
1949 441 2015 461 eam
2048 441 2087 461 eo,

1245 479 1306 508 Ideo
1327 481 1416 516 patet,
1438 479 1511 516 quod
1534 483 1593 508 erat
1614 487 1649 507 ex
1673 479 1731 513 his,
1753 479 1786 508 de
1807 479 1910 516 quibus
1924 479 2029 508 dictum
2048 484 2089 508 est

1245 534 1330 563 supra
1351 526 1486 555 secundo:
1513 537 1526 551 α
1541 526 1617 554 Multi
1640 526 1818 554 crediderunt
1839 526 1865 554 in
1888 526 1999 555 nomine
2019 526 2089 560 eius,

1244 572 1369 601 videntes
1396 572 1488 609 signa,
1517 580 1588 609 quae
1620 572 1773 600 faciebat».
1807 572 1887 609 Signa
1911 575 1990 601 erant
2018 572 2089 601 ratio

1244 619 1388 653 credendi,
1409 618 1483 656 quod
1504 621 1576 647 esset
1596 627 1612 647 a
1633 618 1707 652 De0;
1730 618 1803 647 unde
1831 618 1903 647 infra
1926 627 1998 647 nono
2019 618 2090 647 dixit

1245 673 1358 695 caecus:
1386 666 1467 694 «Nisi
1499 668 1571 694 esset
1599 665 1643 694 hic
1674 665 1758 693 homo
1786 673 1802 694 a
1831 665 1901 700 Deo,
1923 674 1977 694 non
1999 670 2090 703 posset

1245 713 1335 742 facere
1356 713 1507 750 quidquam
1523 724 1550 740 υ.

1565 807 1765 843 ΩοΑΕεί-ιοΝεε.

1325 901 1351 929 4.
1373 901 1482 937 Quaest.
1506 901 1522 928 l.
1545 900 1597 929 Sed
1625 900 1770 937 quaeritur
1801 900 1846 929 hic
1875 901 1964 938 primo
1984 901 2018 930 de
2039 901 2090 930 hor

1246 948 1319 986 quod
1333 948 1450 982 dicitur,
1465 947 1539 985 quod
1555 947 1729 976 Nicodemus
1747 950 1806 976 erat
1818 948 1954 986 princeps
1969 948 2091 977 Iudaeo-

1246 1003 1315 1023 rum
1336 998 1363 1023 et
1384 994 1515 1023 credebat
1539 994 1566 1022 in
1596 994 1699 1028 Iesum;
1721 994 1787 1031 quia
1817 994 1919 1023 dicitur
1951 994 2021 1023 infra
2049 1002 2091 1024 se-

1246 1041 1369 1078 ptimoss:
1392 1041 1534 1079 Numquid
1561 1041 1669 1079 aliquis
1699 1049 1733 1069 ex
1761 1041 1948 1079 principibus
1968 1041 2091 1070 credidit

1246 1089 1277 1117 in
1298 1088 1385 1117 eam?
1406 1089 1488 1125 Quasi
1511 1088 1598 1117 dieat:
1621 1097 1683 1117 non.

1324 1136 1501 1165 Reseouneo:
1524 1136 1688 1170 Dicendum,
1711 1136 1786 1173 quod
1814 1136 1977 1165 Nicodemus
1998 1136 2090 1165 credi·
2109 1136 2165 1160 ΜΨ

1246 1183 1289 1212 dit
1309 1186 1336 1212 et
1357 1187 1417 1212 erat
1437 1192 1472 1211 ew
1492 1183 1684 1220 principibus.
1708 1183 1739 1212 Et
1764 1183 1832 1212 illud
1859 1183 1994 1218 verbum,
2016 1183 2090 1220 quod

1245 1230 1347 1258 dicitur
1368 1229 1439 1258 infra
1460 1230 1592 1266 septimo,
1608 1229 1659 1258 suit
1675 1230 1791 1258 verbum
1806 1229 2026 1264 Pharisaeorum,
2042 1229 2089 1266 qui

1245 1276 1350 1313 decepti
1372 1276 1494 1305 suerunt.
1517 1276 1680 1305 Nicodemus
1701 1277 1773 1305 enim
1795 1276 1939 1311 credebat,
1961 1276 2011 1305 etsi
2036 1284 2089 1305 non

1246 1323 1352 1360 palam,
1375 1325 1464 1351 tamen
1487 1323 1625 1352 occulte⁹.

1325 1371 1350 1398 5.
1373 1370 1482 1406 Quaest.
1505 1370 1533 1398 11.
1558 1370 1622 1398 {tem
1643 1370 1804 1407 quaeritur:
1820 1378 1883 1399 cum
1907 1371 1976 1399 hora
1990 1371 2036 1399 illa
2057 1370 2092 1400 sit

1246 1417 1315 1445 hora
1330 1416 1553 1451 malefactorum,
1568 1417 1634 1453 quia
1648 1417 1700 1455 qui
1712 1416 1788 1445 mate
1801 1417 1863 1454 ayit
1878 1417 1938 1445 odit
1951 1416 2041 1446 lacem
2051 1417 2091 1451 ¹⁰,-

1245 1463 1318 1492 unde
1339 1467 1380 1492 est
1402 1464 1469 1497 hoc,
1491 1463 1564 1500 quod
1586 1463 1749 1492 Nicodemus
1771 1464 1865 1492 venire
1887 1464 1974 1493 voluit
1993 1464 2091 1493 noete?

1246 1510 1277 1539 Et
1298 1510 1424 1545 videtur,
1445 1510 1519 1547 quod
1541 1510 1695 1539 inordinate
1718 1511 1831 1539 venerit.

1323 1557 1504 1586 Responmzo:
1526 1557 1694 1591 Dicendum,
1716 1557 1791 1594 quod
1811 1557 1838 1586 in
1871 1565 1954 1586 causa
1974 1557 2026 1586 fuit
2046 1566 2091 1586 ve*
2109 1558 2165 1582 ΜΡ-

1246 1604 1388 1633 rec‘andia
1409 1604 1558 1642 quaedam,
1580 1604 1742 1641 infirmitas
1762 1607 1789 1633 et
1810 1596 1970 1642 az'lz‘yehcia.
1987 1605 2026 1634 De
2046 1605 2232 1633 vg-natioirip101.

1246 1651 1406 1685 reeundia,
1428 1651 1568 1680 Victorss:
1588 1662 1602 1676 «
1616 1651 1699 1680 Nocte
1720 1651 1804 1685 venit,
1826 1651 1892 1688 quia
1912 1652 2043 1689 magister
2064 1652 2091 1680 in

1246 1699 1329 1727 Israel
1351 1699 1440 1735 palam
1454 1699 1560 1728 discere
1574 1698 1688 1727 erubuit
1703 1710 1729 1727 n.
1745 1699 1784 1728 De
1798 1698 1984 1736 infirmitate,
2005 1699 2092 1735 Chry-

1247 1745 1432 1775 sostomus12:
1452 1757 1465 1770 «
1480 1745 1574 1774 Adhuc
1596 1745 1704 1775 Iudaica
1724 1745 1899 1774 detinebatur
1920 1746 2091 1780 infirmitate;

1246 1796 1393 1829 propterea
1421 1796 1448 1821 et
1479 1795 1557 1821 nocte
1586 1792 1674 1827 venit,
1697 1792 1838 1829 trepidans
1868 1793 1896 1822 in
1916 1792 1960 1821 die
1981 1793 2034 1822 hoc
2054 1793 2094 1822 fa-

1246 1848 1309 1869 cere
1321 1852 1346 1867 ».
1369 1840 1407 1868 De
1428 1839 1579 1877 ‹tiliqentia
1593 1839 1659 1868 dicit
1674 1839 1790 1868 Bedaffi:
1810 1851 1824 1865 «
1839 1840 1922 1869 Nocte
1942 1840 2030 1875 venit,
2045 1848 2092 1869 cu-

1245 1886 1324 1922 piens
1349 1889 1455 1915 secreta
1485 1886 1650 1915 allocutione
1683 1887 1813 1923 mysteria
1840 1887 1902 1915 fidei
1934 1887 2092 1924 percipere,

1246 1933 1327 1962 cuius
1347 1933 1401 1961 iam
1423 1933 1599 1970 aliquatenus
1621 1934 1778 1963 rudimenta
1800 1938 2002 1971 perceperat».

1326 1981 1351 2008 6.
1374 1981 1483 2016 Quaest.
1505 1980 1543 2008 111.
1567 1981 1633 2009 Item
1647 1981 1792 2018 quaeritur
1807 1981 1841 2010 de
1856 1981 1909 2010 hoc
1923 1981 1997 2018 quod
2011 1981 2091 2010 dicit:

1247 2026 1336 2056 Nemo
1354 2031 1446 2064 potest
1466 2027 1535 2056 haee
1556 2028 1644 2065 signa
1663 2027 1778 2065 facere,
1794 2033 1869 2067 quae
1884 2033 1915 2057 ta
1929 2028 2018 2066 facie,
2032 2029 2094 2058 nisi

409 2197 416 2209 ¹
434 2198 533 2225 Vulgata
550 2198 634 2220 omittit
650 2196 754 2227 quidam.

408 2235 417 2249 ⁹
437 2237 499 2259 Vers.
521 2237 553 2259 10.
572 2241 593 2259 et
614 2237 648 2259 ll.

409 2274 417 2288 ³
437 2277 501 2299 Vers.
519 2276 539 2298 5.
557 2288 588 2293 —
604 2277 709 2304 August.5
722 2277 794 2298 Serm.
817 2277 866 2299 106,
880 2277 943 2303 (alias
955 2277 991 2298 30.
1005 2276 1034 2299 de
1047 2276 1130 2299 Verbis
1148 2276 1190 2298 Do-

346 2316 410 2341 mini)
423 2322 442 2338 c.
455 2316 476 2337 2.
489 2322 510 2337 n.
523 2316 550 2337 2:
562 2315 676 2339 Pharisaei
689 2315 723 2337 isti
742 2315 817 2338 ludaei
829 2319 893 2338 erant
909 2315 974 2344 quasi
993 2316 1081 2344 egregii
1100 2315 1190 2338 ludaeo-

346 2361 407 2377 rum.
418 2354 545 2377 Nobiliores
557 2355 618 2376 enirn
630 2357 698 2383 atque
710 2354 825 2377 doctiores
842 2357 895 2377 tunc
908 2354 1021 2377 Pharisaei
1038 2354 1190 2377 vocabantur.

346 2394 421 2416 Serm.
442 2393 489 2415 169.
509 2393 573 2422 (alias
594 2393 626 2415 15.
645 2393 673 2416 de
692 2393 774 2416 Verbis
794 2394 905 2422 Apostoli)
923 2400 943 2416 c.
961 2394 982 2416 3.
999 2400 1022 2416 n.
1040 2393 1069 2416 5:
1086 2393 1189 2416 Primarii

346 2433 441 2462 quidam
459 2436 524 2455 erant
540 2436 562 2455 et
578 2433 644 2462 quasi
661 2433 691 2455 ad
707 2433 848 2455 nobilitatem
867 2433 982 2455 ludaicam
999 2433 1127 2461 segregati,
1144 2440 1190 2455 non

346 2472 510 2500 contemptibili
536 2472 598 2499 plebi
623 2472 750 2500 commixti,
768 2473 808 2501 qui
830 2472 966 2495 dicebantur
988 2472 1109 2494 Pharisaei.
1132 2472 1189 2494 Nam

347 2512 429 2534 dicitnr
446 2513 489 2534 hoc
504 2512 602 2533 verbum
619 2512 685 2540 quasi
702 2512 885 2539 segregationem
902 2511 1057 2539 interpretari,
1070 2511 1190 2540 quomodo

347 2551 369 2573 in
391 2551 468 2573 Latina
490 2551 567 2578 lingua
595 2551 678 2573 dicitur
703 2551 812 2579 egregius
838 2550 904 2580 quasi
929 2557 941 2573 a
966 2556 1039 2578 grege
1063 2553 1189 2578 separatus.

348 2590 369 2612 S.
389 2590 479 2617 Thom.,
496 2589 624 2612 Comment.
643 2590 665 2611 in
683 2591 742 2612 loan.
761 2590 783 2612 3.
799 2590 848 2612 lect.
865 2590 883 2612 1.
901 2597 924 2612 n.
938 2590 958 2617 l,
971 2590 1036 2618 dicit,
1054 2589 1117 2618 quod
1135 2590 1190 2618 quia

346 2629 460 2651 Pharisaei
483 2628 603 2651 nobiscum
627 2629 701 2657 magis
720 2629 900 2656 conveniebant,
917 2629 1033 2652 credendo
1050 2629 1098 2651 scil.
1115 2635 1191 2651 resur-

346 2668 470 2690 rectionem
488 2670 510 2689 et
526 2668 667 2690 existentiam
685 2668 837 2696 spiritualium
855 2671 1025 2696 creaturarum,
1043 2674 1124 2690 eorum
1142 2668 1191 2695 opi-

346 2706 384 2729 nio
398 2705 546 2735 probabilior
562 2709 611 2728 erat
626 2709 649 2729 et
666 2707 740 2735 magis
757 2708 845 2729 veritati
864 2707 1007 2736 propinqua,
1024 2713 1094 2736 quam
1112 2707 1190 2735 opinio

347 2746 547 2773 Sadducaeorum,
565 2745 604 2774 qui
621 2752 663 2768 nec
682 2746 874 2768 resurrectionem
897 2747 996 2769 suturam
1019 2753 1061 2769 nec
1083 2747 1190 2774 spiritum

345 2791 397 2807 esse
413 2784 545 2807 credebant.

408 2822 418 2835 ⁴
436 2824 502 2846 Vers.
519 2824 556 2846 51.

409 2861 418 2874 ⁵
435 2863 518 2885 Psalm.
539 2863 592 2890 118,
611 2863 648 2885 62.

408 2900 418 2914 ⁶
435 2903 501 2925 Vers.
520 2903 556 2925 13.

409 2939 418 2953 ⁷
435 2941 550 2969 Vulgata:
567 2941 640 2964 Nemo
664 2941 727 2965 enim
747 2943 831 2971 potest.
854 2955 884 2959 —
906 2942 955 2965 Duo
980 2948 1045 2971 seqq.
1070 2942 1113 2965 loci
1138 2944 1191 2965 sunt

1246 2198 1306 2220 loan.
1326 2199 1352 2226 2,
1371 2199 1408 2220 23.
1429 2198 1477 2227 (ubi
1503 2202 1554 2227 post
1575 2198 1645 2228 siqua
1668 2199 1765 2227 Vulgata
1792 2199 1856 2222 addit
1880 2198 1939 2227 eius>
1962 2201 1984 2221 et
2006 2199 2032 2226 9,
2055 2198 2091 2221 33.

1247 2236 1353 2265 (Vulgata
1372 2237 1456 2259 omittit
1472 2236 1555 2264 homo,
1572 2240 1595 2260 et
1611 2244 1654 2265 pro
1669 2239 1749 2267 posset
1764 2237 1882 2260 substituit
1896 2236 2012 2267 poterat).

1309 2274 1319 2287 Β
1336 2276 1403 2298 Vers.
1421 2276 1456 2298 48.
1475 2277 1573 2304 Vulgata
1591 2277 1655 2299 addit
1671 2278 1715 2300 aut
1730 2283 1761 2300 ez
1776 2276 1930 2300 Pharisaeis?

1309 2313 1319 2326 ⁹
1336 2315 1410 2342 Beda,
1436 2315 1458 2337 in
1484 2316 1545 2338 loan.
1570 2317 1658 2344 Evang.
1680 2316 1702 2344 7,
1726 2316 1770 2339 48:
1792 2316 1859 2339 Caeci
1881 2316 1942 2338 enim
1966 2316 2017 2339 raeti
2040 2318 2093 2338 sunt

1247 2354 1361 2376 Pharisaei
1383 2355 1500 2383 doctores,
1518 2355 1637 2378 illuminati
1654 2358 1707 2378 sunt
1725 2356 1803 2383 populi
1822 2356 1908 2383 Legem
1925 2355 2054 2378 nescientes
2071 2357 2093 2377 et

1247 2393 1269 2415 in
1286 2396 1403 2416 auctorem
1422 2394 1489 2421 Legis
1506 2394 1632 2416 credentes.
1650 2394 1790 2417 Nicodemus
1812 2397 1895 2421 tamen,
1912 2400 1973 2417 unus
1989 2400 2016 2417 ex
2038 2394 2093 2416 Pha-

1246 2433 1348 2456 risaeis...
1361 2436 1383 2455 et
1394 2433 1443 2461 ipse
1459 2433 1555 2462 quidem
1573 2439 1617 2455 non
1635 2433 1779 2461 incredulus,
1791 2434 1832 2456 sed
1847 2433 1942 2456 timidus
1960 2433 2022 2463 (nam
2040 2433 2093 2456 ideo

1247 2475 1269 2495 et
1285 2475 1352 2495 nocte
1369 2475 1463 2495 venerat
1480 2473 1508 2495 ad
1526 2473 1614 2499 lucem,
1632 2473 1684 2501 quia
1708 2473 1832 2495 illuminari
1849 2472 1942 2495 volebat
1958 2475 1980 2495 et
1997 2472 2050 2495 sciri
2067 2472 2094 2495 ti-

1247 2511 1333 2539 mebat)
1351 2511 1471 2539 respondit
1488 2511 1591 2533 ludaeis:
1608 2511 1724 2540 Numquid
1740 2511 1780 2534 tea·
1798 2513 1880 2534 nostra
1897 2510 1987 2534 iudicat
2002 2513 2045 2533 etc.

1310 2548 1330 2561 ¹⁰
1347 2550 1374 2572 Ut
1391 2549 1474 2571 dicitur
1492 2549 1547 2572 infra
1566 2556 1588 2572 v.
1607 2550 1644 2572 ⁶20.

1310 2587 1328 2600 ¹¹
1347 2588 1406 2611 Vide
1422 2594 1491 2616 supra
1504 2595 1558 2616 pag.
1571 2589 1628 2616 275,
1641 2591 1693 2611 nota
1710 2589 1744 2611 11.
1756 2589 1836 2611 Glossa
1849 2588 1989 2612 ordinaria:
2006 2589 2053 2611 Nox
2065 2588 2093 2611 si-

1247 2628 1340 2656 gnisscat
1357 2628 1453 2650 litteram
1476 2628 1556 2657 Legis,
1574 2629 1610 2651 vel
1634 2628 1787 2657 ignorantiam
1810 2628 1899 2655 cordis,
1917 2628 1953 2651 vel
1975 2628 2091 2651 timorem.

1248 2668 1273 2690 Et
1288 2668 1355 2691 nocte
1370 2667 1423 2690 ideo
1441 2668 1533 2690 forsitan
1550 2668 1625 2696 venit,
1642 2668 1696 2697 quia
1713 2667 1828 2698 mayister
1845 2668 1870 2691 in
1883 2667 1958 2691 lsrael
1969 2668 2046 2696 palam
2057 2667 2093 2690 di-

1247 2712 1311 2729 scere
1331 2706 1488 2734 erubesceret,
1506 2707 1543 2730 vel
1560 2713 1602 2735 pro
1620 2710 1682 2730 metu
1700 2707 1845 2730 ludaeorum.

1310 2745 1328 2758 ¹²
1346 2747 1369 2768 ln
1386 2747 1447 2769 loan.
1464 2747 1546 2769 Homil.
1565 2747 1601 2769 24.
1621 2747 1685 2775 (alias
1702 2747 1748 2775 23.)
1767 2754 1792 2769 n.
1812 2747 1829 2769 l.

1311 2784 1329 2797 ¹³
1346 2787 1369 2808 ln
1387 2786 1445 2808 loan.
1464 2786 1551 2814 Evang.
1573 2786 1600 2814 3,
1622 2787 1646 2809 l:
1667 2787 1735 2809 Venit
1752 2787 1781 2809 ad
1798 2787 1873 2809 lesum
1897 2788 1974 2814 nocte,
1997 2785 2092 2814 cupiens

1247 2829 1333 2848 secreta
1358 2825 1408 2848 eius
1432 2826 1568 2848 allocutione
1593 2826 1682 2854 plenius
1707 2826 1797 2848 discere
1817 2825 1926 2853 mysteria
1943 2824 2009 2852 ndei,
2027 2824 2093 2847 euius

1247 2867 1326 2893 aperta
1342 2865 1472 2887 ostensione
1489 2865 1608 2892 signorum
1627 2865 1771 2894 aliquatenus
1793 2865 1838 2887 iam
1861 2864 1993 2887 rudimenta
2015 2869 2093 2892 perce-

1247 2906 1320 2931 perat.
