2296 3316
0 1420 23 1435 Ι)
41 1415 88 1434 resi-

0 1441 23 1459 flt
39 1439 88 1458 iudi-

0 1463 88 1486 &equita-

0 1485 88 1510 iluplici-

5 1650 8 1670 l
15 1651 88 1669 :uantur

6 1675 78 1693 statuar.

0 1977 10 1996 πὶ
17 1983 29 2000 1,
39 1978 92 1997 Chri-

0 2002 10 2044 ἒ
17 2002 92 2020 istinea-

715 159 885 188 COMMENT.
908 160 940 188 IN
961 160 1108 188 IOANNEM
1129 159 1156 187 C.
1180 159 1244 187 XIX.

109 238 168 267 lam
189 244 313 267 causam
334 238 447 268 invenio
462 238 494 266 in
511 246 559 271 eo,
582 238 685 267 scilicet
710 250 723 264 ε(
738 238 835 267 mortis
848 239 857 254 ¹
872 250 886 263 »
912 238 953 267 vel

107 285 277 320 afflictionis;
300 288 327 313 et
348 287 440 314 tamen
461 284 549 313 afflixi
570 292 644 313 eum.

187 334 212 361 5.
235 333 324 369 (Vers.
347 332 395 365 5.).
418 331 520 360 Exiit²³
546 340 614 369 erqo
645 332 735 360 Iesus.
767 332 953 369 Augustinus:

113 391 126 405 (ε
140 380 197 409 Non
219 380 312 409 clarus
332 379 465 416 imperio,
488 378 535 407 sed
556 379 655 415 plenus
676 379 827 416 opprobrio
839 390 865 413 »;
880 379 955 407 unde

107 427 249 464 sequitur:
272 427 402 455 Portans
422 426 555 462 spineam
570 434 710 454 coronam
725 429 750 454 et
765 434 953 463 purpureum

107 473 324 507 vestimentum,
346 473 375 501 in
396 472 499 510 quibus
520 472 665 501 illuserant
686 473 724 507 ei,
746 472 899 501 secundum
923 472 954 500 il—

106 520 154 549 lud
176 520 304 549 Matthaei
327 519 495 557 vigesimo³:
523 531 536 545 «
550 519 670 549 Tradent
691 528 756 549 eum
777 519 906 556 gentibus
920 519 954 547 ad

106 567 278 596 illudendum
306 569 333 595 et
360 566 555 603 flagellandum
572 579 597 595 ».
621 568 655 595 Et
682 567 752 595 dicit
779 566 834 594 eis.-
867 566 953 599 Ecce,

106 613 211 648 homo;
232 622 309 648 ecce,
331 614 452 642 ostensio
472 613 601 651 flagellati
622 617 649 643 et
671 613 820 651 vituperati
842 613 870 641 in
892 613 953 646 hoc,

106 660 180 697 quod
201 668 230 689 se
251 668 345 697 regem
366 660 476 689 fecerat.
499 661 684 698 Augustinus:
706 672 719 685 ιι
734 659 824 696 Spinis
839 667 954 688 corona-

106 710 151 736 tus
172 709 228 741 est,
250 706 403 735 ludibriosa
424 710 500 736 veste
521 708 638 736 amictus
658 710 715 741 est,
736 706 840 735 amaris
861 706 954 734 convi-

105 753 155 783 ciis
175 754 275 782 illusus
296 757 353 788 est,
374 753 460 791 alap1s
484 762 581 783 caesus
605 757 663 788 est;
678 754 767 782 fervet
789 753 953 790 ignominia,

105 801 235 838 frigescat
256 800 359 829 invidia
373 812 400 829 ».

186 849 211 876 6.
234 848 323 884 (Vers.
347 849 394 885 6.).
412 849 485 877 Cum
506 858 574 886 erqo
595 848 736 877 vidissent
755 857 829 876 euin.
852 848 899 876 Hic
920 847 954 876 ad

105 894 208 923 Christi
228 895 412 924 ostensionem
433 895 561 932 sequitur
590 894 672 924 tertio
693 894 846 923 induratio
864 895 954 931 perti-

105 941 210 969 naciae
230 941 427 976 Iudaeorum,
448 942 571 970 maxime
592 941 770 978 pontificum;
787 941 860 970 unde
874 941 952 969 dicit:

108 987 181 1017 Cum
202 996 270 1025 erqo
291 988 431 1017 vidissent
444 997 510 1017 eum
521 988 672 1025 pontifices
693 991 718 1016 et
738 988 879 1022 ministri,
895 988 954 1016 cla—

105 1033 228 1062 mabant
254 1034 393 1063 dicentes:
425 1034 584 1072 Crucifiye,
611 1034 751 1072 crucifiye
771 1043 846 1063 eam.
869 1035 953 1064 Isaiae

105 1081 240 1118 quinto4:
269 1093 283 1107 «
298 1082 478 1119 Exspectavi‚
493 1085 525 1110 ut
538 1082 641 1111 faceret
663 1082 812 1116 iudicium;
832 1085 859 1111 et
880 1090 952 1117 ecce,

106 1127 210 1156 clamor
220 1139 247 1156 ».
264 1128 308 1157 Bis
322 1128 418 1163 dicunt
439 1128 578 1166 crucifiye
593 1129 627 1158 ad
642 1129 838 1158 ostendendam
853 1129 953 1158 mentis

105 1174 301 1211 pertinaciam;
324 1175 454 1203 Ieremiae
475 1175 652 1204 duodecimo:
679 1187 693 1200 «
708 1176 787 1204 Facta
808 1179 850 1205 est
871 1176 952 1205 here-

104 1220 175 1249 ditas
197 1228 258 1249 mea
279 1221 358 1258 quasi
391 1221 433 1250 leo
464 1222 490 1250 in
523 1222 605 1256 silva3
627 1222 702 1251 dedit
722 1226 818 1251 contra
833 1231 876 1251 me
904 1231 951 1251 vo-

105 1275 163 1296 cem
179 1279 206 1302 »;
227 1271 254 1297 et
275 1268 412 1297 Psalmus:
439 1281 453 1294 «
467 1269 644 1306 Aperuerunt
665 1277 749 1306 super
764 1277 808 1298 me
823 1278 854 1298 os
868 1278 950 1298 suurn

104 1314 176 1344 sicut
197 1315 239 1344 leo
254 1316 364 1352 rapiens
385 1319 412 1345 et
433 1316 547 1353 rugiens
562 1328 588 1350 »,
611 1320 725 1353 propter
746 1317 904 1345 clamorem.

183 1363 209 1390 7.
232 1362 310 1391 Dicit
329 1362 370 1391 eis
392 1362 518 1391 Pilatus.
552 1363 642 1399 Supra
671 1363 749 1391 nisus
779 1366 820 1392 est
849 1363 951 1391 Pilatus

104 1408 223 1438 liberare
243 1409 385 1438 Christum
406 1409 508 1438 iudicio
530 1409 706 1446 benignitatis
727 1413 754 1438 et
780 1410 949 1444 severitatis;

104 1455 149 1484 hic
173 1455 272 1484 nititur
292 1456 404 1485 iudicio
425 1456 582 1495 aequitatis
593 1457 615 1490 5,
638 1464 789 1485 recurrens
813 1456 847 1484 ad
872 1457 951 1484 inno-

104 1502 239 1537 centiam,
260 1503 334 1540 quod
362 1511 483 1540 aequum
506 1506 548 1532 est
567 1503 706 1532 dimittere
727 1504 902 1532 innocentem
923 1507 950 1532 et

103 1557 248 1586 nunquam
270 1550 329 1579 sine
343 1558 427 1579 causa
440 1550 573 1579 occidere.
590 1551 621 1579 Et
635 1551 701 1580 huic
722 1551 813 1580 ludaei
834 1551 951 1588 duplici—

104 1598 147 1625 ter
169 1596 314 1625 resistunt:
337 1597 428 1634 primo
458 1598 626 1626 accusando
658 1601 685 1627 et
716 1602 811 1635 postea
832 1598 950 1627 commi-

103 1643 211 1672 nando.
233 1643 308 1672 Unde
329 1644 357 1672 in
380 1645 431 1673 hac
452 1647 531 1681 parte
552 1645 710 1674 innuuntur
732 1645 827 1682 plura:
850 1646 950 1682 primo,

106 1689 216 1719 Christi
236 1690 421 1727 iustificatio;
436 1691 572 1726 secundo,
588 1691 683 1728 ipsius
698 1692 861 1726 accusatio,
876 1692 913 1721 ibi
925 1692 950 1720 ⁶:

104 1738 326 1775 Responderunt
347 1738 466 1772 Iudaei;
488 1739 585 1773 tertio,
607 1739 807 1767 accusationis
828 1739 951 1777 inquisi-

104 1784 158 1818 ti0;
179 1785 231 1813 ibi:
256 1785 328 1813 Cum
350 1794 417 1822 erqo
439 1786 569 1814 audisset
586 1786 701 1814 Pilatus
722 1785 773 1814 Itos
786 1795 933 1815 sermones
940 1797 950 1820 ;

103 1835 204 1868 quarto
226 1840 292 1868 vero
322 1833 502 1869 subiungitur
536 1833 714 1861 Iudaeorum
743 1834 949 1868 comminatio,

104 1878 154 1906 ibi:
177 1879 283 1907 Iudaei
296 1883 394 1907 autem
409 1879 585 1908 clamabant.

183 1925 273 1954 Primo
294 1934 360 1963 ergo
374 1927 487 1963 ponitur
504 1926 615 1955 Christi·
628 1926 814 1963 iustificatio,
836 1932 951 1964 propter

104 1979 188 2008 quam
210 1972 312 2001 Pilatus
332 1981 387 2001 non
408 1973 469 2001 vult
489 1981 553 2002 eum
575 1973 722 2007 damnare,
744 1974 791 2002 sed
812 1974 893 2002 otl'ert
909 1974 951 2002 lu-

103 2018 193 2053 daeis;
215 2019 289 2048 unde
309 2019 390 2048 dicit:
409 2020 483 2048 Dicit
497 2020 537 2048 eis
554 2021 687 2054 Pilatus,
703 2021 749 2058 qui
766 2021 950 2058 quaerebant,

104 2064 245 2094 Christum
268 2066 408 2103 crucifigi:
433 2067 561 2104 Accipite
581 2076 645 2096 eum
668 2077 718 2096 vos
733 2068 950 2106 etcrucifiyite;

103 2120 153 2149 eyo
174 2113 250 2141 enim
271 2122 329 2141 non
351 2114 474 2142 invenio·
488 2115 518 2142 in
538 2123 568 2142 eo
596 2123 739 2148 causam,-
760 2119 788 2144 et
809 2116 869 2144 ideo
892 2116 950 2144 sine

1803 159 1855 188 491

1011 245 1095 266 causa
1116 237 1179 265 nolo
1200 237 1372 274 crucifigere.
1395 237 1465 266 Vere
1487 245 1541 265 non
1563 237 1720 266 inveniebat
1734 245 1859 271 causam,

1012 284 1093 321 quia,
1115 284 1221 321 primae
1243 284 1315 313 Petri
1336 284 1457 313 secundo
1469 284 1495 319 ⁷,
1522 296 1535 310 «
1551 288 1696 322 peccatum
1710 292 1765 313 non
1780 284 1859 319 fecit,

1011 339 1061 360 nec
1082 331 1212 360 inventus
1233 334 1275 360 est
1295 331 1376 360 dolus
1397 332 1424 360 in
1446 340 1494 360 ore
1515 332 1576 360 eius
1590 344 1616 360 ».

1090 378 1116 406 8.
1139 377 1228 413 (Vers.
1251 379 1299 413 7.).
1324 378 1542 415 Responderunt
1562 378 1589 406 ei
1606 378 1718 407 Iudaei.
1745 378 1791 407 Hic
1810 387 1859 415 po-
1872 382 1965 404 Secundo»
1976 383 2005 400 ¹1¹*

1011 424 1088 453 nitur
1103 425 1253 453 accusatio
1272 425 1468 458 Iudaeorum
1482 425 1555 454 unde
1570 425 1718 454 dixerunt:
1735 424 1794 453 Nos
1809 426 1858 454 Le-

1009 479 1074 508 pem
1089 470 1245 505 habemus,
1265 480 1348 508 quam
1371 472 1475 501 scilicet
1502 472 1684 501 observamus
1705 472 1739 501 de
1760 473 1858 502 volun-

1012 520 1066 546 tate
1087 518 1273 546 Romanorum
1294 519 1461 555 principum.
1484 520 1581 556 Legem
1603 519 1722 556 allegant
1743 527 1795 556 pro
1814 528 1858 555 se⁷

1011 573 1074 593 cum
1096 565 1131 593 sit
1152 568 1248 593 contra
1269 573 1313 599 se;
1335 573 1421 602 supra
1441 566 1595 603 septimo⁸:
1615 578 1629 591 «
1644 567 1738 595 Nonne
1754 568 1859 604 Moyses

1010 611 1085 640 dedit
1106 612 1183 641 vobis
1205 613 1316 650 Legem,
1331 616 1358 641 et
1373 621 1453 642 nemo
1474 622 1509 642 ex
1533 614 1610 642 vobis
1631 614 1696 643 facit
1716 614 1815 652 Legem
1826 618 1858 643 »ἵ

1012 659 1047 686 Et
1063 659 1224 687 secundum
1245 660 1344 697 Leyein
1364 660 1441 688 debet
1463 660 1553 693 mori,
1575 661 1647 698 quia
1668 661 1780 689 Filium
1806 661 1860 691 Dei

1010 714 1040 733 se
1053 704 1130 743 fecit,
1146 708 1173 734 et
1187 706 1225 734 ita
1240 706 1455 743 blasphemavit3
1471 706 1583 735 Levitici
1595 707 1726 743 vigesimo
1741 711 1857 745 quarto:

1015 764 1028 777 «ι
1043 752 1095 789 Qui
1116 753 1351 790 blasphemaverit
1372 756 1462 782 morte
1485 753 1621 782 moriatur
1637 764 1663 788 »3
1679 754 1753 783 unde
1774 762 1859 792 supra

1010 799 1131 828 decimo:
1158 812 1172 825 «
1186 800 1224 829 De
1245 800 1318 829 hono
1338 808 1422 837 opere
1444 808 1498 828 non
1521 800 1676 837 lapidamus
1698 804 1739 835 te,
1761 802 1808 830 sed
1822 802 1856 831 de

1010 845 1198 883 blasphemia,
1227 849 1254 875 et
1284 847 1349 884 quia
1377 850 1425 881 tu,
1457 847 1540 875 homo
1572 855 1635 876 cum
1659 848 1708 882 sis,
1740 848 1806 877 facis
1832 851 1858 877 te

1010 892 1101 929 ipsum
1123 894 1211 923 Deum
1227 906 1253 922 ».

1090 942 1116 969 9.
1139 941 1228 976 (Vers.
1251 942 1299 977 8.).
1330 941 1403 970 Cam
1423 950 1491 979 erqo
1513 942 1650 971 audisset.
1674 943 1720 971 Hic
1746 943 1859 980 ponitur

1010 988 1092 1017 tertio
1112 988 1263 1026 inquisitio
1275 988 1294 1016 ⁹.
1311 989 1426 1025 Quaerit
1451 989 1548 1026 igitur,
1570 992 1662 1018 motus
1687 998 1723 1018 ex
1745 998 1857 1019 accusa-

1009 1036 1083 1064 tione
1104 1035 1285 1069 ludaeorum
1300 1035 1374 1064 unde
1388 1035 1469 1064 dicit:
1493 1036 1623 1071 Pilatus,
1640 1045 1708 1065 cum
1728 1037 1858 1066 audisset

1009 1081 1087 1110 hunc
1107 1091 1285 1116 sermonem,
1307 1083 1404 1120 mayis
1426 1083 1538 1118 timuit,
1566 1092 1615 1118 ne,
1638 1084 1659 1113 si
1689 1084 1856 1118 dimitteret,

1009 1132 1105 1158 contra
1120 1130 1218 1166 Legem
1232 1129 1350 1164 faceret3
1366 1133 1393 1159 et
1409 1130 1430 1160 si
1447 1139 1501 1159 non
1515 1131 1679 1166 dimitteret,
1695 1131 1793 1160 Filium
1809 1132 1856 1160 Dei

1008 1176 1192 1213 crucifigeret.
1209 1177 1265 1205 Non
1281 1176 1363 1205 debet
1383 1177 1473 1206 bonus
1488 1178 1573 1207 iudex
1589 1178 1703 1213 timere;
1720 1179 1794 1207 unde
1811 1179 1857 1208 Ec-

1008 1223 1151 1252 clesiastici
1167 1223 1284 1260 septimo
1297 1224 1334 1252 1⁰:
1354 1235 1368 1249 «
1383 1224 1440 1252 Noli
1456 1232 1592 1261 quaerere
1606 1225 1666 1254 fieri
1686 1225 1784 1260 iudex,
1807 1226 1857 1254 nisi

1008 1270 1112 1298 virtute
1133 1270 1224 1299 valeas
1245 1271 1404 1307 irrumpere
1425 1271 1585 1308 iniquitates
1600 1284 1626 1300 ».
1650 1272 1710 1301 Ideo
1731 1273 1837 1301 subdit:

1090 1318 1132 1345 10.
1155 1317 1244 1354 (Vers.
1262 1318 1309 1353 9.).
1326 1318 1437 1346 Iterum
1452 1318 1603 1356 inpressas
1618 1320 1649 1348 in
1661 1320 1857 1356 praetorium,

1007 1363 1078 1391 dicit
1098 1364 1139 1392 ad
1158 1364 1255 1392 Iesum
1268 1365 1310 1393 ¹¹:
1338 1365 1416 1393 Unde
1437 1373 1466 1393 es
1485 1365 1538 1393 tu?
1559 1366 1674 1402 Quaerit
1687 1366 1721 1395 de
1736 1367 1857 1404 origine,

1007 1411 1073 1447 quia
1101 1411 1190 1447 ipsum
1219 1412 1253 1440 de
1281 1412 1333 1440 hoc
1361 1412 1547 1447 accusabant;
1574 1421 1701 1450 magnam
1724 1416 1751 1442 et
1773 1421 1859 1450 supra

1007 1457 1081 1485 vires
1102 1458 1212 1494 quaerit
1239 1458 1430 1495 quaestionem
1438 1470 1445 1493 ;
1471 1459 1545 1488 unde
1573 1459 1657 1488 Isaiae
1685 1461 1859 1497 quinquage—

1007 1504 1077 1532 simo
1098 1504 1198 1533 tertio:
1225 1505 1462 1535 «Generationem
1488 1506 1548 1535 eius
1575 1507 1639 1544 quis
1667 1508 1809 1536 enarrabit
1822 1511 1857 1536 »t

1008 1551 1039 1580 Et
1059 1552 1120 1580 ideo
1140 1560 1195 1580 non
1216 1552 1294 1581 audit
1315 1553 1538 1589 responsionem;
1556 1554 1735 1584 Ecclesiastici
1758 1555 1857 1583 tertio:

1012 1610 1026 1623 «
1040 1598 1142 1627 Altiora
1163 1602 1189 1628 te
1210 1607 1244 1628 ne
1265 1599 1432 1636 quaesieris,
1455 1603 1482 1629 et
1502 1600 1617 1629 fortiora
1640 1604 1666 1629 te
1694 1609 1728 1630 ne
1749 1605 1857 1630 scruta—

1008 1648 1053 1674 tus
1073 1646 1200 1675 fueris».
1229 1646 1305 1675 Unde
1336 1646 1420 1675 dicit:
1443 1648 1525 1676 Iesus
1553 1652 1651 1676 autem
1683 1657 1856 1685 responsum

1006 1702 1064 1722 non
1080 1693 1158 1722 dedit
1177 1694 1219 1728 ei,
1234 1696 1266 1722 ut
1287 1694 1480 1723 verificaretur
1495 1694 1563 1723 illud
1582 1695 1666 1723 Isaiae
1685 1695 1857 1733 quinquage-

1007 1741 1076 1769 simo
1091 1741 1173 1770 tertio
1185 1741 1223 1769 ¹2:
1244 1752 1257 1766 «
1269 1741 1351 1777 Quasi
1367 1749 1455 1778 agnus
1466 1750 1558 1770 coram
1571 1742 1701 1771 tondente
1715 1750 1744 1771 se
1758 1743 1821 1771 obm
1827 1752 1857 1771 u-

1007 1792 1092 1817 tescet
1113 1792 1140 1817 et
1161 1797 1214 1817 non
1236 1789 1342 1825 aperiet
1372 1797 1402 1817 os
1423 1797 1505 1817 suum
1529 1801 1554 1817 ».
1577 1789 1762 1826 Augustinus:
1790 1802 1803 1815 «
1820 1790 1855 1819 Ad

1008 1835 1059 1863 hoc
1080 1834 1143 1863 data
1164 1837 1206 1863 est
1226 1834 1259 1863 de
1280 1843 1351 1871 agno
1371 1835 1537 1869 similitudo,
1566 1838 1598 1863 ut
1619 1836 1645 1864 in
1675 1844 1725 1864 suo
1747 1837 1855 1865 silentio

1007 1890 1062 1910 non
1084 1889 1162 1915 reus,
1181 1881 1229 1910 sed
1250 1882 1381 1910 innocens
1396 1882 1547 1910 haberetur
1563 1893 1593 1916 »;
1609 1883 1785 1911 Threnorum
1800 1886 1855 1921 ter-

1008 1928 1061 1956 tio:
1088 1940 1101 1953 «
1116 1929 1155 1957 De
1169 1936 1217 1957 ore
1232 1929 1360 1957 Altissimi
1382 1937 1436 1957 non
1452 1929 1630 1965 egredientur
1646 1937 1695 1958 nec
1716 1930 1788 1958 bona
1802 1938 1853 1958 nec

1876 406 1965 432 daeorum
1974 411 2005 424 ac-

1875 432 1954 448 cusatio.

1887 944 1959 966 Tertio.
1975 945 2005 963 Pi-

1875 968 1909 1010 ltagi
1927 968 1958 991 inq
1962 969 2006 986 utsi-

1008 1976 1080 2003 mala
1095 1987 1120 2002 ».
1140 1975 1183 2003 Sic
1204 1983 1271 2012 ergo
1286 1978 1420 2004 tacentem
1443 1976 1549 2004 inducit
1562 1976 1595 2004 ad
1618 1977 1854 2013 respondendum3

1008 2025 1172 2059 propterea:

1090 2070 1133 2097 11.
1157 2069 1245 2105 (Vers.
1271 2070 1336 2103 10.).
1368 2069 1478 2098 Dicit¹3
1499 2070 1526 2098 ci
1547 2070 1680 2098 Pilatus:
1706 2069 1778 2099 Milzi
1799 2079 1855 2098 non

1008 2116 1160 2154 loqueris?
1194 2116 1272 2152 quasi
1308 2116 1398 2144 dicat:
1430 2124 1524 2150 erras,
1556 2116 1629 2153 quod
1664 2117 1853 2153 quaestionem

167 2281 175 2294 ¹
192 2283 220 2305 Ut
238 2283 292 2306 dicit
308 2283 386 2306 Glossa
405 2283 577 2307 interlinearis.

166 2320 175 2333 ²
195 2322 291 2350 Vulgata
309 2322 395 2346 Ezz'vz't.
414 2335 444 2340 —
461 2324 576 2346 Sententia
599 2325 696 2352 August.
723 2325 821 2348 hahetur
845 2326 867 2348 in
889 2327 951 2349 loan.

103 2361 191 2389 Evang.
208 2365 235 2383 tr.
257 2361 305 2383 116,
322 2368 345 2384 n.
362 2363 384 2384 2.

167 2398 175 2411 ³
195 2400 258 2422 Vers.
278 2400 313 2422 ⁴9.
330 2413 361 2417 —
380 2401 455 2423 Verba
473 2402 569 2430 August.
588 2401 737 2425 inveniuntur
755 2404 776 2425 in
791 2404 849 2426 ioan.
864 2405 949 2432 Evang.

103 2440 130 2460 tr.
150 2439 202 2460 116.
219 2445 241 2461 n.
259 2440 284 2465 2,
301 2445 328 2461 ex
345 2446 392 2468 quo
409 2440 446 2462 ed.
463 2441 485 2462 in
504 2441 548 2463 fine
566 2442 630 2464 addit
647 2442 694 2465 Sed
710 2448 757 2465 non
774 2443 893 2472 striae-scit,
917 2443 949 2466 in-

103 2476 207 2500 ardescit
220 2477 300 2507 potius
317 2479 338 2500 et
355 2477 472 2502 increscit.

166 2515 176 2528 ⁴
195 2517 259 2539 Vers.
276 2517 303 2544 7,
322 2518 344 2539 in
361 2524 430 2546 quem
449 2519 524 2541 locum
543 2519 635 2542 Hieron.
653 2520 698 2543 ait:
715 2521 949 2549 Exspectavitautem

103 2555 176 2584 Deus,
193 2558 218 2578 ut
235 2556 335 2584 populus
353 2556 489 2579 ludaeorum
506 2558 595 2587 faceret
610 2558 736 2588 iudicium,
755 2560 777 2582 id
795 2563 828 2583 est
846 2568 915 2588 uvas,
927 2566 950 2584 et

104 2594 156 2616 fecit
173 2593 333 2623 iniquitatem,
361 2595 382 2617 id
406 2598 440 2617 est
465 2595 597 2624 labruscam
615 2600 637 2620 et
654 2599 795 2625 exspectavit
820 2599 947 2629 iustitiam,

104 2635 129 2654 ut
145 2632 276 2660 largitorem
303 2636 417 2655 tantorum
444 2640 566 2657 munerum
585 2642 596 2657 a
615 2636 679 2658 Patre
698 2637 793 2659 missum
812 2638 949 2666 susciperet,

104 2674 126 2693 et
143 2671 195 2694 tecit
211 2671 354 2700 clamorem,
372 2679 418 2701 quo
435 2673 574 2704 vociferatus
591 2677 625 2696 est
641 2679 719 2697 contra
737 2676 862 2698 Dominum
875 2680 896 2699 et
907 2678 950 2699 cla-

103 2710 190 2733 mavit:
209 2710 286 2738 Tolle,
305 2711 370 2737 tolle.
390 2711 502 2742 crucifige
520 2712 590 2735 tatem
607 2717 691 2736 etc.—
703 2714 807 2737 Subinde
824 2716 950 2743 allegantur

104 2750 145 2772 ler.
164 2750 205 2778 42,
224 2750 245 2772 8.
262 2753 284 2772 et
301 2750 337 2772 Ps.
355 2751 392 2777 2¹,
411 2750 453 2778 tt,
466 2750 506 2773 ubi
518 2752 615 2779 August.
628 2752 648 2774 in
663 2753 763 2775 Enarrat.
776 2754 796 2775 l.
809 2754 850 2776 ait:
866 2763 876 2774 ιι
887 2754 950 2777 Sicut

103 2789 150 2816 leo,
161 2789 227 2811 cuius
239 2789 324 2818 rapina
342 2792 388 2816 est,
406 2790 469 2818 quod
487 2792 648 2818 apprehensus
664 2792 779 2815 adductus
796 2799 862 2820 sum;
874 2796 896 2815 et
907 2800 950 2816 ru-

103 2827 183 2857 gitus:
201 2827 328 2855 Cruciflge,
346 2828 455 2856 crucifige
467 2837 489 2850 n.
507 2830 529 2851 ln
547 2829 647 2852 Enarrat.
660 2831 673 2852 ‘2
684 2838 689 2852 :
702 2831 830 2853 Audiamus
841 2832 949 2861 ruqztum

102 2866 207 2894 ipsorum
224 2867 247 2888 in
265 2867 403 2894 Evangelio:
422 2867 551 2898 Crmzfiqe,
568 2868 686 2898 crucifige.

166 2903 176 2916 ⁶
192 2904 236 2927 Csr.
255 2912 324 2933 supra
342 2912 361 2928 c.
381 2906 415 2928 18.
434 2913 456 2928 n.
474 2907 512 2928 70.

165 2942 175 2955 ‘³
192 2944 257 2967 Vers.
274 2945 304 2967 7:
322 2944 501 2974 Responderunt
525 2946 546 2968 ei
569 2946 668 2974 ludaei;
694 2954 717 2969 v.
743 2948 763 2969 8.
788 2948 865 2975 incipit
883 2949 947 2970 tertia

1008 2293 1076 2315 pars:
1095 2287 1155 2310 Cam
1180 2293 1237 2317 erqo
1254 2286 1361 2310 audisset
1376 2287 1468 2310 Pilatus
1485 2287 1549 2310 hunc
1565 2293 1700 2310 sermonem
1710 2296 1720 2316 ‚·
1737 2290 1759 2309 et
1776 2294 1799 2310 v.
1818 2288 1855 2310 ⁴2.

1007 2330 1088 2355 quarta
1107 2334 1167 2355 pars.

1070 2365 1078 2378 ⁷
1098 2367 1162 2389 Vers.
1180 2367 1217 2389 22.
1236 2379 1265 2382 -
1282 2367 1361 2388 Glossa
1387 2365 1563 2388 interlinearis.-
1590 2366 1639 2395 qu
1664 2365 1726 2388 enim
1748 2372 1797 2389 non
1823 2366 1854 2389 in-

1007 2405 1074 2428 venio
1092 2405 1117 2428 in
1134 2412 1159 2428 eo
1177 2411 1287 2433 causam,
1308 2411 1381 2433 quare
1399 2405 1457 2427 mori
1474 2405 1566 2427 debeat.

1070 2443 1079 2456 ⁸
1099 2446 1161 2467 Vei-s.
1182 2445 1216 2466 19.
1234 2457 1265 2461 -
1283 2444 1386 2466 Subinde
1406 2445 1532 2471 allegantur
1555 2445 1610 2466 Lev.
1632 2444 1674 2473 24,
1703 2445 1736 2467 16.
1753 2448 1775 2467 et
1793 2446 1854 2467 loan.

1008 2484 1050 2510 to,
1068 2484 1105 2506 33.

1069 2521 1078 2534 ⁰
1096 2522 1136 2544 Ed.
1153 2528 1206 2545 cum
1232 2522 1335 2544 Gorrano
1351 2521 1424 2544 Pilati
1440 2521 1567 2551 inquisitio.
1585 2535 1616 2539 —
1633 2522 1737 2546 Subinde
1755 2524 1852 2551 Vulgata

1006 2561 1060 2588 legit
1077 2561 1136 2584 Cum
1153 2567 1210 2590 erqo
1226 2560 1332 2583 audisset
1347 2560 1439 2583 Pilatus
1456 2560 1520 2584 hunc
1537 2564 1579 2583 etc.

1071 2599 1090 2612 ¹⁰
1108 2600 1172 2622 Vers.
1191 2601 1216 2627 6,
1234 2606 1304 2628 quem
1322 2600 1359 2622 ed.
1377 2600 1492 2628 integrum
1511 2601 1602 2629 allegat.

1070 2638 1088 2650 ¹¹
1108 2639 1220 2666 Vulgata:
1240 2639 1268 2661 Et
1285 2638 1408 2667 inyressus
1425 2640 1459 2662 est
1473 2639 1623 2668 praetorium
1652 2640 1738 2663 ilerum
1755 2643 1777 2664 et
1793 2641 1854 2665 dizit

1006 2676 1038 2699 ad
1055 2678 1140 2700 lesum.
1158 2678 1208 2699 Duo
1225 2683 1274 2705 seq.
1294 2678 1337 2699 loci
1359 2681 1413 2700 sunt
1435 2678 1485 2700 lsai.
1502 2679 1544 2705 53,
1562 2679 1583 2700 8.
1601 2682 1623 2701 et
1640 2680 1707 2702 Eccli.
1725 2681 1750 2708 3,
1768 2681 1805 2703 22.
1822 2693 1853 2698 —

1008 2716 1059 2738 Post
1076 2715 1222 2739 accusabant
1237 2717 1273 2738 ed.
1291 2722 1345 2738 cum
1363 2717 1466 2739 Gor-rano
1483 2717 1547 2740 addit
1563 2717 1610 2741 sed.

1070 2753 1088 2766 ¹²
1107 2755 1172 2776 Vers.
1188 2755 1210 2777 7.
1227 2767 1258 2771 —
1276 2755 1390 2777 Sententia
1409 2756 1506 2784 August.
1523 2756 1621 2779 liabetur
1639 2758 1661 2779 in
1680 2759 1740 2780 loan.
1763 2759 1849 2787 Evang

1007 2796 1034 2815 tr.
1053 2793 1103 2815 116.
1123 2799 1144 2815 n.
1164 2793 1189 2821 4,
1207 2797 1259 2821 post
1276 2800 1346 2822 quam
1365 2795 1475 2822 allegatur
1493 2795 1576 2818 Thren.
1595 2797 1622 2823 3,
1641 2797 1679 2819 38.

1069 2830 1089 2844 ¹³
1106 2833 1203 2860 Vulgata
1222 2832 1282 2856 Dicit
1298 2839 1362 2863 erqo.
1375 2847 1405 2851 —
1418 2835 1441 2856 Β.
1459 2834 1557 2863 Albert.‚
1569 2836 1591 2858 in
1604 2837 1666 2858 hunc
1684 2837 1776 2859 locum:
1794 2837 1853 2860 Mitis

1005 2877 1053 2894 non
1071 2871 1186 2900 loqueris,
1204 2878 1231 2893 ac
1247 2872 1265 2894 si
1283 2872 1357 2895 dicat:
1377 2874 1502 2902 Loquendo
1520 2874 1575 2897 mihi
1592 2875 1691 2897 deberes
1708 2879 1800 2903 captare
1812 2876 1851 2898 be-

1005 2910 1157 2932 nevolentiam
1177 2917 1265 2938 meam,
1283 2915 1308 2934 ut
1325 2912 1397 2934 amica
1416 2912 1445 2935 de
1457 2915 1478 2935 te
1489 2913 1610 2936 sentiendo
1622 2914 1774 2941 dimitterem,
1788 2921 1851 2942 prae-

1005 2949 1072 2977 cipue
1089 2956 1142 2972 cum
1161 2950 1253 2978 videas,
1271 2957 1308 2973 me
1321 2952 1404 2974 instare
1417 2952 1492 2974 modis
1503 2953 1623 2979 omnibus,
1640 2954 1726 2982 quibus
1743 2960 1849 2981 possum.
