2296 3316
315 274 371 297 neap.
385 273 403 292 1.

314 366 370 389 Resp.
384 365 405 386 2,

274 830 331 855 Resp.
337 830 413 854 duplex.

274 1158 331 1181 Resp.
337 1157 412 1182 duplex.

276 1532 333 1555 Resp.
340 1531 414 1555 triplex.

422 143 478 172 380

499 219 688 256 Respondetur
708 217 856 255 dupliciter
871 226 906 246 ex
921 217 1016 246 Glossa
1029 218 1053 245 ¹:
1070 218 1161 254 primo
1176 217 1266 251 modo,

421 269 454 295 ut
473 266 521 295 siat
542 266 583 294 vis
604 265 630 294 iu
654 265 706 293 hoc
726 264 801 300 quod
818 264 903 293 dicit:
914 266 1082 300 peccato-res
1096 272 1157 292 non
1170 263 1267 298 audit,

420 313 486 350 quia
506 312 684 350 persistentes
706 312 734 341 in
754 314 867 348 peccato
897 318 952 340 non
973 310 1066 344 audit,
1087 309 1121 339 ad
1149 310 1267 339 salutem

420 360 532 390 scilicet.
546 374 586 380 —-
599 359 682 388 Aliter
697 358 845 395 respondet
859 357 952 386 Glossa
963 357 984 391 2,
997 357 1072 393 quod
1086 364 1185 385 caecus
1198 365 1267 385 non-

420 406 487 435 dum
508 406 639 435 inunctus
660 408 719 434 erat
741 412 790 434 nec
813 403 930 433 interius
950 403 1135 437 illuminatns;
1157 405 1185 432 et
1205 402 1267 432 ideo

420 453 519 482 falsum
540 452 627 485 dixit,
648 452 712 480 licet
733 450 859 480 crederet
880 458 977 480 verum
1000 450 1100 479 dicere.

497 499 543 528 43.
566 499 676 535 Quaest.
699 498 738 527 111.
762 498 828 527 Item
849 497 995 535 quaeritur
1016 496 1050 525 de
1071 497 1123 526 hoc
1137 496 1212 534 quod
1226 496 1266 525 di-

420 547 472 576 cit:
494 546 561 574 Nisi
580 549 651 574 esset
671 544 718 574 hie
738 543 823 573 liomo
844 553 864 573 a
887 544 959 578 Deo,
981 553 1040 572 non
1058 546 1154 581 posset
1168 542 1267 581 facere

419 593 588 632 quidquam.
611 608 648 613 —
671 592 798 621 Contra.-
820 591 897 620 Multi
919 591 983 620 mali
1005 591 1110 619 faciunt
1131 590 1267 619 miracula

419 640 516 677 plura,
539 639 610 670 sicut
631 639 689 676 ipse
710 638 844 667 Dominus
870 638 936 667 dicit
961 637 1089 666 Matthaei
1111 637 1265 674 septimo³z

420 686 554 720 Domine,
576 694 670 714 nonne
692 685 723 714 in
747 685 864 714 nomine
885 688 934 713 tuo
955 684 1111 713 daemonia
1131 683 1267 712 eiecimus

418 737 444 762 et
464 734 495 762 in
516 733 632 761 nomine
652 736 701 761 tuo
723 733 845 761 virtutes
865 732 975 760 multas
995 731 1141 769 fecimus?

498 780 703 817 Respondetur,
726 779 800 816 quod
821 786 920 808 caecus
934 778 1084 811 intellexit,
1100 777 1174 814 quod
1195 777 1266 806 face-

419 831 462 857 ret
483 827 596 864 propria
616 828 796 860 auctoritate;
819 826 862 854 vel
884 828 973 862 potest
993 824 1172 861 responderi,
1195 824 1267 853 sicut

418 875 451 904 de
474 874 559 911 priori
571 874 590 902 4.

498 921 544 950 44.
566 921 675 956 Quaest.
698 920 739 948 lV.
762 919 814 948 Sed
846 922 911 947 tunc
943 918 1105 955 quaeritur:
1127 926 1192 946 cum
1213 918 1266 946 Do-

419 968 511 996 minus
531 975 653 1000 omnem,
675 974 757 1003 quem
780 966 887 1004 sanavit
907 965 1049 998 exterius,
1071 965 1210 993 sanaverit
1231 965 1266 993 si-

418 1014 477 1042 mul
499 1013 658 1047 interius⁵;
680 1020 768 1049 quare
790 1012 840 1041 iste
862 1020 960 1040 caecus
988 1020 1043 1040 non
1074 1011 1127 1039 suit
1148 1011 1266 1040 interius

420 1060 612 1088 illuminatus?

498 1105 664 1143 Responderi
686 1107 776 1142 potest
806 1105 967 1142 dupliciter:
989 1108 1037 1133 aut
1063 1105 1137 1142 quod
1168 1112 1266 1133 caecus

419 1153 469 1182 iste
491 1152 579 1181 fidelis
593 1155 668 1186 erat,
689 1152 737 1182 sed
758 1154 849 1181 tamen
865 1152 987 1180 nondum
1010 1152 1090 1180 fidem
1106 1151 1265 1188 explicitam

420 1200 555 1233 habebat,
581 1200 652 1229 sicut
678 1199 886 1233 catechumeni,
908 1202 935 1227 et
956 1199 1015 1227 ideo
1037 1198 1130 1227 infra⁶³
1152 1197 1266 1226 instrui-

421 1250 483 1281 tur;
505 1250 554 1275 aut
575 1246 648 1283 quod
671 1255 725 1275 non
746 1246 882 1283 oportuit,
904 1254 968 1274 eum
991 1249 1056 1274 tunc
1078 1245 1158 1274 simul
1175 1245 1265 1273 sanari

420 1293 553 1327 interius,
575 1293 638 1330 quia
661 1302 714 1321 non
736 1301 772 1322 ex
794 1294 875 1330 culpa
900 1302 951 1322 sua
973 1292 1166 1320 infirmabatur
1187 1294 1265 1320 exte-

420 1340 492 1374 rius,
515 1340 586 1369 sicut
607 1340 741 1369 Dominus
763 1343 880 1369 testatur
892 1340 911 1368 ⁷.

498 1387 544 1415 45.
567 1387 676 1423 Quaest.
700 1387 729 1414 V.
753 1387 819 1415 Item
840 1387 1002 1423 quaeritur,
1024 1394 1111 1423 quare
1133 1386 1225 1414 dicant
1240 1386 1264 1414 ei

421 1434 575 1462 Pharisaei:
599 1434 632 1462 ln
651 1434 778 1470 pcccatis
799 1437 888 1461 natus
909 1442 938 1461 es
959 1437 1042 1461 totus.

500 1480 665 1517 Responderi
688 1483 791 1517 potest,
814 1480 888 1517 quod
908 1488 963 1508 non
984 1479 1079 1508 dicunt
1094 1487 1129 1507 ex
1152 1479 1267 1513 ratione,

421 1528 467 1556 sed
489 1536 525 1556 ex
546 1527 739 1564 indignatione.
762 1527 811 1555 Vel
832 1527 897 1564 quia
918 1535 934 1554 a
954 1526 1085 1563 peccatis,
1108 1525 1134 1553 in
1165 1525 1268 1562 quibus

421 1577 503 1602 natus
517 1574 616 1607 fuerat,
628 1582 682 1601 non
698 1576 850 1602 recesserat
865 1581 913 1609 per
930 1572 1098 1609 religionem,
1114 1572 1185 1600 sicut
1199 1572 1268 1600 Pha-

422 1620 519 1654 risaei;
536 1621 577 1649 vel
600 1623 714 1657 propter
728 1620 900 1653 caecitatem,
923 1626 994 1656 quae
1015 1621 1075 1649 erat
1096 1626 1183 1655 poena
1205 1626 1267 1655 pec-

422 1667 490 1701 cati,
512 1666 645 1695 vocabant
667 1674 731 1695 eum
752 1667 780 1694 in
802 1666 920 1703 peccatis
941 1669 1037 1694 natum
1049 1665 1069 1693 ⁸.

1044 139 1214 168 COMMENT.
1236 139 1269 168 IN
1290 139 1436 169 IOANNEM
1457 139 1485 168 C.
1508 140 1549 168 lx.

1370 216 1396 240 In
1413 216 1486 240 tertia
1502 217 1568 247 parte
1585 216 1725 240 describitur
1742 216 1875 247 spiritualis
1891 216 1952 240 caeci
1970 216 2119 242 illuminatio.

1403 312 1449 340 46.
1472 311 1596 340 Audiuit
1610 312 1699 340 lesus,
1715 312 1785 340 Haec
1806 314 1847 340 est
1869 311 1951 340 tertia
1964 319 2030 349 pars
2044 312 2170 349 capituli,

1323 358 1352 387 in
1372 364 1444 395 qua,
1470 358 1524 387 iam
1552 358 1691 395 descripta
1719 357 1838 387 mirabili
1867 358 1940 387 caeci
1971 358 2171 388 illuminatione

1323 408 1351 434 et
1371 404 1535 434 ludaeorum
1563 405 1776 442 disceptatione,
1805 404 1887 433 tertio
1918 405 2105 434 introducitur
2137 406 2171 435 de
2249 435 2265 446 ,Ἰ

1323 450 1476 488 spirituali
1496 451 1577 480 illius
1597 451 1818 480 illuminatione.
1841 452 1914 481 Hanc
1933 455 2025 481 autem
2040 452 2171 481 describit
2189 450 2266 498 tunsio*i

1325 497 1496 534 Evangelista
1524 497 1576 526 hoc
1606 497 1715 527 ordine:
1735 497 1828 534 primo
1855 498 1928 527 enim
1950 501 2063 527 notatur
2084 498 2171 535 ipsius
2263 501 2266 525 t

1323 543 1403 572 caeci
1429 543 1553 580 despecti
1579 543 1691 572 vocatio
1720 543 1862 581 beniyna:
1890 544 2026 579 secundO,
2055 553 2171 573 consen-

1323 590 1419 619 tientis
1440 590 1618 618 illuminatio
1632 590 1764 623 incer-nm
1780 590 1861 619 tertio
1875 598 1942 620 vero
1957 591 2084 620 innuitur
2099 592 2171 629 ipso-

1324 644 1387 665 rum
1409 636 1590 665 ludaeorum
1610 636 1805 674 superborum
1825 638 1988 667 excaecatio
2003 638 2091 667 iusta.

1403 683 1492 720 (Vers.
1515 683 1582 719 35..)
1606 683 1696 712 Primo
1717 691 1783 721 ergo
1804 684 1962 713 insinuatur
1977 685 2057 714 caeci
2069 685 2173 714 abiecti
2184 690 2287 715 expositu.

1323 730 1435 758 vocatio
1456 729 1589 767 beniyna.
1612 730 1758 759 Eiecerunt
1788 731 1862 760 enim
1884 739 1948 760 eum
1971 732 2123 768 Pharisaei,
2144 736 2172 762 et
2184 714 2286 760 Prffigl'w

1324 776 1458 804 Dominus
1479 776 1615 812 suscepit;
1638 779 1752 813 propter
1774 777 1849 814 quod
1868 777 1949 806 dicit:
1977 779 2103 807 Audiuit
2130 779 2172 807 Je—
2212 765 2267 780 vm

1322 831 1389 856 sus,
1411 822 1482 860 quia
1503 823 1647 851 eiecerunt
1667 832 1733 851 eum
1753 823 1854 861 foras;
1876 832 1925 861 per
1947 832 1976 853 se
1998 825 2109 860 sciebat,
2125 826 2173 855 sed

1323 869 1505 897 nihilominus
1525 871 1567 898 est
1587 869 1612 897 ei
1634 869 1762 898 relatum.
1786 870 1821 898 Et
1841 878 1908 899 cum
1930 870 2086 899 invenisset
2105 879 2172 900 euni

1323 916 1412 950 Iesus,
1434 924 1489 944 non
1511 923 1593 950 casu,
1616 916 1663 944 sed
1692 916 1788 945 studio
1810 917 1993 954 suscipiendi;
2016 918 2105 947 Lucae
2125 918 2172 947 de-

1323 962 1395 991 cimo
1415 962 1550 999 quint0⁹z
1578 974 1592 987 «
1607 962 1732 992 Accendit
1755 963 1897 992 lucernam
1924 967 1951 993 et
1978 965 2088 1002 quaerit
2111 964 2173 994 dili-

1323 1012 1434 1046 genter,
1457 1008 1544 1037 donec
1565 1008 1687 1038 inveniat
1704 1020 1731 1044 »3
1753 1010 1829 1038 discit
1842 1010 1881 1039 ei.-
1904 1011 1947 1039 Tu
1961 1011 2057 1040 credis
2078 1012 2109 1040 in
2123 1012 2172 1041 Fi-

1323 1055 1396 1084 lium
1420 1055 1491 1085 Dei?
1512 1056 1677 1092 Quaerendo
1697 1057 1801 1085 excitat
1822 1059 1850 1085 et
1870 1057 2018 1086 excitando
2032 1061 2126 1093 vocat,
2141 1061 2173 1087 ut

1322 1102 1461 1132 abiectum
1483 1103 1627 1140 suscipiat,
1649 1103 1803 1132 secundum
1818 1104 1886 1133 illud
1901 1105 2000 1136 Psalmi
2012 1105 2048 1134 ¹⁰:
2068 1117 2082 1131 «
2094 1106 2172 1134 Pater

1324 1158 1404 1179 meus
1424 1152 1452 1178 et
1473 1153 1562 1179 mater
1582 1158 1644 1179 mea
1663 1150 1874 1188 dereliquerunt
1894 1159 1954 1186 me,
1969 1152 2103 1181 Dominus
2123 1161 2173 1182 au-

1323 1200 1379 1225 tem
1409 1197 1540 1226 assumsit
1571 1205 1615 1226 me
1630 1208 1656 1231 »;
1686 1197 1816 1227 Ieremiae
1843 1198 2055 1236 quadragesimo
2086 1207 2172 1228 nono:

1327 1255 1342 1269 (ι
1357 1244 1489 1281 Relinque
1511 1244 1630 1281 pupillos
1651 1247 1729 1278 tuos,
1751 1248 1778 1273 et
1799 1253 1849 1282 ego
1872 1245 1964 1274 vivere
1985 1249 2012 1274 te
2032 1245 2130 1275 faciam
2144 1257 2171 1275 s.

1403 1291 1449 1320 47.
1472 1291 1560 1327 (Vers
1584 1290 1651 1327 36.)
1675 1292 1832 1328 Respondit
1852 1291 1898 1320 ille
1918 1295 1944 1320 et
1964 1292 2047 1321 dixit.
2074 1292 2172 1330 Tangi-
2196 1298 2262 1340 Seeuu
2277 1298 2289 1317 i·

1325 1340 1371 1366 tur
1393 1337 1438 1366 hic
1467 1337 1636 1371 secundum,
1659 1338 1763 1367 scilicet
1794 1338 1997 1368 consentientis
2017 1339 2172 1368 instructio
2183 1321 2289 1387 ιιΞιιῗιῗΙιιιιῖ

1324 1384 1367 1413 vel
1386 1384 1564 1413 illuminatio
1593 1384 1717 1413 interna.
1740 1385 1883 1414 Consensit
1911 1385 1984 1414 enim
2015 1393 2113 1415 caecus
2144 1373 2195 1415 in¹²

1325 1431 1422 1465 fidem;
1445 1431 1518 1460 unde
1549 1431 1636 1459 dixit:
1659 1432 1732 1467 Quis
1762 1434 1818 1466 est,
1842 1432 1979 1466 Domine,
2002 1436 2033 1460 ut
2054 1433 2173 1461 credam

1325 1478 1356 1506 in
1376 1478 1466 1506 eum?
1487 1478 1570 1514 Quasi
1592 1478 1679 1507 dicat:
1710 1482 1823 1515 paratus
1854 1487 1916 1508 sum
1948 1479 2077 1514 credere;
2098 1480 2173 1509 unde

1324 1524 1539 1562 Chrysostomus
1552 1527 1589 1554 ¹¹:
1618 1537 1631 1551 «
1645 1526 1768 1555 Verbum
1790 1526 1957 1563 inquirentis
1971 1529 2013 1555 est
2027 1529 2054 1555 et
2068 1526 2174 1555 deside-

1325 1572 1412 1601 rantis
1424 1583 1450 1605 »;
1472 1572 1533 1601 ideo
1554 1573 1712 1601 instruitur.
1736 1573 1902 1610 Propterea:

1404 1619 1450 1646 48.
1474 1619 1563 1655 (Vers.
1596 1619 1663 1654 37.)
1694 1619 1775 1647 Dixit
1788 1619 1810 1636 ¹2
1837 1619 1864 1648 ei
1888 1620 1986 1648 Iesus:
2013 1621 2048 1648 Et
2074 1620 2175 1649 vidisti

1324 1674 1407 1699 eum,
1428 1668 1453 1693 et
1474 1665 1526 1703 qui
1546 1665 1675 1703 loquitur
1696 1669 1806 1700 tecum,
1828 1666 1888 1704 ipse
1909 1669 1957 1695 est.
1987 1667 2101 1702 Vidisti,
2123 1675 2173 1704 per

2263 614 2267 640 i

486 1827 493 1840 ²
512 1828 579 1856 Apud
604 1829 719 1856 Lyranum
749 1828 846 1850 liabetur
872 1828 893 1850 in
919 1829 979 1850 hunc
1008 1829 1083 1850 locum
1110 1828 1151 1850 ista
1180 1830 1268 1850 tantuin

422 1868 502 1890 Glossa
513 1866 673 1890 interlinearis
685 1867 723 1896 [ex
735 1867 844 1895 Auguste,
856 1867 911 1889 vide
923 1870 999 1889 notam
1018 1866 1136 1896 praeced]
1147 1875 1152 1888 :
1167 1875 1178 1886 α
1187 1861 1270 1890 Adhuc

424 1907 544 1933 inunctus;
561 1907 615 1935 quia
633 1909 766 1934 peccatores
783 1906 844 1928 Deus
861 1906 937 1934 audit,
955 1909 980 1928 ut
996 1905 1145 1934 publioenurn
1163 1906 1270 1928 conulen-

423 1949 469 1969 tem
482 1955 503 1968 ιι.
520 1946 594 1974 Beda,
612 1946 635 1967 in
650 1946 712 1968 loan.
730 1946 755 1974 9,
773 1946 811 1968 30.
828 1952 877 1974 seq.
897 1946 973 1973 primo
991 1945 1085 1968 adducit
1102 1944 1175 1967 verba
1191 1945 1270 1972 Augu-

423 1985 490 2007 stini:
508 1985 589 2007 Adhuc
611 1985 718 2008 inunctus
738 1984 847 2013 loquitur.
864 1984 920 2006 Nam
946 1986 968 2006 et
992 1987 1126 2014 peccatores
1143 1986 1186 2005 etc.
1203 1982 1270 2012 [vide

423 2027 502 2046 notam
514 2023 648 2053 praeced.];
660 2023 745 2046 deinde
757 2022 887 2051 subiungit:
902 2023 948 2045 Sed
965 2022 1125 2051 peccatoribus
1142 2022 1268 2044 lavandum

423 2065 457 2085 est
473 2069 512 2085 cor
529 2062 682 2090 poenitentiae
699 2061 819 2090 lacrymis,
837 2064 862 2084 ut
877 2062 1035 2089 exaudiantur,
1052 2065 1074 2084 et
1094 2062 1132 2084 siet
1155 2062 1176 2083 in
1198 2061 1269 2084 corde

422 2102 512 2124 illorum
529 2102 592 2130 quod
613 2101 698 2124 sactum
714 2104 749 2124 est
764 2102 787 2123 in
799 2101 857 2124 facie
868 2101 931 2123 caeci
942 2101 1023 2129 huius;
1035 2103 1057 2123 et
1068 2101 1177 2128 sentient,
1195 2100 1268 2122 Deum

424 2141 473 2163 illos
494 2141 615 2169 exaudire,
632 2141 685 2169 qui,
703 2143 728 2163 ut
744 2144 877 2169 peccatores
894 2141 1005 2167 salvaret,
1023 2140 1119 2162 venitin
1131 2140 1192 2162 hunc
1205 2146 1270 2162 mun-

424 2180 480 2203 dum
494 2179 584 2209 [Matth.
600 2180 626 2207 9,
644 2180 681 2202 43.
693 2183 715 2202 et
726 2181 742 2202 1.
759 2180 819 2202 Tim.
838 2180 858 2208 vl,
877 2179 932 2209 15.].
949 2179 994 2202 Csr.
1006 2180 1042 2202 IV.
1055 2180 1117 2202 Sent.
1128 2180 1152 2202 d.
1164 2179 1200 2201 45.
1213 2185 1233 2201 a.
1246 2180 1269 2201 2.

423 2226 447 2248 q.
464 2220 485 2241 2.
502 2231 532 2235 —
549 2219 590 2241 Ed.
607 2219 691 2241 omittit
706 2225 737 2242 ea.-
756 2218 848 2242 Glossa.

485 2256 495 2269 ²³
512 2257 568 2281 Cod.
585 2258 604 2280 D
620 2258 685 2280 addit
706 2257 878 2286 interlinearis,
900 2258 965 2281 cuius
990 2258 1062 2280 verba
1088 2258 1142 2280 vide
1167 2258 1190 2279 in
1215 2260 1267 2280 nota

424 2296 583 2325 praecedente.
600 2296 640 2319 Ed.
658 2303 700 2325 pro
722 2296 829 2320 nondum
854 2296 966 2320 inunctus
991 2297 1108 2320 substituit
1133 2303 1186 2320 cum
1208 2297 1268 2319 dicta

424 2336 503 2358 Glossa
519 2335 597 2358 adhuc
613 2335 733 2367 inunctus,
748 2335 765 2359 C
782 2336 837 2364 legit
853 2335 917 2366 quod
933 2342 1016 2359 caecus
1034 2342 1081 2359 non
1099 2335 1199 2359 interius
1216 2334 1269 2358 illu-

423 2373 528 2397 minatus
545 2377 587 2397 etc.
605 2374 649 2397 Csr.
667 2375 746 2397 Glossa
763 2374 889 2398 ordinaria
906 2375 943 2404 [ex
963 2376 1061 2403 August.
1079 2375 1100 2397 in
1123 2375 1222 2398 eundem
1240 2376 1269 2398 lo-

424 2412 487 2443 cum]
505 2413 526 2435 in
543 2420 565 2435 v.
585 2414 626 2436 ⁴7:
651 2414 732 2437 Adhuc
753 2414 859 2437 inunctus
875 2414 897 2437 in
916 2415 985 2437 corde
1008 2415 1047 2443 qui
1065 2415 1170 2437 nondum
1187 2415 1269 2437 Filium

424 2451 467 2474 Dei
483 2452 610 2481 confltetur,
627 2459 673 2475 non
690 2456 766 2475 tamen
783 2454 900 2476 mentitur.
920 2453 980 2476 Vide
996 2460 1066 2482 supra
1084 2460 1139 2482 pag.
1157 2454 1214 2481 373,
1232 2460 1270 2476 no-

425 2493 472 2513 tam
490 2491 526 2519 11,
543 2490 584 2513 ubi
600 2492 730 2514 secundum
755 2492 911 2520 Augustinum
937 2492 1051 2515 inunctus
1074 2493 1190 2521 significat
1211 2494 1269 2516 cate-

426 2529 581 2557 chumenum,
599 2536 644 2552 non
661 2530 833 2554 illuminatum.
845 2544 876 2548 —
888 2532 929 2554 Ed.
946 2531 1044 2554 vocibus
1061 2538 1103 2555 nec
1120 2531 1219 2555 interius
1236 2532 1271 2554 in-

425 2569 514 2591 terserit
526 2569 602 2598 plene.

487 2607 497 2620 ³
515 2609 579 2631 Vers.
597 2610 634 2631 22.
650 2609 696 2632 Cir.
713 2616 782 2637 supra
800 2616 855 2640 pag.
872 2610 929 2637 279,
946 2613 1001 2633 nota
1019 2611 1040 2633 4.

487 2645 497 2659 ⁴
513 2647 602 2670 Scilicet
619 2651 708 2679 quaest.
719 2648 742 2670 11.
756 2648 777 2670 1η
794 2648 848 2671 fine.
864 2661 895 2665 —
912 2649 987 2671 Prima
1005 2649 1125 2677 responsio
1142 2649 1271 2672 insinuatur

425 2692 438 2708 a
455 2684 580 2715 chrysost„
597 2687 618 2708 in
641 2687 700 2709 loan.
723 2687 800 2710 homil.
818 2688 854 2710 58.
879 2688 943 2717 (abas
968 2688 1015 2717 57.)
1041 2695 1065 2711 n.
1089 2689 1116 2718 3,
1139 2688 1179 2718 ubi
1203 2688 1270 2717 dicit,

425 2725 489 2753 quod
506 2731 532 2747 ex
549 2725 591 2752 isto
608 2726 719 2749 miraculo
739 2735 750 2746 α
761 2727 837 2754 palam
860 2730 905 2754 est,
922 2727 984 2749 illum
1003 2727 1088 2750 virtute
1109 2727 1187 2749 omnia
1204 2731 1271 2755 supe-

425 2769 501 2790 rasse,
517 2763 613 2793 eiusque
629 2767 764 2792 potestatem
782 2766 833 2793 plus
849 2771 919 2794 quam
937 2767 1063 2788 humanam
1081 2772 1164 2788 essem.

487 2800 497 2813 ⁵
514 2802 559 2825 Csr.
575 2809 645 2830 supra
662 2804 685 2830 7,
702 2804 739 2825 23.
762 2810 785 2826 n.
802 2804 839 2828 31.
856 2807 879 2827 et
896 2805 932 2827 34.
950 2805 978 2827 ad
1003 2806 1024 2827 2.
1042 2805 1122 2827 Glossa
1144 2804 1271 2828 ordinaria

425 2840 449 2862 ‘m
466 2841 543 2863 Matth.
558 2841 583 2869 9,
595 2842 616 2863 2.
634 2840 672 2871 [ex
690 2842 782 2864 Hieron.
799 2843 821 2864 in
839 2843 916 2865 Matth.
933 2844 959 2870 9,
977 2844 999 2866 5.
1015 2843 1093 2873 seq.]:
1106 2844 1173 2870 Ecce,
1186 2843 1271 2866 modus

425 2879 561 2902 curationis:
578 2880 643 2908 prius
663 2880 756 2906 dimittit
777 2884 884 2910 peccata,
901 2882 982 2905 tollens
998 2889 1092 2905 causam
1111 2882 1200 2911 morbi,
1218 2885 1271 2910 post.

426 2921 490 2940 curat
506 2924 599 2947 corpus.

1388 1825 1398 1839 ὅ
1416 1827 1481 1850 Vers.
1499 1827 1536 1850 35.
1559 1833 1624 1856 seqq.
1647 1827 1692 1850 Csr.
1715 1827 1820 1856 August„
1846 1827 1868 1850 in
1893 1828 1954 1850 ioan.
1976 1828 2065 1856 Evang.
2089 1830 2118 1850 tr.
2136 1827 2172 1850 44.

1326 1872 1349 1888 n.
1369 1867 1391 1888 2.
1408 1869 1430 1889 et
1449 1866 1484 1888 t5.

1389 1903 1397 1917 ⁷
1416 1906 1490 1934 Supra
1507 1912 1531 1928 v.
1549 1906 1571 1928 3
1588 1905 1647 1928 Vide
1664 1888 1735 1934 supra
1752 1912 1773 1928 c.
1789 1906 1811 1929 5.
1828 1912 1851 1928 n.
1870 1906 1907 1928 18.

1389 1943 1399 1956 ¹³
1415 1944 1543 1972 chrysost,
1560 1945 1583 1967 in
1600 1945 1661 1967 loan.
1673 1945 1753 1967 homil.
1764 1945 1801 1968 58.
1820 1944 1885 1974 (alias
1902 1944 1949 1974 57.)
1968 1951 1989 1967 n.
2008 1945 2034 1968 3:
2054 1953 2066 1965 α
2078 1945 2106 1968 In
2119 1951 2174 1975 pec-

1326 1983 1384 2007 catis
1401 1985 1473 2007 natus
1490 1990 1513 2006 cs
1531 1985 1604 2013 totus,
1616 1985 1638 2008 et
1654 1985 1680 2007 tu
1696 1983 1764 2008 doces
1781 1986 1843 2007 nos?
1860 1984 1938 2007 Donec
1954 1984 2018 2007 enim
2033 1986 2172 2012 negaturum

1326 2029 1379 2045 eum
1397 2023 1535 2051 sperabant,
1552 2023 1598 2046 side
1614 2023 1712 2051 dignum
1735 2026 1855 2052 putantes,
1871 2024 1942 2046 semel
1960 2026 1982 2046 et
1999 2024 2083 2046 iterum
2106 2030 2175 2046 voca-

1325 2064 1402 2084 runt...
1419 2061 1476 2085 Cum
1503 2069 1573 2090 porro
1597 2063 1652 2085 nihil
1678 2063 1765 2086 veritus
1787 2069 1843 2085 vera
1865 2063 2021 2092 loqueretur...
2039 2065 2093 2085 tunc
2111 2063 2173 2085 illum

1325 2101 1445 2124 damnant.
1461 2101 1522 2130 Quid
1539 2108 1609 2130 porro
1625 2101 1669 2124 sibi
1686 2103 1736 2124 vult
1756 2102 1826 2125 illud:
1843 2102 1871 2125 ln
1890 2101 1994 2132 peccatis
2010 2103 2082 2125 natus
2099 2108 2123 2125 es
2140 2103 2174 2125 lo-

1326 2142 1384 2164 tus?
1401 2141 1446 2172 Hic
1467 2141 1496 2163 illi
1522 2141 1654 2164 caecitatem
1680 2141 1819 2170 exprobant,
1837 2148 1864 2164 ac
1887 2142 1906 2164 si
1929 2142 2046 2165 dicerent:
2063 2142 2082 2164 A
2099 2141 2174 2170 prIma

1326 2182 1399 2202 aetate
1416 2180 1438 2202 in
1456 2179 1556 2208 peccatis
1573 2186 1610 2207 es,
1628 2186 1655 2202 ac
1669 2180 1688 2202 si
1705 2180 1758 2203 ideo
1775 2186 1859 2203 caecus
1880 2180 1975 2207 suisset;
1997 2180 2062 2209 quod
2083 2182 2175 2208 praeter

1325 2219 1438 2241 rationem
1455 2221 1490 2241 est
1502 2228 1513 2239 u
1534 2219 1584 2247 [cfr.
1601 2225 1672 2247 supra
1689 2226 1711 2242 n.
1728 2220 1749 2241 2.
1768 2221 1790 2242 et
1807 2219 1843 2242 44.
1861 2218 1928 2249 seq.].
1945 2219 2024 2242 Glossa
2046 2218 2175 2242 ordinaria

1327 2259 1363 2284 (ex
1379 2258 1485 2286 August„
1502 2258 1525 2281 in
1542 2259 1602 2281 loan.
1615 2259 1702 2287 Evang.
1721 2261 1747 2281 tr.
1766 2258 1803 2282 44.
1819 2265 1842 2281 n.
1855 2259 1919 2288 l4.):
1938 2267 1950 2279 α
1961 2259 1990 2282 In
2003 2258 2107 2289 peccatis
2122 2261 2175 2286 etc„

1327 2296 1349 2319 id
1366 2299 1400 2319 est
1417 2303 1470 2319 cum
1488 2297 1572 2319 clausis
1588 2297 1675 2325 oculis,
1692 2298 1757 2326 quod
1774 2297 1854 2320 dicunt
1876 2303 1927 2320 esse
1948 2303 1992 2326 pro
2015 2297 2115 2326 peccatis
2137 2303 2175 2326 pa-

1326 2338 1433 2365 rentum,
1453 2336 1495 2358 sed
1519 2336 1623 2359 Christus
1648 2339 1720 2359 totum
1747 2339 1824 2364 sanat,
1846 2339 1909 2360 extra
1933 2337 2025 2365 oculos,
2050 2337 2111 2359 intus
2134 2342 2175 2359 cor

1326 2375 1438 2403 aperit».
1458 2374 1536 2403 Cyrill.
1560 2375 1694 2404 Alexandr.,
1714 2376 1736 2398 in
1762 2376 1823 2398 loan.
1845 2376 1872 2403 9,
1894 2376 1917 2398 2.
1938 2382 1999 2404 seq.,
2021 2375 2089 2399 docet
2110 2375 2174 2405 quod

1326 2415 1430 2438 Christus
1446 2415 1515 2437 etiam
1532 2415 1682 2443 responsione
1699 2421 1740 2437 sua
1758 2423 1769 2435 «
1782 2415 1918 2443 pessumdat
1934 2421 2011 2444 nugas
2027 2421 2121 2442 eorum,
2133 2415 2175 2444 qui

1326 2455 1418 2482 dicunt,
1434 2455 1537 2482 animas,
1553 2457 1678 2483 antequam
1696 2454 1718 2476 in
1736 2460 1833 2482 corpora
1858 2454 1974 2483 venerint,
1997 2460 2094 2483 peccare
2105 2463 2128 2477 u.
2143 2466 2175 2471 —

1327 2493 1439 2522 Superius
1460 2499 1503 2521 pro
1516 2499 1561 2522 per
1577 2492 1729 2522 reliyionem,
1745 2492 1808 2516 sicut
1824 2492 1950 2516 Pharisaei
1969 2493 2007 2516 ed.
2020 2499 2065 2523 per
2082 2491 2175 2523 retiato-

1327 2538 1382 2555 nem
1398 2533 1474 2555 sectae
1490 2531 1691 2560 Pharisaeorum,
1708 2532 1775 2555 cuins
1791 2534 1879 2561 sectae,
1898 2534 1922 2555 ut
1938 2532 2026 2555 Bonelli
2044 2533 2120 2559 notat,
2138 2531 2175 2554 hic

1327 2573 1376 2593 erat
1392 2571 1487 2599 spiritus
1502 2573 1525 2593 et
1542 2572 1625 2599 fastus,
1637 2571 1701 2599 quod
1718 2577 1743 2593 se
1759 2577 1831 2599 puros
1848 2574 1870 2594 et
1886 2566 1979 2594 sanctos
1992 2571 2119 2594 secundum
2132 2571 2174 2593 Le-

1327 2617 1381 2639 gem
1393 2609 1563 2633 arbitrabantur
1580 2614 1650 2639 atque
1666 2614 1755 2633 ceteros
1767 2617 1809 2633 ceu
1822 2611 1927 2639 impuros
1944 2610 2129 2634 contemnebant.

1390 2648 1400 2661 ⁹
1417 2650 1482 2673 Vers.
1501 2650 1523 2672 8.

1391 2687 1410 2700 ¹⁰
1428 2689 1510 2711 Psalm.
1527 2689 1569 2716 26,
1587 2689 1623 2711 10.
1640 2701 1671 2705 -
1688 2689 1796 2718 Sequitur
1813 2690 1853 2712 ler.
1873 2689 1914 2716 49,
1932 2690 1969 2712 11.

1390 2726 1409 2740 ¹¹
1428 2728 1451 2750 ln
1468 2728 1529 2750 loan.
1545 2728 1625 2750 homil.
1641 2728 1679 2750 59.
1698 2728 1762 2757 (alias
1783 2728 1830 2757 58.)
1854 2735 1876 2751 n.
1895 2729 1921 2751 11:
1938 2728 2043 2757 Optantis
2063 2734 2090 2750 ac
2106 2729 2175 2751 vehe-

1327 2768 1416 2789 menter
1437 2766 1590 2789 desiderantis
1611 2766 1719 2789 verbum.
1735 2779 1767 2783 —
1783 2767 1827 2789 Pro
1846 2766 2000 2797 inquirentis,
2018 2766 2081 2796 quod
2105 2766 2174 2789 etiam

1327 2805 1390 2828 card.
1406 2805 1475 2833 Hugo
1492 2808 1515 2828 et
1534 2806 1557 2828 S.
1576 2806 1678 2828 Thomas
1695 2806 1732 2834 (in
1753 2806 1838 2829 Catena
1860 2812 1942 2835 aurea,
1961 2806 1982 2829 in
2005 2807 2066 2828 hunc
2087 2806 2173 2835 locum)

1326 2843 1446 2872 exhibent,
1463 2845 1542 2872 plures
1558 2844 1627 2867 codd.
1644 2851 1698 2867 cum
1716 2845 1819 2867 Gorrano
1836 2844 1988 2874 requirentis.
2005 2845 2091 2867 Textus
2107 2844 2176 2873 origi—

1327 2882 1399 2905 nalis:
1416 2881 1538 2910 Ποθοῦσης
1555 2881 1592 2904 καὶ
1609 2881 1697 2913 σφόδρα
1714 2881 1863 2912 ἐπιζητούσης
1880 2882 1953 2915 ψυχῆς
1971 2880 1997 2905 τὸ
2016 2881 2084 2913 ῥήμα.

1391 2920 1410 2933 ¹²
1429 2922 1528 2950 Vulgata
1545 2922 1576 2945 Et
1591 2921 1660 2946 diaez't.
