2296 3316
7 1058 8 1089 l
25 1055 153 1075 distinctione.

32 1032 89 1057 Resp.
102 1037 144 1051 eum

32 1833 63 1852 Ad
68 1834 150 1875 ιΕιέξοιῑί-

751 146 920 175 COMMENT.
943 146 975 175 IN
996 146 1234 175 ECCLESIASTEN
1255 147 1283 175 C.
1306 147 1337 175 V.

163 227 336 257 commendat
363 226 446 255 fidem
466 226 572 263 Iephte,
594 225 668 263 quod
689 225 747 262 ipse
778 224 895 254 credidit
916 224 1015 253 trium-

164 275 251 312 phare
270 274 305 303 de
325 273 443 302 inimicis
463 272 572 302 Domini
593 272 707 301 auxilio.

245 322 269 349 1.
296 320 374 357 Quod
401 319 541 353 obiicitur,
569 319 644 356 quod
672 321 797 355 reportat
821 318 1013 352 eommodum;

163 368 240 403 dico,
262 368 335 405 quod
356 367 457 396 falsum
471 369 528 401 est;
549 367 616 404 quia
636 365 728 395 statim
744 365 771 394 in
793 365 853 403 ipso
874 368 937 394 voto
951 373 1014 402 pec-

165 418 209 445 cat
228 417 256 444 et
275 415 376 452 dignus
396 417 438 443 est
458 422 555 451 poena.

244 466 270 493 2.
293 462 371 499 Quod
392 462 522 491 obiicitur
542 461 576 490 de
597 461 729 494 veritate,
751 460 911 494 dicendum,
939 460 1014 497 quod

164 511 274 539 veritas
294 509 447 539 substernit
478 508 529 537 sibi
555 508 719 542 iudicium,·
749 507 815 545 quia
845 507 931 544 igitur
956 507 1015 536 sine

165 556 275 586 iudicio
286 557 376 590 vovit,
392 556 453 585 ideo
467 555 575 585 solvere
588 563 644 584 non
658 557 748 592 potest
763 562 827 584 eum
838 554 973 588 veritate;
987 557 1015 583 et

164 607 312 642 propterea
327 612 381 632 non
402 605 492 640 potest
513 603 541 631 in
556 602 602 631 tali
623 605 687 631 voto
701 610 761 631 esse
783 602 898 636 veritas,
913 604 940 630 et
954 601 1015 630 ideo

164 651 241 680 nulla
261 653 303 680 est
320 650 459 687 obligatio.

244 698 272 726 11.
288 697 448 734 Quaeritur,
463 699 561 726 utrum
575 696 661 733 possit
676 698 794 725 mutare.
808 712 844 716 —
856 695 934 732 Quod
946 704 1014 730 non,

164 745 275 774 videtur
296 752 346 782 per
367 743 435 772 illud
456 743 566 772 Levitici
589 743 688 772 ultimo
701 744 723 770 ¹:
747 742 812 771 Ntm
823 742 931 780 poterit
950 750 1015 771 mu-

164 792 241 826 tari,
262 800 314 820 nec
336 791 368 820 in
385 791 471 828 peius
491 799 542 819 owe
563 789 595 818 in
615 789 726 819 melius.

242 838 321 876 Quod
342 841 436 867 autem
456 838 514 872 sic,
529 837 655 866 videtur:
670 837 736 874 quia
757 836 820 866 lieet
838 839 946 873 partem
962 837 1015 865 Do-

164 885 230 915 mini
251 886 342 915 facere
362 885 520 914 meliorem:
542 892 622 922 ergo,
643 884 694 913 etsi
722 892 776 912 non
805 883 885 912 liceat
912 883 940 912 in
968 891 1015 920 pe-

164 934 223 968 ius,
245 933 308 962 licet
329 935 422 962 tamen
443 933 471 961 in
492 932 600 961 melius.

243 980 418 1017 Respondeo:
440 979 601 1014 dicendum,
623 979 698 1016 quod
719 982 761 1008 est
788 981 897 1007 mutare
919 981 1028 1013 votum,

165 1028 193 1056 in
211 1027 297 1065 peius
328 1027 460 1061 omnino,
489 1029 516 1056 et
537 1029 579 1056 est
599 1029 709 1055 mutare
736 1026 764 1054 in
792 1025 912 1060 nwlius,
941 1025 1016 1062 quod

165 1075 238 1104 istud
266 1074 407 1109 includit,
439 1074 511 1103 sicut
531 1074 579 1111 qui
612 1073 686 1102 vovit
718 1073 822 1102 intrare
854 1073 1015 1110 religionem

165 1122 259 1151 minus
279 1121 445 1159 perfectam,
467 1121 553 1149 intrat
573 1121 601 1149 in
616 1120 824 1158 perfectiorem,
847 1128 918 1157 quae
940 1120 1015 1148 illam

165 1169 268 1198 claudit
289 1169 370 1197 intra.
393 1169 499 1197 Mutare
520 1171 562 1197 est
582 1168 658 1197 ultra
677 1168 705 1196 in
725 1167 830 1196 metius
844 1176 902 1196 non
923 1166 1017 1195 inelu-

166 1216 252 1251 dens,
278 1216 349 1245 sicut
371 1216 412 1245 ire
434 1216 571 1244 Romam2
591 1215 619 1244 in
647 1215 700 1244 iter
728 1214 952 1244 ultramarinum.
979 1230 1015 1235 —

166 1264 290 1292 Primum
310 1271 365 1292 non
387 1263 450 1292 licet
470 1263 599 1297 omnino,
621 1262 669 1292 sed
696 1265 738 1292 est
757 1261 946 1299 prohibitum;
975 1269 1017 1290 se-

166 1310 288 1340 cundum
309 1310 373 1339 licet
390 1318 445 1347 per
464 1318 511 1344 se,·
526 1309 640 1339 tertium
662 1309 757 1343 licet-³,
772 1317 827 1338 non
848 1312 939 1338 tamen
955 1308 1018 1338 licet

165 1357 227 1387 siiw
248 1357 423 1386 auctoritate
452 1357 587 1386 maioris.
615 1357 686 1394 Quia
711 1357 785 1386 enim
809 1365 872 1386 sum
900 1356 1018 1385 Domino

167 1404 317 1442 obligatus,
339 1412 393 1433 non
414 1412 528 1441 possum
542 1406 653 1433 mutare
673 1403 725 1433 nisi
740 1412 792 1441 pro
812 1403 873 1433 eius
887 1403 1016 1438 arbitrio;

166 1454 194 1481 et
215 1451 281 1489 quia
300 1451 359 1489 ipse
386 1460 440 1480 non
466 1451 619 1489 alloquitur
646 1459 690 1480 me
711 1451 763 1480 nisi
791 1459 841 1488 per
863 1459 945 1480 suum
966 1451 1018 1479 mi-

166 1499 303 1533 nistrum,
325 1498 373 1536 qui
394 1501 469 1528 tenet
490 1499 551 1527 eius
571 1501 680 1535 partes:
702 1506 757 1527 non
772 1506 887 1535 possum
907 1500 1018 1526 mutare

167 1546 225 1575 sine
246 1545 411 1575 auctoritate
435 1545 601 1583 superioris,
630 1546 681 1574 nisi
703 1545 838 1574 Dominus
865 1545 923 1582 ipse
948 1544 1018 1574 inte-

167 1592 227 1622 rius
248 1592 400 1622 certissime
420 1593 545 1630 inspiret.
568 1593 599 1620 Et
620 1592 659 1621 sic
679 1594 755 1629 patet
775 1592 844 1621 illud
854 1592 874 1620 4.

245 1640 286 1669 ΙΙΙ.
309 1640 459 1677 Quaeritur
480 1640 563 1669 etiam
584 1640 618 1668 de
639 1640 691 1668 hoc
713 1639 787 1676 quod
808 1639 889 1668 dicit:
913 1639 954 1668 Ne
974 1639 1018 1668 di-

168 1696 220 1717 eas
240 1696 343 1716 coram
364 1687 491 1725 Anyelo:
519 1686 585 1716 Non
605 1690 646 1715 est
662 1686 858 1724 providentia.

245 1735 372 1764 CONTRA:
393 1735 520 1769 videtur,
542 1734 617 1772 quod
637 1742 693 1763 non
711 1734 746 1763 sit
766 1734 957 1771 providentia:

248 1784 272 1811 1.
295 1782 398 1816 Primo,
413 1782 479 1819 quia
493 1781 667 1819 providentia
686 1781 733 1810 dat
746 1781 871 1810 debitum
892 1781 1018 1809 ordinem

168 1830 268 1865 rebus;
291 1829 338 1858 sed
366 1829 417 1858 iste
438 1837 493 1858 non
521 1832 562 1858 est
584 1829 612 1857 in
634 1829 753 1863 mundo,
775 1828 847 1857 infra
867 1828 975 1857 decimo
989 1828 1016 1856 ⁵:

174 1877 241 1907 Vidi
258 1885 357 1906 servos
378 1876 409 1905 in
424 1876 505 1915 equi-s
523 1879 549 1905 et
558 1876 710 1914 principes
730 1876 914 1904 ambulantes
927 1884 1018 1913 super

168 1928 280 1954 terram
301 1924 389 1963 quasi
407 1932 514 1952 servos.

231 2118 239 2131 ¹
258 2120 324 2142 Vers.
342 2120 383 2141 ⁴0:
401 2121 427 2142 Et
444 2119 527 2142 mutari
540 2125 585 2142 non
599 2119 695 2147 poterit,
708 2119 729 2141 id
743 2121 784 2145 est,
797 2124 838 2140 net·
851 2118 933 2140 melius
945 2118 1018 2145 malo,

167 2164 210 2181 1100
226 2159 294 2186 peius
310 2158 380 2181 bono.

230 2196 240 2209 ²
259 2198 360 2226 supple:
378 2201 476 2220 mutare.

231 2235 241 2249 ⁸
258 2237 288 2260 Ex
305 2237 323 2259 Α
340 2237 503 2266 supplevimus
519 2237 617 2260 tertiam
634 2236 698 2265 licet,
715 2243 762 2266 quo
780 2236 871 2265 addito,
888 2236 1019 2260 1001101130-

169 2283 243 2305 usque
260 2275 290 2298 ab
306 2276 361 2299 cdd.
378 2279 470 2305 recepta
487 2279 510 2299 et
526 2279 636 2305 corrupta
653 2277 802 2303 reformatur;
820 2276 852 2299 sic
872 2277 941 2304 paulo
953 2282 1020 2304 supe-

169 2315 216 2338 rius
232 2315 363 2343 legebatur:
379 2321 440 2345 quae
451 2315 519 2338 illam
531 2315 627 2338 claudit.
641 2316 805 2338 latr-amulam
811 2316 840 2343 (ζ)
853 2316 888 2338 est
899 2314 963 2338 ultra
976 2317 1019 2338 etc.

231 2353 241 2366 ⁴
258 2354 304 2377 Csr.
321 2355 358 2377 lV.
375 2356 438 2377 Sent.
455 2355 477 2377 d.
496 2355 532 2377 38.
551 2361 571 2377 a.
589 2356 611 2377 2.
628 2362 650 2384 q.
669 2356 691 2378 2.

231 2393 241 2406 ⁶
258 2395 323 2417 Vers.
341 2394 365 2416 7.

232 2431 240 2445 ⁷
260 2433 326 2456 Vers.
344 2434 386 2461 16,
405 2432 443 2455 ubi
462 2439 504 2461 pro
522 2433 640 2463 impietate
657 2434 757 2462 Vulgata
774 2433 875 2456 malma.

232 2471 241 2484 Β
258 2473 361 2500 Aristot.,
379 2473 416 2495 lX.
434 2473 505 2495 Ethic..
523 2479 542 2495 c.
559 2473 585 2495 7:
599 2474 764 2502 Unusquisque
775 2473 836 2495 enim
850 2472 948 2502 [artifex]
961 2479 1020 2501 opus

886 2393 896 2406 ⁶
914 2395 981 2417 VerS.
997 2394 1020 2417 3.

171 2512 292 2541 proprium
310 2512 385 2540 magis
401 2515 475 2539 amat,
493 2518 564 2541 quam
582 2511 611 2534 ab
628 2518 699 2540 opere
715 2514 840 2539 amaretur,
857 2512 875 2534 si
892 2512 1019 2534 animatum

171 2552 243 2574 fleret.
260 2552 336 2579 Philo,
354 2551 383 2574 de
400 2551 477 2573 Mundi
494 2551 587 2580 opificio
605 2551 673 2579 (circa
691 2551 805 2580 initium):
823 2552 879 2573 Nam
901 2551 1019 2579 opificium

170 2597 214 2614 non
232 2591 318 2619 negligi
335 2590 365 2613 ab
382 2591 465 2619 opifice
481 2597 524 2613 suo
542 2593 683 2619 parenteque
701 2590 768 2613 docet
784 2590 849 2613 ratio.

232 2628 242 2641 ⁹
259 2630 305 2652 Cfr.
322 2636 393 2658 supra
411 2636 431 2652 c.
448 2630 475 2657 3,
494 2630 530 2651 17.

234 2668 253 2682 ¹⁰
270 2670 332 2692 llaec
348 2670 459 2692 sententia
477 2672 557 2697 aperte
574 2668 694 2691 exhibetur
712 2669 734 2691 in
746 2670 825 2692 Glossa
843 2668 967 2692 ordinaria
985 2675 1021 2691 su·

172 2715 213 2736 per
230 2709 280 2732 lsai.
299 2709 341 2736 18,
359 2709 379 2737 1,
397 2714 458 2737 quae
474 2708 603 2731 secundum
621 2709 683 2731 Alex.
699 2709 760 2735 Hal„
772 2709 795 2731 S.
807 2715 830 2736 p.
843 2708 858 2730 l.
869 2715 893 2737 q.
905 2708 941 2730 26.
955 2714 985 2730 m.
999 2709 1020 2730 8.

170 2754 191 2771 a.
209 2749 235 2777 2,
253 2747 398 2777 Hieronymo
415 2747 536 2770 tribuitur:
553 2748 667 2776 Epicurus
683 2748 750 2776 dicit,
768 2754 813 2770 11011
830 2754 881 2770 esse
898 2747 1021 2775 providen-

172 2787 250 2810 tiam...
267 2787 308 2810 sed
326 2787 354 2809 illi
372 2787 475 2815 peiores,
492 2787 532 2816 qui
550 2787 719 2814 providentiam
732 2787 856 2815 recipiunt,
869 2789 891 2809 et
902 2789 1020 2809 auctorem

171 2829 296 2855 3001153111,Ι
309 2826 375 2855 quasi
393 2826 492 2849 errando
510 2826 596 2849 inutilia
610 2826 696 2849 fecerit.
707 2826 753 2849 Cfr.
765 2826 874 2854 August„
886 2827 918 2848 111.
931 2826 961 2848 (10
972 2825 1021 2848 Lib.

172 2865 225 2888 Arb.
243 2872 263 2888 c.
280 2866 302 2887 2.
319 2872 342 2888 n.
361 2865 384 2888 5.

235 2903 253 2916 ¹¹
271 2904 332 2927 Libr.
349 2905 387 2926 lv.
399 2904 428 2926 de
440 2904 531 2927 Consol.
549 2910 617 2932 prosa
635 2905 661 2926 6:
679 2904 741 2927 Ordo
758 2904 819 2927 enim
832 2905 928 2933 quidam
940 2906 1021 2927 cuncta

172 2943 339 2971 complectitur,
358 2946 381 2965 ut
398 2944 460 2972 quod
479 2943 509 2965 ab
526 2944 641 2972 assignata
658 2944 746 2966 ordinis
768 2944 857 2966 ratione
879 2943 1022 2970 discesserit,

1882 152 1919 180 45

1151 226 1177 253 Ξ.
1200 225 1266 254 Item
1289 226 1425 255 seeundo:
1447 227 1513 264 quia
1535 228 1707 264 providentia
1727 229 1773 258 dat
1800 229 1919 258 debitam

1072 272 1340 306 remunerationem,
1362 273 1410 302 sed
1431 274 1499 303 haee
1520 283 1573 303 non
1596 278 1637 304 est
1658 276 1684 304 in
1707 277 1827 309 mundo.
1850 278 1921 306 infra

1072 326 1144 346 nono
1158 318 1185 346 ⁰:
1209 319 1319 347 Eadem.
1340 321 1452 349 eunctis
1473 322 1614 350 eveniam.

1151 365 1177 393 3.
1201 365 1267 394 item
1289 366 1386 395 tertio:
1415 367 1481 404 quia
1508 368 1555 396 dat
1582 368 1701 397 debitam
1730 370 1919 404 durationem;

1071 411 1118 441 sed
1139 412 1207 441 haee
1229 412 1390 450 simpliciter
1412 422 1466 443 non
1488 418 1529 443 est
1550 415 1577 444 in
1599 416 1719 449 mundo,
1741 417 1810 446 infra
1838 419 1920 454 septi-

1070 467 1116 487 mo
1128 459 1155 487 ⁷:
1177 459 1292 496 Impius
1313 460 1396 498 bonyo
1417 461 1489 490 vivit
1510 466 1634 499 tempore
1649 463 1679 491 iii
1695 464 1840 501 impietate
1853 473 1919 493 sua.

1150 507 1202 535 Sed
1223 507 1297 544 quod
1319 507 1354 536 sit
1374 508 1561 537 necessarium
1584 518 1699 546 ponere,
1722 511 1847 540 videtur:

1155 555 1177 582 l.
1203 554 1272 590 Quia
1303 554 1434 591 sapientis
1465 558 1506 584 est
1537 556 1683 592 providere
1714 557 1823 586 domui:
1855 564 2065 596 ergoPundameuta·

1072 608 1181 629 summe
1203 600 1334 637 sapientis
1355 602 1443 630 multo
1464 602 1560 639 magis.

1151 649 1177 675 52.
1202 647 1283 682 item,
1312 648 1443 685 sapientis
1463 649 1578 678 artificis
1606 658 1659 678 non
1682 653 1789 679 tantun]
1815 655 1856 680 est
1883 652 1922 680 fa-

1072 702 1150 729 cere,
1173 694 1218 723 sed
1241 695 1325 724 etiam
1347 696 1548 731 eonservare⁸;
1571 697 1609 725 sic
1630 706 1696 734 ergo
1717 698 1791 726 Deus
1812 706 1922 728 conser-

1072 744 1118 770 vat
1138 744 1166 771 et
1185 742 1339 779 gubernat;
1369 742 1417 771 sed
1442 743 1500 780 ipse
1531 746 1572 772 est
1603 744 1724 781 sapiens,
1756 748 1783 773 et
1815 746 1923 782 sapiens

1071 797 1168 823 omne,
1190 789 1265 826 quod
1294 789 1445 826 gubernat,
1471 798 1522 827 per
1543 791 1743 828 providentiam
1772 793 1921 829 gubernat:

1072 844 1138 874 ergo
1155 839 1207 865 ete.

1152 882 1177 911 3.
1195 883 1259 912 Item
1271 906 1276 917 ,
1288 883 1355 920 quia
1365 884 1439 913 Deus
1454 892 1562 914 summe
1577 885 1685 922 sapiens
1700 890 1750 920 est,
1766 895 1818 915 non
1835 890 1923 924 potest

1072 930 1176 964 facere,
1191 930 1259 968 quin
1281 930 1371 960 videat
1385 931 1457 960 mala
1478 934 1585 961 nostra:
1601 941 1668 970 ergo
1686 941 1749 962 011111
1765 934 1799 962 sit
1814 942 1922 963 summe

1072 977 1179 1012 iustus,
1201 986 1256 1006 non
1277 980 1368 1015 potest
1388 978 1494 1013 faeere,
1516 979 1584 1016 quin
1601 980 1719 1009 vindicet
1740 981 1811 1009 mala
1831 984 1858 1010 et
1880 989 1923 1010 re-

1072 1028 1202 1054 muneret
1215 1025 1326 1054 bona⁹:
1348 1033 1414 1063 ergo
1435 1026 1561 1055 omnium
1583 1025 1624 1056 est
1638 1028 1838 1062 remuneratio,
1858 1036 1924 1066 ergo

1072 1075 1100 1100 et
1120 1072 1301 1109 providentia.

1152 1119 1193 1147 IV.
1216 1119 1281 1148 {tem
1310 1120 1472 1157 quaeritur,
1498 1120 1561 1157 quis
1582 1121 1668 1158 magis
1689 1126 1798 1158 peccet,
1828 1126 1923 1152 utrum

1073 1166 1121 1203 qui
1136 1170 1218 1203 negat
1239 1167 1453 1203 providentiam,
1468 1176 1502 1196 an
1518 1168 1566 1205 qui
1587 1168 1708 1198 divinam
1724 1170 1923 1206 providentiam

1074 1213 1262 1250 reprehendit.

1153 1260 1282 1295 Videtur,
1304 1261 1378 1298 quod
1400 1262 1487 1299 magis
1515 1263 1563 1299 qui
1591 1266 1687 1300 negat3
1716 1265 1781 1301 quia
1806 1265 1850 1293 ille
1876 1265 1924 1302 qui

1074 1308 1178 1343 credit,
1193 1308 1394 1345 providentiam
1416 1317 1491 1344 esse,
1507 1309 1560 1338 1100
1574 1310 1634 1347 ipso
1648 1311 1721 1348 quod
1741 1312 1841 1346 eredit,
1856 1312 1925 1341 bene

1073 1355 1153 1384 facit:
1175 1363 1243 1393 ergo
1263 1356 1367 1393 aliquid
1389 1356 1473 1385 habet
1492 1356 1526 1385 de
1547 1357 1634 1391 b0n0;
1657 1358 1703 1386 sed
1726 1359 1773 1395 qui
1796 1359 1926 1396 simpliei—

1075 1405 1117 1431 ter
1138 1406 1234 1440 negat,
1257 1402 1340 1431 nihil:
1362 1411 1429 1441 ergo
1451 1404 1538 1441 magis
1558 1408 1599 1433 est
1621 1405 1854 1442 reprehensibilis.

1153 1450 1283 1479 CONTRA:
1299 1450 1482 1488 Hieronymus
1495 1451 1518 1468 ¹⁰
1532 1451 1613 1486 dicit,
1629 1452 1703 1489 quod
1724 1453 1811 1490 magis
1832 1455 1927 1490 peccat

1074 1497 1123 1535 qui
1144 1498 1346 1534 providentiam
1367 1498 1445 1535 ponit
1466 1501 1493 1527 et
1515 1499 1603 1527 Deum
1625 1503 1749 1533 accusat,
1771 1508 1855 1537 quam
1877 1501 1925 1537 qui

1074 1545 1275 1582 providentiam
1298 1545 1459 1582 simpliciter
1481 1549 1569 1583 negat.

1154 1592 1313 1629 Respondeo
1334 1592 1368 1621 ad
1388 1593 1524 1629 primum,
1546 1593 1619 1630 quod
1642 1594 1814 1630 providentia
1835 1598 1884 1623 est.

1157 1640 1181 1667 l.
1203 1638 1282 1675 Quod
1296 1639 1427 1668 obiicitur
1441 1639 1475 1668 de
1496 1640 1588 1669 debito
1602 1640 1711 1674 ordine,
1732 1641 1924 1677 respondetur,

1075 1686 1149 1723 quod
1171 1686 1276 1723 duplex
1298 1690 1339 1715 est
1359 1686 1442 1721 ordo,
1462 1687 1659 1724 particularis
1680 1688 1783 1716 scilicet
1811 1691 1838 1717 et
1858 1688 1924 1716 uni-

1074 1732 1216 1766 versalis;
1236 1733 1341 1770 aliquid
1362 1736 1452 1770 potest
1474 1734 1578 1771 privari
1604 1734 1700 1763 ordine
1724 1734 1924 1772 particulari,

1075 1780 1122 1809 sed
1136 1788 1191 1809 non
1206 1780 1383 1815 universali,
1406 1784 1438 1810 ut
1455 1781 1521 1810 dic-it
1542 1781 1673 1810 Boethius
1685 1782 1716 1809 ¹¹.
1745 1782 1925 1811 aniversalis

1074 1827 1143 1856 ordo
1164 1830 1264 1857 cuncta
1284 1828 1493 1866 complectitur;
1515 1829 1589 1858 unde
1610 1829 1658 1866 qui
1680 1829 1752 1858 eadit
1772 1830 1807 1858 ab
1828 1829 1924 1858 ordine

1073 1879 1202 1904 naturae
1219 1875 1314 1905 incidit
1335 1876 1363 1904 in
1382 1876 1507 1905 ordinem
1525 1884 1650 1913 poenae:
1671 1876 1742 1906 sicut
1763 1877 1924 1914 exemplum

1074 1922 1217 1959 Augustini
1231 1923 1254 1939 ¹²
1275 1926 1317 1951 est
1331 1922 1365 1951 de
1379 1922 1466 1957 nube,
1490 1923 1516 1951 in
1538 1931 1594 1960 qua
1608 1926 1650 1952 est
1671 1923 1754 1952 turbo
1769 1926 1795 1952 et
1817 1923 1924 1952 involu-

1076 2118 1119 2139 hoc
1132 2117 1206 2145 idem,
1218 2118 1271 2140 licet
1288 2117 1310 2139 in
1328 2118 1411 2145 alium,
1429 2120 1506 2140 tamen
1524 2118 1547 2140 in
1564 2118 1669 2140 ordinem
1683 2117 1806 2145 relabatur,
1824 2124 1852 2140 ue
1869 2118 1926 2147 quid

1076 2156 1098 2179 in
1118 2162 1191 2184 regno
1208 2157 1368 2185 providentiae
1385 2156 1450 2180 liceat
1467 2157 1598 2180 temeritati.
1615 2157 1662 2180 Cfr.
1678 2160 1735 2180 tom.
1758 2158 1773 2180 1.
1795 2164 1850 2185 pag.
1873 2157 1926 2186 83t,

1076 2198 1129 2218 nota
1141 2195 1164 2218 7.
1176 2208 1207 2212 —
1224 2196 1320 2218 inferius
1337 2199 1390 2224 post
1403 2202 1494 2226 poenae
1506 2197 1575 2219 codd.
1588 2197 1678 2225 legunt:
1694 2196 1755 2220 sicut
1768 2195 1796 2219 de
1806 2196 1926 2220 damnatis

1077 2236 1116 2263 (ita
1135 2237 1162 2263 E,
1180 2236 1216 2258 alii
1234 2235 1368 2265 baptizatis)
1386 2235 1523 2266 ammplam
1540 2236 1670 2266 Augustini
1686 2239 1728 2259 etc.

1141 2274 1159 2289 ¹²
1177 2275 1239 2298 Libr.
1257 2276 1290 2298 111.
1307 2276 1336 2298 de
1353 2276 1409 2298 Gen.
1427 2275 1457 2298 ad
1474 2276 1505 2298 lit.
1522 2282 1542 2298 c.
1561 2276 1598 2298 10.
1609 2282 1631 2298 n.
1646 2275 1680 2298 14.
1693 2276 1742 2304 ipse
1754 2275 1873 2303 distinguit
1884 2275 1927 2298 du-

1051 2327 1054 2329 .
1076 2315 1160 2343 plicem
1184 2315 1273 2343 partem
1295 2314 1366 2342 aeris,
1384 2315 1433 2337 scil.
1449 2314 1610 2344 superiorem,
1628 2321 1688 2344 quae
1708 2324 1719 2335 a
1732 2318 1827 2343 propter
1843 2320 1926 2342 puram

1077 2354 1262 2384 tranquillitatem
1280 2354 1356 2381 caelo,
1373 2354 1409 2377 cui
1427 2354 1588 2381 conlimitatur,
1606 2354 1723 2376 communi
1742 2360 1798 2381 pace
1810 2353 1927 2381 coniungi-

1077 2396 1113 2416 tur
1130 2397 1153 2416 et
1169 2394 1219 2416 eius
1235 2393 1351 2416 vocabulo
1368 2396 1554 2421 nuncupatur»,
1571 2396 1594 2420 et
1611 2392 1759 2422 inferiorem,
1778 2393 1799 2414 in
1821 2398 1867 2421 qua
1888 2392 1927 2415 aer

1080 2442 1091 2453 c‹
1105 2434 1203 2456 humore
1220 2433 1283 2455 tenui
1300 2435 1441 2460 contexatur,
1458 2433 1497 2461 qui
1515 2435 1646 2455 commotus
1662 2435 1756 2459 ventos,
1772 2434 1793 2454 et
1805 2433 1927 2454 vehemen-

1077 2472 1122 2494 tius
1139 2463 1266 2494 coneitatus
1283 2472 1352 2494 etiam
1370 2471 1435 2499 ignes
1452 2474 1475 2493 et
1491 2471 1603 2499 tonitrua,
1620 2473 1643 2493 et
1659 2473 1789 2493 contractus
1810 2470 1887 2492 nubila
1904 2473 1927 2492 et

1077 2512 1234 2540 conspissatus
1252 2512 1380 2539 pluviam...
1398 2511 1462 2539 facit,
1480 2510 1575 2533 occultis
1592 2510 1695 2538 imperiis
1712 2513 1734 2531 ct
1755 2516 1826 2537 opere
1844 2509 1896 2536 Dei,
1914 2516 1925 2531 a

1077 2551 1176 2573 summis
1192 2551 1222 2573 ad
1240 2551 1318 2572 infima
1335 2550 1451 2578 universa,
1468 2556 1529 2579 quae
1545 2550 1639 2577 creavit,
1656 2549 1845 2571 administrantis.
1863 2548 1926 2570 Unde

1078 2590 1099 2613 in
1111 2590 1147 2612 illo
1164 2590 1253 2612 Psalmo
1265 2589 1332 2619 [118,
1345 2589 1376 2619 8.]
1388 2596 1441 2612 011111
1454 2592 1636 2612 commemorata
1648 2591 1723 2611 essent
1735 2588 1808 2617 iqnis,
1821 2587 1925 2617 arando,

1077 2630 1134 2657 πίω,
1152 2629 1252 2659 qlacz'es,
1269 2628 1369 2658 spiritus
1386 2629 1543 2658 tempestatis,
1561 2635 1590 2651 ne
1611 2629 1662 2651 talia
1679 2628 1728 2651 sine
1750 2628 1827 2650 divina
1852 2627 1926 2655 prori-

1077 2670 1153 2692 dentia
1171 2669 1220 2691 fleri
1232 2669 1369 2697 moverique
1380 2671 1522 2697 putarentur,
1535 2669 1643 2691 continuo
1655 2668 1753 2691 subiecit
1765 2674 1824 2697 quae
1835 2667 1928 2696 faciunt

1077 2707 1176 2731 verbum
1193 2707 1251 2730 eins.
1270 2707 1316 2730 Cfr.
1334 2707 1390 2730 ibid.
1407 2708 1435 2729 V.
1452 2713 1471 2729 c.
1490 2708 1527 2729 21.
1544 2714 1567 2729 n.
1585 2707 1622 2729 42.
1640 2713 1687 2735 seq.
1710 2710 1731 2729 et
1752 2707 1802 2728 eius
1825 2707 1926 2728 Enarrat.

1078 2747 1101 2769 111
1119 2748 1178 2769 1111110
1196 2747 1230 2769 Ps.
1248 2753 1269 2768 n.
1288 2747 1371 2774 10-12,
1389 2746 1428 2768 11111
1442 2746 1499 2768 inter
1511 2747 1552 2768 alia
1566 2747 1596 2773 (n.
1610 2746 1655 2773 11.)
1667 2746 1709 2767 ait:
1722 2745 1797 2774 191113,
1810 2743 1926 2773 gyrando...

1078 2792 1139 2814 quae
1156 2786 1232 2808 omnia
1252 2785 1341 2808 turbata
1359 2785 1467 2808 videntur
1483 2785 1625 2814 quibusdam
1648 2785 1743 2807 stultis...
1761 2784 1850 2806 addidit
1866 2788 1926 2811 qnae

1078 2824 1170 2854 faciunt
1188 2824 1283 2847 verbum
1301 2824 1359 2847 eius.
1378 2825 1424 2847 Non
1443 2824 1482 2847 tibi
1500 2830 1556 2852 ergo
1574 2824 1696 2846 videantur
1713 2822 1804 2845 casibus
1826 2821 1925 2848 moveri,

1079 2870 1139 2893 quac
1157 2864 1230 2886 verbo
1247 2864 1286 2886 Dei
1306 2864 1327 2886 in
1345 2864 1408 2886 omni
1425 2866 1489 2886 motu
1507 2870 1549 2885 suo
1567 2863 1708 2885 deserviunt.
1725 2863 1775 2890 Quo
1792 2861 1840 2883 vult
1852 2861 1925 2883 Deus.

1080 2904 1130 2925 illuc
1148 2903 1220 2931 ignis,
1238 2903 1290 2925 111110
1309 2905 1378 2925 fertur
1395 2902 1482 2929 nubes,
1499 2903 1549 2924 sive
1566 2902 1682 2930 pluviam,
1699 2902 1749 2923 sivo
1770 2901 1859 2926 nivem,
1877 2899 1926 2921 sive

1080 2942 1216 2970 grandinem
1235 2945 1310 2970 portet
1327 2945 1370 2965 etc.

1942 1269 1978 1287 Pro
1986 1268 2003 1287 t.
2010 1270 2070 1292 parte.

1943 1457 1979 1476 Pro
1986 1457 2004 1475 2.
2010 1458 2070 1480 parte.

1939 1598 1995 1621 Resp.
2007 1597 2031 1616 ad
2040 1597 2071 1616 111.

1943 1623 2061 1672 Ξῶἓῗὶὅῑόρ-

1943 1670 2054 1692 positorum.
