<?xml version="1.0" encoding="UTF-8"?>
<!DOCTYPE html PUBLIC "-//W3C//DTD XHTML 1.0 Transitional//EN"
    "http://www.w3.org/TR/xhtml1/DTD/xhtml1-transitional.dtd">
<html xmlns="http://www.w3.org/1999/xhtml" xml:lang="en" lang="en">
 <head>
  <title>
</title>
<meta http-equiv="Content-Type" content="text/html;charset=utf-8" />
  <meta name='ocr-system' content='tesseract 3.04.00' />
  <meta name='ocr-capabilities' content='ocr_page ocr_carea ocr_par ocr_line ocrx_word'/>
</head>
<body>
  <div class='ocr_page' id='page_1' title='image "./doctorisseraphic06bona_0407.png"; bbox 0 0 2296 3316; ppageno 0'>
   <div class='ocr_carea' id='block_1_1' title="bbox 11 633 116 726">
    <p class='ocr_par' dir='ltr' id='par_1_1' title="bbox 11 633 116 726">
     <span class='ocr_line' id='line_1_1' title="bbox 16 633 115 653; baseline -0.02 0"><span class='ocrx_word' id='word_1_1' title='bbox 16 635 37 653; x_wconf 85' lang='lat' dir='ltr'>De</span> <span class='ocrx_word' id='word_1_2' title='bbox 49 633 115 652; x_wconf 83' lang='lat' dir='ltr'>libera-</span> 
     </span>
     <span class='ocr_line' id='line_1_2' title="bbox 16 657 115 683; baseline -0.02 -7"><span class='ocrx_word' id='word_1_3' title='bbox 16 657 115 683; x_wconf 70' lang='lat' dir='ltr'>ineaservi3</span> 
     </span>
     <span class='ocr_line' id='line_1_3' title="bbox 11 681 115 706; baseline -0.01 -7"><span class='ocrx_word' id='word_1_4' title='bbox 11 681 31 700; x_wconf 77' lang='lat' dir='ltr'>tte</span> <span class='ocrx_word' id='word_1_5' title='bbox 45 683 115 706; x_wconf 47' lang='lat' dir='ltr'>pecca-u</span> 
     </span>
     <span class='ocr_line' id='line_1_4' title="bbox 17 703 116 726; baseline -0.02 -3"><span class='ocrx_word' id='word_1_6' title='bbox 17 705 50 723; x_wconf 79' lang='lat' dir='ltr'>itiu-</span> <span class='ocrx_word' id='word_1_7' title='bbox 58 703 116 726; x_wconf 80' lang='lat' dir='ltr'>tripli-</span> 
     </span>
    </p>
   </div>
   <div class='ocr_carea' id='block_1_2' title="bbox 10 1102 114 1186">
    <p class='ocr_par' dir='ltr' id='par_1_2' title="bbox 10 1102 115 1186">
     <span class='ocr_line' id='line_1_5' title="bbox 19 1102 114 1138; baseline -0.01 0.914"><span class='ocrx_word' id='word_1_8' title='bbox 19 1102 114 1138; x_wconf 51' lang='grc' dir='ltr'><em>Μ</em></span> 
     </span>
     <span class='ocr_line' id='line_1_6' title="bbox 10 1143 113 1170; baseline 0 -8"><span class='ocrx_word' id='word_1_9' title='bbox 10 1156 11 1162; x_wconf 48' lang='lat' dir='ltr'>i</span> <span class='ocrx_word' id='word_1_10' title='bbox 18 1145 78 1170; x_wconf 70' lang='lat' dir='ltr'>erano.</span> <span class='ocrx_word' id='word_1_11' title='bbox 90 1143 113 1162; x_wconf 77' lang='lat' dir='ltr'>de</span> 
     </span>
     <span class='ocr_line' id='line_1_7' title="bbox 18 1169 91 1186; baseline -0.014 0"><span class='ocrx_word' id='word_1_12' title='bbox 18 1172 38 1186; x_wconf 81' lang='lat' dir='ltr'>uo</span> <span class='ocrx_word' id='word_1_13' title='bbox 49 1169 91 1186; x_wconf 79' lang='lat' dir='ltr'>tna.</span> 
     </span>
    </p>
   </div>
   <div class='ocr_carea' id='block_1_3' title="bbox 16 1282 118 1310">
    <p class='ocr_par' dir='ltr' id='par_1_3' title="bbox 16 1282 118 1310">
     <span class='ocr_line' id='line_1_8' title="bbox 16 1282 118 1310; baseline 0 -9"><span class='ocrx_word' id='word_1_14' title='bbox 16 1282 83 1310; x_wconf 71' lang='lat' dir='ltr'>ipositio</span> <span class='ocrx_word' id='word_1_15' title='bbox 89 1282 118 1301; x_wconf 83' lang='lat' dir='ltr'>lit-</span> 
     </span>
    </p>
   </div>
   <div class='ocr_carea' id='block_1_4' title="bbox 15 1306 113 1348">
    <p class='ocr_par' dir='ltr' id='par_1_4' title="bbox 15 1306 113 1348">
     <span class='ocr_line' id='line_1_9' title="bbox 15 1306 94 1325; baseline -0.013 0"><span class='ocrx_word' id='word_1_16' title='bbox 15 1314 17 1322; x_wconf 55' lang='lat' dir='ltr'>i</span> <span class='ocrx_word' id='word_1_17' title='bbox 27 1306 94 1325; x_wconf 76' lang='lat' dir='ltr'>tei-alis.</span> 
     </span>
     <span class='ocr_line' id='line_1_10' title="bbox 26 1329 113 1348; baseline -0.011 0"><span class='ocrx_word' id='word_1_18' title='bbox 26 1329 113 1348; x_wconf 86' lang='lat' dir='ltr'>Primum.</span> 
     </span>
    </p>
   </div>
   <div class='ocr_carea' id='block_1_5' title="bbox 743 127 1268 158">
    <p class='ocr_par' dir='ltr' id='par_1_5' title="bbox 743 127 1268 158">
     <span class='ocr_line' id='line_1_11' title="bbox 743 127 1268 158; baseline 0.006 -3"><span class='ocrx_word' id='word_1_19' title='bbox 743 127 912 156; x_wconf 85' lang='lat' dir='ltr'>COMMENT.</span> <span class='ocrx_word' id='word_1_20' title='bbox 934 128 966 156; x_wconf 95' lang='lat' dir='ltr'>IN</span> <span class='ocrx_word' id='word_1_21' title='bbox 987 128 1133 157; x_wconf 77' lang='lat' dir='ltr'><strong>IOANNEM</strong></span> <span class='ocrx_word' id='word_1_22' title='bbox 1154 129 1181 157; x_wconf 92' lang='lat' dir='ltr'>C.</span> <span class='ocrx_word' id='word_1_23' title='bbox 1203 130 1268 158; x_wconf 87' lang='lat' dir='ltr'>VIII.</span> 
     </span>
    </p>
   </div>
   <div class='ocr_carea' id='block_1_6' title="bbox 127 204 983 1919">
    <p class='ocr_par' dir='ltr' id='par_1_6' title="bbox 129 204 975 568">
     <span class='ocr_line' id='line_1_12' title="bbox 131 204 974 243; baseline -0.002 -7"><span class='ocrx_word' id='word_1_24' title='bbox 131 206 338 236; x_wconf 63' lang='lat' dir='ltr'>damnationis</span> <span class='ocrx_word' id='word_1_25' title='bbox 361 206 464 240; x_wconf 87' lang='lat' dir='ltr'>Prima,</span> <span class='ocrx_word' id='word_1_26' title='bbox 485 204 720 243; x_wconf 75' lang='lat' dir='ltr'>dispensationiS,</span> <span class='ocrx_word' id='word_1_27' title='bbox 735 204 787 233; x_wconf 85' lang='lat' dir='ltr'>fuit</span> <span class='ocrx_word' id='word_1_28' title='bbox 801 204 899 233; x_wconf 89' lang='lat' dir='ltr'>Filium</span> <span class='ocrx_word' id='word_1_29' title='bbox 912 212 974 242; x_wconf 87' lang='lat' dir='ltr'>pas-</span> 
     </span>
     <span class='ocr_line' id='line_1_13' title="bbox 131 251 975 290; baseline -0.005 -7"><span class='ocrx_word' id='word_1_30' title='bbox 131 254 198 284; x_wconf 89' lang='lat' dir='ltr'>sioni</span> <span class='ocrx_word' id='word_1_31' title='bbox 230 261 370 290; x_wconf 79' lang='lat' dir='ltr'>exponere</span> <span class='ocrx_word' id='word_1_32' title='bbox 400 253 435 281; x_wconf 93' lang='lat' dir='ltr'>ob</span> <span class='ocrx_word' id='word_1_33' title='bbox 462 252 571 290; x_wconf 87' lang='lat' dir='ltr'>generis</span> <span class='ocrx_word' id='word_1_34' title='bbox 599 251 713 280; x_wconf 90' lang='lat' dir='ltr'>humani</span> <span class='ocrx_word' id='word_1_35' title='bbox 744 251 861 280; x_wconf 88' lang='lat' dir='ltr'>salutem</span> <span class='ocrx_word' id='word_1_36' title='bbox 877 252 895 279; x_wconf 90' lang='lat'>¹.</span> <span class='ocrx_word' id='word_1_37' title='bbox 928 252 975 280; x_wconf 90' lang='lat' dir='ltr'>Se-</span> 
     </span>
     <span class='ocr_line' id='line_1_14' title="bbox 130 298 974 337; baseline -0.006 -7"><span class='ocrx_word' id='word_1_38' title='bbox 130 300 232 335; x_wconf 90' lang='lat' dir='ltr'>cunda,</span> <span class='ocrx_word' id='word_1_39' title='bbox 250 299 448 337; x_wconf 85' lang='lat' dir='ltr'>probationis,</span> <span class='ocrx_word' id='word_1_40' title='bbox 469 301 511 328; x_wconf 89' lang='lat' dir='ltr'>est</span> <span class='ocrx_word' id='word_1_41' title='bbox 531 299 559 327; x_wconf 96' lang='lat' dir='ltr'>in</span> <span class='ocrx_word' id='word_1_42' title='bbox 579 298 674 332; x_wconf 92' lang='lat' dir='ltr'>iustis,</span> <span class='ocrx_word' id='word_1_43' title='bbox 696 298 768 327; x_wconf 87' lang='lat' dir='ltr'>sicut</span> <span class='ocrx_word' id='word_1_44' title='bbox 788 298 900 334; x_wconf 89' lang='lat' dir='ltr'>reliquit</span> <span class='ocrx_word' id='word_1_45' title='bbox 921 298 974 326; x_wconf 89' lang='lat' dir='ltr'>Do-</span> 
     </span>
     <span class='ocr_line' id='line_1_15' title="bbox 130 344 974 381; baseline -0.004 -5"><span class='ocrx_word' id='word_1_46' title='bbox 130 348 222 376; x_wconf 88' lang='lat' dir='ltr'>minus</span> <span class='ocrx_word' id='word_1_47' title='bbox 242 347 288 375; x_wconf 91' lang='lat' dir='ltr'>Iob</span> <span class='ocrx_word' id='word_1_48' title='bbox 309 346 335 375; x_wconf 90' lang='lat' dir='ltr'>in</span> <span class='ocrx_word' id='word_1_49' title='bbox 356 354 441 374; x_wconf 92' lang='lat' dir='ltr'>manu</span> <span class='ocrx_word' id='word_1_50' title='bbox 465 348 551 374; x_wconf 87' lang='lat' dir='ltr'>satan.</span> <span class='ocrx_word' id='word_1_51' title='bbox 573 344 665 373; x_wconf 87' lang='lat' dir='ltr'>Tertia</span> <span class='ocrx_word' id='word_1_52' title='bbox 685 347 727 373; x_wconf 88' lang='lat' dir='ltr'>est</span> <span class='ocrx_word' id='word_1_53' title='bbox 747 344 775 372; x_wconf 90' lang='lat' dir='ltr'>in</span> <span class='ocrx_word' id='word_1_54' title='bbox 796 345 974 381; x_wconf 79' lang='lat' dir='ltr'>peccantibus</span> 
     </span>
     <span class='ocr_line' id='line_1_16' title="bbox 130 391 974 431; baseline -0.005 -8"><span class='ocrx_word' id='word_1_55' title='bbox 130 395 158 423; x_wconf 94' lang='lat' dir='ltr'>in</span> <span class='ocrx_word' id='word_1_56' title='bbox 184 393 330 431; x_wconf 80' lang='lat' dir='ltr'>praesenti.</span> <span class='ocrx_word' id='word_1_57' title='bbox 359 393 464 429; x_wconf 88' lang='lat' dir='ltr'>Quarta</span> <span class='ocrx_word' id='word_1_58' title='bbox 494 394 535 420; x_wconf 92' lang='lat' dir='ltr'>est</span> <span class='ocrx_word' id='word_1_59' title='bbox 562 392 589 420; x_wconf 93' lang='lat' dir='ltr'>in</span> <span class='ocrx_word' id='word_1_60' title='bbox 621 391 756 420; x_wconf 90' lang='lat' dir='ltr'>damnatis</span> <span class='ocrx_word' id='word_1_61' title='bbox 782 391 974 426; x_wconf 77' lang='lat' dir='ltr'>aeternaliter,</span> 
     </span>
     <span class='ocr_line' id='line_1_17' title="bbox 130 437 975 478; baseline -0.006 -8"><span class='ocrx_word' id='word_1_62' title='bbox 130 448 201 478; x_wconf 89' lang='lat' dir='ltr'>quae</span> <span class='ocrx_word' id='word_1_63' title='bbox 221 443 262 469; x_wconf 91' lang='lat' dir='ltr'>est</span> <span class='ocrx_word' id='word_1_64' title='bbox 282 439 423 468; x_wconf 84' lang='lat' dir='ltr'>derelictio</span> <span class='ocrx_word' id='word_1_65' title='bbox 437 439 502 467; x_wconf 64' lang='lat' dir='ltr'>&gt;sine</span> <span class='ocrx_word' id='word_1_66' title='bbox 522 437 676 467; x_wconf 87' lang='lat' dir='ltr'>visitatione</span> <span class='ocrx_word' id='word_1_67' title='bbox 697 437 762 466; x_wconf 88' lang='lat' dir='ltr'>ulla.</span> <span class='ocrx_word' id='word_1_68' title='bbox 784 437 907 466; x_wconf 86' lang='lat' dir='ltr'>Verbum</span> <span class='ocrx_word' id='word_1_69' title='bbox 925 437 975 474; x_wconf 84' lang='lat' dir='ltr'>igi-</span> 
     </span>
     <span class='ocr_line' id='line_1_18' title="bbox 130 484 973 522; baseline -0.005 -6"><span class='ocrx_word' id='word_1_70' title='bbox 130 491 177 517; x_wconf 90' lang='lat' dir='ltr'>tur</span> <span class='ocrx_word' id='word_1_71' title='bbox 197 486 306 515; x_wconf 89' lang='lat' dir='ltr'>Domini</span> <span class='ocrx_word' id='word_1_72' title='bbox 320 486 365 514; x_wconf 92' lang='lat' dir='ltr'>hic</span> <span class='ocrx_word' id='word_1_73' title='bbox 382 485 545 522; x_wconf 86' lang='lat' dir='ltr'>intelligitur</span> <span class='ocrx_word' id='word_1_74' title='bbox 559 484 593 513; x_wconf 93' lang='lat' dir='ltr'>de</span> <span class='ocrx_word' id='word_1_75' title='bbox 613 484 789 513; x_wconf 85' lang='lat' dir='ltr'>derelictione</span> <span class='ocrx_word' id='word_1_76' title='bbox 803 484 973 519; x_wconf 81' lang='lat' dir='ltr'>iracundiae,</span> 
     </span>
     <span class='ocr_line' id='line_1_19' title="bbox 129 530 788 568; baseline -0.006 -6"><span class='ocrx_word' id='word_1_77' title='bbox 129 542 184 563; x_wconf 90' lang='lat' dir='ltr'>non</span> <span class='ocrx_word' id='word_1_78' title='bbox 204 533 239 561; x_wconf 88' lang='lat' dir='ltr'>de</span> <span class='ocrx_word' id='word_1_79' title='bbox 259 531 460 568; x_wconf 83' lang='lat' dir='ltr'>dispensatione</span> <span class='ocrx_word' id='word_1_80' title='bbox 480 531 588 559; x_wconf 88' lang='lat' dir='ltr'>divinae</span> <span class='ocrx_word' id='word_1_81' title='bbox 609 530 757 567; x_wconf 87' lang='lat' dir='ltr'>sapientiae</span> <span class='ocrx_word' id='word_1_82' title='bbox 768 530 788 557; x_wconf 80' lang='lat'>2.</span> 
     </span>
    </p>

    <p class='ocr_par' dir='ltr' id='par_1_7' title="bbox 129 576 983 1027">
     <span class='ocr_line' id='line_1_20' title="bbox 208 576 975 615; baseline -0.004 -7"><span class='ocrx_word' id='word_1_83' title='bbox 208 580 255 608; x_wconf 74' lang='grc'>45.</span> <span class='ocrx_word' id='word_1_84' title='bbox 278 578 396 608; x_wconf 76' lang='lat' dir='ltr'>Dicebat</span> <span class='ocrx_word' id='word_1_85' title='bbox 409 586 477 615; x_wconf 67' lang='lat' dir='ltr'>erqo</span> <span class='ocrx_word' id='word_1_86' title='bbox 498 578 580 606; x_wconf 83' lang='lat' dir='ltr'>Iesus</span> <span class='ocrx_word' id='word_1_87' title='bbox 600 580 651 606; x_wconf 89' lang='lat' dir='ltr'>etc.</span> <span class='ocrx_word' id='word_1_88' title='bbox 667 577 815 606; x_wconf 88' lang='lat' dir='ltr'>Ostensum</span> <span class='ocrx_word' id='word_1_89' title='bbox 831 581 885 611; x_wconf 87' lang='lat' dir='ltr'>est,</span> <span class='ocrx_word' id='word_1_90' title='bbox 900 576 975 614; x_wconf 89' lang='lat' dir='ltr'>quod</span> 
     </span>
     <span class='ocr_line' id='line_1_21' title="bbox 131 623 974 660; baseline -0.006 -4"><span class='ocrx_word' id='word_1_91' title='bbox 131 627 188 656; x_wconf 91' lang='lat' dir='ltr'>sine</span> <span class='ocrx_word' id='word_1_92' title='bbox 208 625 333 655; x_wconf 88' lang='lat' dir='ltr'>doctrina</span> <span class='ocrx_word' id='word_1_93' title='bbox 353 627 380 653; x_wconf 90' lang='lat' dir='ltr'>et</span> <span class='ocrx_word' id='word_1_94' title='bbox 400 624 454 653; x_wconf 88' lang='lat' dir='ltr'>fide</span> <span class='ocrx_word' id='word_1_95' title='bbox 474 624 575 652; x_wconf 84' lang='lat' dir='ltr'>Christi</span> <span class='ocrx_word' id='word_1_96' title='bbox 590 627 631 652; x_wconf 89' lang='lat' dir='ltr'>est</span> <span class='ocrx_word' id='word_1_97' title='bbox 652 623 679 652; x_wconf 93' lang='lat' dir='ltr'>in</span> <span class='ocrx_word' id='word_1_98' title='bbox 695 627 806 660; x_wconf 90' lang='lat' dir='ltr'>peccato</span> <span class='ocrx_word' id='word_1_99' title='bbox 827 625 974 660; x_wconf 87' lang='lat' dir='ltr'>perpetua-</span> 
     </span>
     <span class='ocr_line' id='line_1_22' title="bbox 131 670 974 707; baseline -0.006 -5"><span class='ocrx_word' id='word_1_100' title='bbox 131 673 183 707; x_wconf 88' lang='lat' dir='ltr'>tio;</span> <span class='ocrx_word' id='word_1_101' title='bbox 214 671 368 701; x_wconf 84' lang='lat' dir='ltr'>ostenditur</span> <span class='ocrx_word' id='word_1_102' title='bbox 399 671 444 699; x_wconf 90' lang='lat' dir='ltr'>hic</span> <span class='ocrx_word' id='word_1_103' title='bbox 471 670 604 705; x_wconf 92' lang='lat' dir='ltr'>secundo,</span> <span class='ocrx_word' id='word_1_104' title='bbox 636 670 710 707; x_wconf 90' lang='lat' dir='ltr'>quod</span> <span class='ocrx_word' id='word_1_105' title='bbox 740 678 790 707; x_wconf 88' lang='lat' dir='ltr'>per</span> <span class='ocrx_word' id='word_1_106' title='bbox 821 670 974 698; x_wconf 80' lang='lat' dir='ltr'>doctrinam</span> 
     </span>
     <span class='ocr_line' id='line_1_23' title="bbox 130 716 974 754; baseline -0.006 -5"><span class='ocrx_word' id='word_1_107' title='bbox 130 720 232 749; x_wconf 86' lang='lat' dir='ltr'>Christi</span> <span class='ocrx_word' id='word_1_108' title='bbox 251 721 292 748; x_wconf 89' lang='lat' dir='ltr'>est</span> <span class='ocrx_word' id='word_1_109' title='bbox 312 727 332 747; x_wconf 87' lang='lat' dir='ltr'>a</span> <span class='ocrx_word' id='word_1_110' title='bbox 351 718 489 747; x_wconf 83' lang='lat' dir='ltr'>servitute</span> <span class='ocrx_word' id='word_1_111' title='bbox 505 717 618 754; x_wconf 85' lang='lat' dir='ltr'>peccati</span> <span class='ocrx_word' id='word_1_112' title='bbox 638 716 777 745; x_wconf 86' lang='lat' dir='ltr'>liberatio.</span> <span class='ocrx_word' id='word_1_113' title='bbox 793 716 825 745; x_wconf 92' lang='lat' dir='ltr'>Et</span> <span class='ocrx_word' id='word_1_114' title='bbox 842 716 974 744; x_wconf 89' lang='lat' dir='ltr'>dividitur</span> 
     </span>
     <span class='ocr_line' id='line_1_24' title="bbox 130 763 975 803; baseline -0.006 -7"><span class='ocrx_word' id='word_1_115' title='bbox 130 767 198 796; x_wconf 87' lang='lat' dir='ltr'>haec</span> <span class='ocrx_word' id='word_1_116' title='bbox 218 773 284 803; x_wconf 85' lang='lat' dir='ltr'>pars</span> <span class='ocrx_word' id='word_1_117' title='bbox 297 765 325 793; x_wconf 92' lang='lat' dir='ltr'>in</span> <span class='ocrx_word' id='word_1_118' title='bbox 346 768 403 794; x_wconf 87' lang='lat' dir='ltr'>tres</span> <span class='ocrx_word' id='word_1_119' title='bbox 417 767 521 801; x_wconf 90' lang='lat' dir='ltr'>partes:</span> <span class='ocrx_word' id='word_1_120' title='bbox 543 764 609 801; x_wconf 88' lang='lat' dir='ltr'>quia</span> <span class='ocrx_word' id='word_1_121' title='bbox 622 764 713 800; x_wconf 89' lang='lat' dir='ltr'>primo</span> <span class='ocrx_word' id='word_1_122' title='bbox 727 772 743 792; x_wconf 91' lang='lat' dir='ltr'>a</span> <span class='ocrx_word' id='word_1_123' title='bbox 764 763 897 792; x_wconf 88' lang='lat' dir='ltr'>servitute</span> <span class='ocrx_word' id='word_1_124' title='bbox 912 770 975 799; x_wconf 92' lang='lat' dir='ltr'>pec-</span> 
     </span>
     <span class='ocr_line' id='line_1_25' title="bbox 130 808 974 848; baseline -0.006 -7"><span class='ocrx_word' id='word_1_125' title='bbox 130 812 183 841; x_wconf 88' lang='lat' dir='ltr'>cati</span> <span class='ocrx_word' id='word_1_126' title='bbox 203 819 253 848; x_wconf 89' lang='lat' dir='ltr'>per</span> <span class='ocrx_word' id='word_1_127' title='bbox 273 811 427 840; x_wconf 81' lang='lat' dir='ltr'>doctrinam</span> <span class='ocrx_word' id='word_1_128' title='bbox 440 810 541 839; x_wconf 88' lang='lat' dir='ltr'>Christi</span> <span class='ocrx_word' id='word_1_129' title='bbox 559 809 745 847; x_wconf 77' lang='lat' dir='ltr'>promittitur</span> <span class='ocrx_word' id='word_1_130' title='bbox 764 808 911 842; x_wconf 87' lang='lat' dir='ltr'>liberatio;</span> <span class='ocrx_word' id='word_1_131' title='bbox 933 816 974 837; x_wconf 92' lang='lat' dir='ltr'>se—</span> 
     </span>
     <span class='ocr_line' id='line_1_26' title="bbox 130 855 974 893; baseline -0.005 -6"><span class='ocrx_word' id='word_1_132' title='bbox 130 858 220 887; x_wconf 92' lang='lat' dir='ltr'>cundo</span> <span class='ocrx_word' id='word_1_133' title='bbox 240 858 421 886; x_wconf 88' lang='lat' dir='ltr'>Iudaeorum</span> <span class='ocrx_word' id='word_1_134' title='bbox 440 860 604 885; x_wconf 84' lang='lat' dir='ltr'>evacuatur</span> <span class='ocrx_word' id='word_1_135' title='bbox 623 855 776 893; x_wconf 75' lang='lat' dir='ltr'>yloriatio,</span> <span class='ocrx_word' id='word_1_136' title='bbox 798 855 835 883; x_wconf 88' lang='lat' dir='ltr'>ibi</span> <span class='ocrx_word' id='word_1_137' title='bbox 848 855 871 883; x_wconf 81' lang='lat'>³:</span> <span class='ocrx_word' id='word_1_138' title='bbox 895 855 974 889; x_wconf 86' lang='lat' dir='ltr'>Scio,</span> 
     </span>
     <span class='ocr_line' id='line_1_27' title="bbox 130 901 983 944; baseline -0.006 -10"><span class='ocrx_word' id='word_1_139' title='bbox 130 905 202 944; x_wconf 83' lang='lat' dir='ltr'>quia</span> <span class='ocrx_word' id='word_1_140' title='bbox 220 904 277 941; x_wconf 78' lang='lat' dir='ltr'>filii</span> <span class='ocrx_word' id='word_1_141' title='bbox 303 903 442 933; x_wconf 77' lang='lat' dir='ltr'>Abrahae</span> <span class='ocrx_word' id='word_1_142' title='bbox 462 903 543 937; x_wconf 79' lang='lat' dir='ltr'>estis;</span> <span class='ocrx_word' id='word_1_143' title='bbox 565 902 647 931; x_wconf 90' lang='lat' dir='ltr'>tertio</span> <span class='ocrx_word' id='word_1_144' title='bbox 675 901 831 931; x_wconf 86' lang='lat' dir='ltr'>ostenditur</span> <span class='ocrx_word' id='word_1_145' title='bbox 852 901 983 929; x_wconf 48' lang='lat' dir='ltr'>Iudaeo—⁷</span> 
     </span>
     <span class='ocr_line' id='line_1_28' title="bbox 129 947 975 989; baseline -0.006 -9"><span class='ocrx_word' id='word_1_146' title='bbox 129 960 199 980; x_wconf 88' lang='lat' dir='ltr'>rum</span> <span class='ocrx_word' id='word_1_147' title='bbox 219 958 392 989; x_wconf 85' lang='lat' dir='ltr'>consequens</span> <span class='ocrx_word' id='word_1_148' title='bbox 412 949 591 987; x_wconf 67' lang='lat' dir='ltr'>indignatio,</span> <span class='ocrx_word' id='word_1_149' title='bbox 613 948 662 977; x_wconf 89' lang='lat' dir='ltr'>ibi:</span> <span class='ocrx_word' id='word_1_150' title='bbox 685 948 904 985; x_wconf 75' lang='lat' dir='ltr'>Responderunt</span> <span class='ocrx_word' id='word_1_151' title='bbox 928 947 975 975; x_wconf 90' lang='lat' dir='ltr'>Iu-</span> 
     </span>
     <span class='ocr_line' id='line_1_29' title="bbox 130 994 920 1027; baseline -0.005 -1"><span class='ocrx_word' id='word_1_152' title='bbox 130 997 198 1027; x_wconf 85' lang='lat' dir='ltr'>daei</span> <span class='ocrx_word' id='word_1_153' title='bbox 216 1001 242 1026; x_wconf 87' lang='lat' dir='ltr'>et</span> <span class='ocrx_word' id='word_1_154' title='bbox 262 997 401 1026; x_wconf 75' lang='lat' dir='ltr'>dixerunt</span> <span class='ocrx_word' id='word_1_155' title='bbox 421 996 465 1025; x_wconf 84' lang='lat' dir='ltr'>ei:</span> <span class='ocrx_word' id='word_1_156' title='bbox 487 995 588 1024; x_wconf 89' lang='lat' dir='ltr'>Nonne</span> <span class='ocrx_word' id='word_1_157' title='bbox 610 995 675 1024; x_wconf 87' lang='lat' dir='ltr'>bene</span> <span class='ocrx_word' id='word_1_158' title='bbox 696 994 823 1023; x_wconf 75' lang='lat' dir='ltr'>dicimus</span> <span class='ocrx_word' id='word_1_159' title='bbox 842 994 920 1023; x_wconf 77' lang='lat' dir='ltr'>nos?</span> 
     </span>
    </p>

    <p class='ocr_par' dir='ltr' id='par_1_8' title="bbox 127 1041 976 1221">
     <span class='ocr_line' id='line_1_30' title="bbox 208 1041 976 1080; baseline -0.004 -7"><span class='ocrx_word' id='word_1_160' title='bbox 208 1044 298 1073; x_wconf 92' lang='lat' dir='ltr'>Primo</span> <span class='ocrx_word' id='word_1_161' title='bbox 319 1052 385 1080; x_wconf 86' lang='lat' dir='ltr'>ergo</span> <span class='ocrx_word' id='word_1_162' title='bbox 398 1051 448 1080; x_wconf 92' lang='lat' dir='ltr'>per</span> <span class='ocrx_word' id='word_1_163' title='bbox 469 1043 622 1072; x_wconf 88' lang='lat' dir='ltr'>doctrinam</span> <span class='ocrx_word' id='word_1_164' title='bbox 640 1042 742 1071; x_wconf 86' lang='lat' dir='ltr'>Christi</span> <span class='ocrx_word' id='word_1_165' title='bbox 762 1041 934 1078; x_wconf 84' lang='lat' dir='ltr'>promittitur</span> <span class='ocrx_word' id='word_1_166' title='bbox 948 1044 976 1070; x_wconf 89' lang='lat' dir='ltr'>et</span> 
     </span>
     <span class='ocr_line' id='line_1_31' title="bbox 129 1088 975 1127; baseline -0.004 -8"><span class='ocrx_word' id='word_1_167' title='bbox 129 1090 284 1120; x_wconf 86' lang='lat' dir='ltr'>ostenditur</span> <span class='ocrx_word' id='word_1_168' title='bbox 305 1090 436 1119; x_wconf 87' lang='lat' dir='ltr'>liberatio</span> <span class='ocrx_word' id='word_1_169' title='bbox 455 1089 523 1127; x_wconf 76' lang='lat' dir='ltr'>fieri</span> <span class='ocrx_word' id='word_1_170' title='bbox 543 1090 595 1118; x_wconf 91' lang='lat' dir='ltr'>hoc</span> <span class='ocrx_word' id='word_1_171' title='bbox 615 1088 727 1117; x_wconf 86' lang='lat' dir='ltr'>ordine:</span> <span class='ocrx_word' id='word_1_172' title='bbox 749 1089 840 1125; x_wconf 88' lang='lat' dir='ltr'>primo</span> <span class='ocrx_word' id='word_1_173' title='bbox 871 1088 975 1116; x_wconf 85' lang='lat' dir='ltr'>libera-</span> 
     </span>
     <span class='ocr_line' id='line_1_32' title="bbox 131 1135 976 1174; baseline -0.005 -8"><span class='ocrx_word' id='word_1_174' title='bbox 131 1138 169 1167; x_wconf 86' lang='lat' dir='ltr'>tio</span> <span class='ocrx_word' id='word_1_175' title='bbox 180 1137 379 1174; x_wconf 83' lang='lat' dir='ltr'>promittitur;</span> <span class='ocrx_word' id='word_1_176' title='bbox 399 1136 520 1166; x_wconf 88' lang='lat' dir='ltr'>secundo</span> <span class='ocrx_word' id='word_1_177' title='bbox 540 1136 690 1173; x_wconf 86' lang='lat' dir='ltr'>promissa</span> <span class='ocrx_word' id='word_1_178' title='bbox 704 1144 724 1164; x_wconf 86' lang='lat' dir='ltr'>a</span> <span class='ocrx_word' id='word_1_179' title='bbox 737 1135 856 1163; x_wconf 85' lang='lat' dir='ltr'>Iudaeis</span> <span class='ocrx_word' id='word_1_180' title='bbox 871 1135 976 1171; x_wconf 84' lang='lat' dir='ltr'>parvi-</span> 
     </span>
     <span class='ocr_line' id='line_1_33' title="bbox 127 1182 826 1221; baseline -0.004 -9"><span class='ocrx_word' id='word_1_181' title='bbox 127 1184 268 1221; x_wconf 87' lang='lat' dir='ltr'>penditur</span> <span class='ocrx_word' id='word_1_182' title='bbox 275 1194 285 1217; x_wconf 88' lang='lat'><em>;</em></span> <span class='ocrx_word' id='word_1_183' title='bbox 306 1183 388 1212; x_wconf 89' lang='lat' dir='ltr'>tertio</span> <span class='ocrx_word' id='word_1_184' title='bbox 408 1183 449 1212; x_wconf 85' lang='lat' dir='ltr'>eis</span> <span class='ocrx_word' id='word_1_185' title='bbox 468 1182 636 1211; x_wconf 86' lang='lat' dir='ltr'>necessaria</span> <span class='ocrx_word' id='word_1_186' title='bbox 655 1182 826 1210; x_wconf 75' lang='lat' dir='ltr'>ostenditur.</span> 
     </span>
    </p>

    <p class='ocr_par' dir='ltr' id='par_1_9' title="bbox 130 1227 976 1827">
     <span class='ocr_line' id='line_1_34' title="bbox 208 1227 976 1267; baseline -0.005 -8"><span class='ocrx_word' id='word_1_187' title='bbox 208 1231 254 1259; x_wconf 71' lang='lat'>46.</span> <span class='ocrx_word' id='word_1_188' title='bbox 277 1230 366 1267; x_wconf 91' lang='lat' dir='ltr'>(Vers.</span> <span class='ocrx_word' id='word_1_189' title='bbox 389 1229 456 1265; x_wconf 84' lang='lat'>31.).</span> <span class='ocrx_word' id='word_1_190' title='bbox 479 1229 669 1257; x_wconf 85' lang='lat' dir='ltr'>Promittitur</span> <span class='ocrx_word' id='word_1_191' title='bbox 689 1236 755 1265; x_wconf 86' lang='lat' dir='ltr'>ergo</span> <span class='ocrx_word' id='word_1_192' title='bbox 776 1227 907 1256; x_wconf 86' lang='lat' dir='ltr'>liberatio</span> <span class='ocrx_word' id='word_1_193' title='bbox 932 1227 976 1256; x_wconf 92' lang='lat' dir='ltr'>his</span> 
     </span>
     <span class='ocr_line' id='line_1_35' title="bbox 130 1274 974 1315; baseline -0.005 -9"><span class='ocrx_word' id='word_1_194' title='bbox 130 1277 178 1315; x_wconf 92' lang='lat' dir='ltr'>qui</span> <span class='ocrx_word' id='word_1_195' title='bbox 199 1277 227 1305; x_wconf 96' lang='lat' dir='ltr'>in</span> <span class='ocrx_word' id='word_1_196' title='bbox 247 1276 373 1305; x_wconf 88' lang='lat' dir='ltr'>doctrina</span> <span class='ocrx_word' id='word_1_197' title='bbox 392 1276 494 1305; x_wconf 88' lang='lat' dir='ltr'>Christi</span> <span class='ocrx_word' id='word_1_198' title='bbox 518 1277 697 1313; x_wconf 78' lang='lat' dir='ltr'>permanent;</span> <span class='ocrx_word' id='word_1_199' title='bbox 723 1277 871 1312; x_wconf 88' lang='lat' dir='ltr'>propterea</span> <span class='ocrx_word' id='word_1_200' title='bbox 891 1274 974 1303; x_wconf 86' lang='lat' dir='ltr'>dicit:</span> 
     </span>
     <span class='ocr_line' id='line_1_36' title="bbox 133 1321 976 1361; baseline -0.004 -9"><span class='ocrx_word' id='word_1_201' title='bbox 133 1323 248 1352; x_wconf 76' lang='lat' dir='ltr'>Dicebat</span> <span class='ocrx_word' id='word_1_202' title='bbox 269 1332 336 1361; x_wconf 71' lang='lat' dir='ltr'>erqo</span> <span class='ocrx_word' id='word_1_203' title='bbox 357 1324 439 1351; x_wconf 87' lang='lat' dir='ltr'>Iesus</span> <span class='ocrx_word' id='word_1_204' title='bbox 459 1323 499 1351; x_wconf 88' lang='lat' dir='ltr'>ad</span> <span class='ocrx_word' id='word_1_205' title='bbox 519 1331 566 1351; x_wconf 84' lang='lat' dir='ltr'>eos</span> <span class='ocrx_word' id='word_1_206' title='bbox 583 1322 635 1360; x_wconf 82' lang='lat' dir='ltr'>qui</span> <span class='ocrx_word' id='word_1_207' title='bbox 655 1321 842 1350; x_wconf 82' lang='lat' dir='ltr'>crediderunt</span> <span class='ocrx_word' id='word_1_208' title='bbox 861 1321 927 1355; x_wconf 74' lang='lat' dir='ltr'>ei4;</span> <span class='ocrx_word' id='word_1_209' title='bbox 948 1323 976 1350; x_wconf 90' lang='lat' dir='ltr'>et</span> 
     </span>
     <span class='ocr_line' id='line_1_37' title="bbox 131 1367 975 1408; baseline -0.004 -9"><span class='ocrx_word' id='word_1_210' title='bbox 131 1370 196 1408; x_wconf 89' lang='lat' dir='ltr'>quia</span> <span class='ocrx_word' id='word_1_211' title='bbox 223 1370 433 1399; x_wconf 85' lang='lat' dir='ltr'>comminatione</span> <span class='ocrx_word' id='word_1_212' title='bbox 461 1369 551 1398; x_wconf 89' lang='lat' dir='ltr'>territi</span> <span class='ocrx_word' id='word_1_213' title='bbox 578 1368 771 1402; x_wconf 88' lang='lat' dir='ltr'>crediderunt,</span> <span class='ocrx_word' id='word_1_214' title='bbox 792 1367 975 1405; x_wconf 88' lang='lat' dir='ltr'>promissione</span> 
     </span>
     <span class='ocr_line' id='line_1_38' title="bbox 130 1415 975 1453; baseline -0.005 -7"><span class='ocrx_word' id='word_1_215' title='bbox 130 1417 303 1451; x_wconf 85' lang='lat' dir='ltr'>alliciuntur,</span> <span class='ocrx_word' id='word_1_216' title='bbox 324 1419 356 1445; x_wconf 90' lang='lat' dir='ltr'>ut</span> <span class='ocrx_word' id='word_1_217' title='bbox 376 1419 569 1453; x_wconf 86' lang='lat' dir='ltr'>perseverent;</span> <span class='ocrx_word' id='word_1_218' title='bbox 591 1415 664 1444; x_wconf 89' lang='lat' dir='ltr'>unde</span> <span class='ocrx_word' id='word_1_219' title='bbox 683 1415 764 1444; x_wconf 89' lang='lat' dir='ltr'>dicit:</span> <span class='ocrx_word' id='word_1_220' title='bbox 787 1415 820 1443; x_wconf 87' lang='lat' dir='ltr'>Si</span> <span class='ocrx_word' id='word_1_221' title='bbox 838 1423 889 1442; x_wconf 79' lang='lat' dir='ltr'>vos</span> <span class='ocrx_word' id='word_1_222' title='bbox 907 1422 975 1451; x_wconf 80' lang='lat' dir='ltr'>per-</span> 
     </span>
     <span class='ocr_line' id='line_1_39' title="bbox 130 1460 973 1498; baseline -0.004 -6"><span class='ocrx_word' id='word_1_223' title='bbox 130 1463 299 1492; x_wconf 76' lang='lat' dir='ltr'>manseritis</span> <span class='ocrx_word' id='word_1_224' title='bbox 320 1464 351 1492; x_wconf 89' lang='lat' dir='ltr'>in</span> <span class='ocrx_word' id='word_1_225' title='bbox 371 1469 502 1492; x_wconf 80' lang='lat' dir='ltr'>sermone</span> <span class='ocrx_word' id='word_1_226' title='bbox 521 1471 598 1496; x_wconf 88' lang='lat' dir='ltr'>meo‚·</span> <span class='ocrx_word' id='word_1_227' title='bbox 618 1462 690 1491; x_wconf 88' lang='lat' dir='ltr'>infra</span> <span class='ocrx_word' id='word_1_228' title='bbox 710 1462 816 1490; x_wconf 90' lang='lat' dir='ltr'>decimo</span> <span class='ocrx_word' id='word_1_229' title='bbox 837 1461 934 1498; x_wconf 89' lang='lat' dir='ltr'>quinto</span> <span class='ocrx_word' id='word_1_230' title='bbox 948 1460 973 1488; x_wconf 87' lang='lat'>⁵:</span> 
     </span>
     <span class='ocr_line' id='line_1_40' title="bbox 136 1508 974 1547; baseline -0.005 -8"><span class='ocrx_word' id='word_1_231' title='bbox 136 1522 150 1536; x_wconf 68' lang='grc' dir='ltr'>(ι</span> <span class='ocrx_word' id='word_1_232' title='bbox 163 1511 269 1539; x_wconf 87' lang='lat' dir='ltr'>Manete</span> <span class='ocrx_word' id='word_1_233' title='bbox 289 1510 317 1538; x_wconf 94' lang='lat' dir='ltr'>in</span> <span class='ocrx_word' id='word_1_234' title='bbox 338 1518 395 1544; x_wconf 90' lang='lat' dir='ltr'>me,</span> <span class='ocrx_word' id='word_1_235' title='bbox 417 1512 444 1539; x_wconf 92' lang='lat' dir='ltr'>et</span> <span class='ocrx_word' id='word_1_236' title='bbox 464 1518 514 1547; x_wconf 84' lang='lat' dir='ltr'>ego</span> <span class='ocrx_word' id='word_1_237' title='bbox 535 1509 563 1538; x_wconf 91' lang='lat' dir='ltr'>in</span> <span class='ocrx_word' id='word_1_238' title='bbox 583 1509 669 1539; x_wconf 89' lang='lat' dir='ltr'>vohis.</span> <span class='ocrx_word' id='word_1_239' title='bbox 691 1509 768 1537; x_wconf 89' lang='lat' dir='ltr'>Sicut</span> <span class='ocrx_word' id='word_1_240' title='bbox 788 1508 893 1545; x_wconf 88' lang='lat' dir='ltr'>palmes</span> <span class='ocrx_word' id='word_1_241' title='bbox 919 1516 974 1536; x_wconf 91' lang='lat' dir='ltr'>non</span> 
     </span>
     <span class='ocr_line' id='line_1_41' title="bbox 131 1554 975 1594; baseline -0.005 -8"><span class='ocrx_word' id='word_1_242' title='bbox 131 1559 221 1594; x_wconf 88' lang='lat' dir='ltr'>potest</span> <span class='ocrx_word' id='word_1_243' title='bbox 241 1557 314 1586; x_wconf 86' lang='lat' dir='ltr'>serre</span> <span class='ocrx_word' id='word_1_244' title='bbox 340 1557 463 1586; x_wconf 83' lang='lat' dir='ltr'>fructum</span> <span class='ocrx_word' id='word_1_245' title='bbox 484 1564 500 1585; x_wconf 87' lang='lat' dir='ltr'>a</span> <span class='ocrx_word' id='word_1_246' title='bbox 526 1556 685 1593; x_wconf 89' lang='lat' dir='ltr'>semetipso,</span> <span class='ocrx_word' id='word_1_247' title='bbox 714 1555 766 1584; x_wconf 85' lang='lat' dir='ltr'>nisi</span> <span class='ocrx_word' id='word_1_248' title='bbox 793 1554 925 1583; x_wconf 85' lang='lat' dir='ltr'>manserit</span> <span class='ocrx_word' id='word_1_249' title='bbox 946 1554 975 1582; x_wconf 93' lang='lat' dir='ltr'>in</span> 
     </span>
     <span class='ocr_line' id='line_1_42' title="bbox 132 1601 975 1638; baseline -0.004 -6"><span class='ocrx_word' id='word_1_250' title='bbox 132 1604 202 1638; x_wconf 88' lang='lat' dir='ltr'>vite;</span> <span class='ocrx_word' id='word_1_251' title='bbox 224 1603 263 1632; x_wconf 91' lang='lat' dir='ltr'>sic</span> <span class='ocrx_word' id='word_1_252' title='bbox 283 1611 333 1632; x_wconf 88' lang='lat' dir='ltr'>nec</span> <span class='ocrx_word' id='word_1_253' title='bbox 354 1611 415 1638; x_wconf 89' lang='lat' dir='ltr'>vos,</span> <span class='ocrx_word' id='word_1_254' title='bbox 431 1603 483 1632; x_wconf 91' lang='lat' dir='ltr'>nisi</span> <span class='ocrx_word' id='word_1_255' title='bbox 504 1603 532 1631; x_wconf 94' lang='lat' dir='ltr'>in</span> <span class='ocrx_word' id='word_1_256' title='bbox 552 1610 597 1631; x_wconf 89' lang='lat' dir='ltr'>me</span> <span class='ocrx_word' id='word_1_257' title='bbox 611 1602 766 1631; x_wconf 83' lang='lat' dir='ltr'>manseritis</span> <span class='ocrx_word' id='word_1_258' title='bbox 781 1612 811 1635; x_wconf 79' lang='lat'>»3</span> <span class='ocrx_word' id='word_1_259' title='bbox 834 1609 888 1630; x_wconf 92' lang='lat' dir='ltr'>non</span> <span class='ocrx_word' id='word_1_260' title='bbox 903 1601 975 1629; x_wconf 86' lang='lat' dir='ltr'>sicut</span> 
     </span>
     <span class='ocr_line' id='line_1_43' title="bbox 131 1648 974 1687; baseline -0.002 -9"><span class='ocrx_word' id='word_1_261' title='bbox 131 1650 186 1685; x_wconf 89' lang='lat' dir='ltr'>illi,</span> <span class='ocrx_word' id='word_1_262' title='bbox 207 1649 241 1679; x_wconf 90' lang='lat' dir='ltr'>de</span> <span class='ocrx_word' id='word_1_263' title='bbox 268 1650 370 1687; x_wconf 89' lang='lat' dir='ltr'>quibus</span> <span class='ocrx_word' id='word_1_264' title='bbox 394 1649 496 1678; x_wconf 86' lang='lat' dir='ltr'>dicitur</span> <span class='ocrx_word' id='word_1_265' title='bbox 523 1650 612 1678; x_wconf 88' lang='lat' dir='ltr'>Lucae</span> <span class='ocrx_word' id='word_1_266' title='bbox 632 1651 744 1677; x_wconf 85' lang='lat' dir='ltr'>octavo:</span> <span class='ocrx_word' id='word_1_267' title='bbox 770 1659 784 1673; x_wconf 90' lang='lat'><strong><em>«</em></strong></span> <span class='ocrx_word' id='word_1_268' title='bbox 798 1648 836 1676; x_wconf 84' lang='lat' dir='ltr'>Ad</span> <span class='ocrx_word' id='word_1_269' title='bbox 864 1650 974 1684; x_wconf 87' lang='lat' dir='ltr'>tempus</span> 
     </span>
     <span class='ocr_line' id='line_1_44' title="bbox 132 1694 975 1733; baseline -0.004 -8"><span class='ocrx_word' id='word_1_270' title='bbox 132 1696 249 1726; x_wconf 87' lang='lat' dir='ltr'>credunt</span> <span class='ocrx_word' id='word_1_271' title='bbox 269 1700 296 1725; x_wconf 89' lang='lat' dir='ltr'>et</span> <span class='ocrx_word' id='word_1_272' title='bbox 317 1697 343 1725; x_wconf 91' lang='lat' dir='ltr'>in</span> <span class='ocrx_word' id='word_1_273' title='bbox 366 1699 489 1733; x_wconf 88' lang='lat' dir='ltr'>tempore</span> <span class='ocrx_word' id='word_1_274' title='bbox 510 1696 667 1724; x_wconf 87' lang='lat' dir='ltr'>tentationis</span> <span class='ocrx_word' id='word_1_275' title='bbox 681 1694 815 1724; x_wconf 88' lang='lat' dir='ltr'>recedunt</span> <span class='ocrx_word' id='word_1_276' title='bbox 829 1705 860 1728; x_wconf 74' lang='lat'>»3</span> <span class='ocrx_word' id='word_1_277' title='bbox 876 1694 905 1722; x_wconf 91' lang='lat' dir='ltr'>hi</span> <span class='ocrx_word' id='word_1_278' title='bbox 920 1702 975 1722; x_wconf 93' lang='lat' dir='ltr'>non</span> 
     </span>
     <span class='ocr_line' id='line_1_45' title="bbox 132 1741 975 1780; baseline -0.004 -9"><span class='ocrx_word' id='word_1_279' title='bbox 132 1745 275 1780; x_wconf 90' lang='lat' dir='ltr'>reportant</span> <span class='ocrx_word' id='word_1_280' title='bbox 301 1743 440 1776; x_wconf 77' lang='lat' dir='ltr'>sructum3</span> <span class='ocrx_word' id='word_1_281' title='bbox 465 1742 513 1771; x_wconf 90' lang='lat' dir='ltr'>sed</span> <span class='ocrx_word' id='word_1_282' title='bbox 540 1750 602 1776; x_wconf 88' lang='lat' dir='ltr'>vos,</span> <span class='ocrx_word' id='word_1_283' title='bbox 623 1741 645 1770; x_wconf 92' lang='lat' dir='ltr'>si</span> <span class='ocrx_word' id='word_1_284' title='bbox 667 1741 889 1778; x_wconf 88' lang='lat' dir='ltr'>permanseritis,</span> <span class='ocrx_word' id='word_1_285' title='bbox 909 1749 975 1768; x_wconf 82' lang='lat' dir='ltr'>vere</span> 
     </span>
     <span class='ocr_line' id='line_1_46' title="bbox 132 1789 455 1827; baseline -0.003 -9"><span class='ocrx_word' id='word_1_286' title='bbox 132 1790 271 1827; x_wconf 83' lang='lat' dir='ltr'>discipuli</span> <span class='ocrx_word' id='word_1_287' title='bbox 289 1790 347 1818; x_wconf 87' lang='lat' dir='ltr'>mei</span> <span class='ocrx_word' id='word_1_288' title='bbox 366 1789 455 1818; x_wconf 85' lang='lat' dir='ltr'>eritis.</span> 
     </span>
    </p>

    <p class='ocr_par' dir='ltr' id='par_1_10' title="bbox 133 1834 975 1919">
     <span class='ocr_line' id='line_1_47' title="bbox 210 1834 974 1873; baseline -0.004 -8"><span class='ocrx_word' id='word_1_289' title='bbox 210 1837 256 1865; x_wconf 76' lang='lat'>47.</span> <span class='ocrx_word' id='word_1_290' title='bbox 279 1837 368 1873; x_wconf 92' lang='lat' dir='ltr'>(Vers.</span> <span class='ocrx_word' id='word_1_291' title='bbox 384 1836 451 1872; x_wconf 77' lang='lat'>32).</span> <span class='ocrx_word' id='word_1_292' title='bbox 474 1836 511 1864; x_wconf 87' lang='lat' dir='ltr'>Et</span> <span class='ocrx_word' id='word_1_293' title='bbox 523 1835 594 1864; x_wconf 75' lang='lat' dir='ltr'>vos-⁶</span> <span class='ocrx_word' id='word_1_294' title='bbox 616 1834 790 1873; x_wconf 69' lang='lat' dir='ltr'>coqnoscetis</span> <span class='ocrx_word' id='word_1_295' title='bbox 810 1834 974 1868; x_wconf 83' lang='lat' dir='ltr'>veritatem,</span> 
     </span>
     <span class='ocr_line' id='line_1_48' title="bbox 133 1881 975 1919; baseline -0.002 -8"><span class='ocrx_word' id='word_1_296' title='bbox 133 1886 159 1911; x_wconf 80' lang='lat' dir='ltr'>et</span> <span class='ocrx_word' id='word_1_297' title='bbox 177 1883 286 1911; x_wconf 81' lang='lat' dir='ltr'>veritas</span> <span class='ocrx_word' id='word_1_298' title='bbox 307 1882 439 1911; x_wconf 79' lang='lat' dir='ltr'>liberabit</span> <span class='ocrx_word' id='word_1_299' title='bbox 459 1891 517 1911; x_wconf 83' lang='lat' dir='ltr'>vos.</span> <span class='ocrx_word' id='word_1_300' title='bbox 540 1882 603 1910; x_wconf 92' lang='lat' dir='ltr'>Tria</span> <span class='ocrx_word' id='word_1_301' title='bbox 616 1882 694 1916; x_wconf 89' lang='lat' dir='ltr'>dicit,</span> <span class='ocrx_word' id='word_1_302' title='bbox 709 1889 780 1919; x_wconf 85' lang='lat' dir='ltr'>quae</span> <span class='ocrx_word' id='word_1_303' title='bbox 800 1881 905 1910; x_wconf 84' lang='lat' dir='ltr'>faciunt</span> <span class='ocrx_word' id='word_1_304' title='bbox 925 1881 975 1909; x_wconf 85' lang='lat' dir='ltr'>ho-</span> 
     </span>
    </p>
   </div>
   <div class='ocr_carea' id='block_1_7' title="bbox 1001 1787 1005 1914">
    <p class='ocr_par' dir='ltr' id='par_1_11' title="bbox 1001 1787 1005 1914">
     <span class='ocr_line' id='line_1_49' title="bbox 1001 1787 1005 1914; baseline 0 1402"><span class='ocrx_word' id='word_1_305' title='bbox 1001 1787 1005 1914; x_wconf 95' lang='lat' dir='ltr'> </span> 
     </span>
    </p>
   </div>
   <div class='ocr_carea' id='block_1_8' title="bbox 134 2185 974 2255">
    <p class='ocr_par' dir='ltr' id='par_1_12' title="bbox 134 2185 974 2255">
     <span class='ocr_line' id='line_1_50' title="bbox 194 2185 974 2214; baseline -0.003 -5"><span class='ocrx_word' id='word_1_306' title='bbox 194 2185 204 2199; x_wconf 79' lang='lat'><strong>²</strong></span> <span class='ocrx_word' id='word_1_307' title='bbox 221 2188 245 2209; x_wconf 87' lang='lat' dir='ltr'>ln</span> <span class='ocrx_word' id='word_1_308' title='bbox 261 2186 406 2209; x_wconf 84' lang='lat' dir='ltr'>derelictione</span> <span class='ocrx_word' id='word_1_309' title='bbox 418 2185 557 2209; x_wconf 81' lang='lat' dir='ltr'>iracundiae</span> <span class='ocrx_word' id='word_1_310' title='bbox 568 2186 772 2214; x_wconf 84' lang='lat' dir='ltr'>comprehenditur</span> <span class='ocrx_word' id='word_1_311' title='bbox 783 2186 847 2208; x_wconf 82' lang='lat' dir='ltr'>tertia</span> <span class='ocrx_word' id='word_1_312' title='bbox 860 2188 882 2207; x_wconf 90' lang='lat' dir='ltr'>et</span> <span class='ocrx_word' id='word_1_313' title='bbox 893 2187 974 2214; x_wconf 86' lang='lat' dir='ltr'>quarta</span> 
     </span>
     <span class='ocr_line' id='line_1_51' title="bbox 134 2224 974 2255; baseline -0.001 -6"><span class='ocrx_word' id='word_1_314' title='bbox 134 2226 234 2254; x_wconf 87' lang='lat' dir='ltr'>species,</span> <span class='ocrx_word' id='word_1_315' title='bbox 251 2226 312 2248; x_wconf 85' lang='lat' dir='ltr'>etin</span> <span class='ocrx_word' id='word_1_316' title='bbox 329 2225 501 2255; x_wconf 82' lang='lat' dir='ltr'>dispensatione</span> <span class='ocrx_word' id='word_1_317' title='bbox 524 2224 616 2248; x_wconf 84' lang='lat' dir='ltr'>divinae</span> <span class='ocrx_word' id='word_1_318' title='bbox 637 2224 777 2254; x_wconf 77' lang='lat' dir='ltr'>sapientiae,</span> <span class='ocrx_word' id='word_1_319' title='bbox 800 2225 876 2252; x_wconf 86' lang='lat' dir='ltr'>prima</span> <span class='ocrx_word' id='word_1_320' title='bbox 898 2227 920 2247; x_wconf 87' lang='lat' dir='ltr'>et</span> <span class='ocrx_word' id='word_1_321' title='bbox 942 2231 974 2248; x_wconf 88' lang='lat' dir='ltr'>se-</span> 
     </span>
    </p>
   </div>
   <div class='ocr_carea' id='block_1_9' title="bbox 134 2146 1005 2293">
    <p class='ocr_par' dir='ltr' id='par_1_13' title="bbox 134 2146 1005 2293">
     <span class='ocr_line' id='line_1_52' title="bbox 194 2146 728 2176; baseline -0.002 -6"><span class='ocrx_word' id='word_1_322' title='bbox 194 2147 203 2160; x_wconf 89' lang='lat'>²</span> <span class='ocrx_word' id='word_1_323' title='bbox 220 2146 266 2170; x_wconf 84' lang='lat' dir='ltr'>Csr.</span> <span class='ocrx_word' id='word_1_324' title='bbox 284 2147 315 2169; x_wconf 84' lang='lat' dir='ltr'>ill.</span> <span class='ocrx_word' id='word_1_325' title='bbox 333 2147 393 2169; x_wconf 89' lang='lat' dir='ltr'>Sent.</span> <span class='ocrx_word' id='word_1_326' title='bbox 410 2147 433 2169; x_wconf 89' lang='lat' dir='ltr'>d.</span> <span class='ocrx_word' id='word_1_327' title='bbox 450 2147 487 2169; x_wconf 81' lang='grc'>21.</span> <span class='ocrx_word' id='word_1_328' title='bbox 504 2153 524 2169; x_wconf 86' lang='lat' dir='ltr'>a.</span> <span class='ocrx_word' id='word_1_329' title='bbox 543 2147 564 2169; x_wconf 72' lang='grc'>4.</span> <span class='ocrx_word' id='word_1_330' title='bbox 581 2153 603 2176; x_wconf 87' lang='lat' dir='ltr'>q.</span> <span class='ocrx_word' id='word_1_331' title='bbox 622 2147 642 2169; x_wconf 80' lang='lat' dir='ltr'>l.</span> <span class='ocrx_word' id='word_1_332' title='bbox 660 2146 689 2169; x_wconf 83' lang='lat' dir='ltr'>ad</span> <span class='ocrx_word' id='word_1_333' title='bbox 707 2146 728 2169; x_wconf 71' lang='lat'>4.</span> 
     </span>
     <span class='ocr_line' id='line_1_53' title="bbox 134 2153 1005 2293; baseline 0 -6"><span class='ocrx_word' id='word_1_334' title='bbox 134 2265 222 2292; x_wconf 79' lang='lat' dir='ltr'>cunda,</span> <span class='ocrx_word' id='word_1_335' title='bbox 239 2266 264 2287; x_wconf 90' lang='lat' dir='ltr'>ut</span> <span class='ocrx_word' id='word_1_336' title='bbox 284 2264 381 2292; x_wconf 87' lang='lat' dir='ltr'>explicat</span> <span class='ocrx_word' id='word_1_337' title='bbox 401 2264 450 2291; x_wconf 90' lang='lat' dir='ltr'>ed.,</span> <span class='ocrx_word' id='word_1_338' title='bbox 471 2269 531 2293; x_wconf 86' lang='lat' dir='ltr'>quae</span> <span class='ocrx_word' id='word_1_339' title='bbox 554 2264 623 2291; x_wconf 80' lang='lat' dir='ltr'>legit:</span> <span class='ocrx_word' id='word_1_340' title='bbox 644 2263 671 2286; x_wconf 90' lang='lat' dir='ltr'>de</span> <span class='ocrx_word' id='word_1_341' title='bbox 693 2262 841 2287; x_wconf 81' lang='lat' dir='ltr'>derelictione</span> <span class='ocrx_word' id='word_1_342' title='bbox 864 2264 933 2287; x_wconf 79' lang='lat' dir='ltr'>tertia</span> <span class='ocrx_word' id='word_1_343' title='bbox 954 2266 975 2287; x_wconf 86' lang='lat' dir='ltr'>et</span> <span class='ocrx_word' id='word_1_344' title='bbox 1001 2153 1005 2291; x_wconf 78' lang='lat' dir='ltr'>i</span> 
     </span>
    </p>
   </div>
   <div class='ocr_carea' id='block_1_10' title="bbox 198 2327 386 2355">
    <p class='ocr_par' dir='ltr' id='par_1_14' title="bbox 198 2327 386 2355">
     <span class='ocr_line' id='line_1_54' title="bbox 198 2327 386 2355; baseline 0 -6"><span class='ocrx_word' id='word_1_345' title='bbox 198 2327 224 2349; x_wconf 88' lang='lat' dir='ltr'>Et</span> <span class='ocrx_word' id='word_1_346' title='bbox 241 2329 293 2349; x_wconf 88' lang='lat' dir='ltr'>nota</span> <span class='ocrx_word' id='word_1_347' title='bbox 300 2344 306 2354; x_wconf 86' lang='lat'>,</span> <span class='ocrx_word' id='word_1_348' title='bbox 323 2327 386 2355; x_wconf 89' lang='lat' dir='ltr'>quod</span> 
     </span>
    </p>
   </div>
   <div class='ocr_carea' id='block_1_11' title="bbox 1814 130 1869 161">
    <p class='ocr_par' dir='ltr' id='par_1_15' title="bbox 1814 130 1869 161">
     <span class='ocr_line' id='line_1_55' title="bbox 1814 130 1869 161; baseline 0.036 -2"><span class='ocrx_word' id='word_1_349' title='bbox 1814 130 1869 161; x_wconf 83' lang='lat'>363</span> 
     </span>
    </p>
   </div>
   <div class='ocr_carea' id='block_1_12' title="bbox 1030 205 2017 245">
    <p class='ocr_par' dir='ltr' id='par_1_16' title="bbox 1030 205 2017 245">
     <span class='ocr_line' id='line_1_56' title="bbox 1030 205 2017 245; baseline 0.003 -12"><span class='ocrx_word' id='word_1_350' title='bbox 1030 205 1132 234; x_wconf 89' lang='lat' dir='ltr'>minem</span> <span class='ocrx_word' id='word_1_351' title='bbox 1154 208 1270 234; x_wconf 84' lang='lat' dir='ltr'>rectum.</span> <span class='ocrx_word' id='word_1_352' title='bbox 1302 206 1424 235; x_wconf 88' lang='lat' dir='ltr'>Primum</span> <span class='ocrx_word' id='word_1_353' title='bbox 1455 209 1497 235; x_wconf 85' lang='lat' dir='ltr'>est</span> <span class='ocrx_word' id='word_1_354' title='bbox 1515 207 1656 235; x_wconf 85' lang='lat' dir='ltr'>rectitudo</span> <span class='ocrx_word' id='word_1_355' title='bbox 1683 206 1816 245; x_wconf 84' lang='lat' dir='ltr'>affectus,</span> <span class='ocrx_word' id='word_1_356' title='bbox 1844 211 1871 237; x_wconf 89' lang='lat' dir='ltr'>et</span> <span class='ocrx_word' id='word_1_357' title='bbox 1887 213 1930 231; x_wconf 78' lang='lat' dir='ltr'>Tria</span> <span class='ocrx_word' id='word_1_358' title='bbox 1943 213 2017 231; x_wconf 75' lang='lat' dir='ltr'>faciunt</span> 
     </span>
    </p>
   </div>
   <div class='ocr_carea' id='block_1_13' title="bbox 1884 236 2016 255">
    <p class='ocr_par' dir='ltr' id='par_1_17' title="bbox 1884 236 2016 255">
     <span class='ocr_line' id='line_1_57' title="bbox 1884 236 2016 255; baseline 0.008 -1"><span class='ocrx_word' id='word_1_359' title='bbox 1884 236 1976 255; x_wconf 77' lang='lat' dir='ltr'>hominem</span> <span class='ocrx_word' id='word_1_360' title='bbox 1987 241 2016 255; x_wconf 84' lang='lat' dir='ltr'>re-</span> 
     </span>
    </p>
   </div>
   <div class='ocr_carea' id='block_1_14' title="bbox 1030 251 1940 289">
    <p class='ocr_par' dir='ltr' id='par_1_18' title="bbox 1030 251 1940 289">
     <span class='ocr_line' id='line_1_58' title="bbox 1030 251 1940 289; baseline 0.003 -10"><span class='ocrx_word' id='word_1_361' title='bbox 1030 251 1083 280; x_wconf 92' lang='lat' dir='ltr'>hoc</span> <span class='ocrx_word' id='word_1_362' title='bbox 1103 254 1216 280; x_wconf 87' lang='lat' dir='ltr'>notatur</span> <span class='ocrx_word' id='word_1_363' title='bbox 1236 252 1264 280; x_wconf 87' lang='lat' dir='ltr'>in</span> <span class='ocrx_word' id='word_1_364' title='bbox 1285 252 1450 289; x_wconf 87' lang='lat' dir='ltr'>discipulatu</span> <span class='ocrx_word' id='word_1_365' title='bbox 1465 253 1578 287; x_wconf 88' lang='lat' dir='ltr'>Christi;</span> <span class='ocrx_word' id='word_1_366' title='bbox 1601 253 1766 288; x_wconf 88' lang='lat' dir='ltr'>secundum,</span> <span class='ocrx_word' id='word_1_367' title='bbox 1788 255 1871 283; x_wconf 83' lang='lat' dir='ltr'>recti-</span> <span class='ocrx_word' id='word_1_368' title='bbox 1883 262 1940 278; x_wconf 74' lang='lat' dir='ltr'>ctum-</span> 
     </span>
    </p>
   </div>
   <div class='ocr_carea' id='block_1_15' title="bbox 1030 297 1874 1219">
    <p class='ocr_par' dir='ltr' id='par_1_19' title="bbox 1030 297 1874 697">
     <span class='ocr_line' id='line_1_59' title="bbox 1031 297 1872 336; baseline 0.005 -11"><span class='ocrx_word' id='word_1_369' title='bbox 1031 297 1099 326; x_wconf 86' lang='lat' dir='ltr'>tudo</span> <span class='ocrx_word' id='word_1_370' title='bbox 1119 297 1288 332; x_wconf 84' lang='lat' dir='ltr'>intellectus,</span> <span class='ocrx_word' id='word_1_371' title='bbox 1310 301 1337 327; x_wconf 88' lang='lat' dir='ltr'>et</span> <span class='ocrx_word' id='word_1_372' title='bbox 1357 299 1409 327; x_wconf 91' lang='lat' dir='ltr'>hoc</span> <span class='ocrx_word' id='word_1_373' title='bbox 1430 299 1458 327; x_wconf 95' lang='lat' dir='ltr'>in</span> <span class='ocrx_word' id='word_1_374' title='bbox 1479 299 1632 336; x_wconf 82' lang='lat' dir='ltr'>cognitione</span> <span class='ocrx_word' id='word_1_375' title='bbox 1652 300 1790 334; x_wconf 83' lang='lat' dir='ltr'>veritatis;</span> <span class='ocrx_word' id='word_1_376' title='bbox 1816 303 1872 329; x_wconf 86' lang='lat' dir='ltr'>ter-</span> 
     </span>
     <span class='ocr_line' id='line_1_60' title="bbox 1030 344 1870 383; baseline 0.004 -11"><span class='ocrx_word' id='word_1_377' title='bbox 1030 344 1117 379; x_wconf 88' lang='lat' dir='ltr'>tium,</span> <span class='ocrx_word' id='word_1_378' title='bbox 1139 344 1279 373; x_wconf 79' lang='lat' dir='ltr'>rectitudo</span> <span class='ocrx_word' id='word_1_379' title='bbox 1303 344 1416 383; x_wconf 82' lang='lat' dir='ltr'>effeetus</span> <span class='ocrx_word' id='word_1_380' title='bbox 1446 353 1496 383; x_wconf 86' lang='lat' dir='ltr'>per</span> <span class='ocrx_word' id='word_1_381' title='bbox 1517 346 1706 374; x_wconf 83' lang='lat' dir='ltr'>liberationem</span> <span class='ocrx_word' id='word_1_382' title='bbox 1738 354 1754 374; x_wconf 91' lang='lat' dir='ltr'>a</span> <span class='ocrx_word' id='word_1_383' title='bbox 1774 346 1870 383; x_wconf 87' lang='lat' dir='ltr'>culpa,</span> 
     </span>
     <span class='ocr_line' id='line_1_61' title="bbox 1030 390 1872 429; baseline 0.004 -11"><span class='ocrx_word' id='word_1_384' title='bbox 1030 392 1057 418; x_wconf 89' lang='lat' dir='ltr'>et</span> <span class='ocrx_word' id='word_1_385' title='bbox 1071 390 1124 419; x_wconf 90' lang='lat' dir='ltr'>hoc</span> <span class='ocrx_word' id='word_1_386' title='bbox 1144 393 1257 419; x_wconf 87' lang='lat' dir='ltr'>notatur</span> <span class='ocrx_word' id='word_1_387' title='bbox 1271 391 1299 419; x_wconf 92' lang='lat' dir='ltr'>in</span> <span class='ocrx_word' id='word_1_388' title='bbox 1319 391 1480 420; x_wconf 86' lang='lat' dir='ltr'>liberatione</span> <span class='ocrx_word' id='word_1_389' title='bbox 1495 392 1626 421; x_wconf 88' lang='lat' dir='ltr'>veritatis.</span> <span class='ocrx_word' id='word_1_390' title='bbox 1648 392 1711 420; x_wconf 85' lang='lat' dir='ltr'>Vel:</span> <span class='ocrx_word' id='word_1_391' title='bbox 1734 392 1872 429; x_wconf 84' lang='lat' dir='ltr'>discipuli</span> 
     </span>
     <span class='ocr_line' id='line_1_62' title="bbox 1030 436 1870 476; baseline 0.004 -12"><span class='ocrx_word' id='word_1_392' title='bbox 1030 436 1112 464; x_wconf 87' lang='lat' dir='ltr'>eritis</span> <span class='ocrx_word' id='word_1_393' title='bbox 1132 437 1160 465; x_wconf 92' lang='lat' dir='ltr'>in</span> <span class='ocrx_word' id='word_1_394' title='bbox 1181 437 1225 465; x_wconf 86' lang='lat' dir='ltr'>via</span> <span class='ocrx_word' id='word_1_395' title='bbox 1246 445 1295 474; x_wconf 89' lang='lat' dir='ltr'>per</span> <span class='ocrx_word' id='word_1_396' title='bbox 1316 438 1510 473; x_wconf 85' lang='lat' dir='ltr'>imitationem;</span> <span class='ocrx_word' id='word_1_397' title='bbox 1531 438 1681 467; x_wconf 78' lang='lat' dir='ltr'>veritatem</span> <span class='ocrx_word' id='word_1_398' title='bbox 1699 439 1870 476; x_wconf 64' lang='lat' dir='ltr'>cognoscetis</span> 
     </span>
     <span class='ocr_line' id='line_1_63' title="bbox 1030 482 1868 518; baseline 0.004 -8"><span class='ocrx_word' id='word_1_399' title='bbox 1030 482 1059 510; x_wconf 89' lang='lat' dir='ltr'>in</span> <span class='ocrx_word' id='word_1_400' title='bbox 1080 482 1188 511; x_wconf 88' lang='lat' dir='ltr'>animae</span> <span class='ocrx_word' id='word_1_401' title='bbox 1202 483 1417 518; x_wconf 82' lang='lat' dir='ltr'>beatificatione;</span> <span class='ocrx_word' id='word_1_402' title='bbox 1436 487 1463 513; x_wconf 90' lang='lat' dir='ltr'>et</span> <span class='ocrx_word' id='word_1_403' title='bbox 1482 484 1602 513; x_wconf 81' lang='lat' dir='ltr'>veritate</span> <span class='ocrx_word' id='word_1_404' title='bbox 1623 484 1818 513; x_wconf 82' lang='lat' dir='ltr'>liberabimini</span> <span class='ocrx_word' id='word_1_405' title='bbox 1832 485 1868 513; x_wconf 89' lang='lat' dir='ltr'>ab</span> 
     </span>
     <span class='ocr_line' id='line_1_64' title="bbox 1031 528 1871 568; baseline 0.005 -12"><span class='ocrx_word' id='word_1_406' title='bbox 1031 528 1111 557; x_wconf 89' lang='lat' dir='ltr'>omni</span> <span class='ocrx_word' id='word_1_407' title='bbox 1130 529 1316 566; x_wconf 85' lang='lat' dir='ltr'>corruptione</span> <span class='ocrx_word' id='word_1_408' title='bbox 1333 530 1361 558; x_wconf 93' lang='lat' dir='ltr'>in</span> <span class='ocrx_word' id='word_1_409' title='bbox 1375 530 1481 559; x_wconf 89' lang='lat' dir='ltr'>animae</span> <span class='ocrx_word' id='word_1_410' title='bbox 1495 533 1522 559; x_wconf 86' lang='lat' dir='ltr'>et</span> <span class='ocrx_word' id='word_1_411' title='bbox 1536 531 1659 568; x_wconf 89' lang='lat' dir='ltr'>corporis</span> <span class='ocrx_word' id='word_1_412' title='bbox 1673 531 1743 559; x_wconf 88' lang='lat' dir='ltr'>felici</span> <span class='ocrx_word' id='word_1_413' title='bbox 1758 531 1871 565; x_wconf 84' lang='lat' dir='ltr'>unione3</span> 
     </span>
     <span class='ocr_line' id='line_1_65' title="bbox 1030 575 1874 613; baseline 0.004 -10"><span class='ocrx_word' id='word_1_414' title='bbox 1030 575 1064 603; x_wconf 90' lang='lat' dir='ltr'>ad</span> <span class='ocrx_word' id='word_1_415' title='bbox 1085 575 1220 604; x_wconf 89' lang='lat' dir='ltr'>Romanos</span> <span class='ocrx_word' id='word_1_416' title='bbox 1240 579 1336 604; x_wconf 89' lang='lat' dir='ltr'>octavo</span> <span class='ocrx_word' id='word_1_417' title='bbox 1350 576 1376 604; x_wconf 85' lang='lat'>⁷:</span> <span class='ocrx_word' id='word_1_418' title='bbox 1403 588 1416 603; x_wconf 69' lang='grc' dir='ltr'>α</span> <span class='ocrx_word' id='word_1_419' title='bbox 1431 577 1490 613; x_wconf 89' lang='lat' dir='ltr'>Ipsa</span> <span class='ocrx_word' id='word_1_420' title='bbox 1518 581 1647 606; x_wconf 89' lang='lat' dir='ltr'>creatura</span> <span class='ocrx_word' id='word_1_421' title='bbox 1667 578 1830 606; x_wconf 83' lang='lat' dir='ltr'>liberabitur</span> <span class='ocrx_word' id='word_1_422' title='bbox 1858 586 1874 606; x_wconf 89' lang='lat' dir='ltr'>a</span> 
     </span>
     <span class='ocr_line' id='line_1_66' title="bbox 1031 621 1873 661; baseline 0.004 -12"><span class='ocrx_word' id='word_1_423' title='bbox 1031 621 1164 650; x_wconf 88' lang='lat' dir='ltr'>servitute</span> <span class='ocrx_word' id='word_1_424' title='bbox 1198 622 1384 659; x_wconf 88' lang='lat' dir='ltr'>corruptionis</span> <span class='ocrx_word' id='word_1_425' title='bbox 1416 623 1445 651; x_wconf 93' lang='lat' dir='ltr'>in</span> <span class='ocrx_word' id='word_1_426' title='bbox 1479 623 1633 652; x_wconf 85' lang='lat' dir='ltr'>libertatem</span> <span class='ocrx_word' id='word_1_427' title='bbox 1667 624 1770 661; x_wconf 85' lang='lat' dir='ltr'>gloriae</span> <span class='ocrx_word' id='word_1_428' title='bbox 1804 624 1873 652; x_wconf 87' lang='lat' dir='ltr'>filio-</span> 
     </span>
     <span class='ocr_line' id='line_1_67' title="bbox 1030 668 1205 697; baseline -0.006 0"><span class='ocrx_word' id='word_1_429' title='bbox 1030 676 1094 697; x_wconf 88' lang='lat' dir='ltr'>rum</span> <span class='ocrx_word' id='word_1_430' title='bbox 1115 668 1163 696; x_wconf 92' lang='lat' dir='ltr'>Dei</span> <span class='ocrx_word' id='word_1_431' title='bbox 1179 679 1205 696; x_wconf 72' lang='lat' dir='ltr'>n.</span> 
     </span>
    </p>

    <p class='ocr_par' dir='ltr' id='par_1_20' title="bbox 1030 715 1874 1219">
     <span class='ocr_line' id='line_1_68' title="bbox 1109 715 1873 755; baseline 0.004 -12"><span class='ocrx_word' id='word_1_432' title='bbox 1109 715 1155 743; x_wconf 72' lang='lat'>48.</span> <span class='ocrx_word' id='word_1_433' title='bbox 1177 715 1265 752; x_wconf 90' lang='lat' dir='ltr'>(Vers.</span> <span class='ocrx_word' id='word_1_434' title='bbox 1288 715 1355 752; x_wconf 66' lang='lat'>33).</span> <span class='ocrx_word' id='word_1_435' title='bbox 1378 717 1595 753; x_wconf 73' lang='lat' dir='ltr'>Responderunt</span> <span class='ocrx_word' id='word_1_436' title='bbox 1615 717 1648 745; x_wconf 89' lang='lat' dir='ltr'>ei.</span> <span class='ocrx_word' id='word_1_437' title='bbox 1675 718 1807 755; x_wconf 83' lang='lat' dir='ltr'>Tangitur</span> <span class='ocrx_word' id='word_1_438' title='bbox 1828 718 1873 747; x_wconf 86' lang='lat' dir='ltr'>hic</span> 
     </span>
     <span class='ocr_line' id='line_1_69' title="bbox 1031 761 1873 800; baseline 0.005 -11"><span class='ocrx_word' id='word_1_439' title='bbox 1031 761 1199 796; x_wconf 81' lang='lat' dir='ltr'>secundum,</span> <span class='ocrx_word' id='word_1_440' title='bbox 1225 762 1327 790; x_wconf 84' lang='lat' dir='ltr'>scilicet</span> <span class='ocrx_word' id='word_1_441' title='bbox 1359 763 1495 799; x_wconf 88' lang='lat' dir='ltr'>quomodo</span> <span class='ocrx_word' id='word_1_442' title='bbox 1519 763 1649 792; x_wconf 84' lang='lat' dir='ltr'>liberatio</span> <span class='ocrx_word' id='word_1_443' title='bbox 1676 764 1826 800; x_wconf 86' lang='lat' dir='ltr'>promissa</span> <span class='ocrx_word' id='word_1_444' title='bbox 1853 773 1873 793; x_wconf 87' lang='lat' dir='ltr'>a</span> 
     </span>
     <span class='ocr_line' id='line_1_70' title="bbox 1031 808 1872 847; baseline 0.005 -11"><span class='ocrx_word' id='word_1_445' title='bbox 1031 808 1149 836; x_wconf 86' lang='lat' dir='ltr'>Iudaeis</span> <span class='ocrx_word' id='word_1_446' title='bbox 1166 809 1404 845; x_wconf 73' lang='lat' dir='ltr'>parvipenditur,</span> <span class='ocrx_word' id='word_1_447' title='bbox 1426 809 1491 846; x_wconf 88' lang='lat' dir='ltr'>quia</span> <span class='ocrx_word' id='word_1_448' title='bbox 1512 810 1562 846; x_wconf 90' lang='lat' dir='ltr'>ipsi</span> <span class='ocrx_word' id='word_1_449' title='bbox 1584 818 1612 838; x_wconf 91' lang='lat' dir='ltr'>se</span> <span class='ocrx_word' id='word_1_450' title='bbox 1641 810 1741 839; x_wconf 86' lang='lat' dir='ltr'>liberos</span> <span class='ocrx_word' id='word_1_451' title='bbox 1762 814 1872 847; x_wconf 82' lang='lat' dir='ltr'>reputa-</span> 
     </span>
     <span class='ocr_line' id='line_1_71' title="bbox 1030 854 1872 892; baseline 0.004 -9"><span class='ocrx_word' id='word_1_452' title='bbox 1030 854 1111 889; x_wconf 79' lang='lat' dir='ltr'>bant3</span> <span class='ocrx_word' id='word_1_453' title='bbox 1134 855 1206 884; x_wconf 93' lang='lat' dir='ltr'>unde</span> <span class='ocrx_word' id='word_1_454' title='bbox 1227 855 1381 892; x_wconf 85' lang='lat' dir='ltr'>gloriantur</span> <span class='ocrx_word' id='word_1_455' title='bbox 1401 855 1435 884; x_wconf 90' lang='lat' dir='ltr'>de</span> <span class='ocrx_word' id='word_1_456' title='bbox 1457 856 1585 885; x_wconf 85' lang='lat' dir='ltr'>libertate</span> <span class='ocrx_word' id='word_1_457' title='bbox 1602 860 1629 885; x_wconf 88' lang='lat' dir='ltr'>et</span> <span class='ocrx_word' id='word_1_458' title='bbox 1651 865 1704 885; x_wconf 89' lang='lat' dir='ltr'>non</span> <span class='ocrx_word' id='word_1_459' title='bbox 1726 860 1825 886; x_wconf 89' lang='lat' dir='ltr'>curant</span> <span class='ocrx_word' id='word_1_460' title='bbox 1839 858 1872 886; x_wconf 93' lang='lat' dir='ltr'>de</span> 
     </span>
     <span class='ocr_line' id='line_1_72' title="bbox 1032 901 1873 939; baseline 0.004 -10"><span class='ocrx_word' id='word_1_461' title='bbox 1032 901 1205 930; x_wconf 86' lang='lat' dir='ltr'>liberatione.</span> <span class='ocrx_word' id='word_1_462' title='bbox 1222 902 1369 939; x_wconf 88' lang='lat' dir='ltr'>Propterea</span> <span class='ocrx_word' id='word_1_463' title='bbox 1389 902 1485 931; x_wconf 88' lang='lat' dir='ltr'>dicunt</span> <span class='ocrx_word' id='word_1_464' title='bbox 1506 903 1543 931; x_wconf 85' lang='lat' dir='ltr'>ei:</span> <span class='ocrx_word' id='word_1_465' title='bbox 1559 903 1659 931; x_wconf 85' lang='lat' dir='ltr'>Semen</span> <span class='ocrx_word' id='word_1_466' title='bbox 1674 902 1810 932; x_wconf 78' lang='lat' dir='ltr'>Abrabae</span> <span class='ocrx_word' id='word_1_467' title='bbox 1824 912 1873 932; x_wconf 88' lang='lat' dir='ltr'>su-</span> 
     </span>
     <span class='ocr_line' id='line_1_73' title="bbox 1030 948 1872 987; baseline 0.002 -11"><span class='ocrx_word' id='word_1_468' title='bbox 1030 955 1097 976; x_wconf 87' lang='lat' dir='ltr'>mus</span> <span class='ocrx_word' id='word_1_469' title='bbox 1118 952 1142 976; x_wconf 88' lang='lat' dir='ltr'>et</span> <span class='ocrx_word' id='word_1_470' title='bbox 1162 948 1272 977; x_wconf 86' lang='lat' dir='ltr'>nemini</span> <span class='ocrx_word' id='word_1_471' title='bbox 1295 949 1469 977; x_wconf 75' lang='lat' dir='ltr'>servivimus</span> <span class='ocrx_word' id='word_1_472' title='bbox 1489 957 1622 987; x_wconf 83' lang='lat' dir='ltr'>unquam</span> <span class='ocrx_word' id='word_1_473' title='bbox 1629 960 1639 983; x_wconf 90' lang='lat'><strong><em>;</em></strong></span> <span class='ocrx_word' id='word_1_474' title='bbox 1660 952 1687 978; x_wconf 88' lang='lat' dir='ltr'>et</span> <span class='ocrx_word' id='word_1_475' title='bbox 1713 950 1772 978; x_wconf 79' lang='lat' dir='ltr'>ita8</span> <span class='ocrx_word' id='word_1_476' title='bbox 1793 950 1872 979; x_wconf 83' lang='lat' dir='ltr'>liberi</span> 
     </span>
     <span class='ocr_line' id='line_1_74' title="bbox 1031 996 1873 1033; baseline 0.002 -10"><span class='ocrx_word' id='word_1_477' title='bbox 1031 1003 1129 1024; x_wconf 90' lang='lat' dir='ltr'>sumus</span> <span class='ocrx_word' id='word_1_478' title='bbox 1149 1003 1199 1032; x_wconf 89' lang='lat' dir='ltr'>per</span> <span class='ocrx_word' id='word_1_479' title='bbox 1219 998 1361 1030; x_wconf 85' lang='lat' dir='ltr'>naturam;</span> <span class='ocrx_word' id='word_1_480' title='bbox 1383 996 1524 1033; x_wconf 83' lang='lat' dir='ltr'>quomodo</span> <span class='ocrx_word' id='word_1_481' title='bbox 1539 1000 1570 1025; x_wconf 88' lang='lat' dir='ltr'>tu</span> <span class='ocrx_word' id='word_1_482' title='bbox 1591 996 1678 1025; x_wconf 85' lang='lat' dir='ltr'>dieis:</span> <span class='ocrx_word' id='word_1_483' title='bbox 1700 996 1799 1025; x_wconf 89' lang='lat' dir='ltr'>Liberi</span> <span class='ocrx_word' id='word_1_484' title='bbox 1819 997 1873 1025; x_wconf 87' lang='lat' dir='ltr'>eri-</span> 
     </span>
     <span class='ocr_line' id='line_1_75' title="bbox 1032 1042 1873 1078; baseline 0.002 -8"><span class='ocrx_word' id='word_1_485' title='bbox 1032 1042 1085 1076; x_wconf 84' lang='lat' dir='ltr'>tis,</span> <span class='ocrx_word' id='word_1_486' title='bbox 1107 1042 1185 1078; x_wconf 87' lang='lat' dir='ltr'>quasi</span> <span class='ocrx_word' id='word_1_487' title='bbox 1206 1042 1287 1070; x_wconf 90' lang='lat' dir='ltr'>modo</span> <span class='ocrx_word' id='word_1_488' title='bbox 1307 1050 1361 1070; x_wconf 89' lang='lat' dir='ltr'>non</span> <span class='ocrx_word' id='word_1_489' title='bbox 1383 1042 1469 1071; x_wconf 88' lang='lat' dir='ltr'>simus</span> <span class='ocrx_word' id='word_1_490' title='bbox 1490 1042 1588 1071; x_wconf 78' lang='lat' dir='ltr'>libori?</span> <span class='ocrx_word' id='word_1_491' title='bbox 1616 1042 1677 1071; x_wconf 87' lang='lat' dir='ltr'>Ideo</span> <span class='ocrx_word' id='word_1_492' title='bbox 1698 1042 1824 1071; x_wconf 86' lang='lat' dir='ltr'>dicebant</span> <span class='ocrx_word' id='word_1_493' title='bbox 1845 1051 1873 1072; x_wconf 91' lang='lat' dir='ltr'>se</span> 
     </span>
     <span class='ocr_line' id='line_1_76' title="bbox 1030 1088 1874 1126; baseline 0.001 -10"><span class='ocrx_word' id='word_1_494' title='bbox 1030 1088 1145 1123; x_wconf 86' lang='lat' dir='ltr'>liberos,</span> <span class='ocrx_word' id='word_1_495' title='bbox 1160 1089 1225 1125; x_wconf 88' lang='lat' dir='ltr'>quia</span> <span class='ocrx_word' id='word_1_496' title='bbox 1240 1089 1295 1117; x_wconf 90' lang='lat' dir='ltr'>nati</span> <span class='ocrx_word' id='word_1_497' title='bbox 1310 1089 1343 1117; x_wconf 88' lang='lat' dir='ltr'>de</span> <span class='ocrx_word' id='word_1_498' title='bbox 1358 1089 1493 1117; x_wconf 87' lang='lat' dir='ltr'>Abraham</span> <span class='ocrx_word' id='word_1_499' title='bbox 1508 1097 1557 1126; x_wconf 92' lang='lat' dir='ltr'>per</span> <span class='ocrx_word' id='word_1_500' title='bbox 1572 1090 1657 1123; x_wconf 89' lang='lat' dir='ltr'>Isaac,</span> <span class='ocrx_word' id='word_1_501' title='bbox 1672 1089 1719 1126; x_wconf 90' lang='lat' dir='ltr'>qui</span> <span class='ocrx_word' id='word_1_502' title='bbox 1734 1089 1808 1118; x_wconf 80' lang='lat' dir='ltr'>filius</span> <span class='ocrx_word' id='word_1_503' title='bbox 1822 1089 1874 1118; x_wconf 87' lang='lat' dir='ltr'>fuit</span> 
     </span>
     <span class='ocr_line' id='line_1_77' title="bbox 1031 1135 1872 1173; baseline 0 -9"><span class='ocrx_word' id='word_1_504' title='bbox 1031 1135 1146 1169; x_wconf 91' lang='lat' dir='ltr'>liberae,</span> <span class='ocrx_word' id='word_1_505' title='bbox 1168 1136 1320 1164; x_wconf 85' lang='lat' dir='ltr'>secundum</span> <span class='ocrx_word' id='word_1_506' title='bbox 1341 1136 1415 1172; x_wconf 92' lang='lat' dir='ltr'>quod</span> <span class='ocrx_word' id='word_1_507' title='bbox 1436 1136 1537 1164; x_wconf 87' lang='lat' dir='ltr'>dicitur</span> <span class='ocrx_word' id='word_1_508' title='bbox 1552 1136 1585 1164; x_wconf 88' lang='lat' dir='ltr'>ad</span> <span class='ocrx_word' id='word_1_509' title='bbox 1604 1135 1711 1164; x_wconf 86' lang='lat' dir='ltr'>Galatas</span> <span class='ocrx_word' id='word_1_510' title='bbox 1732 1139 1832 1173; x_wconf 87' lang='lat' dir='ltr'>quarto</span> <span class='ocrx_word' id='word_1_511' title='bbox 1846 1136 1872 1164; x_wconf 74' lang='lat'>⁰:</span> 
     </span>
     <span class='ocr_line' id='line_1_78' title="bbox 1036 1182 1871 1219; baseline 0.002 -11"><span class='ocrx_word' id='word_1_512' title='bbox 1036 1193 1050 1207; x_wconf 82' lang='grc'><em>«</em></span> <span class='ocrx_word' id='word_1_513' title='bbox 1064 1182 1135 1210; x_wconf 89' lang='lat' dir='ltr'>Eiice</span> <span class='ocrx_word' id='word_1_514' title='bbox 1155 1182 1280 1210; x_wconf 89' lang='lat' dir='ltr'>ancillam</span> <span class='ocrx_word' id='word_1_515' title='bbox 1296 1185 1323 1210; x_wconf 85' lang='lat' dir='ltr'>et</span> <span class='ocrx_word' id='word_1_516' title='bbox 1334 1182 1421 1210; x_wconf 84' lang='lat' dir='ltr'>filium</span> <span class='ocrx_word' id='word_1_517' title='bbox 1443 1182 1502 1210; x_wconf 89' lang='lat' dir='ltr'>eius</span> <span class='ocrx_word' id='word_1_518' title='bbox 1517 1193 1544 1215; x_wconf 84' lang='lat'>»;</span> <span class='ocrx_word' id='word_1_519' title='bbox 1559 1182 1664 1210; x_wconf 90' lang='lat' dir='ltr'>dictum</span> <span class='ocrx_word' id='word_1_520' title='bbox 1677 1185 1718 1211; x_wconf 88' lang='lat' dir='ltr'>est</span> <span class='ocrx_word' id='word_1_521' title='bbox 1732 1182 1766 1211; x_wconf 90' lang='lat' dir='ltr'>de</span> <span class='ocrx_word' id='word_1_522' title='bbox 1787 1183 1871 1219; x_wconf 78' lang='lat' dir='ltr'>Agar3</span> 
     </span>
    </p>
   </div>
   <div class='ocr_carea' id='block_1_16' title="bbox 1036 1228 1887 1258">
    <p class='ocr_par' dir='ltr' id='par_1_21' title="bbox 1036 1228 1887 1258">
     <span class='ocr_line' id='line_1_79' title="bbox 1036 1228 1887 1258; baseline 0.002 -3"><span class='ocrx_word' id='word_1_523' title='bbox 1036 1241 1050 1255; x_wconf 83' lang='grc'>«</span> <span class='ocrx_word' id='word_1_524' title='bbox 1063 1237 1118 1258; x_wconf 88' lang='lat' dir='ltr'>non</span> <span class='ocrx_word' id='word_1_525' title='bbox 1139 1229 1210 1257; x_wconf 90' lang='lat' dir='ltr'>enim</span> <span class='ocrx_word' id='word_1_526' title='bbox 1234 1229 1315 1257; x_wconf 88' lang='lat' dir='ltr'>heres</span> <span class='ocrx_word' id='word_1_527' title='bbox 1335 1229 1388 1257; x_wconf 89' lang='lat' dir='ltr'>erit</span> <span class='ocrx_word' id='word_1_528' title='bbox 1408 1228 1481 1257; x_wconf 86' lang='lat' dir='ltr'>filius</span> <span class='ocrx_word' id='word_1_529' title='bbox 1502 1229 1615 1257; x_wconf 88' lang='lat' dir='ltr'>ancillae</span> <span class='ocrx_word' id='word_1_530' title='bbox 1641 1236 1704 1257; x_wconf 89' lang='lat' dir='ltr'>cum</span> <span class='ocrx_word' id='word_1_531' title='bbox 1732 1229 1788 1257; x_wconf 83' lang='lat' dir='ltr'>filio</span> <span class='ocrx_word' id='word_1_532' title='bbox 1809 1229 1887 1257; x_wconf 88' lang='lat' dir='ltr'>libe--</span> 
     </span>
    </p>
   </div>
   <div class='ocr_carea' id='block_1_17' title="bbox 1027 1275 1875 1917">
    <p class='ocr_par' dir='ltr' id='par_1_22' title="bbox 1027 1275 1875 1917">
     <span class='ocr_line' id='line_1_80' title="bbox 1031 1275 1827 1312; baseline -0.001 -8"><span class='ocrx_word' id='word_1_533' title='bbox 1031 1284 1078 1305; x_wconf 91' lang='lat' dir='ltr'>rae</span> <span class='ocrx_word' id='word_1_534' title='bbox 1092 1287 1120 1310; x_wconf 85' lang='lat'>»,</span> <span class='ocrx_word' id='word_1_535' title='bbox 1141 1279 1168 1304; x_wconf 90' lang='lat' dir='ltr'>et</span> <span class='ocrx_word' id='word_1_536' title='bbox 1190 1278 1308 1304; x_wconf 84' lang='lat' dir='ltr'>tractum</span> <span class='ocrx_word' id='word_1_537' title='bbox 1330 1278 1371 1304; x_wconf 90' lang='lat' dir='ltr'>est</span> <span class='ocrx_word' id='word_1_538' title='bbox 1391 1275 1424 1303; x_wconf 90' lang='lat' dir='ltr'>de</span> <span class='ocrx_word' id='word_1_539' title='bbox 1445 1275 1556 1304; x_wconf 89' lang='lat' dir='ltr'>Genesis</span> <span class='ocrx_word' id='word_1_540' title='bbox 1578 1275 1709 1312; x_wconf 82' lang='lat' dir='ltr'>vigesimo</span> <span class='ocrx_word' id='word_1_541' title='bbox 1729 1276 1827 1312; x_wconf 90' lang='lat' dir='ltr'>primo.</span> 
     </span>
     <span class='ocr_line' id='line_1_81' title="bbox 1108 1321 1873 1359; baseline 0 -9"><span class='ocrx_word' id='word_1_542' title='bbox 1108 1323 1155 1351; x_wconf 72' lang='grc'>49.</span> <span class='ocrx_word' id='word_1_543' title='bbox 1178 1322 1266 1359; x_wconf 89' lang='lat' dir='ltr'>(Vers.</span> <span class='ocrx_word' id='word_1_544' title='bbox 1289 1322 1356 1358; x_wconf 53' lang='lat'>34).</span> <span class='ocrx_word' id='word_1_545' title='bbox 1388 1322 1543 1358; x_wconf 83' lang='lat' dir='ltr'>Respondit</span> <span class='ocrx_word' id='word_1_546' title='bbox 1561 1321 1602 1350; x_wconf 82' lang='lat' dir='ltr'>eis</span> <span class='ocrx_word' id='word_1_547' title='bbox 1629 1323 1717 1350; x_wconf 86' lang='lat' dir='ltr'>Iesus.</span> <span class='ocrx_word' id='word_1_548' title='bbox 1741 1322 1873 1358; x_wconf 85' lang='lat' dir='ltr'>Tangitur</span> 
     </span>
     <span class='ocr_line' id='line_1_82' title="bbox 1031 1367 1874 1405; baseline -0.001 -8"><span class='ocrx_word' id='word_1_549' title='bbox 1031 1369 1076 1397; x_wconf 88' lang='lat' dir='ltr'>hic</span> <span class='ocrx_word' id='word_1_550' title='bbox 1097 1369 1220 1402; x_wconf 88' lang='lat' dir='ltr'>tertium,</span> <span class='ocrx_word' id='word_1_551' title='bbox 1242 1368 1307 1405; x_wconf 87' lang='lat' dir='ltr'>quia</span> <span class='ocrx_word' id='word_1_552' title='bbox 1329 1368 1481 1396; x_wconf 82' lang='lat' dir='ltr'>necessitas</span> <span class='ocrx_word' id='word_1_553' title='bbox 1502 1367 1681 1396; x_wconf 82' lang='lat' dir='ltr'>liberationis</span> <span class='ocrx_word' id='word_1_554' title='bbox 1695 1367 1856 1396; x_wconf 81' lang='lat' dir='ltr'>ostenditur</span> <span class='ocrx_word' id='word_1_555' title='bbox 1863 1378 1874 1402; x_wconf 85' lang='lat'>,-</span> 
     </span>
     <span class='ocr_line' id='line_1_83' title="bbox 1031 1414 1874 1451; baseline -0.002 -7"><span class='ocrx_word' id='word_1_556' title='bbox 1031 1419 1058 1444; x_wconf 92' lang='lat' dir='ltr'>et</span> <span class='ocrx_word' id='word_1_557' title='bbox 1078 1415 1197 1444; x_wconf 90' lang='lat' dir='ltr'>ostendit</span> <span class='ocrx_word' id='word_1_558' title='bbox 1217 1423 1263 1443; x_wconf 89' lang='lat' dir='ltr'>eos</span> <span class='ocrx_word' id='word_1_559' title='bbox 1284 1423 1395 1448; x_wconf 81' lang='lat' dir='ltr'>servos,</span> <span class='ocrx_word' id='word_1_560' title='bbox 1418 1417 1444 1443; x_wconf 89' lang='lat' dir='ltr'>et</span> <span class='ocrx_word' id='word_1_561' title='bbox 1459 1414 1532 1451; x_wconf 88' lang='lat' dir='ltr'>quod</span> <span class='ocrx_word' id='word_1_562' title='bbox 1554 1414 1655 1443; x_wconf 85' lang='lat' dir='ltr'>hahent</span> <span class='ocrx_word' id='word_1_563' title='bbox 1676 1422 1746 1451; x_wconf 89' lang='lat' dir='ltr'>opus</span> <span class='ocrx_word' id='word_1_564' title='bbox 1772 1414 1874 1442; x_wconf 83' lang='lat' dir='ltr'>libera-</span> 
     </span>
     <span class='ocr_line' id='line_1_84' title="bbox 1031 1460 1874 1499; baseline -0.001 -9"><span class='ocrx_word' id='word_1_565' title='bbox 1031 1462 1105 1490; x_wconf 86' lang='lat' dir='ltr'>tione</span> <span class='ocrx_word' id='word_1_566' title='bbox 1129 1465 1156 1490; x_wconf 87' lang='lat' dir='ltr'>et</span> <span class='ocrx_word' id='word_1_567' title='bbox 1188 1462 1330 1499; x_wconf 84' lang='lat' dir='ltr'>quomodo</span> <span class='ocrx_word' id='word_1_568' title='bbox 1358 1461 1529 1489; x_wconf 85' lang='lat' dir='ltr'>liberantur.</span> <span class='ocrx_word' id='word_1_569' title='bbox 1558 1477 1596 1481; x_wconf 90' lang='lat'>—</span> <span class='ocrx_word' id='word_1_570' title='bbox 1624 1460 1701 1496; x_wconf 85' lang='lat' dir='ltr'>Quod</span> <span class='ocrx_word' id='word_1_571' title='bbox 1729 1468 1794 1497; x_wconf 82' lang='lat' dir='ltr'>ergo</span> <span class='ocrx_word' id='word_1_572' title='bbox 1819 1460 1874 1489; x_wconf 86' lang='lat' dir='ltr'>sint</span> 
     </span>
     <span class='ocr_line' id='line_1_85' title="bbox 1030 1506 1875 1545; baseline -0.002 -8"><span class='ocrx_word' id='word_1_573' title='bbox 1030 1508 1108 1537; x_wconf 82' lang='lat' dir='ltr'>servi</span> <span class='ocrx_word' id='word_1_574' title='bbox 1132 1508 1321 1545; x_wconf 88' lang='lat' dir='ltr'>spiritualiter,</span> <span class='ocrx_word' id='word_1_575' title='bbox 1352 1507 1471 1536; x_wconf 89' lang='lat' dir='ltr'>ostendit</span> <span class='ocrx_word' id='word_1_576' title='bbox 1501 1507 1548 1535; x_wconf 91' lang='lat' dir='ltr'>tali</span> <span class='ocrx_word' id='word_1_577' title='bbox 1570 1507 1690 1536; x_wconf 89' lang='lat' dir='ltr'>ratione:</span> <span class='ocrx_word' id='word_1_578' title='bbox 1714 1507 1772 1543; x_wconf 88' lang='lat' dir='ltr'>Qui</span> <span class='ocrx_word' id='word_1_579' title='bbox 1800 1506 1875 1544; x_wconf 85' lang='lat' dir='ltr'>facit</span> 
     </span>
     <span class='ocr_line' id='line_1_86' title="bbox 1027 1554 1874 1592; baseline -0.001 -9"><span class='ocrx_word' id='word_1_580' title='bbox 1027 1558 1181 1592; x_wconf 87' lang='lat' dir='ltr'>peccatum</span> <span class='ocrx_word' id='word_1_581' title='bbox 1201 1563 1305 1583; x_wconf 82' lang='lat' dir='ltr'>servus</span> <span class='ocrx_word' id='word_1_582' title='bbox 1325 1558 1366 1583; x_wconf 88' lang='lat' dir='ltr'>est</span> <span class='ocrx_word' id='word_1_583' title='bbox 1382 1554 1513 1591; x_wconf 83' lang='lat' dir='ltr'>peccati;</span> <span class='ocrx_word' id='word_1_584' title='bbox 1534 1554 1581 1582; x_wconf 88' lang='lat' dir='ltr'>sed</span> <span class='ocrx_word' id='word_1_585' title='bbox 1602 1561 1650 1582; x_wconf 89' lang='lat' dir='ltr'>vos</span> <span class='ocrx_word' id='word_1_586' title='bbox 1672 1554 1759 1582; x_wconf 82' lang='lat' dir='ltr'>facitis</span> <span class='ocrx_word' id='word_1_587' title='bbox 1780 1561 1874 1590; x_wconf 90' lang='lat' dir='ltr'>pecca—</span> 
     </span>
     <span class='ocr_line' id='line_1_87' title="bbox 1031 1600 1874 1638; baseline -0.001 -8"><span class='ocrx_word' id='word_1_588' title='bbox 1031 1604 1107 1630; x_wconf 89' lang='lat' dir='ltr'>tum:</span> <span class='ocrx_word' id='word_1_589' title='bbox 1129 1609 1195 1638; x_wconf 88' lang='lat' dir='ltr'>ergo</span> <span class='ocrx_word' id='word_1_590' title='bbox 1215 1609 1265 1629; x_wconf 89' lang='lat' dir='ltr'>vos</span> <span class='ocrx_word' id='word_1_591' title='bbox 1292 1601 1356 1629; x_wconf 91' lang='lat' dir='ltr'>estis</span> <span class='ocrx_word' id='word_1_592' title='bbox 1384 1600 1457 1629; x_wconf 83' lang='lat' dir='ltr'>servi</span> <span class='ocrx_word' id='word_1_593' title='bbox 1481 1600 1593 1637; x_wconf 85' lang='lat' dir='ltr'>peccati.</span> <span class='ocrx_word' id='word_1_594' title='bbox 1622 1600 1763 1628; x_wconf 84' lang='lat' dir='ltr'>Minorem</span> <span class='ocrx_word' id='word_1_595' title='bbox 1790 1600 1874 1629; x_wconf 91' lang='lat' dir='ltr'>huius</span> 
     </span>
     <span class='ocr_line' id='line_1_88' title="bbox 1030 1646 1873 1684; baseline -0.002 -8"><span class='ocrx_word' id='word_1_596' title='bbox 1030 1648 1145 1676; x_wconf 88' lang='lat' dir='ltr'>rationis</span> <span class='ocrx_word' id='word_1_597' title='bbox 1166 1650 1249 1681; x_wconf 89' lang='lat' dir='ltr'>tacet,</span> <span class='ocrx_word' id='word_1_598' title='bbox 1265 1647 1330 1684; x_wconf 85' lang='lat' dir='ltr'>quia</span> <span class='ocrx_word' id='word_1_599' title='bbox 1350 1647 1422 1675; x_wconf 84' lang='lat' dir='ltr'>infra</span> <span class='ocrx_word' id='word_1_600' title='bbox 1435 1647 1457 1664; x_wconf 88' lang='lat'>¹⁰</span> <span class='ocrx_word' id='word_1_601' title='bbox 1477 1655 1537 1675; x_wconf 88' lang='lat' dir='ltr'>eam</span> <span class='ocrx_word' id='word_1_602' title='bbox 1559 1646 1703 1683; x_wconf 87' lang='lat' dir='ltr'>exprimit,</span> <span class='ocrx_word' id='word_1_603' title='bbox 1719 1650 1745 1675; x_wconf 91' lang='lat' dir='ltr'>et</span> <span class='ocrx_word' id='word_1_604' title='bbox 1760 1646 1873 1675; x_wconf 84' lang='lat' dir='ltr'>conclu-</span> 
     </span>
     <span class='ocr_line' id='line_1_89' title="bbox 1030 1693 1873 1730; baseline -0.001 -8"><span class='ocrx_word' id='word_1_605' title='bbox 1030 1695 1139 1722; x_wconf 84' lang='lat' dir='ltr'>sionem</span> <span class='ocrx_word' id='word_1_606' title='bbox 1160 1697 1246 1727; x_wconf 90' lang='lat' dir='ltr'>tacet;</span> <span class='ocrx_word' id='word_1_607' title='bbox 1268 1693 1315 1722; x_wconf 92' lang='lat' dir='ltr'>sed</span> <span class='ocrx_word' id='word_1_608' title='bbox 1336 1693 1465 1730; x_wconf 87' lang='lat' dir='ltr'>proponit</span> <span class='ocrx_word' id='word_1_609' title='bbox 1484 1693 1626 1721; x_wconf 87' lang='lat' dir='ltr'>maiorem</span> <span class='ocrx_word' id='word_1_610' title='bbox 1647 1693 1752 1722; x_wconf 78' lang='lat' dir='ltr'>dIcens:</span> <span class='ocrx_word' id='word_1_611' title='bbox 1768 1694 1873 1727; x_wconf 83' lang='lat' dir='ltr'>Amen,</span> 
     </span>
     <span class='ocr_line' id='line_1_90' title="bbox 1031 1739 1874 1777; baseline -0.002 -8"><span class='ocrx_word' id='word_1_612' title='bbox 1031 1750 1117 1769; x_wconf 88' lang='lat' dir='ltr'>amen</span> <span class='ocrx_word' id='word_1_613' title='bbox 1137 1741 1201 1769; x_wconf 84' lang='lat' dir='ltr'>dieo</span> <span class='ocrx_word' id='word_1_614' title='bbox 1222 1740 1318 1768; x_wconf 81' lang='lat' dir='ltr'>vobis:</span> <span class='ocrx_word' id='word_1_615' title='bbox 1342 1740 1400 1776; x_wconf 83' lang='lat' dir='ltr'>Qui</span> <span class='ocrx_word' id='word_1_616' title='bbox 1412 1741 1433 1756; x_wconf 81' lang='lat'>¹¹</span> <span class='ocrx_word' id='word_1_617' title='bbox 1451 1739 1525 1777; x_wconf 82' lang='lat' dir='ltr'>facit</span> <span class='ocrx_word' id='word_1_618' title='bbox 1541 1743 1693 1777; x_wconf 83' lang='lat' dir='ltr'>peccatum</span> <span class='ocrx_word' id='word_1_619' title='bbox 1714 1748 1815 1768; x_wconf 78' lang='lat' dir='ltr'>servus</span> <span class='ocrx_word' id='word_1_620' title='bbox 1833 1743 1874 1768; x_wconf 75' lang='lat' dir='ltr'>est</span> 
     </span>
     <span class='ocr_line' id='line_1_91' title="bbox 1028 1786 1873 1825; baseline -0.002 -9"><span class='ocrx_word' id='word_1_621' title='bbox 1028 1787 1148 1825; x_wconf 83' lang='lat' dir='ltr'>peccati.</span> <span class='ocrx_word' id='word_1_622' title='bbox 1171 1787 1224 1815; x_wconf 86' lang='lat' dir='ltr'>Hoc</span> <span class='ocrx_word' id='word_1_623' title='bbox 1244 1787 1343 1823; x_wconf 87' lang='lat' dir='ltr'>probat</span> <span class='ocrx_word' id='word_1_624' title='bbox 1363 1787 1460 1815; x_wconf 88' lang='lat' dir='ltr'>beatus</span> <span class='ocrx_word' id='word_1_625' title='bbox 1475 1787 1570 1815; x_wconf 86' lang='lat' dir='ltr'>Petrus</span> <span class='ocrx_word' id='word_1_626' title='bbox 1591 1787 1618 1814; x_wconf 90' lang='lat' dir='ltr'>in</span> <span class='ocrx_word' id='word_1_627' title='bbox 1633 1786 1767 1815; x_wconf 88' lang='lat' dir='ltr'>secundae</span> <span class='ocrx_word' id='word_1_628' title='bbox 1789 1786 1873 1814; x_wconf 81' lang='lat' dir='ltr'>Cano-</span> 
     </span>
     <span class='ocr_line' id='line_1_92' title="bbox 1031 1833 1872 1870; baseline -0.001 -8"><span class='ocrx_word' id='word_1_629' title='bbox 1031 1834 1108 1862; x_wconf 88' lang='lat' dir='ltr'>nicae</span> <span class='ocrx_word' id='word_1_630' title='bbox 1129 1834 1264 1862; x_wconf 88' lang='lat' dir='ltr'>secundo:</span> <span class='ocrx_word' id='word_1_631' title='bbox 1291 1845 1304 1858; x_wconf 87' lang='lat'>«</span> <span class='ocrx_word' id='word_1_632' title='bbox 1320 1834 1338 1862; x_wconf 81' lang='lat' dir='ltr'><strong>A</strong></span> <span class='ocrx_word' id='word_1_633' title='bbox 1353 1841 1408 1870; x_wconf 87' lang='lat' dir='ltr'>quo</span> <span class='ocrx_word' id='word_1_634' title='bbox 1423 1833 1485 1870; x_wconf 88' lang='lat' dir='ltr'>quis</span> <span class='ocrx_word' id='word_1_635' title='bbox 1499 1835 1646 1869; x_wconf 90' lang='lat' dir='ltr'>superatus</span> <span class='ocrx_word' id='word_1_636' title='bbox 1666 1835 1719 1867; x_wconf 86' lang='lat' dir='ltr'>est,</span> <span class='ocrx_word' id='word_1_637' title='bbox 1741 1833 1825 1861; x_wconf 91' lang='lat' dir='ltr'>huius</span> <span class='ocrx_word' id='word_1_638' title='bbox 1845 1836 1872 1861; x_wconf 88' lang='lat' dir='ltr'>et</span> 
     </span>
     <span class='ocr_line' id='line_1_93' title="bbox 1032 1879 1871 1917; baseline -0.004 -7"><span class='ocrx_word' id='word_1_639' title='bbox 1032 1889 1130 1910; x_wconf 89' lang='lat' dir='ltr'>servus</span> <span class='ocrx_word' id='word_1_640' title='bbox 1151 1883 1191 1909; x_wconf 89' lang='lat' dir='ltr'>est</span> <span class='ocrx_word' id='word_1_641' title='bbox 1210 1892 1236 1908; x_wconf 84' lang='grc'>».</span> <span class='ocrx_word' id='word_1_642' title='bbox 1259 1881 1328 1909; x_wconf 85' lang='lat' dir='ltr'>Haec</span> <span class='ocrx_word' id='word_1_643' title='bbox 1356 1883 1398 1909; x_wconf 89' lang='lat' dir='ltr'>est</span> <span class='ocrx_word' id='word_1_644' title='bbox 1418 1880 1536 1917; x_wconf 85' lang='lat' dir='ltr'>pessima</span> <span class='ocrx_word' id='word_1_645' title='bbox 1564 1880 1698 1913; x_wconf 86' lang='lat' dir='ltr'>servitus;</span> <span class='ocrx_word' id='word_1_646' title='bbox 1727 1879 1799 1907; x_wconf 89' lang='lat' dir='ltr'>unde</span> <span class='ocrx_word' id='word_1_647' title='bbox 1819 1880 1871 1907; x_wconf 75' lang='lat' dir='ltr'>Au-</span> 
     </span>
    </p>
   </div>
   <div class='ocr_carea' id='block_1_18' title="bbox 1031 2143 1872 2286">
    <p class='ocr_par' dir='ltr' id='par_1_23' title="bbox 1031 2143 1872 2286">
     <span class='ocr_line' id='line_1_94' title="bbox 1032 2143 1872 2175; baseline -0.004 -7"><span class='ocrx_word' id='word_1_648' title='bbox 1032 2148 1132 2175; x_wconf 82' lang='lat' dir='ltr'>quarta,</span> <span class='ocrx_word' id='word_1_649' title='bbox 1149 2152 1210 2175; x_wconf 82' lang='lat' dir='ltr'>quae</span> <span class='ocrx_word' id='word_1_650' title='bbox 1225 2147 1259 2169; x_wconf 81' lang='lat' dir='ltr'>est</span> <span class='ocrx_word' id='word_1_651' title='bbox 1269 2145 1421 2173; x_wconf 78' lang='lat' dir='ltr'>iracundiae,</span> <span class='ocrx_word' id='word_1_652' title='bbox 1437 2151 1486 2168; x_wconf 85' lang='lat' dir='ltr'>non</span> <span class='ocrx_word' id='word_1_653' title='bbox 1503 2144 1530 2167; x_wconf 85' lang='lat' dir='ltr'>de</span> <span class='ocrx_word' id='word_1_654' title='bbox 1543 2144 1626 2173; x_wconf 81' lang='lat' dir='ltr'>prima</span> <span class='ocrx_word' id='word_1_655' title='bbox 1642 2145 1663 2166; x_wconf 89' lang='lat' dir='ltr'>et</span> <span class='ocrx_word' id='word_1_656' title='bbox 1680 2143 1795 2171; x_wconf 78' lang='lat' dir='ltr'>secunda,</span> <span class='ocrx_word' id='word_1_657' title='bbox 1813 2150 1872 2173; x_wconf 80' lang='lat' dir='ltr'>quae</span> 
     </span>
     <span class='ocr_line' id='line_1_95' title="bbox 1031 2182 1872 2214; baseline -0.004 -6"><span class='ocrx_word' id='word_1_658' title='bbox 1031 2186 1066 2208; x_wconf 79' lang='lat' dir='ltr'>est</span> <span class='ocrx_word' id='word_1_659' title='bbox 1081 2184 1261 2214; x_wconf 68' lang='lat' dir='ltr'>dispensationis</span> <span class='ocrx_word' id='word_1_660' title='bbox 1283 2183 1375 2207; x_wconf 80' lang='lat' dir='ltr'>diuinae</span> <span class='ocrx_word' id='word_1_661' title='bbox 1396 2183 1529 2212; x_wconf 83' lang='lat' dir='ltr'>sapientiae.</span> <span class='ocrx_word' id='word_1_662' title='bbox 1552 2182 1639 2205; x_wconf 86' lang='lat' dir='ltr'>Deinde</span> <span class='ocrx_word' id='word_1_663' title='bbox 1661 2182 1741 2204; x_wconf 85' lang='lat' dir='ltr'>eadem</span> <span class='ocrx_word' id='word_1_664' title='bbox 1759 2183 1801 2204; x_wconf 86' lang='lat' dir='ltr'>hoe</span> <span class='ocrx_word' id='word_1_665' title='bbox 1823 2183 1872 2206; x_wconf 89' lang='lat' dir='ltr'>loco</span> 
     </span>
     <span class='ocr_line' id='line_1_96' title="bbox 1031 2221 1872 2251; baseline -0.002 -5"><span class='ocrx_word' id='word_1_666' title='bbox 1031 2224 1095 2246; x_wconf 81' lang='lat' dir='ltr'>addit</span> <span class='ocrx_word' id='word_1_667' title='bbox 1112 2223 1184 2246; x_wconf 84' lang='lat' dir='ltr'>verba</span> <span class='ocrx_word' id='word_1_668' title='bbox 1205 2226 1226 2245; x_wconf 90' lang='lat' dir='ltr'>et</span> <span class='ocrx_word' id='word_1_669' title='bbox 1248 2224 1354 2251; x_wconf 84' lang='lat' dir='ltr'>schema,</span> <span class='ocrx_word' id='word_1_670' title='bbox 1377 2228 1436 2250; x_wconf 83' lang='lat' dir='ltr'>quae</span> <span class='ocrx_word' id='word_1_671' title='bbox 1458 2223 1586 2250; x_wconf 78' lang='lat' dir='ltr'>sequuntur</span> <span class='ocrx_word' id='word_1_672' title='bbox 1609 2223 1630 2243; x_wconf 85' lang='lat' dir='ltr'>et</span> <span class='ocrx_word' id='word_1_673' title='bbox 1652 2221 1674 2243; x_wconf 88' lang='lat' dir='ltr'>in</span> <span class='ocrx_word' id='word_1_674' title='bbox 1697 2221 1764 2243; x_wconf 83' lang='lat' dir='ltr'>codd.</span> <span class='ocrx_word' id='word_1_675' title='bbox 1785 2222 1872 2244; x_wconf 87' lang='lat' dir='ltr'>deside-</span> 
     </span>
     <span class='ocr_line' id='line_1_97' title="bbox 1031 2266 1122 2286; baseline -0.011 -1"><span class='ocrx_word' id='word_1_676' title='bbox 1031 2266 1122 2286; x_wconf 85' lang='lat' dir='ltr'>rantur:</span> 
     </span>
    </p>
   </div>
   <div class='ocr_carea' id='block_1_19' title="bbox 134 2366 1871 2554">
    <p class='ocr_par' dir='ltr' id='par_1_24' title="bbox 134 2366 1871 2554">
     <span class='ocr_line' id='line_1_98' title="bbox 344 2366 1530 2398; baseline -0.003 -7"><span class='ocrx_word' id='word_1_677' title='bbox 344 2369 531 2397; x_wconf 84' lang='lat' dir='ltr'>dispensationis,</span> <span class='ocrx_word' id='word_1_678' title='bbox 549 2370 584 2392; x_wconf 83' lang='lat' dir='ltr'>Ps.</span> <span class='ocrx_word' id='word_1_679' title='bbox 601 2370 626 2391; x_wconf 72' lang='lat'>24</span> <span class='ocrx_word' id='word_1_680' title='bbox 638 2387 644 2396; x_wconf 84' lang='lat'>,</span> <span class='ocrx_word' id='word_1_681' title='bbox 662 2370 688 2391; x_wconf 90' lang='lat'>2:</span> <span class='ocrx_word' id='word_1_682' title='bbox 708 2378 719 2389; x_wconf 79' lang='grc' dir='ltr'>α</span> <span class='ocrx_word' id='word_1_683' title='bbox 731 2369 804 2398; x_wconf 89' lang='lat' dir='ltr'>Deus⁷</span> <span class='ocrx_word' id='word_1_684' title='bbox 821 2370 883 2392; x_wconf 88' lang='lat' dir='ltr'>Deus</span> <span class='ocrx_word' id='word_1_685' title='bbox 900 2375 977 2398; x_wconf 87' lang='lat' dir='ltr'>meus,</span> <span class='ocrx_word' id='word_1_686' title='bbox 994 2369 1083 2397; x_wconf 83' lang='lat' dir='ltr'>respice</span> <span class='ocrx_word' id='word_1_687' title='bbox 1100 2369 1123 2390; x_wconf 93' lang='lat' dir='ltr'>in</span> <span class='ocrx_word' id='word_1_688' title='bbox 1140 2374 1188 2396; x_wconf 87' lang='lat' dir='ltr'>me,</span> <span class='ocrx_word' id='word_1_689' title='bbox 1205 2373 1277 2396; x_wconf 87' lang='lat' dir='ltr'>quare</span> <span class='ocrx_word' id='word_1_690' title='bbox 1294 2372 1331 2389; x_wconf 90' lang='lat' dir='ltr'>me</span> <span class='ocrx_word' id='word_1_691' title='bbox 1348 2366 1487 2394; x_wconf 82' lang='lat' dir='ltr'>dereliquisti</span> <span class='ocrx_word' id='word_1_692' title='bbox 1499 2367 1530 2387; x_wconf 72' lang='lat' dir='ltr'>n?</span> 
     </span>
     <span class='ocr_line' id='line_1_99' title="bbox 344 2404 1819 2436; baseline -0.002 -6"><span class='ocrx_word' id='word_1_693' title='bbox 344 2408 498 2436; x_wconf 86' lang='lat' dir='ltr'>probationis,</span> <span class='ocrx_word' id='word_1_694' title='bbox 515 2408 564 2431; x_wconf 87' lang='lat' dir='ltr'>lsai.</span> <span class='ocrx_word' id='word_1_695' title='bbox 582 2408 623 2436; x_wconf 76' lang='lat'>54,</span> <span class='ocrx_word' id='word_1_696' title='bbox 639 2408 666 2430; x_wconf 91' lang='lat'>7:</span> <span class='ocrx_word' id='word_1_697' title='bbox 687 2417 698 2428; x_wconf 82' lang='lat'>«</span> <span class='ocrx_word' id='word_1_698' title='bbox 710 2408 745 2431; x_wconf 86' lang='lat' dir='ltr'>Ad</span> <span class='ocrx_word' id='word_1_699' title='bbox 762 2411 873 2436; x_wconf 84' lang='lat' dir='ltr'>punctum</span> <span class='ocrx_word' id='word_1_700' title='bbox 892 2408 913 2430; x_wconf 89' lang='lat' dir='ltr'>in</span> <span class='ocrx_word' id='word_1_701' title='bbox 931 2408 1022 2431; x_wconf 90' lang='lat' dir='ltr'>modico</span> <span class='ocrx_word' id='word_1_702' title='bbox 1040 2408 1151 2436; x_wconf 85' lang='lat' dir='ltr'>dereliqui</span> <span class='ocrx_word' id='word_1_703' title='bbox 1169 2409 1203 2434; x_wconf 87' lang='lat' dir='ltr'>te,</span> <span class='ocrx_word' id='word_1_704' title='bbox 1219 2409 1241 2428; x_wconf 84' lang='lat' dir='ltr'>et</span> <span class='ocrx_word' id='word_1_705' title='bbox 1258 2406 1280 2428; x_wconf 92' lang='lat' dir='ltr'>in</span> <span class='ocrx_word' id='word_1_706' title='bbox 1296 2404 1480 2428; x_wconf 77' lang='lat' dir='ltr'>miserationIbus</span> <span class='ocrx_word' id='word_1_707' title='bbox 1497 2404 1587 2432; x_wconf 80' lang='lat' dir='ltr'>magnis</span> <span class='ocrx_word' id='word_1_708' title='bbox 1604 2404 1751 2432; x_wconf 75' lang='lat' dir='ltr'>congregabo</span> <span class='ocrx_word' id='word_1_709' title='bbox 1769 2408 1789 2427; x_wconf 88' lang='lat' dir='ltr'>te</span> <span class='ocrx_word' id='word_1_710' title='bbox 1799 2414 1819 2427; x_wconf 68' lang='grc' dir='ltr'>ι).</span> 
     </span>
     <span class='ocr_line' id='line_1_100' title="bbox 134 2444 1530 2476; baseline -0.004 -6"><span class='ocrx_word' id='word_1_711' title='bbox 134 2452 168 2473; x_wconf 81' lang='lat' dir='ltr'>est</span> <span class='ocrx_word' id='word_1_712' title='bbox 185 2450 301 2473; x_wconf 76' lang='lat' dir='ltr'>derelictio</span> <span class='ocrx_word' id='word_1_713' title='bbox 345 2447 516 2475; x_wconf 86' lang='lat' dir='ltr'>permissionis,</span> <span class='ocrx_word' id='word_1_714' title='bbox 533 2448 557 2469; x_wconf 91' lang='lat' dir='ltr'>ll.</span> <span class='ocrx_word' id='word_1_715' title='bbox 574 2447 671 2475; x_wconf 85' lang='lat' dir='ltr'>Paralip.</span> <span class='ocrx_word' id='word_1_716' title='bbox 689 2448 730 2475; x_wconf 75' lang='lat'>42,</span> <span class='ocrx_word' id='word_1_717' title='bbox 748 2448 756 2469; x_wconf 76' lang='lat' dir='ltr'>l</span> <span class='ocrx_word' id='word_1_718' title='bbox 772 2455 777 2469; x_wconf 90' lang='lat'>:</span> <span class='ocrx_word' id='word_1_719' title='bbox 798 2456 809 2467; x_wconf 69' lang='grc' dir='ltr'>«ι</span> <span class='ocrx_word' id='word_1_720' title='bbox 821 2448 946 2476; x_wconf 88' lang='lat' dir='ltr'>Dereliquit</span> <span class='ocrx_word' id='word_1_721' title='bbox 962 2448 1048 2475; x_wconf 83' lang='lat' dir='ltr'>Legem</span> <span class='ocrx_word' id='word_1_722' title='bbox 1065 2446 1168 2473; x_wconf 89' lang='lat' dir='ltr'>Domini,</span> <span class='ocrx_word' id='word_1_723' title='bbox 1185 2448 1207 2467; x_wconf 84' lang='lat' dir='ltr'>et</span> <span class='ocrx_word' id='word_1_724' title='bbox 1224 2445 1299 2467; x_wconf 89' lang='lat' dir='ltr'>omnis</span> <span class='ocrx_word' id='word_1_725' title='bbox 1316 2444 1381 2466; x_wconf 88' lang='lat' dir='ltr'>lsrael</span> <span class='ocrx_word' id='word_1_726' title='bbox 1398 2450 1451 2466; x_wconf 88' lang='lat' dir='ltr'>cum</span> <span class='ocrx_word' id='word_1_727' title='bbox 1469 2450 1496 2465; x_wconf 87' lang='lat' dir='ltr'>co</span> <span class='ocrx_word' id='word_1_728' title='bbox 1509 2452 1530 2465; x_wconf 67' lang='grc' dir='ltr'>ι».</span> 
     </span>
     <span class='ocr_line' id='line_1_101' title="bbox 345 2481 1871 2515; baseline -0.002 -7"><span class='ocrx_word' id='word_1_729' title='bbox 345 2486 498 2514; x_wconf 88' lang='lat' dir='ltr'>sempiternae</span> <span class='ocrx_word' id='word_1_730' title='bbox 515 2486 678 2515; x_wconf 84' lang='lat' dir='ltr'>damnationis,</span> <span class='ocrx_word' id='word_1_731' title='bbox 696 2487 737 2508; x_wconf 83' lang='lat' dir='ltr'>ler.</span> <span class='ocrx_word' id='word_1_732' title='bbox 754 2487 796 2514; x_wconf 74' lang='grc'>16,</span> <span class='ocrx_word' id='word_1_733' title='bbox 814 2487 855 2508; x_wconf 70' lang='lat' dir='ltr'>li:</span> <span class='ocrx_word' id='word_1_734' title='bbox 875 2495 887 2506; x_wconf 85' lang='lat'>«</span> <span class='ocrx_word' id='word_1_735' title='bbox 899 2487 956 2515; x_wconf 84' lang='lat' dir='ltr'>Quia</span> <span class='ocrx_word' id='word_1_736' title='bbox 974 2486 1147 2514; x_wconf 81' lang='lat' dir='ltr'>dereliquerunt</span> <span class='ocrx_word' id='word_1_737' title='bbox 1163 2490 1200 2506; x_wconf 89' lang='lat' dir='ltr'>me</span> <span class='ocrx_word' id='word_1_738' title='bbox 1218 2486 1294 2511; x_wconf 86' lang='lat' dir='ltr'>patres</span> <span class='ocrx_word' id='word_1_739' title='bbox 1310 2482 1391 2510; x_wconf 86' lang='lat' dir='ltr'>vestri,</span> <span class='ocrx_word' id='word_1_740' title='bbox 1409 2483 1438 2504; x_wconf 82' lang='lat' dir='ltr'>ait</span> <span class='ocrx_word' id='word_1_741' title='bbox 1456 2482 1576 2510; x_wconf 84' lang='lat' dir='ltr'>Dominus,</span> <span class='ocrx_word' id='word_1_742' title='bbox 1594 2484 1616 2504; x_wconf 83' lang='lat' dir='ltr'>et</span> <span class='ocrx_word' id='word_1_743' title='bbox 1632 2481 1737 2504; x_wconf 80' lang='lat' dir='ltr'>abierunt</span> <span class='ocrx_word' id='word_1_744' title='bbox 1753 2485 1805 2510; x_wconf 87' lang='lat' dir='ltr'>post</span> <span class='ocrx_word' id='word_1_745' title='bbox 1816 2482 1871 2505; x_wconf 87' lang='lat' dir='ltr'>deos</span> 
     </span>
     <span class='ocr_line' id='line_1_102' title="bbox 393 2522 1544 2554; baseline -0.004 -7"><span class='ocrx_word' id='word_1_746' title='bbox 393 2525 479 2548; x_wconf 87' lang='lat' dir='ltr'>alienos</span> <span class='ocrx_word' id='word_1_747' title='bbox 490 2534 501 2545; x_wconf 70' lang='lat' dir='ltr'>n</span> <span class='ocrx_word' id='word_1_748' title='bbox 520 2527 574 2553; x_wconf 78' lang='lat' dir='ltr'>etc.;</span> <span class='ocrx_word' id='word_1_749' title='bbox 592 2527 614 2547; x_wconf 91' lang='lat' dir='ltr'>et</span> <span class='ocrx_word' id='word_1_750' title='bbox 630 2525 645 2547; x_wconf 93' lang='lat'>1.</span> <span class='ocrx_word' id='word_1_751' title='bbox 662 2525 758 2553; x_wconf 80' lang='lat' dir='ltr'>Paralip.</span> <span class='ocrx_word' id='word_1_752' title='bbox 776 2526 817 2552; x_wconf 83' lang='lat'>28,</span> <span class='ocrx_word' id='word_1_753' title='bbox 833 2526 860 2547; x_wconf 78' lang='lat'>9:</span> <span class='ocrx_word' id='word_1_754' title='bbox 881 2534 891 2545; x_wconf 73' lang='lat' dir='ltr'>r:</span> <span class='ocrx_word' id='word_1_755' title='bbox 904 2525 927 2547; x_wconf 89' lang='lat' dir='ltr'>Si</span> <span class='ocrx_word' id='word_1_756' title='bbox 945 2525 1095 2554; x_wconf 87' lang='lat' dir='ltr'>dereliqueris</span> <span class='ocrx_word' id='word_1_757' title='bbox 1112 2530 1176 2551; x_wconf 86' lang='lat' dir='ltr'>eum,</span> <span class='ocrx_word' id='word_1_758' title='bbox 1194 2523 1298 2551; x_wconf 87' lang='lat' dir='ltr'>proiiciet</span> <span class='ocrx_word' id='word_1_759' title='bbox 1314 2524 1335 2544; x_wconf 88' lang='lat' dir='ltr'>te</span> <span class='ocrx_word' id='word_1_760' title='bbox 1352 2522 1374 2543; x_wconf 86' lang='lat' dir='ltr'>in</span> <span class='ocrx_word' id='word_1_761' title='bbox 1391 2524 1510 2543; x_wconf 89' lang='lat' dir='ltr'>aeternum</span> <span class='ocrx_word' id='word_1_762' title='bbox 1523 2530 1544 2542; x_wconf 77' lang='lat' dir='ltr'>n.</span> 
     </span>
    </p>
   </div>
   <div class='ocr_carea' id='block_1_20' title="bbox 131 2585 975 2925">
    <p class='ocr_par' dir='ltr' id='par_1_25' title="bbox 133 2585 975 2648">
     <span class='ocr_line' id='line_1_103' title="bbox 196 2585 975 2617; baseline 0.001 -8"><span class='ocrx_word' id='word_1_763' title='bbox 196 2585 205 2598; x_wconf 77' lang='lat'><strong>²</strong></span> <span class='ocrx_word' id='word_1_764' title='bbox 222 2586 287 2609; x_wconf 87' lang='lat' dir='ltr'>Vers.</span> <span class='ocrx_word' id='word_1_765' title='bbox 306 2586 350 2615; x_wconf 84' lang='lat'>37;</span> <span class='ocrx_word' id='word_1_766' title='bbox 367 2586 423 2609; x_wconf 86' lang='lat' dir='ltr'>ibid.</span> <span class='ocrx_word' id='word_1_767' title='bbox 439 2594 462 2609; x_wconf 90' lang='lat' dir='ltr'>v.</span> <span class='ocrx_word' id='word_1_768' title='bbox 480 2587 517 2609; x_wconf 82' lang='lat'>48.</span> <span class='ocrx_word' id='word_1_769' title='bbox 530 2589 564 2609; x_wconf 89' lang='lat' dir='ltr'>est</span> <span class='ocrx_word' id='word_1_770' title='bbox 575 2593 623 2616; x_wconf 86' lang='lat' dir='ltr'>seq.</span> <span class='ocrx_word' id='word_1_771' title='bbox 635 2588 712 2610; x_wconf 88' lang='lat' dir='ltr'>locus:</span> <span class='ocrx_word' id='word_1_772' title='bbox 730 2587 907 2617; x_wconf 76' lang='lat' dir='ltr'>Responderunt</span> <span class='ocrx_word' id='word_1_773' title='bbox 918 2593 975 2616; x_wconf 70' lang='lat' dir='ltr'>erqo</span> 
     </span>
     <span class='ocr_line' id='line_1_104' title="bbox 133 2624 274 2648; baseline -0.007 0"><span class='ocrx_word' id='word_1_774' title='bbox 133 2624 217 2648; x_wconf 86' lang='lat' dir='ltr'>Iudaei</span> <span class='ocrx_word' id='word_1_775' title='bbox 232 2628 274 2648; x_wconf 86' lang='lat' dir='ltr'>ete.</span> 
     </span>
    </p>

    <p class='ocr_par' dir='ltr' id='par_1_26' title="bbox 131 2662 975 2732">
     <span class='ocr_line' id='line_1_105' title="bbox 195 2662 975 2693; baseline 0.001 -7"><span class='ocrx_word' id='word_1_776' title='bbox 195 2662 205 2675; x_wconf 90' lang='lat'>⁴</span> <span class='ocrx_word' id='word_1_777' title='bbox 223 2664 321 2692; x_wconf 78' lang='lat' dir='ltr'>Vulgata</span> <span class='ocrx_word' id='word_1_778' title='bbox 338 2664 402 2687; x_wconf 87' lang='lat' dir='ltr'>addit</span> <span class='ocrx_word' id='word_1_779' title='bbox 417 2664 530 2692; x_wconf 86' lang='lat' dir='ltr'>Iudaeos,</span> <span class='ocrx_word' id='word_1_780' title='bbox 551 2665 588 2686; x_wconf 88' lang='lat' dir='ltr'>ed.</span> <span class='ocrx_word' id='word_1_781' title='bbox 605 2671 635 2687; x_wconf 74' lang='lat' dir='ltr'>ez</span> <span class='ocrx_word' id='word_1_782' title='bbox 651 2664 753 2687; x_wconf 87' lang='lat' dir='ltr'>Iudaeis.</span> <span class='ocrx_word' id='word_1_783' title='bbox 769 2677 800 2681; x_wconf 92' lang='lat'><strong>—</strong></span> <span class='ocrx_word' id='word_1_784' title='bbox 817 2664 920 2687; x_wconf 88' lang='lat' dir='ltr'>Subinde</span> <span class='ocrx_word' id='word_1_785' title='bbox 932 2671 975 2693; x_wconf 88' lang='lat' dir='ltr'>pro</span> 
     </span>
     <span class='ocr_line' id='line_1_106' title="bbox 131 2703 726 2732; baseline 0.002 -7"><span class='ocrx_word' id='word_1_786' title='bbox 131 2704 281 2732; x_wconf 81' lang='lat' dir='ltr'>perseverent</span> <span class='ocrx_word' id='word_1_787' title='bbox 297 2704 343 2725; x_wconf 81' lang='lat' dir='ltr'>sere</span> <span class='ocrx_word' id='word_1_788' title='bbox 359 2709 440 2725; x_wconf 85' lang='lat' dir='ltr'>omnes</span> <span class='ocrx_word' id='word_1_789' title='bbox 457 2703 524 2725; x_wconf 90' lang='lat' dir='ltr'>codd.</span> <span class='ocrx_word' id='word_1_790' title='bbox 540 2704 726 2732; x_wconf 80' lang='lat' dir='ltr'>perseverarent.</span> 
     </span>
    </p>

    <p class='ocr_par' dir='ltr' id='par_1_27' title="bbox 196 2739 668 2770">
     <span class='ocr_line' id='line_1_107' title="bbox 196 2739 668 2770; baseline 0 -6"><span class='ocrx_word' id='word_1_791' title='bbox 196 2739 206 2753; x_wconf 80' lang='lat'>⁵</span> <span class='ocrx_word' id='word_1_792' title='bbox 223 2742 288 2764; x_wconf 87' lang='lat' dir='ltr'>Vers.</span> <span class='ocrx_word' id='word_1_793' title='bbox 307 2741 328 2764; x_wconf 76' lang='lat'>4.</span> <span class='ocrx_word' id='word_1_794' title='bbox 345 2754 375 2758; x_wconf 97' lang='lat'><strong>—</strong></span> <span class='ocrx_word' id='word_1_795' title='bbox 392 2742 499 2770; x_wconf 85' lang='lat' dir='ltr'>Sequitur</span> <span class='ocrx_word' id='word_1_796' title='bbox 515 2742 570 2764; x_wconf 87' lang='lat' dir='ltr'>Luc.</span> <span class='ocrx_word' id='word_1_797' title='bbox 587 2742 612 2769; x_wconf 82' lang='lat'>8,</span> <span class='ocrx_word' id='word_1_798' title='bbox 631 2742 668 2764; x_wconf 77' lang='grc'>13.</span> 
     </span>
    </p>

    <p class='ocr_par' dir='ltr' id='par_1_28' title="bbox 135 2778 975 2842">
     <span class='ocr_line' id='line_1_108' title="bbox 196 2778 975 2808; baseline 0.001 -6"><span class='ocrx_word' id='word_1_799' title='bbox 196 2778 206 2791; x_wconf 76' lang='lat'><strong>⁶</strong></span> <span class='ocrx_word' id='word_1_800' title='bbox 224 2780 320 2808; x_wconf 82' lang='lat' dir='ltr'>Vulgata</span> <span class='ocrx_word' id='word_1_801' title='bbox 338 2780 420 2803; x_wconf 90' lang='lat' dir='ltr'>omittit</span> <span class='ocrx_word' id='word_1_802' title='bbox 436 2786 485 2803; x_wconf 82' lang='lat' dir='ltr'>vos.</span> <span class='ocrx_word' id='word_1_803' title='bbox 503 2792 533 2797; x_wconf 90' lang='lat'>—</span> <span class='ocrx_word' id='word_1_804' title='bbox 550 2780 583 2803; x_wconf 88' lang='lat' dir='ltr'>De</span> <span class='ocrx_word' id='word_1_805' title='bbox 607 2780 689 2808; x_wconf 89' lang='lat' dir='ltr'>triplici</span> <span class='ocrx_word' id='word_1_806' title='bbox 714 2781 850 2803; x_wconf 81' lang='lat' dir='ltr'>rectitudine</span> <span class='ocrx_word' id='word_1_807' title='bbox 875 2780 975 2803; x_wconf 87' lang='lat' dir='ltr'>hominis</span> 
     </span>
     <span class='ocr_line' id='line_1_109' title="bbox 135 2819 414 2842; baseline 0.004 -2"><span class='ocrx_word' id='word_1_808' title='bbox 135 2819 174 2841; x_wconf 79' lang='lat' dir='ltr'>etr.</span> <span class='ocrx_word' id='word_1_809' title='bbox 190 2819 213 2841; x_wconf 87' lang='lat' dir='ltr'>ll.</span> <span class='ocrx_word' id='word_1_810' title='bbox 231 2819 293 2841; x_wconf 88' lang='lat' dir='ltr'>Sent.</span> <span class='ocrx_word' id='word_1_811' title='bbox 309 2820 414 2842; x_wconf 84' lang='lat' dir='ltr'>Prooem.</span> 
     </span>
    </p>

    <p class='ocr_par' dir='ltr' id='par_1_29' title="bbox 136 2854 975 2925">
     <span class='ocr_line' id='line_1_110' title="bbox 197 2854 975 2887; baseline 0.003 -9"><span class='ocrx_word' id='word_1_812' title='bbox 197 2854 205 2867; x_wconf 84' lang='lat'>⁷</span> <span class='ocrx_word' id='word_1_813' title='bbox 224 2857 289 2879; x_wconf 87' lang='lat' dir='ltr'>Vers.</span> <span class='ocrx_word' id='word_1_814' title='bbox 306 2857 344 2879; x_wconf 71' lang='lat'>2¹.</span> <span class='ocrx_word' id='word_1_815' title='bbox 362 2869 390 2873; x_wconf 80' lang='lat'><strong>—</strong></span> <span class='ocrx_word' id='word_1_816' title='bbox 408 2857 519 2885; x_wconf 88' lang='lat' dir='ltr'>Superius</span> <span class='ocrx_word' id='word_1_817' title='bbox 535 2863 578 2885; x_wconf 88' lang='lat' dir='ltr'>pro</span> <span class='ocrx_word' id='word_1_818' title='bbox 598 2856 651 2880; x_wconf 89' lang='lat' dir='ltr'>Vel:</span> <span class='ocrx_word' id='word_1_819' title='bbox 670 2857 780 2887; x_wconf 81' lang='lat' dir='ltr'>discipuli</span> <span class='ocrx_word' id='word_1_820' title='bbox 795 2857 860 2880; x_wconf 79' lang='lat' dir='ltr'>eritis</span> <span class='ocrx_word' id='word_1_821' title='bbox 877 2858 913 2880; x_wconf 89' lang='lat' dir='ltr'>ed.</span> <span class='ocrx_word' id='word_1_822' title='bbox 931 2858 975 2880; x_wconf 88' lang='lat' dir='ltr'>Ita-</span> 
     </span>
     <span class='ocr_line' id='line_1_111' title="bbox 136 2895 975 2925; baseline 0.001 -7"><span class='ocrx_word' id='word_1_823' title='bbox 136 2901 180 2924; x_wconf 80' lang='lat' dir='ltr'>que</span> <span class='ocrx_word' id='word_1_824' title='bbox 196 2901 251 2918; x_wconf 82' lang='lat' dir='ltr'>vere</span> <span class='ocrx_word' id='word_1_825' title='bbox 268 2895 378 2925; x_wconf 74' lang='lat' dir='ltr'>discipuli</span> <span class='ocrx_word' id='word_1_826' title='bbox 393 2895 470 2924; x_wconf 73' lang='lat' dir='ltr'>eritis,</span> <span class='ocrx_word' id='word_1_827' title='bbox 491 2896 560 2925; x_wconf 80' lang='lat' dir='ltr'>quia,</span> <span class='ocrx_word' id='word_1_828' title='bbox 578 2898 600 2918; x_wconf 91' lang='lat' dir='ltr'>et</span> <span class='ocrx_word' id='word_1_829' title='bbox 616 2896 715 2919; x_wconf 91' lang='lat' dir='ltr'>subinde</span> <span class='ocrx_word' id='word_1_830' title='bbox 737 2903 778 2924; x_wconf 91' lang='lat' dir='ltr'>pro</span> <span class='ocrx_word' id='word_1_831' title='bbox 796 2896 820 2919; x_wconf 87' lang='lat' dir='ltr'>in</span> <span class='ocrx_word' id='word_1_832' title='bbox 836 2896 931 2919; x_wconf 86' lang='lat' dir='ltr'>animae</span> <span class='ocrx_word' id='word_1_833' title='bbox 954 2898 975 2919; x_wconf 86' lang='lat' dir='ltr'>et</span> 
     </span>
    </p>
   </div>
   <div class='ocr_carea' id='block_1_21' title="bbox 1001 2588 1005 2758">
    <p class='ocr_par' dir='ltr' id='par_1_30' title="bbox 1001 2588 1005 2758">
     <span class='ocr_line' id='line_1_112' title="bbox 1001 2588 1005 2758; baseline 0 558"><span class='ocrx_word' id='word_1_834' title='bbox 1001 2588 1005 2758; x_wconf 95' lang='lat' dir='ltr'> </span> 
     </span>
    </p>
   </div>
   <div class='ocr_carea' id='block_1_22' title="bbox 1002 2761 1005 2920">
    <p class='ocr_par' dir='ltr' id='par_1_31' title="bbox 1002 2761 1005 2920">
     <span class='ocr_line' id='line_1_113' title="bbox 1002 2761 1005 2920; baseline 0 0"><span class='ocrx_word' id='word_1_835' title='bbox 1002 2761 1005 2920; x_wconf 95' lang='lat' dir='ltr'> </span> 
     </span>
    </p>
   </div>
   <div class='ocr_carea' id='block_1_23' title="bbox 1032 2583 1872 2883">
    <p class='ocr_par' dir='ltr' id='par_1_32' title="bbox 1032 2583 1872 2653">
     <span class='ocr_line' id='line_1_114' title="bbox 1032 2583 1872 2615; baseline -0.005 -6"><span class='ocrx_word' id='word_1_836' title='bbox 1032 2585 1140 2615; x_wconf 82' lang='lat' dir='ltr'>corporis</span> <span class='ocrx_word' id='word_1_837' title='bbox 1156 2585 1220 2615; x_wconf 78' lang='lat' dir='ltr'>felici</span> <span class='ocrx_word' id='word_1_838' title='bbox 1240 2584 1326 2607; x_wconf 85' lang='lat' dir='ltr'>unione</span> <span class='ocrx_word' id='word_1_839' title='bbox 1343 2584 1369 2612; x_wconf 84' lang='lat' dir='ltr'>[E</span> <span class='ocrx_word' id='word_1_840' title='bbox 1385 2583 1546 2613; x_wconf 45' lang='lat' dir='ltr'>[cacuminum</span> <span class='ocrx_word' id='word_1_841' title='bbox 1564 2584 1663 2606; x_wconf 88' lang='lat' dir='ltr'>nonnulli</span> <span class='ocrx_word' id='word_1_842' title='bbox 1681 2584 1716 2605; x_wconf 85' lang='lat' dir='ltr'>aiii</span> <span class='ocrx_word' id='word_1_843' title='bbox 1735 2584 1801 2606; x_wconf 83' lang='lat' dir='ltr'>codd.</span> <span class='ocrx_word' id='word_1_844' title='bbox 1824 2583 1872 2613; x_wconf 83' lang='lat' dir='ltr'>feli-</span> 
     </span>
     <span class='ocr_line' id='line_1_115' title="bbox 1032 2621 1576 2653; baseline -0.007 -5"><span class='ocrx_word' id='word_1_845' title='bbox 1032 2624 1142 2653; x_wconf 83' lang='lat' dir='ltr'>citudine]</span> <span class='ocrx_word' id='word_1_846' title='bbox 1160 2624 1241 2646; x_wconf 83' lang='lat' dir='ltr'>eadem</span> <span class='ocrx_word' id='word_1_847' title='bbox 1259 2623 1295 2645; x_wconf 87' lang='lat' dir='ltr'>ed.</span> <span class='ocrx_word' id='word_1_848' title='bbox 1313 2623 1407 2645; x_wconf 81' lang='lat' dir='ltr'>animae</span> <span class='ocrx_word' id='word_1_849' title='bbox 1423 2623 1444 2645; x_wconf 81' lang='lat' dir='ltr'>et</span> <span class='ocrx_word' id='word_1_850' title='bbox 1461 2621 1576 2650; x_wconf 82' lang='lat' dir='ltr'>corporis.</span> 
     </span>
    </p>

    <p class='ocr_par' dir='ltr' id='par_1_33' title="bbox 1094 2662 1293 2685">
     <span class='ocr_line' id='line_1_116' title="bbox 1094 2662 1293 2685; baseline -0.005 0"><span class='ocrx_word' id='word_1_851' title='bbox 1094 2662 1104 2675; x_wconf 63' lang='grc' dir='ltr'><strong>Β</strong></span> <span class='ocrx_word' id='word_1_852' title='bbox 1120 2664 1162 2685; x_wconf 87' lang='lat' dir='ltr'>Ed.</span> <span class='ocrx_word' id='word_1_853' title='bbox 1178 2664 1199 2685; x_wconf 89' lang='lat' dir='ltr'>et</span> <span class='ocrx_word' id='word_1_854' title='bbox 1215 2662 1236 2685; x_wconf 90' lang='lat' dir='ltr'>si</span> <span class='ocrx_word' id='word_1_855' title='bbox 1252 2662 1293 2685; x_wconf 84' lang='lat' dir='ltr'>ila.</span> 
     </span>
    </p>

    <p class='ocr_par' dir='ltr' id='par_1_34' title="bbox 1094 2700 1498 2727">
     <span class='ocr_line' id='line_1_117' title="bbox 1094 2700 1498 2727; baseline -0.01 -2"><span class='ocrx_word' id='word_1_856' title='bbox 1094 2701 1104 2714; x_wconf 82' lang='lat'>⁹</span> <span class='ocrx_word' id='word_1_857' title='bbox 1121 2703 1187 2724; x_wconf 89' lang='lat' dir='ltr'>Vers.</span> <span class='ocrx_word' id='word_1_858' title='bbox 1204 2702 1239 2724; x_wconf 87' lang='lat'>30.</span> <span class='ocrx_word' id='word_1_859' title='bbox 1258 2701 1316 2723; x_wconf 89' lang='lat' dir='ltr'>Vide</span> <span class='ocrx_word' id='word_1_860' title='bbox 1333 2701 1389 2722; x_wconf 90' lang='lat' dir='ltr'>Gen.</span> <span class='ocrx_word' id='word_1_861' title='bbox 1406 2700 1443 2727; x_wconf 75' lang='lat'>21,</span> <span class='ocrx_word' id='word_1_862' title='bbox 1463 2700 1498 2722; x_wconf 85' lang='lat' dir='ltr'>lo.</span> 
     </span>
    </p>

    <p class='ocr_par' dir='ltr' id='par_1_35' title="bbox 1032 2738 1871 2803">
     <span class='ocr_line' id='line_1_118' title="bbox 1095 2738 1871 2768; baseline -0.004 -4"><span class='ocrx_word' id='word_1_863' title='bbox 1095 2740 1114 2753; x_wconf 91' lang='lat'>¹⁰</span> <span class='ocrx_word' id='word_1_864' title='bbox 1130 2742 1196 2764; x_wconf 79' lang='lat' dir='ltr'>Vers.</span> <span class='ocrx_word' id='word_1_865' title='bbox 1214 2741 1250 2762; x_wconf 82' lang='lat'>37.</span> <span class='ocrx_word' id='word_1_866' title='bbox 1268 2746 1333 2768; x_wconf 82' lang='lat' dir='ltr'>seqq.</span> <span class='ocrx_word' id='word_1_867' title='bbox 1349 2752 1379 2756; x_wconf 90' lang='lat'>—-</span> <span class='ocrx_word' id='word_1_868' title='bbox 1397 2739 1491 2761; x_wconf 79' lang='lat' dir='ltr'>inferius</span> <span class='ocrx_word' id='word_1_869' title='bbox 1508 2741 1559 2766; x_wconf 83' lang='lat' dir='ltr'>post</span> <span class='ocrx_word' id='word_1_870' title='bbox 1576 2738 1749 2761; x_wconf 79' lang='lat' dir='ltr'>conclusionem</span> <span class='ocrx_word' id='word_1_871' title='bbox 1765 2739 1801 2761; x_wconf 89' lang='lat' dir='ltr'>ed.</span> <span class='ocrx_word' id='word_1_872' title='bbox 1818 2745 1871 2761; x_wconf 86' lang='lat' dir='ltr'>cum</span> 
     </span>
     <span class='ocr_line' id='line_1_119' title="bbox 1032 2777 1445 2803; baseline -0.007 0"><span class='ocrx_word' id='word_1_873' title='bbox 1032 2780 1146 2803; x_wconf 89' lang='lat' dir='ltr'>nonnullis</span> <span class='ocrx_word' id='word_1_874' title='bbox 1163 2779 1232 2801; x_wconf 89' lang='lat' dir='ltr'>codd.</span> <span class='ocrx_word' id='word_1_875' title='bbox 1249 2779 1312 2801; x_wconf 84' lang='lat' dir='ltr'>addit</span> <span class='ocrx_word' id='word_1_876' title='bbox 1328 2777 1445 2801; x_wconf 81' lang='lat' dir='ltr'>similiter.</span> 
     </span>
    </p>

    <p class='ocr_par' dir='ltr' id='par_1_36' title="bbox 1032 2816 1870 2883">
     <span class='ocr_line' id='line_1_120' title="bbox 1095 2816 1870 2846; baseline -0.003 -6"><span class='ocrx_word' id='word_1_877' title='bbox 1095 2818 1113 2830; x_wconf 78' lang='lat'>¹¹</span> <span class='ocrx_word' id='word_1_878' title='bbox 1132 2818 1227 2845; x_wconf 79' lang='lat' dir='ltr'>Vulgata</span> <span class='ocrx_word' id='word_1_879' title='bbox 1247 2816 1308 2845; x_wconf 82' lang='lat' dir='ltr'>Quia</span> <span class='ocrx_word' id='word_1_880' title='bbox 1325 2816 1401 2839; x_wconf 80' lang='lat' dir='ltr'>omnis</span> <span class='ocrx_word' id='word_1_881' title='bbox 1418 2816 1465 2846; x_wconf 81' lang='lat' dir='ltr'>qui.</span> <span class='ocrx_word' id='word_1_882' title='bbox 1482 2829 1513 2833; x_wconf 90' lang='lat'>—-</span> <span class='ocrx_word' id='word_1_883' title='bbox 1530 2817 1636 2845; x_wconf 85' lang='lat' dir='ltr'>Sequitur</span> <span class='ocrx_word' id='word_1_884' title='bbox 1660 2817 1683 2838; x_wconf 89' lang='lat' dir='ltr'>ll.</span> <span class='ocrx_word' id='word_1_885' title='bbox 1709 2817 1766 2838; x_wconf 82' lang='lat' dir='ltr'>Petr.</span> <span class='ocrx_word' id='word_1_886' title='bbox 1784 2817 1810 2845; x_wconf 83' lang='lat'>2,</span> <span class='ocrx_word' id='word_1_887' title='bbox 1834 2816 1870 2839; x_wconf 69' lang='grc'>49.</span> 
     </span>
     <span class='ocr_line' id='line_1_121' title="bbox 1032 2855 1564 2883; baseline -0.008 -3"><span class='ocrx_word' id='word_1_888' title='bbox 1032 2857 1077 2881; x_wconf 83' lang='lat' dir='ltr'>Csr.</span> <span class='ocrx_word' id='word_1_889' title='bbox 1095 2858 1117 2879; x_wconf 94' lang='lat' dir='ltr'>ll.</span> <span class='ocrx_word' id='word_1_890' title='bbox 1135 2858 1195 2879; x_wconf 86' lang='lat' dir='ltr'>Sent.</span> <span class='ocrx_word' id='word_1_891' title='bbox 1212 2857 1234 2878; x_wconf 88' lang='lat' dir='ltr'>d.</span> <span class='ocrx_word' id='word_1_892' title='bbox 1253 2856 1289 2877; x_wconf 65' lang='lat'>44.</span> <span class='ocrx_word' id='word_1_893' title='bbox 1307 2862 1327 2877; x_wconf 77' lang='lat' dir='ltr'>a.</span> <span class='ocrx_word' id='word_1_894' title='bbox 1346 2856 1365 2877; x_wconf 86' lang='lat'>3.</span> <span class='ocrx_word' id='word_1_895' title='bbox 1384 2862 1406 2883; x_wconf 79' lang='lat' dir='ltr'>q.</span> <span class='ocrx_word' id='word_1_896' title='bbox 1428 2856 1445 2877; x_wconf 86' lang='lat' dir='ltr'>l.</span> <span class='ocrx_word' id='word_1_897' title='bbox 1463 2855 1484 2877; x_wconf 90' lang='lat' dir='ltr'>in</span> <span class='ocrx_word' id='word_1_898' title='bbox 1502 2861 1564 2883; x_wconf 81' lang='lat' dir='ltr'>corp.</span> 
     </span>
    </p>
   </div>
   <div class='ocr_carea' id='block_1_24' title="bbox 1892 722 2004 741">
    <p class='ocr_par' dir='ltr' id='par_1_37' title="bbox 1892 722 2004 741">
     <span class='ocr_line' id='line_1_122' title="bbox 1892 722 2004 741; baseline 0 -1"><span class='ocrx_word' id='word_1_899' title='bbox 1892 722 2004 741; x_wconf 86' lang='lat' dir='ltr'>Secundum.</span> 
     </span>
    </p>
   </div>
   <div class='ocr_carea' id='block_1_25' title="bbox 1891 1329 1980 1347">
    <p class='ocr_par' dir='ltr' id='par_1_38' title="bbox 1891 1329 1980 1347">
     <span class='ocr_line' id='line_1_123' title="bbox 1891 1329 1980 1347; baseline 0 0"><span class='ocrx_word' id='word_1_900' title='bbox 1891 1329 1980 1347; x_wconf 81' lang='lat' dir='ltr'>Tertium.</span> 
     </span>
    </p>
   </div>
   <div class='ocr_carea' id='block_1_26' title="bbox 1891 1422 2007 1534">
    <p class='ocr_par' dir='ltr' id='par_1_39' title="bbox 1891 1422 2005 1490">
     <span class='ocr_line' id='line_1_124' title="bbox 1891 1422 2004 1440; baseline 0.009 -1"><span class='ocrx_word' id='word_1_901' title='bbox 1891 1422 1934 1440; x_wconf 80' lang='lat' dir='ltr'>Tria</span> <span class='ocrx_word' id='word_1_902' title='bbox 1946 1424 2004 1440; x_wconf 79' lang='lat' dir='ltr'>osten·</span> 
     </span>
     <span class='ocr_line' id='line_1_125' title="bbox 1911 1445 1985 1463; baseline 0.014 -1"><span class='ocrx_word' id='word_1_903' title='bbox 1911 1445 1985 1463; x_wconf 88' lang='lat' dir='ltr'>duntur.</span> 
     </span>
     <span class='ocr_line' id='line_1_126' title="bbox 1907 1468 2005 1490; baseline 0 -4"><span class='ocrx_word' id='word_1_904' title='bbox 1907 1468 2005 1490; x_wconf 74' lang='lat' dir='ltr'>Probatur,</span> 
     </span>
    </p>

    <p class='ocr_par' dir='ltr' id='par_1_40' title="bbox 1892 1491 2007 1514">
     <span class='ocr_line' id='line_1_127' title="bbox 1892 1491 2007 1514; baseline 0.009 -5"><span class='ocrx_word' id='word_1_905' title='bbox 1892 1491 1941 1514; x_wconf 85' lang='lat' dir='ltr'>quod</span> <span class='ocrx_word' id='word_1_906' title='bbox 1965 1494 2007 1510; x_wconf 87' lang='lat' dir='ltr'>sunt</span> 
     </span>
    </p>

    <p class='ocr_par' dir='ltr' id='par_1_41' title="bbox 1891 1515 1949 1534">
     <span class='ocr_line' id='line_1_128' title="bbox 1891 1515 1949 1534; baseline 0.017 -2"><span class='ocrx_word' id='word_1_907' title='bbox 1891 1515 1949 1534; x_wconf 83' lang='lat' dir='ltr'>servi.</span> 
     </span>
    </p>
   </div>
  </div>
 </body>
</html>
