2296 3316
302 398 416 418 Secundum.

324 723 413 742 Tertium.

296 956 339 976 Cibi
352 962 417 976 carna-

288 981 311 999 lis
318 981 329 999 ³
336 980 420 999 effeetus.

335 1004 416 1023 Primus.

311 1143 415 1163 Secundus.

334 1284 416 1303 'rei-uus.

301 1611 416 1631 Notandum.

289 1847 347 1865 Cibus
362 1846 418 1870 spiri-

295 1870 351 1889 tualis
358 1875 417 1894 appe-

295 1893 418 1917 tendus,quia

294 1917 370 1936 nobilis.

296 2034 346 2058 Quia
358 2034 417 2053 utilis.

289 2269 338 2292 Quia
344 2268 425 2288 delecta-

330 2292 380 2311 bilis.

438 175 493 204 556

436 251 580 291 operarius
593 250 654 279 cibo
668 256 720 278 suo
730 259 757 282 »;
774 247 853 285 quasi
868 247 956 276 dicat:
971 250 998 275 et
1013 255 1066 275 non
1082 246 1168 280 alius;
1183 254 1282 275 secun-

436 300 487 329 dae
507 297 540 327 ad
562 295 818 325 Thessalonicenses
839 293 955 322 ultimo:
974 292 1029 321 «Si
1050 292 1114 329 quis
1141 300 1196 321 non
1222 292 1282 321 vult

437 345 562 383 operari,
583 351 637 372 non
660 341 808 370 manducet
818 339 970 375 »;Genesis
991 339 1088 368 tertio:
1103 339 1157 368 «In
1180 339 1282 368 sudore

437 394 531 422 vultus
551 390 592 420 tui
614 388 733 418 vesceris
753 395 824 425 pane
845 390 932 416 tuo».
949 402 985 408 —
1000 386 1084 420 item,
1098 386 1283 416 modeste.esc

435 437 641 476 accipiendus,-
666 434 815 464 Ezechielis
842 436 958 471 quarto:
985 444 998 458 α
1013 433 1097 462 Cibus
1122 436 1204 466 tuus,
1226 440 1283 469 quo

436 485 571 518 vesceris,
592 483 646 513 erit
674 481 701 510 in
729 481 851 518 pondere
878 480 974 517 viginti
997 482 1113 508 stateres
1134 479 1161 508 in
1182 478 1245 512 die;
1266 486 1283 507 a

434 534 561 568 tempore
581 536 671 567 usque
691 527 726 557 ad
747 530 857 564 tempus
878 526 1004 556 comedes
1025 525 1093 555 illud
1106 536 1133 559 »;
1148 525 1226 562 quasi
1242 524 1282 553 di-

433 579 493 605 cat:
515 576 642 606 comedes
662 574 696 604 ad
718 573 826 611 pondus
846 576 874 602 et
894 573 928 601 ad
950 575 1079 609 tempus;
1103 570 1281 600 Ecclesiastici

434 624 576 661 trigesimo
597 623 728 661 septimo:
755 632 768 646 (ι
782 620 842 650 Noli
863 628 923 649 esse
944 619 1042 648 avidus
1062 619 1090 648 in
1112 618 1186 647 omni
1214 626 1283 655 epu-

435 670 551 704 latione,
566 673 595 699 et
608 678 662 699 non
678 672 704 698 te
719 667 844 698 effundas
864 674 949 704 super
970 673 1079 695 omnem
1102 673 1192 694 escam
1204 676 1232 693 n.
1244 681 1283 686 —-

436 717 517 751 ltem,
539 717 697 751 liberaliter
725 719 764 744 est
791 713 1034 746 dz'stribuendus;
1065 715 1219 750 quocontra
1249 712 1283 741 de

433 772 531 799 avaro,
548 764 594 794 Iob
609 764 741 802 vigesimo
754 764 779 791 1:
806 773 819 787 a
834 761 891 790 Non
913 760 1046 789 remansit
1066 759 1100 788 de
1121 767 1183 788 cioo
1203 768 1263 788 eius
1275 782 1282 794 ,

433 815 582 849 propterea
603 812 672 840 nihil
694 808 847 840 remanebit
861 808 895 837 de
909 807 989 836 bonis
1003 807 1064 836 eius
1075 818 1100 835 ».
1116 806 1283 844 Exemplum

432 858 466 887 de
486 858 571 887 divite
593 858 726 895 epulone,
748 858 836 886 Lucae
857 854 964 884 decimo
985 856 1074 882 sexto.

512 905 539 934 3.
561 905 641 933 Circa
663 905 756 934 cibum
771 901 921 932 carnalem
936 900 1058 934 attende,
1074 908 1162 937 quare
1176 899 1283 937 fugien-

433 952 501 981 dus:
523 952 589 989 quia
610 951 800 980 comedentem
822 947 912 978 reddit
932 955 1070 985 egenum,
1092 954 1125 975 eo
1147 946 1219 984 quod
1243 947 1283 975 ni-

434 999 485 1028 mis
512 1001 554 1028 est
582 998 705 1033 venalis;
727 998 903 1026 Threnorum
925 994 1053 1032 prim02:
1080 1005 1093 1018 «
1108 993 1204 1022 Omnis
1236 1001 1284 1030 po-

432 1046 517 1083 pulus
537 1053 651 1082 gemens
672 1048 700 1073 et
720 1051 858 1082 quaerens
878 1049 992 1080 panem;
1011 1040 1149 1070 dederunt
1163 1040 1285 1077 pretiosa

433 1100 561 1130 quaeque
590 1100 642 1129 pro
670 1092 731 1121 cibo
760 1091 794 1120 ad
821 1088 1025 1120 refocillandam
1054 1088 1174 1116 animam
1191 1099 1216 1116 ».
1247 1104 1284 1108 —

433 1139 627 1168 Comedentem
648 1139 713 1167 facit
737 1137 942 1169 immundum,-
971 1138 1013 1164 est
1039 1135 1113 1164 enim
1141 1135 1283 1171 pollutus;

434 1186 543 1216 Levitici
564 1185 727 1215 undecimo:
754 1197 767 1210 <t
782 1184 878 1213 Omnis
899 1184 993 1217 cibus,
1015 1190 1098 1220 quem
1120 1181 1284 1216 comedetis,

433 1234 454 1263 si
476 1233 538 1262 fusa
565 1233 651 1262 fuerit
678 1241 763 1270 super
792 1240 856 1261 eum
884 1239 972 1269 aqua,
1001 1229 1161 1259 immundus
1188 1228 1283 1263 erit»;

433 1289 528 1320 aqua,
549 1280 576 1309 id
597 1284 639 1309 est
670 1279 900 1317 concupiscentia.
931 1295 970 1299 —
997 1276 1190 1319 comedentem
1221 1276 1285 1304 facit

432 1328 551 1358 debilem
571 1331 599 1357 et
619 1328 779 1362 infirmum;
794 1330 836 1356 est
857 1326 930 1356 enim
953 1325 1024 1354 male
1045 1323 1217 1357 nutritivus;
1239 1323 1285 1351 lob

436 1375 616 1413 trigesimo³t
653 1386 666 1400 «
681 1374 769 1403 Radix
804 1374 997 1410 iuniperorum
1031 1371 1110 1400 cibus
1144 1378 1242 1399 eorum
1257 1380 1284 1404 »;

433 1423 609 1452 Threnorum
630 1422 737 1459 primo:
763 1433 777 1446 «
792 1420 952 1450 Sacerdotes
974 1418 1058 1448 vestri
1080 1418 1108 1446 in
1129 1417 1199 1446 urbe
1221 1424 1285 1446 con-

434 1470 517 1499 sumti
539 1472 621 1503 sunt,
640 1469 706 1506 quia
720 1468 900 1506 quaesierunt
914 1467 1006 1496 cibum
1022 1465 1089 1500 sibi,
1104 1467 1136 1494 ut
1150 1464 1284 1493 refocilla-

435 1519 497 1546 rent
516 1516 636 1545 animam
658 1523 737 1545 suam
753 1526 780 1549 »;
802 1514 885 1544 Isaiae
912 1512 1144 1550 quinquagesimo
1171 1511 1283 1549 quinto:

439 1576 452 1589 α
466 1564 558 1600 Quare
572 1562 727 1599 appenditis
741 1564 887 1598 argentum
903 1564 1027 1589 vestrum
1042 1568 1096 1588 non
1110 1559 1138 1587 in
1153 1558 1283 1595 panibus,

433 1614 460 1639 et
475 1610 598 1639 laborem
619 1612 745 1638 vestrum
759 1617 815 1637 non
829 1608 857 1637 in
872 1607 1016 1637 saturitate
1030 1610 1066 1635 n?
1082 1622 1118 1627 -
1136 1606 1284 1643 Depaupe-

435 1661 484 1685 rat
510 1656 674 1694 expellendo
702 1656 835 1693 gratiam,
860 1654 965 1692 polluit
995 1653 1146 1691 ingerendo
1174 1653 1283 1689 culpam

434 1711 484 1732 seu
510 1703 669 1737 maculam,
697 1701 833 1739 infirmat
860 1699 1065 1737 corrumpendo
1098 1699 1156 1728 sive
1187 1699 1285 1728 vulne-

434 1750 520 1779 rando
541 1753 679 1779 naturam.

512 1798 539 1826 [ι.
555 1797 634 1826 Circa
647 1796 834 1834 spiritualem
848 1796 942 1825 cibum
956 1794 1079 1828 attende,
1095 1802 1183 1831 quare
1197 1802 1284 1831 appe-

435 1845 554 1874 tendus:
576 1844 642 1881 quia
662 1843 768 1872 nobilis
788 1846 845 1877 est;
865 1841 1019 1879 Sapientiae
1040 1841 1146 1870 decimo
1167 1841 1282 1870 sexto4:

439 1903 453 1917 α
467 1891 633 1929 Angelorum
655 1897 717 1919 esca
737 1889 878 1918 nutrivisti
901 1888 1034 1925 populum
1052 1891 1147 1921 tuum,
1163 1890 1190 1916 et
1204 1895 1284 1924 para-

435 1943 495 1968 tum
515 1945 614 1975 panem
632 1936 666 1966 de
680 1936 755 1966 caelo
769 1936 931 1973 praestitisti
946 1935 985 1964 eis
999 1935 1058 1964 sine
1073 1934 1167 1963 labore
1182 1946 1196 1959 »
1215 1937 1282 1968 etc.;

434 1990 462 2015 et
483 1986 622 2014 Psalmus:
649 1995 662 2009 (κ
677 1984 777 2012 Panem
799 1982 965 2020 Angelorum
986 1981 1163 2010 manducavit
1184 1981 1283 2015 homo;

434 2032 537 2062 cibaria
564 2031 640 2060 misit
666 2031 706 2060 eis
733 2030 761 2059 in
789 2029 999 2058 abundantia».
1026 2044 1062 2049 —
1088 2028 1158 2064 Quia
1186 2022 1284 2061 utilis,-

434 2080 504 2109 bene
525 2079 598 2108 enim
620 2078 709 2107 reficit
729 2080 757 2106 et
777 2076 929 2110 confortat3
952 2076 1025 2105 tertii
1047 2076 1150 2112 Regum
1178 2074 1285 2104 decimo

435 2134 522 2154 nono:
549 2137 563 2151 ει
577 2125 646 2154 Cum
668 2123 839 2153 surrexisset
860 2123 947 2157 Elias,
976 2121 1094 2151 comedit
1114 2124 1141 2150 et
1168 2121 1237 2150 bibit
1257 2124 1284 2150 et

434 2173 587 2202 ambulavit
607 2172 635 2201 in
656 2171 818 2201 fortitudine
839 2170 892 2199 cibi
917 2170 991 2198 illius
1018 2168 1200 2206 quadraginta
1227 2168 1284 2197 die-

435 2220 488 2249 bus
509 2223 536 2249 et
557 2219 740 2257 quadraginta
761 2217 889 2246 noctibus
909 2224 1000 2254 usque
1024 2216 1059 2245 ad
1085 2218 1208 2244 montem
1235 2215 1283 2243 Dei

437 2267 525 2296 Horeb
539 2279 566 2294 ».
583 2282 620 2287 -
635 2265 706 2302 Quia
720 2263 910 2297 delectabili&
926 2263 1080 2300 Sapientiae
1094 2262 1211 2291 decimo·
1221 2270 1284 2291 sex-

435 2314 501 2343 to⁶:
528 2325 541 2339 <x
556 2314 684 2342 Paratum
705 2319 804 2349 panem
825 2311 859 2340 de
879 2311 955 2340 caelo
980 2310 1140 2348 praestitisti
1164 2310 1204 2338 eis
1226 2310 1285 2338 sine

436 2361 547 2395 labore,
569 2360 715 2389 habentem
737 2366 818 2388 omne
839 2358 1070 2387 delectamentum
1092 2360 1119 2386 et
1139 2357 1228 2386 omnis
1242 2365 1285 2385 sa-

436 2408 511 2445 poris
532 2407 696 2436 suavitatem
711 2417 737 2440 »3
759 2405 899 2434 Psalmus:
926 2416 939 2429 α
954 2404 1061 2433 Cibavit
1081 2411 1128 2432 eos
1148 2411 1185 2432 ex
1206 2403 1285 2440 adipe

437 2454 567 2483 frumenti
589 2457 616 2482 et
636 2453 670 2482 de
691 2456 770 2490 petra
789 2452 870 2481 melle
891 2451 1027 2481 saturavit
1048 2458 1094 2480 eos
1108 2462 1135 2478 ».

907 168 1133 198 COLLATIONES
1155 169 1186 197 {N
1208 168 1354 198 IOANNEM
1374 168 1443 197 CAP.
1467 168 1508 197 lv.
1530 168 1623 197 COLL.
1646 169 1712 198 XVI.

1419 247 1445 275 5.
1467 246 1535 275 Nota
1555 249 1648 276 autem
1670 247 1736 281 tria,
1754 255 1826 284 quae
1846 247 1978 277 auferunt
1992 248 2097 277 homini
2117 248 2191 278 dele·
2208 255 2252 282 'rua
2265 255 2296 303 §mg

1339 292 1472 321 ctationes
1485 292 1539 321 cibi
1554 292 1714 329 spiritualis.
1738 293 1860 322 Primum
1875 295 1917 323 est
1930 302 2033 323 sensus
2053 293 2191 331 desae-tim
2207 278 2296 329 2233qu

1340 339 1453 368 secundi
1482 339 1586 376 Regum
1613 339 1721 368 decimo
1742 347 1814 368 nono
1828 339 1839 357 ⁶
1860 340 1895 369 de
1916 340 2062 370 Berzellai:
2088 352 2102 366 α
2116 341 2191 370 Nun-
2207 324 2296 346 P‘mu'n'

1340 385 1407 423 quid
1428 385 1521 422 vigent
1542 393 1641 416 sensus
1661 386 1715 415 mei
1735 386 1770 415 ad
1797 386 2011 416 discernendum
2039 395 2124 417 suave
2149 388 2192 418 vel

1339 435 1486 461 amarum?
1507 435 1556 462 aut
1576 432 1714 462 delectare
1743 435 1833 470 potest
1860 441 1973 462 servum
2001 436 2083 463 tuum
2110 438 2193 472 potus

1340 482 1367 508 et
1388 479 1488 508 cibus?
1509 479 1553 508 vel
1573 479 1671 509 audire
1692 488 1805 517 possum
1827 480 1901 509 ultra
1922 488 2018 509 vocem
2046 483 2192 511 cantorum

1339 527 1367 554 et
1387 525 1570 554 cantatricum
1587 528 1619 554 »2
1641 526 1780 555 Psalmus:
1807 537 1821 551 «
1836 525 1915 555 Aruit
1934 534 1982 556 cor
2001 534 2112 562 meum,
2127 527 2193 564 quia

1339 570 1442 600 oblitus
1463 579 1526 600 sum
1547 571 1693 601 comedere
1706 580 1806 609 panem
1827 580 1922 602 meum
1937 584 1964 601 n.
1981 589 2018 594 —
2034 573 2191 604 Secundum
2209 580 2292 603 soeunuu

1340 620 1382 647 est
1401 626 1505 646 sensus
1526 616 1660 655 infectio,
1676 618 1751 655 quod
1766 619 1835 648 solet
1854 627 1914 648 esse
1929 619 1957 648 in
1972 619 2106 655 infirmis,
2121 628 2191 657 quo-

1340 672 1404 694 rum
1419 665 1548 694 aduritur
1563 665 1703 702 palatum;
1720 665 1767 694 Iob
1781 666 1923 703 trigesimo
1937 666 2020 695 tertio
2031 667 2057 694 ⁷:
2074 678 2088 692 «
2103 667 2192 696 lucre-

1340 714 1387 748 pat
1407 711 1541 741 Dominus
1562 720 1612 749 per
1633 712 1758 741 dolorem
1779 712 1807 742 in
1832 713 1934 742 lectulo
1961 716 1989 742 et
2014 713 2107 742 omnia
2130 722 2193 743 ossa

1340 759 1401 788 eius
1422 767 1594 788 marcescere
1615 759 1695 794 facit3
1717 760 1910 789 abominabilis
1930 760 1953 789 ei
1976 760 2007 789 fit
2028 760 2056 789 in
2071 760 2128 790 vita
2141 769 2192 791 sua

1340 806 1435 843 panis,
1450 809 1478 835 et
1492 806 1571 835 cibus
1592 806 1699 836 animae
1714 815 1780 836 suae
1794 809 1858 836 ante
1872 807 2062 837 desiderabilis
2076 818 2103 843 »3
2119 808 2192 837 Psal-

1340 861 1419 882 mus:
1440 865 1453 878 a
1468 853 1587 882 Omnem
1613 861 1703 882 escam
1725 854 1884 883 abominata
1904 857 1946 884 est
1966 855 2058 884 anima
2078 863 2191 890 eorum,

1341 902 1368 928 et
1388 900 1685 937 appropinquaverunt
1706 908 1796 938 usque
1817 901 1851 929 ad
1872 904 1966 938 portas
1993 901 2091 931 mortis
2104 913 2132 930 υ.
2154 918 2191 923 -

1341 947 1466 976 Tertium
1487 949 1529 976 est
1553 956 1656 976 sensus
1683 947 1818 984 repletio;
1846 948 2032 977 Numerorum
2060 949 2192 986 vigesimo
2209 953 2294 973 Tertium

1341 995 1448 1032 primo:
1475 1006 1488 1020 «
1502 994 1558 1023 Cur
1579 994 1700 1024 eduxisti
1723 1003 1774 1023 nos
1794 994 1828 1024 de
1848 995 1985 1032 Aegypto,
2010 998 2042 1024 ut
2068 1004 2192 1025 morere-

1340 1049 1406 1069 mur
1430 1041 1458 1070 in
1487 1041 1654 1070 solitudine?
1681 1041 1763 1070 Deest
1790 1041 1884 1078 panis,
1912 1049 1968 1070 non
1996 1044 2062 1071 sunt
2088 1050 2191 1079 aquae,

1341 1090 1457 1116 nauseat
1477 1088 1568 1117 anima
1589 1090 1684 1116 nostra
1703 1095 1788 1124 super
1809 1087 1871 1116 cibo
1891 1087 1944 1117 isto
1958 1088 2098 1126 levissimo
2111 1100 2139 1117 ».
2155 1105 2192 1111 —

1342 1135 1469 1169 Attende,
1497 1135 1564 1172 quia
1591 1142 1690 1164 sensus
1712 1135 1782 1163 male
1807 1135 1935 1172 repletur
1962 1135 2074 1164 lascivia
2103 1136 2192 1165 malae
2210 1140 2293 1161 Nota-mu

1341 1182 1523 1218 operationis,
1546 1182 1616 1211 male
1637 1181 1770 1218 inficitur
1792 1189 1841 1218 per
1863 1182 2113 1219 concupiscentiam
2133 1191 2192 1212 ma-

1342 1229 1384 1257 lae
1411 1229 1577 1265 affectionis,
1600 1228 1696 1265 delicit
1722 1231 1816 1258 autem
1841 1225 1963 1266 propter
1984 1229 2192 1259 inconsuetudi-

1342 1284 1405 1305 nem
1426 1276 1594 1310 devotionis;
1623 1279 1650 1304 et
1671 1278 1737 1304 sunt
1765 1275 1807 1304 illi·
1826 1276 1906 1313 quasi
1933 1276 2082 1311 saturati,
2111 1276 2190 1314 quasi

1342 1323 1444 1352 adusti
1464 1323 1519 1357 illi,
1541 1323 1579 1351 illi
1601 1323 1679 1360 quasi
1702 1322 1862 1359 deficientes
1882 1325 1910 1352 et
1930 1322 2062 1360 languidi.

1658 1424 1799 1448 COLLATlO
1817 1425 1876 1448 XVl.

1422 1511 1496 1548 (Cap.
1513 1511 1562 1545 Vl,
1578 1511 1645 1546 ΞΤ).
1671 1510 1844 1547 Ορεναητὶηἱ
1861 1519 1919 1539 non
1934 1510 2046 1546 cibum,
2062 1511 2115 1550 qui
2124 1520 2192 1549 per-

1342 1559 1378 1593 it,
1399 1558 1450 1587 sed
1469 1558 1522 1596 qui
1539 1560 1691 1595 permanet
1712 1557 1743 1585 in
1763 1557 1855 1586 vitam
1877 1561 2027 1586 aeter-nam
2038 1557 2058 1586 ⁸.

1424 1607 1447 1634 1.
1465 1605 1493 1633 In
1515 1605 1567 1633 hoc
1582 1604 1669 1633 verbo
1691 1604 1819 1632 innuitur
1838 1604 1918 1633 nobis
1932 1605 2068 1642 quaedam
2083 1605 2136 1634 cibi
2152 1605 2193 1634 di—
2209 1608 2282 1651 Dufflt

1342 1653 1461 1681 stinctio.
1484 1652 1530 1680 Est
1550 1651 1623 1680 enim
1646 1651 1741 1685 cibus,
1764 1651 1812 1688 qui
1830 1651 1925 1688 perit,
1947 1655 1974 1680 et
1994 1651 2041 1681 ille
2068 1655 2110 1681 est
2131 1652 2191 1681 cul·
2280 1646 2284 1651 ’

1338 1708 1395 1737 pac
1417 1715 1453 1720 -
1475 1702 1502 1728 et
1523 1701 1565 1728 est
1585 1698 1677 1732 cibus,
1699 1698 1747 1735 qui
1769 1702 1920 1735 permanet
1940 1699 1972 1727 in
1992 1698 2085 1728 vitam
2100 1703 2193 1728 aeter—

1340 1755 1426 1780 nam,
1447 1749 1475 1775 et
1495 1746 1540 1774 ille
1562 1749 1603 1774 est
1623 1744 1749 1782 graciae.

1420 1793 1466 1822 Est
1486 1795 1578 1821 autem
1600 1792 1679 1821 cibus
1700 1792 1803 1829 culpae
1824 1792 1989 1829 multiplex:
2011 1793 2090 1822 cibus
2103 1793 2192 1822 luxu·
2204 1795 2289 1838 Gibuffcv

1340 1841 1406 1869 riae
1412 1851 1423 1874 ,·
1437 1839 1550 1869 secundi
1566 1840 1670 1876 Regum
1685 1839 1791 1868 decimo
1806 1839 1889 1868 tertio
1900 1839 1924 1867 ⁹:
1951 1851 1964 1865 «ι
1979 1840 2092 1875 Veniat,
2113 1840 2192 1869 obse·
2209 1824 2290 1862 &3⁰33

1342 1895 1406 1921 cro,
1427 1887 1557 1920 Thamar,
1579 1893 1659 1915 soror
1680 1893 1756 1922 mea,
1772 1888 1803 1914 ut
1817 1885 1864 1914 det
1877 1886 1945 1915 mihi
1960 1886 2054 1915 cibum
2069 1889 2097 1915 et
2111 1886 2191 1916 faciat

1341 1934 1410 1962 inibi
1431 1934 1623 1970 pulmentum,
1646 1935 1673 1961 et
1694 1932 1835 1961 comedam
1856 1932 1890 1961 de
1910 1940 1996 1961 manu
2009 1933 2070 1962 eius
2083 1944 2111 1967 »;
2126 1936 2191 1961 nota

1340 1980 1375 2009 de
1395 1988 1498 2009 amore.
1521 1996 1558 2001 -
1580 1979 1664 2008 Cibus
1691 1980 1797 2017 molae,-
1818 1979 2006 2009 Numerorum
2027 1980 2190 2009 undecimo:
2208 1984 2262 2003 Gula·
2279 1994 2282 1997 ·

1346 2039 1359 2052 «
1375 2027 1470 2056 Adhuc
1491 2034 1588 2055 carnes
1609 2028 1688 2054 erant
1710 2026 1737 2054 in
1759 2026 1887 2055 faucibus
1907 2034 2022 2060 eorum,
2043 2034 2094 2055 nec
2118 2026 2192 2055 dese-

1342 2078 1417 2103 cerat
1445 2073 1603 2102 huiusmodi
1632 2073 1727 2107 cibus,
1749 2076 1776 2102 et
1797 2081 1875 2108 ecce,
1897 2073 1977 2102 furor
1997 2073 2107 2102 Domini
2127 2081 2192 2102 con-

1342 2122 1442 2150 citatus
1473 2121 1501 2150 in
1532 2120 1683 2157 populum,
1716 2120 1853 2157 percussit
1883 2128 1947 2156 eum
1979 2120 2059 2158 plaga
2092 2128 2193 2158 magna

1341 2169 1431 2198 nimis.
1454 2169 1573 2197 Vocatus
1593 2170 1635 2196 est
1660 2168 1737 2197 locus
1765 2168 1810 2196 ille
1839 2168 1967 2205 sepulcra
1996 2168 2192 2205 concupiscen-

1342 2216 1395 2245 tiae
1409 2227 1436 2250 »;
1458 2215 1597 2244 Psalmus:
1624 2226 1637 2239 (ι
1652 2214 1747 2243 Adhuc
1768 2222 1846 2243 escae
1867 2223 1965 2245 eorum
1987 2217 2068 2244 erant
2095 2215 2123 2244 in
2143 2223 2192 2244 ore

1341 2263 1482 2300 ipsorum,
1504 2264 1531 2290 et
1551 2261 1593 2290 ira
1612 2261 1661 2290 Dei
1681 2261 1804 2290 ascendit
1832 2269 1917 2298 super
1938 2269 1985 2290 eos
1999 2273 2026 2290 n.
2049 2278 2086 2282 —
2108 2261 2192 2291 Cibus
2209 2264 2288 2290 Superbi

1340 2308 1496 2347 superbiae
1504 2319 1514 2342 ,·
1535 2309 1655 2337 Danielis
1676 2309 1767 2345 primo
1780 2308 1814 2336 ¹⁰:
1842 2320 1855 2333 «
1871 2309 1957 2337 Tenta
1971 2316 2036 2343 nos,
2060 2308 2191 2343 obsecro,

1341 2357 1435 2385 decem
1457 2356 1570 2389 diebus,
1593 2358 1620 2384 et
1640 2355 1743 2384 dentur
1764 2355 1844 2384 nobis
1865 2355 2004 2392 legumina
2024 2355 2058 2384 ad
2079 2363 2192 2385 vescen-

1341 2403 1409 2431 dum
1429 2407 1455 2432 et
1484 2411 1557 2440 aqua
1577 2402 1611 2431 ad
1639 2402 1806 2437 bibendum,
1828 2405 1856 2431 et
1883 2402 2070 2439 contemplare
2097 2402 2193 2431 vultus

1342 2452 1451 2479 nostros
1482 2453 1509 2478 et
1540 2450 1635 2478 vultus
1665 2457 1837 2486 puerorum,
1869 2449 1916 2486 qui
1948 2451 2100 2478 vescuntur
2131 2449 2192 2478 cibo

501 2650 508 2663 ¹
527 2651 594 2673 Vers.
611 2651 649 2673 21.
664 2663 694 2667 —
713 2650 817 2673 Subinde
834 2651 945 2678 allegatur
962 2651 1017 2673 Luc.
1035 2650 1076 2677 46,
1100 2649 1133 2671 10.
1145 2655 1210 2678 seqq.

500 2689 509 2702 ²
529 2691 593 2713 Vers.
615 2691 649 2712 tt.
666 2702 696 2707 -
713 2690 821 2719 Sequitur
838 2690 894 2712 Lev.
913 2690 936 2711 vll
949 2708 954 2717 ,
972 2689 1009 2712 34.

501 2728 510 2741 ³
528 2730 593 2752 Vers.
613 2729 634 2751 4.
650 2741 681 2746 -
698 2730 747 2752 Duo
765 2735 830 2758 seqq.
855 2729 898 2751 loci
921 2731 975 2751 sunt
1000 2729 1086 2751 Thren.
1108 2728 1134 2755 i,
1154 2727 1195 2749 119:
1213 2727 1284 2750 Senes

438 2769 486 2792 mei
500 2768 524 2791 i‘n
541 2768 601 2791 urbe
617 2771 672 2797 ete„
689 2771 711 2791 et
727 2768 778 2791 lsai.
794 2768 835 2795 55,
853 2769 875 2790 2.

501 2806 510 2819 ⁴
523 2808 587 2829 Vers.
600 2808 637 2829 20.
649 2819 680 2823 —
692 2807 796 2829 Subinde
807 2808 936 2835 allegantur
948 2807 984 2829 Ps.
995 2806 1035 2834 77,
1047 2807 1090 2833 25;
1103 2806 1137 2829 lll.
1148 2806 1206 2834 Reg.
1216 2806 1253 2834 19,
1263 2805 1284 2827 8,

501 2845 511 2858 ⁵
528 2847 593 2869 Vers.
611 2846 653 2874 20,
671 2848 723 2874 post
738 2852 809 2874 quem
826 2846 930 2875 sequitur
947 2847 982 2868 Ps.
1000 2845 1042 2873 80,
1062 2845 1098 2867 117.

501 2884 512 2898 ὅ
529 2886 594 2908 Vers.
612 2885 650 2907 35.
666 2898 698 2902 -
715 2885 819 2908 Subinde
836 2886 946 2913 allegatur
964 2886 1000 2908 ΡΒ.
1017 2886 1057 2908 lot
1070 2904 1075 2914 ‚
1092 2885 1113 2907 5.

502 2923 511 2937 ⁷
531 2926 595 2947 Vers.
608 2925 644 2947 49.
657 2931 706 2954 seq.
718 2926 891 2954 —Sequuntur
906 2926 940 2947 ΡΒ.
955 2926 1013 2952 406,
1028 2926 1065 2947 18.
1084 2928 1106 2947 et
1118 2925 1184 2947 Num.
1203 2924 1228 2946 *zi
1240 2942 1245 2952 ‚
1263 2924 1284 2946 5.

502 2962 512 2975 Β
529 2964 564 2987 Ad
581 2964 699 2992 praedicta
716 2964 745 2986 de
763 2963 815 2986 cibo
832 2964 969 2992 complenda
996 2964 1019 2986 S.
1044 2964 1130 2986 Bonav.
1156 2963 1193 2985 hic
1210 2962 1285 2985 antici-

1341 2648 1420 2676 pando
1437 2647 1531 2675 exponit
1547 2653 1641 2669 versum
1659 2647 1751 2674 capituli
1770 2647 1834 2669 sexti.
1859 2645 1918 2669 Cum
1936 2647 1993 2668 haec
2016 2645 2128 2673 expositio
2154 2646 2192 2669 fiat

1342 2693 1384 2715 per
1397 2687 1494 2710 modum
1512 2687 1641 2715 completae
1658 2686 1796 2713 collationis,
1814 2692 1866 2708 eam
1878 2692 1891 2708 a
1906 2685 2059 2714 praecedente
2071 2685 2139 2708 etiam
2152 2692 2192 2708 nu-

1342 2726 1470 2749 meratione
1487 2725 1640 2748 distinximus.
1662 2725 1720 2747 Vide
1737 2726 1796 2747 insta
1814 2731 1869 2753 pag.
1886 2724 1944 2752 567,
1962 2726 2064 2747 annotat.
2081 2725 2118 2747 22.

1404 2763 1414 2776 ⁹
1431 2765 1498 2787 Vers.
1512 2765 1533 2786 5.
1548 2777 1577 2780 ν-
1595 2765 1643 2786 Duo
1658 2771 1722 2793 seqq.
1740 2764 1783 2786 loci
1801 2764 1854 2787 sunt
1868 2764 1936 2786 Num.
1953 2763 1989 2790 ll,
2004 2763 2041 2785 33.
2059 2766 2082 2786 et
2098 2763 2135 2786 Ps.
2152 2763 2191 2790 77,

1342 2805 1379 2827 30.
1395 2810 1420 2827 se
1438 2820 1444 2826 .

1405 2811 1508 2866 ²⁰qurs.
1529 2843 1564 2865 112.
1583 2846 1605 2865 et
1623 2843 1659 2866 13.
1677 2842 1754 2865 Verba
1771 2842 1836 2866 cibus
1853 2841 1977 2871 superbiae
1993 2842 2112 2864 reserenda
2130 2844 2191 2864 certe

1341 2886 1395 2906 sunt
1411 2883 1441 2905 ad
1458 2883 1535 2905 cibum
1554 2883 1652 2905 aliorum
1670 2888 1810 2910 puerorum,
1828 2882 1875 2905 scil.
1893 2881 1972 2904 cibum
1984 2881 2085 2911 reqium.
2103 2893 2134 2898 —
2152 2881 2191 2903 Se-

1341 2925 1445 2952 quuntur
1462 2922 1520 2945 Osee
1539 2922 1579 2949 42,
1598 2923 1619 2944 4,
1637 2925 1658 2944 et
1677 2922 1745 2944 Prov.
1765 2922 1802 2950 23,
1820 2922 1841 2944 6.
1859 2928 1907 2950 seq.
