2296 3316
63 843 122 866 Resp.

7 1475 8 1493 l

7 1497 8 1528 l

20 1542 66 1561 visio
78 1542 98 1561 in
111 1542 121 1560 Δ

17 1566 104 1585 membra.

10 2287 87 2307 Mambri
100 2288 116 2307 1.

18 2311 116 2331 uhdivisio.

757 109 926 138 COMMENT.
949 110 980 138 IN
1001 109 1147 138 IOANNEM
1168 110 1195 139 C.
1219 111 1248 139 V.

134 188 249 225 spondet
268 187 437 224 Augustinus
450 188 469 222 ¹,
490 187 564 224 quod
585 189 758 223 exceperunt
772 186 899 215 exterius
917 195 978 215 cor-

133 234 277 271 poraliter,
292 233 339 263 sed
360 242 414 262 non
429 233 546 262 interius
561 241 610 270 per
629 233 726 267 fidem;
748 235 776 261 et
796 233 871 261 hunc
892 233 978 261 hono-

135 289 193 310 rem
214 281 348 310 Dominus
368 289 423 309 non
438 280 565 317 requirit.
588 280 645 308 Non
667 280 739 308 enim
761 279 825 308 facit
846 279 979 308 Dominus

134 328 189 356 vim
210 328 243 357 de
264 328 333 356 festo
353 327 502 361 brachiali,
518 327 565 356 sed
592 327 626 355 de
648 329 739 355 mente
760 326 842 354 fideli.

212 374 258 402 85.
273 374 383 410 Quaest.
399 374 427 402 ΙΙ.
441 374 507 402 Item
519 373 628 410 quaerit
638 372 788 409 Gregorius
799 373 810 389 ²
825 372 858 401 de
873 372 925 401 isto
936 380 980 401 re-

133 420 214 457 gulo,
229 423 326 449 utrum
341 419 481 453 crederet,
496 428 530 448 an
546 428 600 448 non
611 422 622 447 *2
633 435 670 440 ——
682 419 760 456 Quod
775 427 840 453 non,
855 419 978 448 videtur:

215 468 238 495 1.
261 467 331 503 Quia
351 466 484 495 Dominus
505 466 629 503 increpat
649 474 727 495 eum:
749 465 817 494 Nisi
842 466 930 503 signa
955 470 979 495 et

132 513 271 551 prodiqia
291 513 440 547 videritis,
461 521 520 541 non
540 512 666 541 creditis.

212 562 238 589 Ξ.
260 560 314 588 Hoc
335 560 427 596 ipsum
447 559 576 596 arguitur
598 566 647 595 per
676 559 831 588 litteram⁸:
846 559 912 596 quia
933 567 979 596 pe-

134 607 223 641 tebat,
255 607 329 644 quod
360 606 554 640 descenderet,
583 605 662 642 quasi
691 606 742 634 nisi
774 606 801 634 in
825 606 981 643 praesentia

134 661 232 682 sanare
252 661 307 681 non
329 656 428 689 posset.

212 701 264 728 SED
285 707 394 728 CONTRA
423 699 475 728 hoc
495 702 549 728 est:
572 699 593 727 si
616 707 670 727 non
691 699 815 734 credidit,
842 699 980 737 quomodo

136 747 252 775 salutem
274 746 321 774 filii
343 746 493 783 postulavit
514 754 530 774 a
550 746 686 774 Domino?

214 793 392 821 Raspounao:
414 792 587 835 Dicendum,
602 792 676 830 quod
708 793 847 827 credidit,
870 793 917 822 sed
938 802 980 821 se-

134 838 271 876 miplene:
293 838 432 873 credidit,
454 839 480 868 in
503 839 613 868 Christo
633 847 693 868 esse
715 839 847 868 virtutem
868 839 902 868 ad
927 840 979 868 sal-

134 886 254 914 vandum
276 886 377 920 filium;
399 885 445 915 sed
467 894 525 914 non
545 885 682 919 credidit,
696 885 724 914 in
745 894 777 914 eo
797 894 857 915 esse
878 886 981 915 Divini-

1823 113 1879 142 303

1034 190 1131 222 tatem,
1160 196 1209 224 per
1240 197 1324 226 quam
1353 192 1444 225 posset
1475 190 1587 227 ubique.
1618 190 1693 219 Unde
1725 190 1792 219 fides
1813 190 1880 225 fuit,

1035 242 1098 262 cum
1120 235 1197 271 petiit
1218 235 1350 270 salutem;
1373 236 1421 265 sed
1445 236 1568 265 defectus
1596 237 1674 271 fidei,
1696 245 1760 266 cum
1788 237 1881 274 requi-

1035 280 1113 309 rebat
1134 282 1317 317 praesentiam
1339 283 1510 319 corporalem
1522 284 1542 311 4.

1113 327 1159 355 86.
1182 328 1291 364 Quaest.
1315 328 1354 356 Ill.
1378 329 1442 357 Item
1464 329 1574 366 quaerit
1587 329 1677 358 dictus
1691 329 1879 367 Gregorius⁵:

1035 373 1108 402 unde
1129 376 1185 408 est,
1208 374 1282 411 quod
1305 375 1437 404 Dominus
1456 375 1490 403 ad
1511 383 1623 404 servum
1646 376 1815 405 centurionis
1841 376 1882 405 ire

1035 428 1064 449 se
1084 420 1200 455 obtulit,
1221 421 1255 449 ad
1276 421 1364 450 filium
1385 422 1491 459 reguli,
1513 430 1576 451 cum
1599 426 1760 460 rogaretur,
1776 423 1816 452 ire
1839 431 1882 452 re-

1036 467 1165 495 cusavit?

1115 514 1292 543 Rasrounao:
1313 514 1481 550 Dicendum,
1502 516 1575 553 quod
1608 516 1660 545 hoc
1681 516 1733 545 fuit
1753 516 1787 545 ad
1808 516 1882 545 aedi—
1894 516 1951 539 ΜΡ·

1036 559 1191 588 ficationem
1223 559 1292 596 fide-i
1319 563 1346 589 et
1373 570 1507 590 morum:
1529 562 1614 598 fidei,
1645 563 1726 600 quia,
1758 563 1825 591 dum
1853 571 1882 592 se

1036 606 1137 634 obtulit
1150 607 1318 641 centurioni,
1334 607 1420 644 ipsius
1435 608 1497 636 fidei
1513 608 1685 638 devotionem
1701 610 1779 638 nobis
1794 610 1881 638 mani-

1036 653 1159 688 festavit;
1180 653 1248 682 dum
1269 654 1387 682 retraxit
1408 662 1437 683 se
1458 663 1474 683 a
1488 655 1544 683 filio
1559 656 1660 693 reguli,
1676 656 1799 685 curando
1816 664 1880 685 eum

1036 699 1064 728 in
1085 700 1223 734 absentia,
1246 700 1279 729 ad
1303 700 1471 729 Divinitatis
1491 701 1577 738 fidem
1598 703 1730 731 invitavit.
1747 703 1784 731 Ad
1802 703 1881 732 aedi-

1036 746 1200 783 ficationem
1221 755 1288 776 vero
1309 756 1443 781 morum,
1459 750 1490 776 ut
1504 752 1627 777 nostram
1642 750 1801 786 superbiam
1818 758 1883 778 con-

1038 793 1201 831 stringeret,
1222 794 1269 831 qui
1291 802 1405 832 magnos
1427 803 1594 824 veneramur
1623 799 1649 824 et
1671 804 1771 833 parvos
1792 796 1882 833 despi-

1038 841 1142 875 cimus,
1164 841 1298 870 Dominus
1312 849 1341 870 se
1359 841 1459 870 obtulit
1473 842 1513 871 ire
1527 842 1561 870 ad
1576 843 1746 871 centurionis
1761 850 1882 879 servum,

1037 889 1065 915 et
1086 887 1225 916 recusavit
1246 887 1286 916 ire
1307 887 1341 916 ad
1362 888 1450 925 reguli
1472 888 1560 916 filium
1573 888 1591 916 Β.

902 996 1063 1025 Camunni
1084 996 1115 1025 V.

157 1104 269 1135 Secundo,
287 1104 313 1127 de
329 1104 515 1127 manifestatione
531 1104 600 1127 Verbi
617 1104 688 1135 quoad
705 1104 844 1127 conditiones
861 1111 875 1127 a
891 1104 957 1135 parte

358 1142 431 1173 ipsius
448 1142 515 1165 Verbi
532 1142 686 1166 manifestati.

215 1245 238 1272 1.
261 1244 332 1272 Post
351 1243 421 1272 hacc
442 1247 507 1272 erat
527 1247 577 1272 etc.
601 1244 758 1272 Terminata
778 1247 820 1273 est
840 1244 887 1272 illa
915 1252 980 1281 pars

134 1290 308 1327 principalis,
330 1291 358 1318 in
373 1298 428 1327 qua
442 1290 534 1327 agitur
555 1290 589 1319 de
604 1290 821 1319 manifestatione
841 1291 924 1320 Verbi
939 1291 980 1319 in—

134 1337 254 1371 carnati,
276 1337 430 1366 secundum
451 1337 524 1374 quod
547 1337 659 1374 respicit
676 1337 846 1366 conditiones
866 1346 882 1366 a
902 1340 980 1374 parte

134 1392 231 1412 eorum
258 1384 362 1420 quibus
382 1383 414 1412 tit
434 1383 633 1418 manifestatio;
656 1385 720 1413 hinc
741 1384 837 1421 incipit
860 1384 981 1413 secunda

134 1438 199 1467 pars
229 1430 403 1467 principalis,
435 1431 462 1459 in
495 1439 550 1467 qua
581 1431 672 1468 agitur
700 1431 733 1460 de
762 1431 981 1460 manifestatione

134 1478 216 1507 Verbi
238 1478 388 1512 incarnati,
410 1478 563 1507 secundum
584 1478 659 1515 quod
680 1479 791 1515 respicit
812 1478 981 1508 conditiones

134 1533 153 1553 a
171 1528 257 1562 parte
278 1525 372 1562 ipsius
401 1525 482 1553 Verbi
507 1524 690 1562 manifestati
704 1525 723 1553 ⁷.
746 1525 871 1554 Ostendit
892 1526 980 1560 enim,

134 1571 208 1609 quod
228 1572 287 1609 ipse
307 1571 355 1601 Dei
377 1572 474 1605 Filius,
497 1572 544 1609 qui
566 1575 607 1601 est
629 1572 715 1600 Patris
734 1572 872 1606 Verbum,
895 1572 981 1600 mani-

133 1618 214 1647 festat
235 1626 264 1647 se
282 1622 463 1652 curatorem,
484 1622 730 1652 conservatorem,
757 1618 928 1647 directorem
955 1621 982 1647 et

135 1663 353 1700 vivificatorem.

214 1710 304 1739 Primo
325 1711 410 1747 igitur
431 1711 549 1739 ostendit
564 1718 592 1739 se
614 1715 781 1739 curatorem
796 1711 823 1739 in
845 1711 982 1747 praesenti

135 1757 264 1794 capitulo.
290 1757 428 1792 Secundo,
442 1761 673 1786 conservatorem
695 1757 722 1786 in
744 1760 824 1786 sexto
850 1757 982 1794 capitulo,

136 1803 172 1832 ibi
184 1803 208 1831 ⁸:
232 1804 302 1831 Post
324 1802 393 1832 baec
412 1803 484 1832 abiit
501 1807 552 1832 etc.
568 1804 673 1837 Tertio,
688 1804 858 1832 directorem
878 1812 894 1832 a
909 1804 983 1841 prin-

136 1849 206 1886 cip'io
227 1850 335 1886 septimi
364 1858 454 1887 usque
474 1850 508 1878 ad
537 1850 728 1884 undecimum,
756 1854 783 1879 et
804 1851 899 1888 incipit
927 1851 982 1880 ibi:

138 1896 206 1924 Post
221 1894 290 1924 haec
305 1896 477 1924 ambulabat
492 1897 572 1925 Iesus
588 1897 618 1925 in
634 1897 798 1925 Gatilaeam
812 1900 862 1925 etc.
879 1898 983 1934 Quarto

136 1949 214 1976 vero,
237 1942 389 1978 perfectum
412 1946 614 1979 reparatorem
633 1943 660 1971 in
682 1943 775 1972 Lazari
797 1944 982 1973 resuscitatio-

136 1996 185 2022 ne,
207 1988 235 2017 in
256 1988 392 2025 principio
406 1989 560 2023 undecimi,
582 1989 631 2018 ibi:
656 1991 728 2018 Erat
743 1993 841 2018 autem
861 1991 983 2027 quidam

137 2035 278 2073 tanyuens
299 2036 447 2064 Lazarus.

266 2136 354 2167 Primo,
373 2136 447 2160 Filius
464 2137 502 2160 Dei
520 2144 542 2160 se
559 2137 696 2161 manifestat
713 2138 847 2161 curatorem.

214 2224 240 2251 2.
263 2223 394 2252 Praesens
414 2224 498 2260 igitur
520 2224 685 2260 capitulum,
708 2224 735 2252 in
750 2233 806 2261 quo
827 2225 982 2254 manifestat

136 2277 165 2298 se
186 2273 352 2298 curatorem
373 2278 422 2306 per
445 2270 599 2299 mirabilem
615 2271 756 2307 paralytici
779 2271 981 2306 liberationem,

136 2316 218 2345 habet
239 2319 359 2353 quatuor
380 2320 473 2353 partes
501 2317 654 2346 secundum
685 2320 815 2354 quatuor,
844 2326 915 2355 quae
936 2318 982 2347 de-

199 2491 207 2504 ¹
226 2493 249 2515 ln
267 2493 327 2515 ioan.
346 2494 434 2522 Evang.
451 2497 477 2516 tr.
496 2495 533 2517 46.
551 2501 572 2517 n.
591 2496 616 2523 3,
634 2495 673 2517 ubi
691 2496 770 2525 docet,
788 2502 876 2524 paucos
896 2499 983 2519 tantum

136 2537 162 2554 cx
179 2531 277 2553 Galilaea
294 2531 324 2554 ob
346 2532 455 2555 miracula
479 2534 535 2555 sacta
557 2533 581 2555 in
598 2540 656 2557 eunt
675 2535 808 2557 credidisse.
825 2548 855 2552 —
873 2536 984 2563 Superius

137 2572 190 2598 post
208 2570 276 2598 Quod
293 2570 409 2599 obiicitur,
428 2571 491 2601 quod
506 2573 543 2595 ed.
560 2573 652 2601 supplet
670 2573 782 2602 Galilaei,
801 2580 860 2603 quae
872 2575 941 2596 etiam
954 2575 984 2597 iu-

138 2608 208 2631 ferius
225 2612 277 2631 ante
293 2609 396 2639 requirit
411 2610 495 2632 omittit
520 2617 573 2633 cum
591 2611 697 2639 pluribus
715 2613 783 2635 codd.
796 2618 851 2641 non,
865 2616 887 2635 et
903 2612 984 2636 substi-

138 2647 179 2669 tuit
195 2647 311 2671 eaeteriori
327 2654 369 2676 pro
386 2648 510 2672 brachiali.
527 2650 562 2672 Du
579 2649 669 2678 Gange,
687 2651 826 2673 Glossarium
845 2654 887 2673 etc.
906 2658 984 2674 recen-

137 2688 171 2708 set
192 2694 202 2706 α
213 2686 274 2715 festa
291 2686 458 2715 brachiorum,
479 2694 540 2717 quae
557 2691 579 2710 et
595 2688 721 2711 manualia
733 2690 853 2719 dicuntur;
870 2690 984 2713 inferioris

137 2725 225 2747 ordinis
236 2728 258 2747 et
270 2726 365 2748 minoris
377 2727 524 2749 solemnitatis
542 2728 609 2755 testa,
627 2728 649 2750 in
667 2728 753 2756 quibus
770 2736 795 2751 ea
814 2733 901 2752 tantum
913 2736 984 2757 opera

138 2763 327 2792 prohibebantur,
344 2771 404 2793 quae
421 2765 470 2788 sine
486 2765 550 2795 equis
567 2768 589 2789 et
606 2767 714 2790 carrucis
732 2768 780 2790 lieri
798 2774 843 2791 non
861 2771 963 2796 possunt.

200 2801 209 2815 ²
226 2803 288 2825 Libr.
305 2805 330 2826 ll.
347 2804 429 2826 Homil.
447 2805 471 2826 in
488 2805 576 2833 Evang.
594 2806 672 2828 homil.
689 2807 726 2828 28.
745 2813 766 2829 n.
785 2807 806 2829 i.

200 2839 209 2853 ⁸
227 2842 291 2864 Vers.
310 2842 351 2864 49:
370 2843 477 2870 Domine,
495 2843 611 2866 descende
627 2847 669 2867 etc.

199 2879 209 2893 ⁴
226 2881 313 2903 Eodem
330 2882 401 2904 modo
418 2883 543 2909 respondet
559 2884 654 2911 Gregor.
672 2885 713 2906 loc.
732 2885 769 2907 cit.

1035 1105 1221 1134 terminantur
1235 1106 1281 1134 ibi.
1301 1106 1329 1134 ln
1348 1106 1437 1143 prima
1461 1106 1533 1135 enim
1556 1107 1677 1143 tangitur
1699 1107 1884 1136 miraculosa

1036 1153 1160 1180 curatio.
1184 1153 1211 1181 ln
1233 1153 1369 1187 secunda,
1385 1154 1549 1182 curationis
1570 1153 1778 1188 calumniatio,
1802 1154 1839 1182 ibi
1854 1155 1883 1182 ⁹:

1038 1200 1111 1227 Erat
1132 1203 1230 1228 autem
1262 1200 1430 1228 Sabbatum.
1457 1201 1484 1228 In
1517 1201 1609 1234 tertia,
1641 1201 1881 1229 calumniationis

1037 1244 1213 1282 confutatio,
1236 1246 1288 1274 ibi:
1314 1247 1465 1283 Respondit
1479 1247 1576 1285 itaque
1598 1248 1677 1275 Iesus
1692 1251 1717 1275 et
1737 1248 1811 1276 ctioeit
1836 1248 1882 1276 eis.

1038 1292 1066 1320 In
1087 1295 1200 1329 quarta,
1228 1292 1438 1330 confutationis
1462 1293 1678 1327 corroboratio,
1700 1297 1727 1322 et
1757 1294 1808 1322 hoc
1836 1302 1885 1330 per

1038 1339 1126 1367 multa
1157 1340 1331 1373 testimonia,
1364 1340 1419 1368 ibi:
1442 1340 1475 1368 Si
1505 1349 1554 1377 eyo
1577 1341 1771 1368 testimonium
1789 1339 1888 1377 perhi—

1040 1384 1087 1413 beo
1109 1388 1160 1414 etc.

1117 1432 1248 1461 Mirabilis
1277 1432 1361 1469 igitur
1383 1433 1490 1461 curatio
1518 1433 1670 1462 secundum
1693 1433 1813 1462 litteram
1840 1433 1887 1462 de-
1901 1435 2029 1478 aemiffiffiss'-

1039 1479 1171 1508 scribitur
1186 1487 1202 1507 a
1223 1482 1357 1516 quatuor:
1373 1480 1476 1516 primo,
1495 1488 1511 1508 a
1525 1481 1717 1517 conyruentia
1737 1480 1887 1517 temporis;
1901 1482 2029 1529 ssfflssffme

1039 1526 1173 1560 secundo,
1195 1534 1211 1554 a
1241 1526 1428 1563 dispositione
1449 1527 1520 1561 loci;
1552 1527 1649 1562 tertio,
1677 1536 1693 1556 a
1724 1527 1888 1556 necessitate
1984 1519 1989 1524 ’

1040 1573 1224 1610 ίαηῃαθηίὶ3;
1246 1576 1358 1610 quarto,
1381 1582 1396 1602 a
1414 1577 1550 1611 potestate
1571 1575 1715 1603 curantis.

1119 1620 1144 1648 3.
1169 1620 1257 1655 (Vers.
1282 1620 1327 1655 1.).
1358 1620 1449 1648 Primo
1477 1621 1562 1657 igitur
1589 1621 1757 1650 describitur
1783 1629 1800 1650 a
1821 1630 1887 1650 con·
1897 1622 2029 1664 Expgfflgffl·

1038 1666 1177 1703 pruentia
1200 1667 1351 1703 temporis,
1373 1666 1439 1703 quia
1464 1669 1573 1703 tempus
1602 1667 1730 1696 festivum
1758 1671 1830 1702 erat,
1859 1668 1886 1696 in
1900 1669 1990 1688 Primum-

1041 1720 1096 1749 quo
1112 1712 1245 1740 beneficia
1260 1712 1392 1748 Dominus
1414 1713 1556 1741 consuevit
1578 1713 1743 1750 impendere.
1760 1714 1886 1751 Propter-

1041 1767 1072 1787 ea
1102 1759 1185 1787 dicit:
1216 1759 1284 1787 Post
1312 1758 1401 1793 haec,
1430 1760 1533 1788 scilicet
1560 1768 1631 1797 quae
1660 1768 1745 1796 supra
1776 1764 1888 1789 narrata

1041 1809 1121 1840 sunt,
1143 1810 1207 1834 erat
1228 1806 1288 1834 (lies
1307 1805 1399 1842 festus
1419 1807 1608 1835 Iudaeorum.
1638 1807 1851 1843 Chrysostomus
1864 1807 1886 1823 ¹⁰

1041 1852 1121 1886 dicit,
1143 1852 1217 1889 quod
1232 1853 1283 1881 iste
1304 1852 1362 1881 dies
1377 1853 1463 1882 festus
1484 1856 1544 1881 erat
1558 1853 1744 1887 Pentecostes,
1767 1853 1889 1890 quierat

1040 1899 1148 1928 medius
1163 1900 1234 1928 inter
1257 1900 1359 1928 Pascha
1372 1903 1400 1928 et
1414 1900 1622 1937 Scenopegiam,
1644 1900 1670 1928 id
1695 1903 1736 1928 est
1761 1900 1888 1928 solemni-

1041 1948 1123 1974 tatem
1154 1946 1406 1975 tabernaculorum.
1431 1947 1464 1974 Et
1489 1946 1619 1975 ascendit
1640 1946 1721 1974 Iesus
1749 1946 1888 1984 lerosoly-

1041 2002 1137 2027 mam,
1159 1994 1231 2022 sicut
1251 1993 1390 2022 habebant
1411 1993 1438 2022 in
1454 1994 1652 2022 consuetudine
1674 2001 1768 2022 omnes
1783 1993 1886 2028 ludaei,

1041 2040 1129 2068 Lucae
1151 2039 1271 2068 secundo
1284 2039 1321 2067 l¹:
1348 2051 1362 2064 (ι
1377 2040 1565 2070 Ascenderunt
1581 2040 1773 2076 lerosolymam
1789 2047 1886 2068 secun-

1040 2086 1107 2114 dum
1129 2086 1357 2114 consuetudinem
1378 2086 1430 2114 diei
1452 2086 1554 2115 festi».

1120 2133 1145 2160 li.
1169 2132 1258 2166 (Vers.
1284 2133 1331 2167 2).
1360 2133 1408 2160 Est
1423 2127 1529 2160 'autem
1560 2133 1749 2170 [erosolymis.
1779 2133 1825 2161 Hic
1846 2140 1887 2161 se·
1901 2135 2015 2155 Secundum-

1041 2179 1132 2207 cundo
1154 2179 1275 2215 tangitur
1293 2179 1443 2216 dispositio
1465 2179 1535 2213 loci,
1551 2179 1599 2220 ubi
1621 2179 1690 2207 facta
1705 2182 1746 2208 est
1767 2179 1887 2213 curatio,

1040 2225 1106 2262 quia
1127 2226 1152 2253 in
1177 2226 1235 2253 loco
1263 2225 1426 2259 curationis,
1449 2226 1496 2262 qui
1518 2229 1578 2254 erat
1606 2226 1710 2262 piscina
1732 2226 1887 2263 probatica;

1040 2275 1153 2309 propter
1168 2272 1241 2309 quod
1257 2272 1337 2301 dicit:
1361 2274 1410 2301 Est
1424 2276 1518 2301 autem
1536 2273 1721 2311 Icrosolymis
1734 2273 1888 2310 probatica

1037 2319 1171 2355 piscina,
1194 2318 1220 2347 id
1242 2322 1282 2347 est
1304 2319 1438 2355 pecualis,
1453 2319 1519 2356 quia
1540 2319 1576 2347 ibi
1599 2320 1761 2348 lavabantur
1783 2319 1888 2348 hostiae

1103 2495 1112 2508 ⁵
1129 2498 1182 2519 Loc.
1200 2497 1237 2519 cit.
1254 2503 1275 2519 n.
1294 2498 1315 2519 2.
1334 2509 1362 2512 —-
1374 2497 1407 2519 De
1419 2496 1465 2519 filio
1477 2497 1617 2519 centurionis
1629 2497 1670 2519 cfr.
1682 2497 1736 2519 Luc.
1749 2497 1774 2524 7,
1789 2497 1810 2519 4.
1822 2503 1888 2526 seqq.

1103 2533 1113 2546 ⁰
1130 2536 1191 2557 Hanc
1209 2535 1334 2558 secundam
1353 2536 1464 2557 rationem
1482 2535 1581 2557 insinuat
1597 2535 1665 2557 etiam
1683 2535 1778 2563 Gregor.
1795 2536 1837 2558 loc.
1851 2536 1888 2558 cit.

1040 2573 1085 2596 Csr.
1104 2573 1223 2602 Ambros,
1241 2574 1269 2596 V.
1286 2575 1369 2602 Expos.
1387 2574 1408 2595 in
1427 2575 1480 2596 Luc.
1497 2574 1523 2601 7,
1541 2574 1561 2596 6.
1580 2580 1602 2596 n.
1620 2573 1657 2596 84.

1104 2612 1112 2625 ⁷
1130 2613 1176 2636 Cfr.
1193 2619 1262 2641 supra
1279 2620 1298 2636 c.
1318 2614 1339 2635 ¹1.
1355 2620 1378 2635 n.
1395 2614 1432 2635 89.

1104 2650 1113 2663 Β
1131 2652 1196 2674 Vers.
1216 2652 1241 2679 43
1260 2652 1323 2674 tertia
1342 2658 1396 2679 pars
1413 2655 1447 2674 est
1463 2652 1489 2681 7,
1508 2653 1533 2679 sl;
1551 2655 1633 2681 quarta
1651 2653 1691 2681 Η,
1709 2653 1729 2674 i.

1104 2689 1113 2702 ⁹
1132 2691 1195 2713 Vers.
1215 2691 1241 2719 93
1260 2692 1323 2713 tertia
1341 2697 1395 2719 pars
1413 2694 1446 2713 est
1463 2698 1486 2714 v.
1505 2692 1544 2720 =l83
1562 2694 1644 2720 quarta
1661 2698 1682 2713 v.
1702 2692 1739 2714 31,

1105 2729 1123 2741 ¹⁰
1142 2731 1165 2751 ln
1183 2731 1244 2752 loan.
1262 2730 1340 2752 homil.
1358 2731 1395 2752 36.
1414 2731 1478 2756 (alias
1495 2730 1541 2759 35.)
1555 2737 1577 2753 n.
1591 2731 1616 2752 l:
1635 2731 1701 2759 Quod
1720 2732 1818 2753 festum?
1837 2731 1889 2752 Pen-

1042 2772 1152 2795 tecostes,
1164 2772 1189 2791 ut
1198 2769 1254 2790 mihi
1267 2769 1366 2791 videtur.
1377 2769 1422 2792 Csr.
1435 2776 1505 2797 supra
1517 2776 1570 2797 pag.
1584 2769 1642 2797 297,
1654 2773 1706 2792 nota
1723 2770 1757 2792 12.
1772 2770 1887 2796 irenaeus,

1042 2808 1065 2830 ll.
1083 2810 1160 2830 contra
1178 2808 1271 2829 Haeres.
1288 2814 1308 2829 c.
1325 2809 1362 2830 22.
1380 2815 1402 2830 n.
1420 2809 1442 2830 3.
1459 2808 1524 2835 (alias
1540 2815 1560 2831 c.
1578 2809 1633 2837 39.),
1656 2811 1745 2837 censet,
1762 2808 1826 2837 quod
1848 2808 1889 2830 suit

1042 2847 1091 2869 dies
1108 2847 1178 2869 festus
1195 2847 1302 2869 Paschae.

1105 2884 1123 2897 ¹¹
1142 2886 1207 2908 Vers.
1225 2885 1264 2907 42:
1284 2886 1466 2909 Ascendentibus
1483 2887 1525 2909 illis
1542 2887 1705 2914 lerosolymam
1723 2890 1766 2909 ete.
