2296 3316
10 517 11 542 l
24 517 120 540 Quartum.

8 643 11 683 l

7 686 122 745 {affluat-‘1¹⁹

10 730 59 786 &20⁵⁰
94 730 100 743 l
109 730 124 743 l-

17 1549 93 1575 Qparto,
107 1548 121 1566 i-

14 1577 56 1590 ·sius
72 1571 121 1590 suffi-

18 1594 75 1614 tentia
81 1595 122 1614 uni-

15 1619 90 1638 iai-salis.

25 1829 120 1853 Quaestio.

63 1924 121 1948 Resp.

737 145 905 175 COMMENT.
928 146 960 174 IN
980 146 1171 176 SAPIENTIAM
1192 148 1220 176 C.
1242 149 1294 177 Vll.

140 225 206 262 quia
226 233 281 254 non
302 228 344 254 est
364 232 548 262 personarum
568 226 696 261 acceptor
709 224 784 252 Deus
798 235 825 252 ».
849 223 911 252 Vel:
934 222 988 252 lzu-

139 265 262 307 manm,
283 272 311 301 id
331 276 373 301 est
393 271 575 309 compatiens,
601 271 681 300 cuius
709 271 818 308 signum
843 273 884 300 est
912 270 986 308 quod

139 319 241 349 dicitur
264 319 302 353 ,ad
329 319 464 348 Romanos
487 322 599 348 octavo:
626 330 640 344 «
655 318 774 356 Spiritus
794 318 915 355 postulat
936 326 986 355 pro

139 367 218 396 nobis
238 366 386 405 gemitibus
400 366 632 396 inenarrabilibus
647 378 672 394 ».
695 366 756 395 Vel:
779 364 943 400 hamanus,
959 365 986 394 id

139 417 181 444 est
207 415 235 443 in
265 414 425 443 hominibus
453 414 570 443 libenter
599 413 744 448 habitans;
771 413 985 442 Proverbiorum

138 465 250 491 octavo:
277 473 291 487 «
304 461 423 490 Deliciae
443 469 521 490 meae
541 468 601 489 esse
622 468 687 489 cum
707 460 771 489 filiis
792 460 938 489 hominurn
958 472 984 488 ».

139 509 304 546 Beniqnus,
326 502 353 536 id
374 510 415 537 est
435 507 556 536 liberalis
581 518 595 532 «
609 507 703 536 innata
723 507 845 536 bonitate
857 508 866 523 ¹
883 517 910 541 »;
938 514 986 535 su-

140 564 189 592 pra
210 555 312 592 primo:
340 554 502 591 «Benignus
523 557 564 582 est
586 553 701 590 spiritus
729 553 902 590 sapientiae»
921 556 986 587 etc.;

139 602 220 631 item:
243 601 406 638 Bemynus,
431 600 503 629 mala
528 600 706 634 remittendo,
727 599 799 628 bona
819 600 924 634 dando,
953 599 987 628 ad

140 648 258 685 patriam
291 647 453 684 dirigend03
488 646 562 675 unde
593 646 757 684 beniqnitas
790 646 892 676 dicitur
927 655 987 676 esse

139 695 248 723 fructus
275 694 409 730 Spiritus,
431 693 465 722 ad
486 693 594 722 Galatas
621 693 726 731 quinto.
757 693 892 728 stabitis,
914 694 986 723 scili-

139 744 182 770 cet
202 740 230 769 in
251 748 293 775 se,
315 740 467 769 secundum
490 740 558 769 illud
579 740 682 769 Boethii
696 740 720 769 ²:
743 740 908 778 Stabilisque
928 749 986 770 ma-

139 795 207 817 nens
227 789 294 821 etc.;
316 787 396 821 item,
414 786 482 815 dans
502 787 677 816 stabilitatem
692 787 719 815 in
733 787 813 816 donis
834 787 984 824 promissis.

138 836 192 864 Nec
212 835 330 868 mirum,
352 834 373 863 si
396 834 441 863 hic
461 834 569 863 dicatur
589 834 702 863 stabilis
716 837 743 863 et
764 842 850 871 supra
867 834 962 863 eodem
974 834 985 851 ³

138 881 269 916 mobilis,
291 881 357 919 quia
383 881 428 910 hic
448 881 550 910 dicitur
578 884 713 918 quantum
734 881 769 910 ad
795 881 920 910 diversos
947 881 985 910 ef-

139 930 241 964 fectus,
263 929 297 958 de
318 929 420 966 quibus
440 929 468 958 in
483 929 602 958 Psalmo:
629 940 642 953 <r
657 928 757 957 Statuit
771 936 856 966 supra
877 931 984 966 petram

140 976 221 1013 pedes
242 984 318 1005 meos
339 978 366 1005 et
383 975 487 1005 direxit
507 983 620 1013 gressus
639 983 715 1004 meos
729 987 756 1004 υ.
785 976 849 1005 Vel:
870 975 984 1004 mobilis

139 1024 166 1052 in
187 1023 296 1058 activis,
316 1023 430 1052 stabilis
451 1023 479 1052 in
500 1022 734 1059 contemplativis;
756 1023 813 1052 vel:
828 1022 942 1051 stabilis
957 1022 985 1051 in

138 1069 260 1105 Christo,
275 1069 388 1099 mobilis
402 1070 430 1098 in
444 1070 505 1098 aliis
520 1070 624 1098 Sanctis
633 1081 639 1104 ;
662 1070 769 1099 loannis
783 1070 887 1107 primo:
907 1082 921 1095 «
933 1071 984 1099 Su-

139 1125 187 1154 per
208 1125 291 1155 quenl
305 1117 407 1146 videris
428 1117 562 1155 Spiritum
579 1120 735 1146 manentem
746 1129 773 1145 ».
789 1117 837 1146 Vel
851 1117 903 1147 sic:
924 1121 984 1147 sta-

139 1165 217 1200 bilis,
239 1165 267 1193 in
287 1165 374 1199 bono3
400 1168 510 1199 certus,
532 1164 559 1193 id
580 1167 621 1194 est
642 1167 769 1194 constans
789 1165 817 1193 in
838 1173 919 1200 ver0;
940 1174 983 1194 se-

137 1221 243 1247 curus,
265 1220 282 1241 a
301 1212 386 1246 malo,
409 1212 561 1241 secundum
582 1212 650 1241 illud
672 1212 805 1241 Psaluii4:
832 1224 845 1238 «
860 1213 917 1242 Non
938 1221 983 1243 ac-

137 1260 215 1289 cedet
235 1259 269 1289 ad
290 1262 316 1289 te
337 1260 442 1289 malum
458 1272 484 1288 ».
512 1260 543 1289 Et
563 1260 635 1289 sicut
656 1260 684 1289 in
705 1268 734 1289 se
760 1260 874 1289 stabilis
894 1264 936 1290 est
956 1264 983 1290 et

138 1310 233 1336 certus
263 1310 291 1336 et
319 1315 462 1341 securas,
491 1307 529 1336 sic
556 1311 583 1337 et
610 1316 682 1345 quos
706 1308 841 1337 inhabitat
866 1308 982 1338 stabiles

137 1354 201 1384 facit
221 1354 249 1383 in
270 1354 354 1389 bono,
382 1358 474 1383 certos
495 1355 522 1383 in
551 1363 629 1389 vero,
652 1363 769 1383 secares
795 1364 811 1384 a
835 1355 920 1390 malo;
948 1355 982 1384 ad

137 1401 309 1431 Colossenses
340 1402 442 1439 primo:
468 1402 525 1430 «In
546 1401 599 1430 fide
629 1402 735 1430 fundati
760 1405 788 1431 et
817 1402 928 1431 stabiles
955 1406 983 1431 et

138 1448 292 1478 immobiles
311 1457 328 1477 a
348 1457 397 1486 spe
419 1449 555 1486 Evangelii
571 1461 598 1477 ».

218 1496 337 1525 Omnem
357 1495 464 1525 liabens
480 1496 625 1525 virtutem.
640 1497 688 1525 Hic
707 1497 826 1526 ostendit
842 1497 903 1526 eius
920 1497 982 1526 uni-

137 1543 273 1572 versalem
294 1543 501 1579 sufficientiam,
519 1544 622 1581 primo,
643 1544 671 1573 in
687 1544 825 1578 bonitate;
846 1544 981 1579 secundo,

138 1589 165 1618 in
187 1589 348 1627 sapientia:
372 1590 479 1619 Omnia
503 1591 706 1628 prospiciens;
727 1591 822 1625 tertio,
851 1591 879 1619 in
904 1594 982 1628 pote-

137 1639 225 1665 state.-
248 1637 283 1665 Ec
302 1636 355 1675 qai
374 1637 591 1674 capiatomnes
611 1637 736 1674 spiritus
752 1637 951 1675 intelligiibiles.

215 1683 286 1712 Dicit
300 1691 378 1720 ergo:
393 1684 511 1712 Omnem
523 1683 630 1712 liabens
641 1684 793 1717 virtutem‚·
804 1684 831 1712 in
844 1684 982 1713 Psalmo⁵:

143 1741 156 1755 «
170 1730 274 1767 Spiritu
295 1731 351 1759 oris
372 1731 432 1759 eius
452 1731 541 1759 omnis
561 1731 651 1760 virtus
672 1739 769 1760 eorum
783 1743 810 1759 ».

215 1778 267 1805 San
281 1785 403 1806 conrna:
419 1778 488 1814 Quia
502 1786 556 1806 non
578 1777 661 1806 habet
674 1778 772 1812 fidem,
787 1786 852 1807 cum
867 1778 934 1808 fides
949 1779 984 1807 sit

137 1823 316 1860 aenigmatica
336 1823 454 1860 cognitio
475 1827 502 1852 et
522 1824 612 1852 virtus
633 1823 794 1861 imperfecta
804 1824 824 1852 ⁶.

214 1870 378 1905 Dicendum,
400 1871 474 1908 quod
496 1871 619 1908 loquitur
640 1871 673 1900 de
693 1871 769 1900 omni
790 1872 906 1906 virtute,
928 1880 983 1900 non

138 1917 276 1955 qualibet,
298 1917 345 1946 sed
366 1918 494 1954 perfecta.

219 1964 326 1993 Omnia
349 1965 552 2002 prospieiens;
581 1965 626 1993 lob
655 1965 795 2002 trigesimo
823 1966 941 2002 septimo
956 1966 982 1993 ⁷:

144 2022 158 2036 α
172 2011 261 2048 Super
274 2019 369 2040 omnes
390 2012 479 2040 caelos
493 2011 659 2046 considerat,
674 2014 702 2041 et
716 2012 809 2041 lumen
824 2012 884 2041 eius
899 2020 984 2049 super

139 2065 236 2087 omnes
256 2058 388 2087 terminos
409 2062 500 2087 terrae
515 2069 544 2093 »3
567 2058 632 2087 item
653 2059 686 2087 ad
708 2059 845 2088 Hebraeos
865 2062 981 2096 quarto:

144 2115 157 2129 α
172 2103 270 2133 Omnia
289 2104 411 2133 nuda'et
431 2108 526 2142 aperta
546 2107 611 2133 sunt
631 2105 719 2134 oculis
738 2105 799 2134 eius
820 2116 847 2133 ».
878 2106 913 2133 Et
933 2105 986 2143 qui

139 2151 240 2188 capiat
260 2160 356 2180 omnes
377 2152 514 2189 spiritus,
536 2152 638 2181 scilicet
653 2151 802 2189 angelicos,
829 2163 843 2177 «
857 2151 924 2188 quia
944 2151 985 2180 in-

1839 157 1893 184 157

1044 228 1087 254 tra
1108 225 1198 261 ipsum
1220 231 1354 261 currunt,
1377 237 1553 267 quocumque
1576 233 1722 261 mittantur
1744 245 1772 266 »,
1794 241 1893 261 secun-

1043 270 1110 300 dum
1131 271 1229 301 Bedam
1249 280 1335 310 super
1366 274 1434 304 illud
1459 277 1547 306 Lucae
1569 278 1697 314 primoss:
1724 290 1737 304 «
1754 279 1808 315 Ego
1829 287 1892 308 sum

1042 318 1167 354 Gabriel,
1190 320 1237 357 qui
1259 324 1318 349 asto
1339 324 1402 351 ante
1423 323 1511 353 Deum
1526 336 1552 352 ».
1577 325 1708 361 Spiritus
1735 329 1829 354 autem
1850 326 1892 354 di-

1042 369 1146 395 cuntur
1173 368 1265 405 Angeli
1294 372 1429 405 quantum
1461 370 1494 398 ad
1527 379 1606 399 suam
1638 372 1819 401 substantiam
1848 374 1890 402 vel

1043 416 1184 447 naturam;
1201 414 1404 451 inteZliqibiles,
1427 420 1563 453 quantum
1578 417 1612 445 ad
1635 426 1713 447 suam
1728 420 1890 456 potentiam,

1043 460 1086 488 vel
1106 460 1173 496 quia
1193 462 1358 497 corporibus
1379 470 1429 499 per
1450 466 1579 493 naturam
1602 473 1654 494 non
1677 466 1803 497 unibiles.
1827 467 1889 496 Vel:

1043 506 1160 542 capiat,
1182 507 1208 535 id
1224 510 1278 541 est,
1294 516 1392 545 capere
1412 509 1508 545 faciat,
1530 520 1626 542 omnes
1646 514 1785 550 spiritus,
1808 514 1835 543 id
1849 517 1891 543 est

1043 552 1135 582 omnia
1154 553 1226 582 dona
1247 555 1365 591 Spiritus
1393 557 1492 591 sancti,
1514 558 1547 587 de
1568 560 1670 596 quibus
1699 561 1782 590 Isaiae.
1803 561 1890 590 unde-

1044 599 1149 628 cimo⁹:
1167 601 1352 638 «Requiescet
1373 610 1457 640 super
1478 612 1542 634 eum
1561 606 1674 642 spiritus
1695 608 1817 642 Domini,
1835 608 1890 644 spi-

1043 645 1115 675 ritus
1136 647 1285 684 sapientiae
1305 652 1332 677 et
1353 649 1531 681 intellectus»
1552 656 1602 682 etc.
1624 654 1764 688 Mundus,
1787 655 1891 683 scilicet

1043 701 1092 737 per
1108 693 1278 724 innocentiae
1300 697 1464 733 puritatem;
1486 702 1551 728 sunt
1572 701 1644 729 enini
1661 702 1769 738 Angeli,
1791 710 1889 731 secun-

1042 740 1109 769 dum
1130 741 1290 778 Dionysium
1305 744 1336 778 ¹⁰,
1363 756 1376 769 ι(
1390 739 1502 782 specula
1523 755 1593 783 pura
1608 751 1634 776 et
1649 749 1802 777 clarissima
1813 760 1840 782 »;
1863 752 1890 777 et

1042 787 1131 816 addit:
1153 789 1294 823 mundae,
1309 790 1343 819 ad
1359 791 1541 822 differentiam
1562 794 1713 830 spirituum
1733 796 1889 824 immundo-

1042 843 1121 870 rum,
1143 836 1170 864 id
1191 840 1233 865 est
1260 837 1434 870 daemonum.
1457 840 1596 875 Subtiles,
1624 849 1672 877 per
1694 842 1889 879 intelligentiae

1041 883 1292 920 perspicacitatem3
1315 886 1373 914 vel:
1393 886 1527 922 subtiles,
1555 896 1604 925 per
1626 889 1800 925 sapientiam;
1823 889 1890 918 Gre-

1041 930 1136 967 gorius
1149 931 1187 959 ll:
1214 943 1227 956 α
1242 932 1311 968 Quid
1333 936 1375 963 est
1395 934 1469 971 quod
1490 943 1545 964 non
1565 935 1674 964 videant
1688 936 1736 972 qui
1753 935 1889 966 videntem

1040 977 1132 1005 omnia
1146 977 1239 1006 vident
1254 990 1267 1004 ω
1280 982 1291 1007 ἳ
1305 979 1393 1017 Aliqui
1415 980 1477 1009 libri
1490 982 1512 998 ¹²
1535 982 1636 1010 liabent
1655 982 1801 1016 mundus,
1823 982 1890 1011 sub-

1041 1024 1117 1057 tilam
1137 1025 1267 1054 mandas
1287 1029 1330 1056 est
1353 1027 1468 1064 spiritus
1488 1028 1653 1065 sapientiae,
1678 1029 1744 1066 quia
1758 1029 1817 1058 sine
1832 1038 1888 1058 ma-

1040 1071 1126 1100 teriae
1157 1071 1318 1107 feculentia3
1350 1073 1478 1109 subtilis,
1508 1076 1575 1112 quia
1605 1084 1677 1112 pura
1707 1076 1803 1105 forma.
1837 1077 1889 1105 Sed

1041 1118 1130 1155 prima
1152 1119 1243 1147 littera
1263 1120 1356 1148 verior
1377 1123 1433 1155 est,
1455 1121 1521 1158 quia
1543 1122 1580 1150 ita
1602 1123 1684 1151 habet
1706 1123 1833 1152 Rabanus
1861 1124 1887 1152 in

1040 1168 1121 1195 textu
1141 1168 1169 1194 et
1190 1166 1217 1194 in
1239 1167 1419 1203 expositione.
1442 1168 1503 1197 Vel:
1526 1170 1657 1198 mundus
1678 1170 1780 1198 dicitur
1807 1171 1889 1207 spiri-

1041 1216 1086 1241 tus
1114 1213 1278 1250 sapientiae,
1300 1214 1366 1251 quia
1393 1215 1466 1243 lavat
1485 1224 1503 1244 a
1531 1216 1649 1252 peccatis
1677 1217 1834 1253 praeteritis
1861 1222 1889 1247 et

1039 1264 1199 1298 praeservat
1219 1269 1235 1290 a
1255 1261 1370 1296 suturis;
1393 1263 1435 1291 vel
1457 1263 1522 1300 quia
1543 1263 1570 1292 in
1592 1265 1729 1300 praesenti
1751 1269 1853 1302 purgat
1874 1274 1889 1294 a

1039 1308 1136 1344 culpa,
1159 1308 1186 1337 in
1207 1308 1303 1337 futuro
1324 1317 1340 1337 a
1361 1317 1460 1346 poena:
1476 1310 1730 1349 iiwoinquinatas,
1753 1312 1818 1348 quia
1839 1320 1889 1341 uec

1038 1362 1054 1383 a
1081 1363 1110 1383 se
1138 1363 1189 1384 nec
1214 1356 1250 1384 ab
1278 1356 1331 1384 alio
1360 1356 1561 1386 immunditiam
1590 1358 1755 1387 contrahere
1781 1361 1888 1395 potest;

1038 1402 1169 1436 subtilis,
1191 1403 1257 1439 quia
1288 1403 1380 1431 omnia
1410 1406 1552 1440 penetrat,
1585 1404 1627 1432 vel
1659 1405 1725 1441 quia
1755 1405 1782 1433 in
1811 1405 1890 1434 nobis

1039 1452 1172 1485 operatur
1194 1449 1373 1478 subtilitatem
1396 1449 1516 1487 affectas
1538 1451 1628 1487 quoad
1648 1451 1753 1479 donum
1781 1451 1890 1488 sapien-

1039 1496 1105 1530 tiae,
1121 1498 1148 1524 et
1163 1496 1319 1525 intellectus
1340 1497 1431 1533 quoad
1445 1497 1549 1526 donum
1568 1498 1763 1535 intelligentiae
1777 1498 1835 1527 sive
1849 1499 1890 1527 in*

1039 1544 1174 1572 tellectus.

1122 1590 1263 1619 Omnibus
1289 1592 1367 1620 enim
1395 1592 1556 1621 mobilibus.
1586 1594 1631 1622 Hic
1652 1594 1787 1628 ostendit,
1816 1594 1890 1631 quod

1040 1638 1174 1674 sapientia
1194 1645 1244 1674 per
1265 1641 1394 1667 naturam
1422 1642 1448 1668 et
1470 1647 1519 1676 per
1544 1640 1692 1674 virtutem,
1714 1648 1786 1677 quae
1800 1644 1841 1669 est
1861 1641 1889 1669 in

1040 1692 1086 1718 ea,
1109 1684 1199 1721 potuit
1218 1692 1278 1714 esse
1299 1685 1444 1720 mediam,
1460 1694 1515 1723 quo
1537 1687 1651 1715 edoctus
1664 1690 1713 1716 est.
1737 1687 1768 1716 Et
1788 1687 1823 1716 ad
1838 1688 1890 1716 hoc

1040 1731 1241 1760 ostendendum
1272 1732 1362 1768 primo
1392 1733 1491 1769 allegat
1522 1733 1582 1762 eius
1613 1733 1816 1767 mobilz'wtmm
1848 1742 1889 1763 se-

1040 1778 1143 1812 cundo,
1164 1778 1225 1807 eius
1243 1779 1422 1815 paritatem:
1446 1780 1570 1816 Attinyit
1583 1783 1696 1814 autern,-
1711 1781 1807 1815 tertio,
1829 1781 1889 1810 eius

1036 1828 1218 1863 potestatem:
1241 1826 1276 1854 Et
1296 1834 1364 1854 cum
1384 1826 1422 1854 sit
1443 1834 1520 1859 ana;
1543 1830 1656 1863 quarto,
1677 1827 1738 1856 eins
1755 1827 1888 1864 speciosi-

1040 1875 1143 1900 tatem:
1160 1873 1210 1900 Est
1230 1872 1306 1900 enim
1328 1871 1397 1901 haee
1417 1873 1581 1910 speciosior.

1120 1919 1208 1955 (Vers.
1232 1919 1299 1951 24).
1322 1919 1393 1948 Bene
1414 1919 1487 1954 dixi,
1510 1920 1582 1957 quod
1606 1920 1637 1948 in
1658 1921 1710 1949 ilia
1733 1925 1774 1949 est
1800 1923 1888 1959 spiri-

1041 1968 1088 1993 tus
1109 1968 1160 1993 etc.
1186 1964 1328 1993 Omnibus
1353 1966 1430 1993 enirn
1450 1966 1617 2000 mobilibus,
1646 1976 1822 2005 quocumque
1842 1976 1888 2005 ge-

1042 2019 1108 2040 nere
1131 2014 1237 2046 motus,
1259 2012 1362 2040 scilicet
1383 2012 1440 2041 sive
1461 2013 1488 2041 in
1511 2013 1678 2048 substantia,
1701 2014 1800 2043 sivein
1822 2023 1889 2052 qua·-

1042 2058 1133 2093 litate,
1156 2058 1214 2087 sive
1234 2059 1262 2087 in
1284 2059 1452 2096 quantitate,
1475 2060 1532 2088 sive
1554 2060 1580 2088 in
1603 2061 1673 2095 loc0;
1695 2061 1829 2090 mobilior
1850 2066 1890 2090 est

1041 2105 1202 2142 sapientia,
1234 2106 1261 2134 id
1291 2108 1333 2134 est
1354 2106 1474 2135 velocior
1504 2107 1532 2135 in
1564 2108 1717 2145 operand03
1741 2109 1887 2138 Glossaff’:

1046 2163 1060 2176 α
1073 2152 1147 2180 Nihil
1167 2152 1297 2181 subtilius
1324 2156 1351 2181 et
1379 2153 1509 2182 mobilius
1535 2155 1684 2191 sapientia,
1706 2164 1777 2192 quae
1798 2157 1889 2185 omnia

202 2295 210 2308 ¹
227 2296 255 2319 Ut
271 2296 326 2319 dicit
342 2297 421 2319 Glossa
437 2296 604 2320 interlinearis.
622 2310 653 2313 —
671 2297 804 2326 Sequuntur
821 2298 875 2326 Sap.
891 2298 910 2326 i,
921 2298 944 2320 6.
963 2300 986 2320 et

139 2336 186 2358 Gal.
205 2335 231 2363 5,
248 2336 287 2358 22.

201 2373 210 2386 ⁹
227 2374 288 2397 Libr.
310 2375 344 2397 lll.
366 2375 395 2397 de
416 2374 508 2398 Consol.
530 2378 596 2397 metr.
613 2376 639 2398 9:
660 2375 799 2404 Stabilisque
824 2382 920 2398 manens
944 2376 986 2399 das

140 2416 221 2436 cuncta
239 2415 336 2436 moveri.

201 2450 211 2464 ⁸
229 2452 293 2475 Vers.
311 2453 349 2475 22.
365 2452 411 2475 Ctr.
428 2452 537 2475 Rabanus
562 2453 583 2475 in
610 2454 671 2475 hunc
696 2454 781 2476 locum.
797 2466 828 2470 —
847 2454 898 2476 Duo
920 2460 985 2483 seqq.

139 2491 183 2513 loci
199 2494 252 2514 sunt
268 2492 304 2514 Ps.
316 2492 357 2520 39,
374 2492 395 2514 3.
412 2494 435 2514 et
451 2493 511 2514 loan.
529 2492 549 2520 sl,
567 2492 605 2514 33.
621 2504 652 2509 —-
669 2492 763 2515 inferius
779 2498 793 2514 e
810 2493 878 2515 codd.
896 2493 987 2521 supple-

138 2529 216 2552 vimus
232 2529 256 2552 in
273 2530 378 2553 activis...
395 2530 495 2553 mobilis.

201 2566 211 2580 ⁴
227 2568 310 2591 Psalm.
327 2569 368 2597 90,
386 2569 423 2592 lo.
439 2582 470 2585 —
488 2569 595 2598 Sequitur
612 2569 659 2593 Col.
678 2571 699 2597 i,
717 2570 754 2593 23.

201 2605 211 2618 ⁵
228 2607 311 2629 Psalm.
327 2608 369 2635 32,
387 2608 409 2630 6.

201 2644 211 2658 ‘³
228 2646 356 2674 Respicitur
374 2648 388 2669 l.
405 2646 458 2670 Cor.
475 2648 516 2676 43,
534 2648 555 2670 9.
573 2654 638 2677 seqq.

201 2683 210 2697 ⁷
229 2685 294 2708 Vers.
311 2686 340 2708 3:
358 2685 441 2709 Subter
457 2689 539 2709 omn'es
555 2688 631 2710 caelos
643 2688 691 2716 ipse
709 2688 852 2716 considerat,
869 2691 891 2711 et
908 2689 985 2711 lumen

139 2724 197 2746 illius
212 2730 282 2752 super
298 2725 409 2747 terminos
420 2728 494 2748 terrae
506 2726 581 2755 (card.
598 2727 666 2754 Hugo
683 2729 705 2749 et
721 2728 825 2755 Lyranus
841 2727 864 2749 in
880 2728 985 2755 margine

139 2767 258 2786 recensent
274 2764 393 2787 lectionem
411 2765 488 2794 Super
500 2771 580 2788 omnes
592 2765 653 2794 ete).
665 2779 696 2782 —
708 2766 815 2795 Sequitur
827 2766 896 2789 Hebr.
909 2767 922 2789 4
930 2784 935 2793 ‚
949 2767 985 2789 43.

202 2800 211 2814 ⁸
228 2802 293 2825 Vers.
312 2803 353 2830 19,
371 2803 410 2825 ubi
428 2803 488 2826 Beda
511 2810 537 2826 ex
555 2804 595 2826 Dei
621 2805 773 2827 immensitate
796 2809 819 2828 et
843 2806 985 2834 Angelorum

139 2840 351 2869 circumscriptione
375 2842 484 2865 deducit:
504 2851 515 2862 nr
527 2843 609 2870 Angeli
624 2843 702 2872 itaque
719 2846 741 2865 et
758 2844 821 2866 missi
838 2847 891 2866 ante
907 2845 985 2872 ipsum

139 2882 203 2908 sunt,
214 2880 281 2908 quia,
292 2880 396 2909 quolibet
411 2881 476 2904 missi
492 2881 600 2909 veniunt,
616 2882 674 2904 iutra
692 2882 769 2910 ipsum
785 2885 912 2905 currunt».
924 2884 985 2905 Haec

138 2921 214 2941 sumta
232 2922 284 2941 sunt
300 2926 327 2942 ex
344 2920 447 2949 Gregor.‚
464 2921 487 2943 ll.
504 2921 589 2943 Homil.
606 2921 629 2943 in
652 2922 739 2949 Evang.
756 2922 835 2944 homil.
853 2922 890 2944 34.
907 2929 929 2944 n.
948 2923 985 2944 43.

139 2956 185 2979 Csr.
207 2959 263 2980 tom.
284 2958 310 2979 V.
333 2964 387 2986 pag.
409 2959 467 2986 226,
488 2962 542 2981 nota
564 2960 586 2981 2.
603 2960 674 2982 —ln
699 2966 764 2989 seqq.
788 2961 882 2983 affertur
906 2961 984 2990 lectio,

1042 2304 1113 2327 quam
1131 2298 1222 2321 exhibet
1238 2298 1363 2322 Rabanus:
1379 2300 1406 2322 Et
1423 2300 1462 2328 qui
1481 2301 1557 2328 capiat
1574 2307 1656 2323 omnes
1672 2301 1766 2329 spiritus
1782 2302 1888 2332 intelligi-

1044 2336 1106 2365 biles,
1119 2337 1228 2365 nmndos,
1240 2337 1336 2361 subtiles
1349 2339 1459 2368 (Vulgata
1469 2348 1473 2361 :
1485 2339 1644 2369 intelligibilis,
1658 2340 1768 2368 mundns,
1778 2341 1889 2371 subtilis).

1105 2375 1115 2388 ⁹
1135 2377 1200 2399 Vers.
1218 2378 1240 2399 2.
1257 2390 1286 2393 -—
1304 2378 1409 2405 August..
1427 2379 1527 2400 Enarrat.
1546 2379 1566 2401 in
1584 2380 1618 2401 Ps.
1633 2380 1683 2401 103.
1696 2386 1765 2402 serm.
1782 2381 1799 2402 l.
1811 2387 1834 2403 n.
1848 2381 1888 2403 15:

1044 2416 1142 2443 Spiritus
1166 2418 1243 2438 autem
1268 2416 1348 2444 Angeli
1373 2420 1438 2444 sunt,
1456 2420 1477 2439 et
1494 2424 1546 2440 cum
1572 2418 1665 2446 spiritus
1687 2422 1751 2446 sunt,
1769 2426 1814 2441 non
1836 2423 1888 2442 sunt

1042 2455 1138 2483 Angeli3
1156 2461 1209 2477 cum
1226 2455 1354 2482 mittuntur,
1371 2456 1428 2478 flunt
1444 2456 1531 2484 Angeli.
1549 2458 1650 2485 Angelus
1674 2458 1735 2479 enim
1759 2459 1829 2480 officii
1850 2465 1888 2481 no-

1043 2500 1096 2515 men
1113 2497 1158 2521 est,
1175 2500 1221 2516 non
1238 2496 1332 2516 naturae
1349 2497 1392 2517 etc.

1105 2531 1125 2544 ¹⁰
1142 2533 1175 2555 De
1196 2532 1291 2556 Caelesti
1313 2534 1428 2556 Hierarch.
1446 2540 1466 2557 c.
1483 2535 1504 2556 3.
1521 2535 1535 2563 S
1551 2536 1572 2556 2.
1593 2534 1637 2557 Csr.
1660 2537 1715 2557 tom.
1732 2536 1756 2557 ll.
1774 2542 1827 2564 pag.
1846 2537 1887 2564 83,

1043 2574 1095 2594 nota
1114 2572 1135 2594 i.

1106 2609 1124 2622 ¹¹
1142 2610 1203 2633 Libr.
1220 2611 1257 2633 IV.
1274 2611 1362 2639 Dialog.
1384 2618 1404 2634 c.
1423 2612 1468 2634 33:
1485 2612 1545 2640 Quid
1562 2615 1608 2639 est,
1630 2613 1693 2641 quod
1720 2612 1749 2635 ibi
1775 2614 1886 2642 nesciant,

1043 2648 1082 2671 ubi
1100 2649 1209 2671 scientem
1229 2650 1306 2671 omnia
1329 2649 1421 2672 sciunt?
1438 2649 1483 2673 Csr.
1500 2650 1523 2672 il.
1541 2650 1618 2673 lllornl.
1634 2657 1654 2672 c.
1673 2651 1693 2672 3.
1710 2657 1734 2673 n.
1751 2652 1773 2673 3.
1790 2658 1801 2673 a
1820 2651 1887 2674 nobis

1043 2690 1098 2710 tom.
1115 2689 1151 2710 lV.
1169 2694 1221 2716 pag.
1239 2689 1297 2716 953,
1315 2692 1367 2711 nota
1385 2690 1406 2711 8.
1423 2689 1522 2711 allatum.

1106 2726 1125 2739 ¹²
1142 2728 1205 2749 Hanc
1228 2728 1349 2750 lectionem
1371 2727 1478 2750 exhibent
1499 2729 1560 2751 card.
1584 2729 1651 2756 Hugo
1667 2732 1690 2751 et
1706 2730 1823 2757 Lyranus;
1845 2731 1885 2752 cfr.

1042 2772 1112 2793 supra
1130 2768 1182 2788 nota
1200 2766 1221 2788 8.
1239 2766 1263 2787 in
1280 2766 1337 2793 fine,
1358 2766 1396 2788 ubi
1419 2766 1540 2789 lectionem
1562 2767 1673 2795 Vulgatae
1698 2770 1719 2789 et
1744 2767 1832 2789 Rabani
1857 2771 1886 2790 at-

1042 2805 1143 2827 tulimus.

1106 2843 1124 2856 ²³
1142 2845 1230 2873 Nempe
1247 2844 1407 2868 interlinearis
1423 2852 1451 2867 ex
1468 2845 1612 2867 Rabano.—
1624 2846 1656 2868 De
1672 2846 1794 2874 speciebus
1811 2848 1886 2868 motus

1042 2884 1092 2906 sive
1113 2884 1246 2906 mutationis
1269 2885 1308 2906 cfr.
1325 2884 1426 2911 Aristot,
1443 2884 1474 2907 de
1496 2885 1637 2907 Praedicarn.
1655 2891 1675 2907 c.
1694 2884 1721 2907 de
1738 2885 1801 2907 Motu
1819 2887 1840 2906 et
1858 2885 1885 2906 V.

1042 2923 1109 2950 Phys.
1134 2925 1187 2945 text.
1209 2922 1231 2945 7.
1252 2929 1318 2951 seqq.
1338 2923 1366 2951 (e.
1384 2923 1406 2945 i.
1427 2923 1493 2951 seq.).
1511 2923 1569 2945 Vide
1594 2924 1609 2945 l.
1632 2924 1692 2945 Sent.
1718 2923 1748 2945 lit..
1773 2923 1884 2950 Magistri,

1042 2961 1066 2984 d.
1082 2961 1136 2983 Vlll.
1153 2967 1172 2983 c.
1190 2962 1212 2984 2.
1229 2964 1251 2983 et
1267 2962 1296 2988 ὃς
1314 2961 1443 2984 Comment.
1459 2961 1515 2984 ibid.
1533 2968 1556 2990 p.
1573 2963 1587 2984 l.
1605 2968 1625 2984 a.
1644 2963 1665 2984 2.
1682 2968 1704 2990 q.
1726 2962 1744 2983 1.
1761 2962 1790 2984 ad
1808 2962 1828 2983 i.

1903 988 1945 1007 Alia
1959 989 2021 1008 lectio.

1905 1599 1932 1618 De
1942 1602 2007 1619 natura
2016 1602 2035 1619 et

1903 1623 1971 1642 virtute
2007 1629 2036 1642 sa-

1903 1647 1985 1670 pientiae
1996 1648 2035 1666 tan-

1904 1672 1973 1693 guntur
1991 1676 2037 1694 qua-

1904 1696 1951 1712 tuor.
1985 1702 1989 1705 ·

1920 1952 1923 1955 Ι
1931 1928 1994 1955 Primo
2007 1934 2036 1947 sa‘

1905 1954 1987 1994 Biffniiae
1996 1957 2035 1971 mo-

1919 1981 1925 1994 1
1933 1977 1975 1994 itas.
