2296 3316
3 0 11 82 2⁷3⁷?ae

84 697 141 721 Resp.

24 1495 94 1514 Divisio
108 1495 127 1513 in

15 1519 57 1538 viuas
69 1520 138 1542 partes.

788 139 958 167 COMMENT.
980 138 1012 167 IN
1033 137 1180 167 IOANNEM
1200 137 1228 165 C.
1251 137 1268 166 l.

158 221 317 258 imponitur.
340 237 378 241 —
399 219 476 256 Quod
499 227 565 248 vero
591 218 657 247 dicit
684 218 826 254 Pelagius:
857 228 870 242 ιε
886 217 1004 245 Intuitus

157 271 198 297 est
209 267 378 296 naturalium
390 266 582 294 strenuitatem
596 276 622 298 »;
638 264 731 293 Victor
743 265 752 280 ¹
768 263 914 300 reprobat;
930 262 1003 291 unde

157 316 240 345 dicit:
267 326 280 339 «
295 315 351 343 Non
373 316 486 350 propter
505 312 714 341 fundamentum
729 311 898 340 naturalium
915 310 1004 338 maius

157 361 316 399 superaddit
337 360 491 389 aedificium
514 359 641 393 virtutis,
663 358 734 387 sicut
755 357 887 386 mentitus
901 359 942 385 est
956 356 1003 384 Pe-

159 409 261 446 lagius,
283 409 347 437 hinc
370 407 482 436 trahens
503 406 654 435 fomentum
675 405 798 438 erroris;
821 404 867 433 sed
887 403 1004 432 intuitus

157 459 198 485 est
218 455 299 484 oculo
319 453 523 483 misericordiae
545 455 572 481 et
592 451 769 489 benignitatis
783 463 811 479 υ.

236 502 282 530 88.
304 502 413 538 Quacst.
436 501 489 529 Vll.
509 499 637 536 Quaestio
651 502 692 528 est
707 498 804 527 etiam:
820 505 907 535 quare
922 497 1004 525 modo

158 549 268 578 nomina
288 556 342 577 non
363 550 507 576 mutantur
529 547 572 575 his
593 546 640 583 qui
663 545 822 582 religionem
844 544 1003 582 ingrediung

158 600 220 630 tur,
243 596 286 624 vel
307 595 388 624 etiam
411 594 454 623 his
475 594 522 631 qui
545 596 747 622 convertuntur
769 592 801 620 ad
823 591 990 620 Christum?

237 642 274 670 Ad
295 642 347 670 ltoc
369 641 516 678 respondet
530 640 744 676 Chrysostomus
756 639 782 673 2,
797 638 871 675 quod
888 637 1004 666 mutatio

157 689 275 719 nominis
296 688 377 717 fiebat
402 687 430 716 in
458 687 594 716 virtutum
622 686 839 715 incitamentum.
869 684 1004 721 Quoniam

157 736 241 774 igitur
262 735 343 763 modo
363 742 462 763 nomen
484 742 571 763 unum
601 733 751 764 babemus,
779 732 854 769 quod
881 731 1004 760 maxime

158 786 199 812 est
219 782 252 811 ad
274 782 405 810 virtutem
427 781 617 814 incitativum;
646 780 706 808 ideo
734 779 780 807 illo
808 779 918 807 nomine
939 786 1004 807 con-

158 829 223 859 tenti
246 837 305 858 esse
326 829 477 862 debemus;
499 830 526 856 et
547 828 598 856 hoc
627 835 727 855 nomen
755 829 796 855 est
817 825 1002 854 christianita-

158 877 206 911 tis,
228 876 293 913 quia
313 883 408 904 omnes
421 875 541 904 dicimur
558 873 727 903 Christiani.
745 890 780 893 ——
796 874 897 901 Tamen
912 872 1003 901 adhuc

157 926 248 953 servat
261 923 440 951 mutationem
455 921 573 950 nominis
584 922 705 949 Romana
717 920 835 949 Ecclesia
850 920 877 948 in
893 927 1003 948 summo

157 970 294 999 Pontifice.

264 1064 301 1094 De
322 1062 548 1093 manifestatione
568 1060 652 1092 Verbi
673 1069 722 1100 per
742 1069 770 1090 se
790 1059 890 1099 ipsum.

234 1159 280 1187 89.
308 1159 342 1187 In
367 1158 532 1186 erastinum
559 1159 609 1185 etc.
640 1156 692 1185 lsta
723 1163 803 1192 pars,
832 1162 903 1192 quae
935 1154 1002 1183 inci—

156 1207 196 1245 pit
226 1206 262 1235 ab
293 1206 339 1234 illo
374 1206 433 1234 loco
448 1205 459 1221 ³
477 1215 482 1233 :
516 1204 577 1232 Hoc
611 1207 652 1232 est
688 1202 884 1231 testimonium
918 1202 1001 1230 loan-

156 1254 202 1283 nis
222 1257 290 1287 etc,
313 1253 338 1281 in
361 1260 416 1290 qua
437 1252 529 1289 agitur
550 1251 583 1279 de
604 1250 687 1279 Verbi
712 1250 939 1284 manifestatione,
961 1249 1001 1277 di-

156 1302 214 1330 visa
241 1301 292 1329 fuit
320 1300 347 1328 in
374 1299 444 1328 duas
472 1302 572 1336 partes.
596 1298 623 1326 ln
651 1297 742 1335 prima
768 1297 860 1334 agitur
881 1296 915 1325 de
944 1305 1001 1325 ma-

155 1347 326 1377 nifestatione
348 1346 430 1376 Verbi
452 1346 523 1375 facta
544 1353 593 1382 per
615 1353 711 1374 vocem
732 1344 839 1373 Ioannis
860 1352 950 1381 usque
968 1344 1000 1372 ad

156 1396 246 1424 locum
268 1394 359 1423 istum.
383 1393 515 1430 Deinceps
537 1401 603 1421 vero
631 1400 721 1430 usque
748 1391 781 1420 ad
811 1391 894 1420 finem
915 1391 1001 1420 unde-

156 1442 239 1471 cimi-4
252 1441 344 1478 agitur
364 1440 398 1469 de
420 1440 637 1469 manifestatione
657 1439 728 1468 facta
746 1447 800 1476 per
818 1439 915 1476 ipsum
937 1439 1002 1467 Ver-

156 1489 232 1518 bum.
255 1488 286 1516 Et
307 1487 373 1525 quia
393 1487 576 1516 manifestatio
604 1489 760 1524 respectum
786 1486 870 1515 habet
897 1486 931 1514 ad
955 1494 1002 1515 eos

156 1536 258 1574 quibus
280 1535 325 1569 sit,
348 1538 374 1563 et
401 1534 434 1563 ad
462 1542 541 1569 eum,
563 1534 596 1563 de
617 1542 674 1572 quo
694 1533 743 1568 fit;
766 1533 826 1562 ideo
847 1533 915 1562 haec
936 1541 1001 1570 pars

155 1583 237 1612 habet
257 1582 326 1610 duas
347 1585 449 1618 partes.
465 1581 493 1609 ln
508 1581 600 1618 prima
613 1581 705 1618 agitur
720 1580 753 1609 de
768 1580 1000 1614 manifestatione,

155 1629 306 1660 secundum
327 1629 400 1666 quod
423 1628 535 1665 respicit
556 1628 726 1657 conditiones
753 1636 768 1656 a
797 1630 874 1664 parte
903 1635 999 1655 eorum

155 1677 259 1716 quibus
279 1676 319 1714 fit.
343 1677 369 1705 ln
392 1675 512 1705 secunda
533 1675 625 1712 agitur
645 1675 679 1704 de
700 1674 930 1708 manifestatione,
959 1681 1001 1702 se-

155 1724 275 1753 cundum
298 1723 371 1761 quod
393 1723 505 1760 respicit
526 1722 695 1751 conditiones
708 1730 724 1750 a
738 1725 816 1759 parte
838 1720 921 1749 Verbi
937 1729 1000 1748 ma-

154 1770 304 1809 uifestctti;
325 1773 352 1800 et
372 1770 468 1807 incipit
489 1770 535 1798 illa
555 1778 621 1807 pars
641 1769 669 1797 in
690 1769 826 1806 principio
847 1768 936 1805 quinti
957 1776 1000 1796 ca-

155 1819 234 1856 pituli
246 1818 276 1846 ⁵:
300 1818 369 1846 Post
390 1816 460 1846 haee
480 1821 545 1845 erat
565 1816 633 1845 dies.

1850 135 1906 163 265

1060 214 1148 245 Primo,
1166 214 1192 238 cle
1209 214 1252 237 hac
1267 212 1454 238 manifestatione
1471 213 1543 244 quoad
1559 212 1699 236 conditiones
1715 219 1729 236 a
1745 212 1811 243 parte
1833 218 1908 236 eorum

1417 252 1498 284 quibus
1515 252 1550 276 fit.

1139 356 1229 385 Prima
1250 364 1315 393 pars
1329 356 1413 384 habet
1427 358 1548 392 quatuor
1563 357 1656 391 partes
1671 354 1824 383 secundum
1839 361 1907 390 qua·
1926 360 2041 386 *Subdivisio

1061 406 1125 432 tuor
1152 410 1254 440 genera
1281 410 1480 439 personarum,
1508 401 1611 438 quibus
1635 409 1664 430 se
1684 400 1848 429 manifestat.
1880 401 1907 430 ln
1924 385 2042 431 ffirssrssf'tw

1060 450 1151 487 prima
1171 449 1327 478 manifestat
1341 457 1370 478 se
1385 449 1442 477 suis
1456 448 1618 485 discipulis.
1642 448 1669 476 ln
1692 447 1814 476 secunda
1828 450 1907 484 parte

1060 496 1216 525 manifestat
1237 504 1265 525 se
1286 496 1423 530 Iudaeis,
1451 495 1479 524 in
1508 495 1597 524 medio
1617 494 1730 524 secundi
1756 494 1906 532 capitulis:

1062 544 1132 572 Post
1152 542 1221 572 liaeo
1242 542 1387 571 deseendit
1406 547 1457 571 etc.
1481 543 1509 571 ln
1530 542 1613 571 tertia
1626 542 1783 570 manifestat
1803 549 1832 570 se
1854 538 1908 570 Sa'-

1060 591 1237 624 maritanis,
1259 590 1286 619 in
1309 590 1445 627 principio
1466 590 1559 626 quarti
1581 589 1709 626 capituli:
1731 589 1764 617 Ut
1779 597 1847 627 erqo
1862 597 1908 617 co-

1059 638 1158 676 ynovic
1180 638 1262 666 Iesus
1282 640 1333 666 etc.
1356 637 1384 665 In
1405 639 1505 674 quarta
1526 639 1605 673 parte
1620 636 1774 665 manifestat
1796 644 1825 665 se
1850 636 1908 665 Ga-

1061 685 1169 719 lilaeis,
1199 685 1272 713 circa
1293 684 1375 713 finem
1398 684 1489 721 quarti
1511 683 1633 720 capituli,
1656 683 1712 712 ibi:
1738 684 1806 712 Post
1834 683 1907 712 duos

1060 732 1121 761 dies
1141 732 1219 761 exiit.

1171 832 1248 856 Prima
1264 832 1437 864 manifestatio,
1456 839 1513 863 quae
1530 832 1565 856 est
1582 832 1647 856 racia
1663 832 1792 864 discipulis.

1139 920 1229 949 Prima
1250 928 1329 957 pars,
1352 920 1378 947 in
1401 928 1456 956 qua
1470 919 1626 948 manifestat
1647 927 1676 948 se
1698 919 1756 949 suis
1777 919 1907 957 discipu-
1919 924 2011 966 (1ξένὲἑέ
2013 924 2046 966 ὲξό

1060 968 1112 1001 lis,
1135 968 1217 996 habet
1244 967 1331 996 duas:
1355 967 1381 995 in
1411 967 1500 1003 prima
1524 967 1616 1004 agitur
1643 967 1677 996 de
1705 967 1906 1004 discipulorum
2048 961 2054 966 '

1059 1015 1223 1047 vocatione,-
1239 1014 1264 1043 in
1284 1014 1417 1048 secunda,
1432 1014 1465 1043 de
1479 1013 1716 1051 manifestatione
1736 1014 1807 1043 facta
1827 1013 1908 1043 disci-

1059 1062 1131 1099 pulis
1146 1062 1264 1095 vocatis,
1280 1061 1315 1089 ibi
1328 1062 1338 1077 ⁷
1352 1072 1358 1089 :
1378 1062 1409 1089 Et
1424 1061 1470 1089 die
1485 1062 1567 1089 tertio
1581 1061 1702 1098 nuptiae
1717 1060 1815 1098 factae
1828 1064 1906 1089 swnt.

1145 1108 1258 1137 Voeatio
1281 1108 1364 1145 igitur
1385 1108 1586 1145 discipulorum
1607 1116 1623 1136 a
1643 1107 1760 1136 Domino
1777 1107 1848 1136 facta
1862 1108 1909 1136 de·
1919 1112 1953 1154 ¹33
1966 1112 2054 1159 &¹533ae-

1059 1156 1191 1185 scribitur
1219 1156 1271 1184 hoc
1298 1155 1402 1184 ordine,
1435 1155 1526 1183 Primo
1557 1157 1669 1183 notatur
1699 1154 1811 1183 vocatio
1838 1155 1908 1183 sim·
2049 1149 2052 1153 ’

1056 1202 1163 1240 plicis;
1191 1202 1327 1236 secundo,
1361 1203 1471 1231 vocatio
1502 1202 1643 1239 sapientis
1651 1213 1660 1235 ;
1687 1202 1783 1236 tertio,
1813 1202 1909 1230 vocati

1059 1249 1217 1282 attracti&
1238 1252 1354 1286 quarto,
1376 1249 1497 1277 attracti
1510 1248 1703 1285 confirmatio.
1727 1264 1763 1268 —
1792 1248 1907 1276 Voeacio

1057 1304 1125 1333 ergo
1145 1296 1304 1333 simplicis,
1328 1295 1431 1325 scilicet
1458 1295 1591 1331 Philippi,
1613 1295 1703 1331 primo
1727 1294 1798 1324 facta
1818 1302 1834 1323 a
1855 1295 1908 1323 Do-

1060 1343 1134 1371 mino
1159 1343 1342 1376 describitur,
1372 1343 1437 1379 quia
1462 1342 1496 1371 ab
1517 1342 1576 1379 ipso
1598 1342 1714 1370 Domino
1735 1341 1768 1370 sle
1789 1341 1908 1370 Galilaea

1058 1392 1173 1419 vocatus
1194 1392 1242 1419 est.
1266 1390 1415 1426 Propterea
1435 1389 1518 1418 dicit:

1138 1438 1182 1465 90.
1200 1437 1288 1472 (Vers.
1305 1437 1372 1472 43).
1390 1437 1424 1465 ln
1439 1436 1620 1470 crastinum,
1636 1436 1739 1465 scilicet
1760 1439 1822 1473 post
1843 1444 1908 1465 con-

1058 1485 1212 1514 versionem
1238 1484 1360 1513 Andreae
1381 1486 1408 1512 et
1429 1484 1516 1517 Petri,
1537 1483 1629 1512 voluit
1655 1483 1736 1514 exire
1763 1483 1795 1512 iu
1827 1483 1908 1512 Gali-

1058 1532 1152 1560 lueam
1180 1535 1205 1559 et
1233 1531 1340 1559 invenit
1368 1530 1557 1567 Philippum,
1585 1538 1639 1559 non
1669 1530 1832 1564 casualiter,
1861 1530 1908 1559 sed

1057 1587 1093 1608 ex
1116 1579 1256 1616 proposito
1283 1578 1424 1607 invenitur
1449 1577 1523 1615 quod
1548 1577 1687 1615 perditum
1717 1581 1766 1606 est.
1789 1577 1832 1606 Sic
1854 1577 1907 1606 Do-

1058 1627 1150 1655 minus
1171 1626 1320 1662 discipulos
1335 1633 1399 1654 suos
1418 1625 1522 1654 invenit
1543 1625 1622 1662 prius
1642 1625 1783 1662 perditos,
1805 1625 1871 1662 quia
1891 1632 1908 1653 a

1057 1673 1209 1710 perditione
1228 1673 1344 1709 eripuit;
1369 1673 1455 1701 Lucae
1470 1672 1577 1701 decimo
1598 1672 1737 1709 quintos:
1764 1684 1777 1697 «
1793 1672 1906 1706 Mulier,

1057 1728 1128 1757 quae
1155 1720 1272 1756 perdidit
1296 1719 1458 1747 drachmam
1486 1727 1586 1754 unam,
1609 1719 1718 1756 quaerit
1745 1719 1905 1756 diligenter,

1057 1767 1143 1795 donec
1166 1767 1285 1796 iuveniat
1301 1779 1326 1794 ».
1352 1768 1384 1795 Ec
1406 1767 1476 1795 dicit
1490 1767 1531 1795 ei:
1552 1767 1673 1804 Sequere
1694 1775 1753 1800 me,
1774 1769 1903 1803 tanquam

1058 1822 1157 1843 servus
1177 1814 1335 1847 dominum,
1360 1817 1489 1851 tanquam
1512 1813 1665 1850 disripulus
1679 1813 1859 1850 magistrum,
1874 1815 1906 1841 ut

1925 1440 2017 1459 Primum.

155 2117 206 2145 gius
232 2115 395 2138 «adiutorium
422 2115 521 2143 gratiae,
546 2121 606 2144 quae
630 2115 724 2143 proprie
750 2115 820 2142 gratia
847 2117 1001 2142 nuncupatur,

155 2157 175 2179 in
192 2156 272 2179 ChrISti
291 2161 340 2177 esse
357 2154 480 2177 arbitratur
503 2155 632 2182 exemplo...
650 2158 674 2177 ut
695 2154 802 2176 videlicet
822 2153 880 2183 [per
903 2160 1001 2181 evange-

154 2196 219 2218 licam
237 2193 378 2223 doctrinam]
396 2196 504 2223 tanquam
522 2194 559 2216 via
577 2194 746 2220 demonstrata,
764 2199 808 2222 qua
826 2192 947 2215 ambulare
963 2193 1000 2215 de-

154 2235 263 2262 beamus,
286 2235 332 2258 iam
357 2233 446 2256 viribus
471 2233 535 2255 liberi
561 2232 661 2260 arbitrii,
684 2232 798 2255 adiutorio
822 2232 882 2254 nullo
907 2232 1000 2254 alterius

154 2274 295 2302 indigentes,
313 2274 454 2296 sufficiamus
475 2272 555 2300 nobis,
572 2278 601 2294 ne
622 2272 757 2294 deficiamus
779 2271 800 2294 in
823 2271 874 2298 via,
891 2271 1000 2300 quamvis

153 2316 175 2336 et
192 2313 264 2341 ipsam
284 2313 345 2335 viam
362 2312 485 2335 contendat
501 2311 569 2333 etiam
586 2311 633 2334 sola
652 2311 746 2333 inveniri
765 2317 834 2339 posse
851 2313 943 2338 natum,
958 2311 999 2333 sed

155 2352 253 2381 facilius,
271 2352 289 2374 si
313 2352 407 2374 adiuvet
429 2351 500 2378 gratia
513 2359 534 2372 ιι.
552 2350 609 2373 lbid.
626 2356 647 2372 c.
667 2350 703 2372 45.
726 2356 749 2372 n.
768 2349 804 2372 49.
825 2349 923 2377 explicat
946 2350 998 2372 illud

154 2392 208 2414 Luc.
225 2392 267 2418 22,
285 2392 327 2414 6¹:
345 2391 374 2414 Ει
391 2396 520 2414 conversus
537 2389 653 2413 Dominus
670 2389 777 2419 respexit
794 2389 891 2412 Petrum
909 2391 959 2416 ete„
978 2392 1000 2411 et

153 2430 219 2457 dicit,
241 2430 305 2459 quod
330 2430 383 2459 quia
405 2431 466 2452 lesus
483 2432 536 2451 'orat
559 2429 630 2456 intus,
649 2429 728 2451 Petrus
744 2435 801 2450 vero
819 2428 873 2451 soris
890 2428 911 2450 in
930 2429 999 2455 atrio,

156 2475 223 2491 «non
241 2471 314 2497 potest
331 2469 388 2495 dici,
405 2468 468 2497 quod
485 2468 643 2496 corporalibus
660 2468 733 2490 oculis
749 2473 802 2490 eum
821 2467 932 2489 Dominus
947 2467 1000 2489 visi-

153 2507 226 2530 biliter
250 2507 397 2530 admonendo
423 2507 555 2535 respexerit.
573 2508 598 2529 Et
618 2507 669 2529 ideo
690 2506 755 2536 quod
772 2506 804 2528 ihi
821 2506 933 2534 scriptum
951 2509 999 2529 est:

153 2546 263 2576 Respexit
278 2552 332 2569 eum
350 2546 479 2574 Dominus,
498 2546 558 2568 intus
575 2548 650 2568 actum
669 2548 714 2573 est,
732 2546 754 2568 in
772 2548 848 2568 mente
864 2548 940 2568 actum
953 2548 1000 2574 est,

153 2586 175 2608 in
192 2586 310 2608 voluntate
327 2589 403 2607 actum
416 2588 458 2607 est.
470 2585 622 2608 Misericordia
641 2585 752 2607 Dominus
769 2585 863 2607 latenter
879 2584 999 2613 subvenit,

153 2630 192 2646 cor
210 2624 293 2652 tetigit,
312 2624 446 2646 memoriam
465 2623 595 2651 revocavit,
614 2624 721 2646 interiore
739 2623 811 2651 gratia
834 2630 876 2646 sua
898 2624 1000 2646 visitavit

153 2663 244 2685 Petrum
255 2672 265 2683 1>
281 2666 324 2685 etc.
335 2662 382 2685 Cfr.
394 2663 426 2684 lll.
436 2663 465 2685 de
474 2662 593 2685 Consensu
602 2663 689 2690 Evang.
702 2668 721 2684 c.
735 2663 757 2684 6.
769 2669 791 2684 n.
804 2663 846 2689 26;
859 2663 932 2684 Serm.
946 2662 999 2684 284.

154 2702 218 2729 (alias
231 2703 252 2724 i.
265 2702 322 2724 inter
339 2702 413 2724 editos
430 2708 455 2724 ex
473 2702 567 2724 maioris
584 2701 717 2724 Carthusiae
734 2702 798 2730 mss.)
814 2708 836 2724 n.
848 2702 869 2723 6.
886 2705 908 2724 et
926 2702 998 2723 Sei-m.

153 2741 206 2763 285.
224 2741 288 2769 (alias
306 2740 326 2763 4.
345 2741 402 2763 inter
419 2741 494 2763 editos
510 2747 536 2763 ex
554 2741 647 2763 maioris
664 2740 799 2764 Carthusiae
815 2744 880 2769 mss.)
898 2747 920 2763 n.
939 2741 960 2763 3.

216 2778 223 2791 ¹
242 2780 274 2802 De
291 2786 338 2808 quo
356 2779 410 2802 vide
427 2786 497 2807 supra
515 2786 570 2807 pag.
588 2779 645 2806 246,
663 2783 716 2802 nota
733 2780 757 2802 7.
773 2779 819 2802 Cfr.
837 2780 905 2802 etiam
927 2779 998 2802 verba

153 2818 227 2841 Bedae
245 2825 315 2846 supra
333 2825 386 2847 pag.
404 2819 463 2846 263,
481 2821 532 2841 nota
552 2819 574 2841 2.
591 2819 695 2846 allegata.

216 2856 224 2869 ²
244 2858 265 2879 ln
287 2859 346 2880 loan.
370 2858 449 2880 liomil.
468 2858 503 2880 19.
523 2858 587 2887 (alias
609 2858 655 2887 48.)
673 2864 697 2880 n.
717 2858 745 2880 3:
766 2866 777 2878 «
790 2858 835 2880 Sed
858 2860 911 2880 tunc
935 2857 999 2887 [tem-

153 2903 209 2925 pore
226 2897 311 2919 veteris
328 2897 455 2919 testamenti
473 2899 496 2919 et
512 2897 625 2919 adventus
642 2896 734 2926 Christi]
752 2897 843 2919 diversa
860 2897 944 2925 singuli
962 2904 999 2919 no-

153 2936 214 2958 unua
237 2935 395 2964 accipiebant;
422 2942 484 2958 nunc
508 2938 585 2958 autem
611 2941 686 2958 unum
710 2941 791 2957 omnes
816 2935 929 2958 habemus
956 2936 999 2957 illis

246 2982 273 3005 S.
290 2983 379 3004 Bonav.
390 2994 421 2998 —
434 2982 501 3004 Tom-
518 2982 556 3004 Vl.

1059 2113 1168 2136 omnibus
1187 2114 1273 2139 maius,
1291 2113 1384 2141 quando
1403 2112 1532 2135 Christiani
1552 2112 1695 2140 appellamur
1717 2115 1739 2133 et
1762 2112 1798 2133 ulii
1823 2111 1861 2133 Dei
1884 2115 1906 2134 et

1058 2154 1125 2175 amici
1143 2156 1165 2174 et
1182 2159 1266 2180 corpus
1290 2158 1368 2175 unum.
1388 2152 1424 2173 llla
1445 2152 1532 2180 quippe
1550 2152 1672 2179 appellatio
1690 2152 1741 2179 plus
1758 2157 1828 2180 quam
1850 2151 1906 2173 aliae

1058 2199 1139 2216 omnes
1156 2199 1197 2214 nos
1213 2192 1292 2213 excitat
1312 2191 1515 2220 diligentioresque
1533 2191 1562 2213 ad
1579 2191 1688 2213 virtutem
1707 2190 1858 2213 exercendam
1877 2191 1905 2212 ef-

1059 2232 1137 2254 licit».
1163 2231 1218 2254 ibid.
1242 2238 1263 2253 n.
1286 2231 1308 2253 2.
1331 2231 1426 2252 mudum
1452 2230 1564 2258 assignat,
1590 2236 1637 2259 quo
1663 2233 1715 2252 ante
1741 2230 1904 2252 institutionem

1058 2271 1170 2293 Ecclesiae
1183 2270 1318 2292 christianae
1331 2270 1426 2292 mutatio
1438 2270 1560 2291 nominum
1573 2269 1653 2296 fiebat,
1666 2269 1712 2291 scil.
1730 2269 1766 2291 vel
1783 2275 1810 2292 ex
1826 2268 1905 2297 rebus,

1057 2317 1080 2333 v.
1098 2317 1121 2338 g.
1138 2311 1193 2332 Gen.
1211 2310 1244 2338 17,
1256 2310 1283 2332 5:
1300 2309 1347 2333 Nec
1359 2308 1425 2331 ultra
1436 2308 1559 2331 vocabitur
1576 2314 1662 2331 nomen
1674 2310 1743 2331 tuum
1756 2308 1854 2335 Abram,
1866 2307 1907 2331 sed

1056 2348 1213 2379 appellaberis
1231 2348 1360 2377 Abraham,
1378 2347 1434 2377 qnia
1452 2349 1546 2377 putrem.
1568 2347 1704 2370 multarum
1726 2347 1832 2377 gentium
1854 2353 1906 2370 con-

1056 2388 1123 2411 stitui
1140 2390 1174 2413 le:
1188 2389 1223 2410 vel
1241 2394 1267 2410 ex
1284 2386 1371 2410 virtute
1389 2388 1409 2409 iu
1428 2387 1469 2409 illis
1486 2386 1620 2409 hominibus
1636 2393 1663 2409 ex
1681 2387 1754 2414 prima
1773 2389 1845 2409 aetate
1862 2387 1907 2409 ‹rol-

1057 2428 1158 2453 lucente,
1177 2434 1198 2449 v.
1216 2434 1240 2455 g.
1258 2427 1325 2449 Marc.
1343 2427 1368 2453 3,
1380 2426 1422 2448 117:
1441 2426 1471 2449 Et
1488 2425 1599 2455 imposuit
1616 2425 1648 2448 ets
1667 2425 1762 2455 [Iacobo
1779 2429 1801 2448 ct
1818 2425 1903 2454 loanni]

1056 2466 1154 2489 nentina.
1172 2466 1312 2495 Bounerqes,
1331 2465 1395 2495 quod
1411 2466 1445 2488 est
1464 2464 1509 2495 filii
1529 2464 1630 2488 tonitrui
1635 2473 1644 2493 ;
1662 2465 1698 2486 vel
1716 2471 1742 2487 ex
1759 2464 1846 2488 virtute
1864 2464 1906 2486 illis

1057 2506 1190 2528 bominibus
1212 2509 1290 2533 postea
1313 2505 1430 2533 augenda,
1448 2507 1473 2526 ut
1490 2505 1573 2527 factum
1591 2507 1626 2526 est
1643 2504 1664 2526 iu
1683 2504 1789 2531 Simone,
1807 2504 1847 2533 qui
1865 2510 1906 2525 vo-

1057 2549 1120 2567 ratus
1138 2549 1171 2567 est
1189 2546 1279 2573 Petrus,
1297 2550 1367 2572 super
1383 2551 1452 2573 quem
1471 2544 1563 2566 fundata
1581 2546 1615 2565 est
1634 2543 1740 2566 Ecclesia.

1119 2582 1128 2595 ³
1147 2585 1211 2606 Vers.
1229 2584 1266 2605 49.
1285 2591 1306 2606 n.
1325 2583 1360 2605 44.

1118 2622 1128 2635 ⁴
1146 2624 1236 2645 §vincet
1253 2629 1326 2651 usque
1344 2623 1373 2645 ad
1391 2623 1415 2644 ’Μ
1427 2640 1432 2649 ,
1451 2622 1493 2649 47,
1510 2628 1557 2651 quo
1574 2622 1654 2650 incipit
1666 2622 1767 2644 secunda
1780 2628 1834 2650 pars
1846 2622 1906 2650 prin-

1057 2663 1147 2690 cipalis,
1166 2668 1225 2691 quae
1243 2662 1291 2690 agit
1307 2663 1336 2685 de
1350 2661 1477 2691 passz'one;
1495 2663 1535 2684 cfr.
1552 2668 1622 2689 supra
1640 2668 1662 2683 v.
1681 2661 1703 2683 6.
1721 2668 1744 2683 n.
1766 2661 1799 2683 17.
1816 2673 1847 2678 —-
1864 2661 1905 2683 Ed.

1057 2708 1179 2729 perperam
1198 2702 1252 2729 legit
1269 2707 1344 2730 nsque
1360 2700 1392 2723 ad
1407 2700 1477 2730 finem
1496 2699 1604 2729 vtyesimt
1616 2699 1704 2729 primi,
1723 2700 1857 2728 scitusque
1875 2700 1904 2722 ad

1057 2741 1126 2762 finem
1145 2740 1263 2768 Evangelii
1281 2740 1376 2762 loannis.

1119 2778 1128 2790 ⁵
1148 2780 1211 2801 Vers.
1231 2780 1252 2801 i.

1118 2816 1128 2829 ⁶
1147 2818 1210 2840 Vers.
1229 2818 1271 2845 423
1289 2818 1355 2840 tertia
1372 2821 1406 2840 est
1424 2817 1448 2845 4,
1467 2818 1492 2844 'l;
1511 2820 1593 2846 quarta
1609 2819 1643 2839 est
1662 2816 1689 2844 4,
1708 2816 1743 2838 43.

1119 2855 1127 2869 ⁷
1146 2857 1200 2885 Cap.
1219 2858 1245 2885 2,
1264 2858 1285 2879 sl.

1119 2895 1128 2908 ¹³
1147 2898 1210 2919 Vors.
1230 2897 1256 2925 8,
1273 2902 1322 2925 seq.
1339 2909 1369 2913 —
1387 2896 1490 2919 Subinde
1507 2898 1559 2924 post
1578 2895 1607 2918 Et
1622 2895 1677 2918 {licit
1695 2894 1717 2918 ei
1730 2895 1827 2921 Vulgata
1840 2893 1904 2915 addit

1056 2936 1129 2958 Iesus.

1780 2980 1809 3001 34
