2296 3316
7 415 8 420 .
40 405 98 429 Resp.
113 403 131 422 1.

17 780 58 800 Non
70 779 131 799 solvit.

29 969 93 995 Kasp..
99 973 131 987 au-

47 994 111 1011 enoris.

16 1343 40 1362 De
53 1343 135 1362 secundo

8 1367 87 1389 ,membro
96 1367 135 1385 sive

18 1395 27 1409 6
50 1390 135 1413 doctriua

15 1413 80 1432 misti.

17 1484 86 1504 Divisio
99 1485 131 1503 tri-

49 1508 98 1532 plex.

24 1812 93 1839 Primo,
106 1814 130 1833 de

18 1841 45 1863 ⁹¹?
66 1838 131 1857 salutis

18 1862 57 1879 11·Ιό-

770 131 939 161 ΟΟΜΜΕΝΤ.
962 132 995 161 IN
1016 132 1162 161 ΙΟΑΝΝΕΜ
1183 133 1211 161 C.
1235 133 1274 161 111.

148 209 239 247 fuerit
260 209 337 237 Deus
358 218 425 239 cam
439 219 478 239 eo.
496 226 532 231 —
550 209 678 238 Contra:
697 209 824 239 Matthaei
841 210 957 247 septimo
969 211 995 239 ¹:

152 256 234 285 Multi
252 256 346 285 dicent
369 256 443 286 mihi
463 257 494 286 in
515 256 567 285 itta
588 257 650 286 die:
675 257 808 291 Domine,
830 257 861 285 in
880 257 996 286 nomine

149 307 198 332 tao
219 303 375 332 daemonia
395 304 531 333 eiecimus
551 306 602 332 etc.

228 350 401 387 Respondent
421 351 533 388 quidam
564 351 597 379 ad
629 351 697 385 hoc,
723 351 853 380 facientes
884 352 938 381 vim
967 351 994 380 in

150 397 250 426 verbo:
273 396 339 426 Nisi
358 397 451 435 fuerit
473 398 548 426 Deus
569 406 636 426 eum
657 398 713 427 illo.
742 398 840 427 Differt
860 399 933 427 enim
954 398 995 427 di-

149 452 224 473 cere:
246 443 321 473 Deus
348 447 390 473 est
417 452 481 473 cum
512 444 639 479 homine,
668 447 696 474 et
723 445 805 474 homo
836 453 900 474 cum
923 445 994 479 De0;

149 491 221 520 sicut
244 490 354 520 videtur
375 491 445 520 velle
465 491 635 528 Augustinus
654 491 746 521 dicere
773 492 801 520 in
830 492 901 521 libro
925 492 994 521 Con-

149 538 298 568 fessionum
311 539 338 567 ²:
371 539 502 567 «Mecum
531 547 609 573 eras,
631 539 677 568 sed
706 547 756 576 ego
781 548 836 568 non
858 547 934 568 eram
955 542 994 573 te:

149 593 212 614 oum
228 597 254 614 υ.
283 585 327 614 Sic
357 588 385 614 et
415 586 441 614 in
474 586 615 623 proposito
646 586 729 615 homo
756 589 798 615 est
829 594 893 615 cum
922 587 993 622 Deo,

149 631 259 669 quando
287 632 370 661 habet
397 632 555 667 caritatem,
582 640 631 669 per
659 641 743 669 uuam
768 633 901 662 adhaeret
921 633 993 668 Deo;

149 679 195 708 sed
223 679 298 708 Deus
322 687 387 708 cum
415 679 542 714 homine,
564 680 675 717 quando
705 680 825 717 aliquem
848 680 994 718 specialem

148 726 276 755 effectum
296 730 323 756 et
344 727 446 756 donum
468 727 533 756 facit
553 728 580 756 in
603 728 721 757 homine.
738 728 781 757 Sic
801 731 843 757 est
858 735 921 757 cum
941 728 994 756 illis

148 774 251 812 quibus
278 775 376 803 tribuit
405 775 535 804 virtutem
563 775 677 804 faciendi
706 775 848 804 miracula.
876 791 913 796 —
942 775 994 804 Sed

148 822 223 851 istud
244 830 298 851 non
320 822 413 856 solvit,
435 822 501 859 quia
525 822 689 851 Nicodemus
717 823 769 852 hoc
794 831 848 851 non
870 822 994 851 intende-

148 868 196 897 bat
215 868 322 903 dicere,
344 869 428 897 immo
449 877 529 904 vere,
551 869 625 906 quod
646 873 718 898 esset
739 877 755 898 a
776 870 832 898 Deo
844 869 863 897 ⁸.

227 915 374 953 Propterea
393 915 553 950 dicendum,
574 916 649 953 quod
670 916 719 944 etsi
742 916 804 945 boni
827 918 854 944 et
876 916 939 944 mali
954 916 993 944 fa-

147 962 220 991 ciant
234 962 383 997 miracula,
397 963 608 1000 distinguuntur
629 966 721 992 tamen
736 963 764 992 hi
779 963 814 992 ab
828 963 895 998 illis,
909 963 993 992 modo

148 1009 252 1039 scilicet
271 1012 299 1039 et
318 1009 390 1046 fine:
411 1010 512 1044 modo,
535 1010 600 1047 quia
624 1010 688 1038 boni
714 1018 763 1047 per
792 1010 930 1047 publicam
951 1010 994 1039 iu-

149 1056 266 1091 stitiam,
289 1056 352 1084 mali
374 1064 424 1093 per
445 1056 522 1093 signa
543 1056 669 1093 publicae
690 1056 825 1091 iustitiae;
839 1056 913 1094 fine,
928 1057 994 1094 quia

148 1103 211 1132 boni
233 1103 267 1132 ad
287 1103 519 1137 aedificationem,
535 1103 597 1132 mali
613 1103 647 1132 ad
661 1103 777 1140 gloriam
788 1104 808 1131 4.
825 1104 856 1132 Et
870 1104 936 1141 quia
950 1104 994 1132 Ni-

148 1149 281 1179 codemus
298 1150 324 1178 in
340 1150 421 1178 modo
442 1150 555 1179 faciendi
578 1154 605 1179 et
620 1150 674 1179 11116
689 1150 823 1179 miracula
843 1150 995 1188 distingue-

150 1197 210 1231 bat;
234 1196 354 1225 maxime
376 1197 428 1225 hoc
449 1197 520 1225 scire
542 1200 650 1233 poterat
670 1197 698 1226 in
719 1197 844 1232 Christo,
859 1198 925 1234 quia
939 1206 992 1226 non

149 1251 198 1281 per
219 1243 419 1273 invocationem
441 1244 557 1272 faciebat
577 1244 712 1273 miracula
723 1244 742 1272 ⁵.

227 1292 253 1319 7.
276 1291 432 1328 Respondit
454 1291 533 1319 lesus
564 1295 591 1319 et
617 1291 693 1320 dixit
719 1291 746 1320 ei
772 1294 823 1320 etc.
850 1291 994 1328 Descripta

148 1340 189 1366 est
218 1337 359 1374 diligentia
391 1337 549 1372 Nicodemi,
577 1338 745 1367 describitur
782 1338 826 1367 hic
858 1338 994 1367 doctrina

150 1383 271 1419 Christi,
294 1384 321 1413 in
342 1393 398 1422 qua
418 1385 497 1414 docet
528 1385 722 1420 Nicodemum,
748 1385 887 1422 quomodo
908 1385 994 1422 possit

146 1431 292 1469 pervenire
313 1431 346 1460 ad
361 1432 492 1467 salutem,
507 1433 574 1470 quia
595 1433 647 1461 1106
667 1441 803 1470 quaerere
824 1435 945 1462 venerat.
963 1433 994 1461 Et

147 1479 231 1508 habet
254 1479 322 1508 haec
353 1488 417 1516 pars
447 1483 504 1509 tres
535 1483 628 1517 partes
656 1480 808 1509 secundum
831 1481 900 1515 tria,
922 1488 994 1518 quae

147 1526 239 1563 ipsum
259 1526 346 1556 docet.
369 1527 460 1555 Primo
480 1527 560 1556 docet
580 1527 688 1564 ipsum,
709 1535 781 1565 quae
802 1528 852 1556 via
872 1527 993 1561 salutis;

148 1573 284 1610 secundo,
316 1573 390 1611 quod
415 1574 528 1602 salutis
557 1574 757 1612 principium,
790 1575 871 1603 ibi⁶:
904 1574 993 1603 Nemo

147 1620 276 1649 ascendit
307 1620 338 1649 in
366 1621 500 1654 oaetum;
528 1621 626 1656 tertio,
647 1622 722 1659 quod
742 1624 784 1651 est
810 1622 918 1650 salutis
939 1622 993 1650 im-

144 1667 356 1704 pedimentum,
388 1668 441 1697 ibi:
471 1668 535 1697 Non
566 1669 642 1697 enim
670 1669 752 1697 misit
778 1669 853 1697 Deus
882 1669 993 1697 Filium

146 1722 236 1742 suum
256 1716 307 1743 etc.

226 1761 316 1790 Primo
330 1761 415 1798 igitur
429 1762 521 1796 docet,
536 1770 608 1799 quae
619 1762 655 1791 sit
665 1762 715 1790 via
729 1762 851 1791 salutis:
863 1762 993 1799 quoniam

147 1808 354 1837 Sacramentum
387 1809 617 1845 regenerationis,
642 1809 670 1838 in
701 1809 782 1838 cuius
812 1809 994 1838 instructione

146 1855 270 1891 procedit
292 1855 344 1884 hoc
365 1856 469 1885 ordine.
486 1856 576 1885 Primo
594 1856 728 1893 exprimit
740 1857 934 1895 necessitatem
949 1865 994 1885 re·

145 1902 359 1939 yenerationis;
378 1903 515 1937 secundo,
530 1903 650 1932 modum
665 1904 875 1941 reyenerandi;
896 1904 993 1939 tertio,

147 1949 267 1977 modum
287 1949 471 1986 intelliqendi.

211 2106 218 2119 ¹
237 2108 304 2130 Vers.
321 2109 359 2131 2-2.

210 2145 219 2158 ²
237 2146 299 2169 Libr.
316 2148 344 2170 X.
362 2154 382 2170 6.
400 2148 437 2170 27.
455 2154 478 2170 n.
495 2148 533 2170 38.
551 2160 583 2165 -
599 2148 666 2172 Card.
684 2149 763 2177 Hugo,
782 2149 806 2171 in
824 2150 884 2172 hunc
901 2150 995 2172 locum:

147 2186 298 2214 Respondeo,
315 2186 380 2215 quod
396 2187 472 2209 nullus
489 2187 542 2209 facit
558 2187 637 2215 signa,
654 2187 702 2211 nisi
716 2188 790 2218 fuerit
806 2188 870 2212 Deus
887 2194 942 2212 cum
958 2194 992 2217 eo,

147 2225 188 2248 sed
205 2231 251 2248 non
269 2225 372 2254 sequitur
389 2228 525 2255 propterea,
542 2227 605 2255 quod
623 2227 666 2255 ipsi
682 2227 727 2250 sint
743 2233 797 2250 cum
811 2228 871 2257 Deo;
889 2228 943 2257 quia
955 2229 994 2250 ho-

148 2264 233 2287 minem
250 2270 302 2287 esse
318 2270 371 2287 cum
398 2265 444 2287 Deo
466 2265 531 2293 ponit
547 2265 697 2289 imitationem
715 2267 815 2289 hominis
832 2267 862 2289 ad
879 2267 953 2290 Deum
971 2267 992 2289 in

148 2304 236 2332 aliquo,
253 2304 338 2326 scilicet
356 2304 377 2326 in
394 2305 511 2327 voluntate
517 2314 523 2332 ;
540 2306 614 2328 Deum
631 2312 688 2329 vero
704 2312 755 2329 esse
771 2312 825 2329 cum
842 2307 950 2334 homine,
961 2313 994 2330 se-

147 2343 249 2365 cundum
267 2343 331 2372 quod
348 2343 384 2366 hic
401 2344 513 2372 sumitur,
532 2344 587 2366 nihil
604 2345 660 2367 dicit
678 2345 721 2367 nisi
738 2345 846 2368 virtutem
865 2344 994 2368 Divinitatis

147 2382 301 2409 ostensivam,
319 2385 341 2404 et
357 2383 416 2405 hanc
433 2386 508 2411 potest
523 2383 591 2406 etiam
609 2384 683 2407 malus
700 2384 799 2412 habere;
816 2388 838 2407 et
859 2385 911 2407 ideo
933 2384 994 2408 bene

147 2420 217 2443 dicit:
243 2421 291 2444 nisi
305 2421 378 2451 fuerit
396 2421 512 2445 Dominus
536 2428 591 2446 cum
607 2429 645 2451 eo,
663 2426 685 2446 et
706 2430 752 2446 non
773 2424 844 2447 dicit:
860 2424 904 2447 nisi
926 2424 994 2447 ruerit

148 2467 201 2483 cum
219 2461 274 2483 Deo.

210 2497 220 2511 ³
237 2500 295 2522 Dicit
311 2500 388 2523 enim:
406 2500 513 2530 Scimus,
531 2501 588 2531 qnia
604 2508 619 2525 a
636 2502 684 2525 Deo
702 2502 786 2525 uem'sti
800 2502 922 2533 magister.

210 2537 220 2551 ⁴
237 2539 347 2567 August.‚
365 2540 393 2561 83
412 2540 455 2569 Qq.
471 2546 494 2569 q.
512 2540 550 2562 7⁹.
567 2547 590 2563 n.
608 2540 635 2563 4:
652 2541 697 2564 Sed
715 2544 737 2564 et
752 2541 846 2564 diverso
863 2542 909 2564 fine
924 2545 946 2565 et
961 2542 994 2565 dj-

148 2583 216 2601 verso
233 2577 282 2600 iure
300 2578 431 2608 [miracula]
448 2579 513 2601 fiunt.
530 2579 561 2602 llli
579 2579 663 2609 [magi]
680 2580 743 2603 enim
760 2581 845 2604 faciunt
856 2584 994 2610 quaerentes

149 2616 246 2643 gloriam
271 2623 336 2639 suam
346 2635 351 2645 ,
377 2617 411 2639 isti
436 2616 534 2647 [Sancti]
560 2621 697 2646 quaerentes
726 2619 823 2647 gloriam
849 2620 913 2642 Dei...
938 2619 993 2642 honi

147 2653 270 2677 Christiani
287 2654 385 2684 [faciunt
401 2655 520 2686 miracula]
538 2662 580 2684 per
596 2656 713 2685 publicam
731 2657 852 2686 iustitiam,
867 2658 920 2680 mali
932 2657 994 2681 Chri-

148 2692 214 2715 stiani
231 2699 273 2721 per
289 2693 355 2721 signa
372 2693 478 2722 publicae
495 2694 601 2717 iustitiae.
617 2695 663 2718 Csr.
680 2696 703 2719 ll.
721 2697 783 2719 Sent.
796 2696 819 2719 d.
829 2696 851 2719 7.
865 2703 888 2725 p.
903 2697 926 2719 11.
938 2703 959 2719 a.
971 2697 993 2719 2.

149 2738 172 2760 q.
189 2733 212 2754 2.
229 2732 250 2754 in
268 2732 320 2755 nne.
336 2745 368 2749 —
384 2733 425 2756 Ed.
442 2732 474 2756 ad
490 2732 586 2756 inanem
602 2733 715 2764 gloriam.
741 2735 835 2757 Plurimi
853 2735 922 2758 codd.
941 2737 994 2764 post

149 2771 179 2794 Et
195 2771 302 2794 omittunt
319 2771 383 2801 quia.

211 2808 221 2821 ⁵
238 2811 311 2839 Beda,
328 2811 351 2833 in
368 2812 423 2834 Luc.
440 2811 467 2839 5,
486 2811 527 2834 ⁴3:
549 2811 618 2841 Volo,
632 2812 751 2836 mundare
764 2815 807 2836 etc.
819 2813 876 2836 Nihil
888 2813 993 2836 medium

149 2851 183 2871 est
199 2849 257 2871 inter
274 2856 334 2878 opus
351 2850 391 2872 Dei
414 2853 483 2879 atque
507 2854 670 2879 praeceptum,
687 2852 742 2881 quia
765 2852 787 2874 in
811 2854 936 2881 praecepto
960 2855 994 2875 est

148 2894 208 2916 opus
225 2891 267 2911 etc.
285 2888 330 2912 Csr.
347 2889 477 2918 Chrysost.,
495 2890 517 2912 in
534 2891 594 2913 loan.
612 2891 692 2914 homil.
712 2891 749 2914 24.
766 2891 832 2921 (alias
848 2891 895 2921 23.)
912 2898 936 2914 n.
953 2893 976 2914 2.

210 2926 221 2939 θ
238 2928 303 2951 Vers.
321 2929 362 2957 13;
380 2936 401 2951 v.
422 2929 458 2952 ⁴7.
475 2932 510 2952 est
525 2936 574 2959 seq.
591 2930 662 2953 locus.

1843 137 1899 165 279

1131 212 1157 239 8.
1181 211 1270 247 (Vers.
1291 211 1339 248 3.).
1357 211 1559 241 Necessitatem
1573 213 1658 250 igitur
1672 215 1900 253 regenerationis
1912 222 2045 247 Εκροιῑιῑοιῑι-

1052 257 1184 294 exprimit
1205 258 1255 295 ipsi
1277 258 1423 288 Nicodemo
1453 259 1594 289 addiscere
1625 261 1755 298 cupienti.
1785 263 1899 299 Propter

1051 303 1125 340 quod
1146 304 1226 333 dicit:
1249 305 1406 342 Respondit
1426 306 1507 334 lesus
1527 310 1553 334 et
1573 307 1650 336 dizit
1669 308 1711 342 ei,
1733 309 1837 338 scilicet
1854 309 1899 338 Ni-

1051 350 1165 379 codemo
1186 351 1219 380 de
1240 355 1320 381 nocte
1341 352 1460 381 venienti
1481 356 1508 382 et
1522 354 1680 390 quaerenti:
1696 357 1798 390 Amen,
1813 363 1900 385 amen

1051 397 1115 426 dico
1136 397 1204 426 tibi:
1227 398 1293 427 Nisi
1313 399 1379 437 quis
1400 403 1489 428 natus
1509 399 1602 437 fuerit
1621 401 1729 436 denuo,
1752 402 1777 431 id
1799 406 1840 432 est
1855 411 1899 432 re-

1050 449 1215 482 generatus,
1236 454 1296 474 non
1312 449 1406 483 potest
1429 446 1525 475 videre
1552 456 1676 485 regnam
1700 449 1751 478 Dei
1761 449 1781 478 ⁷.
1805 450 1836 478 Et
1856 458 1899 479 se-

1051 492 1173 521 cundum
1189 493 1241 522 hoc
1256 496 1343 530 patet,
1358 494 1432 531 quod
1448 495 1619 531 regeneratio
1632 497 1801 526 necessaria
1813 501 1855 527 est
1865 497 1900 526 ad

1051 540 1178 569 salutem.

1129 587 1261 616 Nativitas
1281 590 1423 621 naturae,·
1439 588 1545 617 loannis
1559 589 1665 618 decimo
1680 593 1760 619 sexto
1771 591 1795 619 ⁸:
1815 603 1829 616 «
1841 592 1899 620 Mu-

1050 634 1111 668 lier,
1133 642 1197 663 cum
1218 634 1306 671 parit,
1328 635 1467 664 tristitiam
1500 636 1598 670 habet;
1621 637 1668 665 sed
1689 645 1752 666 cum
1774 639 1898 675 peperit,

1050 689 1104 710 non
1125 681 1252 710 meminit
1271 689 1420 719 pressurae
1440 686 1554 719 propter
1569 683 1718 720 gaudium,
1733 685 1799 722 quia
1817 688 1899 715 natus

1050 731 1092 757 est
1112 728 1196 757 homo
1217 728 1245 757 in
1266 728 1403 757 mundum
1415 740 1440 757 n.
1457 746 1494 750 -—
1512 729 1635 767 Culpam
1655 730 1689 759 ad
1705 731 1834 768 Ephesios
1855 740 1898 761 se-

1050 775 1179 804 cundo⁹:
1206 787 1220 801 α
1235 775 1352 805 Eramus
1372 778 1473 805 natura
1494 777 1541 805 filii
1564 778 1621 806 irae
1632 788 1660 812 »3
1675 782 1799 813 natura,
1815 779 1842 807 id
1856 783 1898 808 est

1050 822 1229 859 corruptione
1251 826 1382 857 naturae;
1405 823 1465 852 ideo
1497 824 1543 852 lob
1565 825 1659 853 tertio:
1685 836 1699 850 α
1715 826 1810 855 Pereat
1830 826 1897 860 dies,

1049 869 1077 897 in
1099 877 1155 906 qua
1176 873 1257 898 natus
1278 877 1340 898 sum
1352 882 1378 899 ».
1395 887 1432 891 —
1451 871 1592 905 Gratiae,·
1614 872 1718 908 primae
1733 872 1840 902 loannis
1855 873 1897 901 ul-

1050 917 1117 945 timo
1127 917 1164 945 ¹⁰:
1184 928 1198 942 α
1213 917 1325 952 01111115,
1340 918 1387 955 qui
1410 922 1492 947 natus
1513 921 1554 947 est
1574 927 1610 948 ex
1633 919 1704 954 Deo,
1720 928 1774 948 non
1789 923 1897 957 peccat,

1050 964 1097 993 sed
1118 965 1207 1002 gratia
1221 965 1269 993 Dei
1284 965 1405 994 custodit
1426 966 1516 1003 ipsum
1530 977 1557 1000 »;
1572 969 1599 995 et
1618 967 1671 996 hoc
1692 967 1724 995 fit
1738 975 1788 1004 per
1802 967 1897 996 Sacra-

1050 1014 1184 1040 mentum.
1200 1028 1238 1032 —
1256 1012 1391 1046 Gloriam
1406 1013 1452 1042 Iob
1472 1013 1618 1042 undecimo
1629 1014 1663 1042 ¹¹:
1682 1025 1696 1039 <t
1708 1014 1776 1043 Cum
1792 1017 1818 1043 te
1833 1022 1898 1043 con-

1050 1061 1173 1087 sumtum
1196 1059 1353 1095 putaveris,
1374 1060 1473 1089 orieris
1494 1064 1526 1089 ut
1539 1061 1644 1090 lucifer
1656 1073 1682 1089 ».
1700 1078 1736 1082 -
1751 1062 1797 1090 Η16
1812 1062 1897 1099 igitur

1050 1104 1115 1133 dicit
1136 1106 1318 1134 necessariam
1347 1107 1517 1136 nativitatem
1546 1108 1713 1137 Sacramenti
1735 1112 1763 1137 et
1783 1109 1896 1146 gratiae.

1130 1153 1155 1180 9.
1179 1153 1267 1187 (Vers.
1289 1153 1338 1188 4.).
1364 1154 1439 1183 Dicit
1459 1155 1500 1183 ad
1529 1163 1596 1184 eam
1617 1155 1800 1184 Nicodemus.
1827 1156 1897 1184 Tan-

1050 1198 1125 1235 gitur
1153 1199 1197 1227 1116
1225 1199 1394 1233 secundum,
1423 1200 1526 1229 scilicet
1553 1202 1658 1230 modas
1685 1203 1896 1239 reyenerwdi,

1050 1245 1097 1281 qui
1113 1248 1154 1273 est
1167 1245 1343 1282 spiritualis.
1359 1246 1410 1275 Sed
1429 1247 1605 1282 Nicodamus,
1626 1248 1790 1283 aestimans,
1806 1249 1896 1286 ipsum

1050 1299 1110 1320 esse
1131 1292 1284 1326 carnalem,
1306 1292 1415 1321 dubitat
1435 1296 1462 1322 et
1483 1294 1608 1330 quaerit:
1639 1295 1787 1330 Quomodo
1805 1298 1899 1332 potest

1050 1337 1134 1367 homo
1154 1339 1255 1373 nasci,
1277 1348 1344 1368 cum
1365 1340 1404 1369 sit
1423 1340 1527 1369 senex?
1548 1341 1649 1378 Quasi:
1666 1342 1717 1370 1106
1732 1345 1774 1371 est
1795 1342 1897 1379 impos-

1050 1385 1145 1420 sibile,
1166 1386 1200 1414 de
1220 1394 1286 1415 sene
1307 1387 1435 1416 iuvenem
1458 1388 1532 1422 fieri;
1556 1388 1601 1417 lob
1623 1389 1740 1425 septimo
1750 1389 1787 1417 ¹2:
1809 1389 1898 1418 «Dies

1052 1433 1104 1462 mei
1128 1434 1249 1463 velocius
1271 1434 1457 1469 transierunt,
1479 1443 1562 1472 quam
1585 1444 1601 1464 a
1622 1438 1734 1465 texente
1760 1436 1814 1465 tela
1835 1444 1897 1465 suc-

1050 1479 1167 1514 ciditur;
1183 1484 1210 1509 et
1224 1481 1360 1510 consumti
1377 1485 1442 1510 sunt
1456 1482 1561 1519 absque
1583 1483 1640 1511 ulla
1660 1491 1748 1519 spe».
1772 1483 1898 1520 Impossi-

1050 1527 1141 1556 bilitas
1162 1528 1244 1556 etiam
1260 1532 1302 1557 est
1316 1536 1332 1557 a
1347 1531 1425 1565 parte
1438 1529 1610 1566 generantis;
1626 1529 1700 1558 unde
1717 1529 1798 1558 dicit:
1814 1529 1897 1559 Nan-

1050 1574 1121 1612 quid
1138 1578 1231 1612 potest
1251 1576 1282 1604 in
1303 1579 1430 1604 ventrem
1448 1576 1555 1604 matris
1569 1585 1642 1605 suae
1656 1576 1760 1605 iterato
1774 1577 1898 1606 introire

1049 1625 1075 1650 et
1095 1622 1232 1651 renasci?
1264 1623 1359 1652 Adhuc
1379 1623 1497 1652 carnalis
1518 1627 1590 1658 erat,
1616 1627 1644 1652 et
1665 1624 1726 1653 ideo
1747 1625 1896 1654 carnaliter

1050 1669 1237 1706 intelligebat;
1257 1670 1362 1706 primae
1383 1670 1417 1699 ad
1438 1670 1595 1700 Corinthios
1616 1671 1737 1700 secundo
1748 1672 1787 1700 ¹³:
1807 1683 1820 1697 α
1835 1672 1897 1701 Ani-

1050 1716 1129 1744 malis
1150 1716 1232 1745 homo
1253 1725 1308 1745 non
1328 1717 1446 1757 percipit
1467 1725 1499 1746 ea
1513 1726 1585 1754 quae
1599 1721 1665 1746 sunt
1679 1718 1794 1755 spiritus
1809 1719 1856 1748 Dei
1869 1730 1895 1747 n.

1050 1763 1102 1791 Sed
1122 1764 1256 1792 Dominus
1278 1764 1369 1801 ipsum
1391 1765 1509 1793 retrahit
1529 1765 1564 1793 ab
1590 1765 1768 1802 intelligentia
1793 1766 1896 1794 carnali

1050 1809 1084 1838 ad
1106 1810 1291 1847 spiritualem;
1315 1814 1428 1848 propter
1450 1811 1524 1848 quod
1544 1811 1625 1840 dicit:

1132 1859 1176 1886 10.
1199 1858 1287 1894 (Vers.
1311 1859 1358 1894 5.).
1381 1859 1537 1896 Respondit
1557 1859 1655 1888 Iesus.-
1678 1860 1784 1894 Amen,
1811 1868 1897 1888 amen

1050 1905 1114 1934 dico
1136 1905 1201 1933 tibi.-
1224 1905 1291 1934 Nisi
1310 1906 1377 1942 quis
1391 1910 1513 1935 renatus
1527 1905 1620 1943 faerit
1640 1915 1674 1935 ex
1689 1915 1770 1945 aqua
1791 1910 1815 1935 et
1832 1906 1897 1944 Spi-

1051 1952 1114 1981 ritu
1135 1956 1254 1987 sanoto,
1276 1961 1334 1981 non
1351 1957 1444 1990 potest
1472 1953 1595 1982 introire
1620 1953 1652 1982 in
1680 1962 1803 1991 regnam
1831 1954 1896 1988 Dei,-

1112 2109 1121 2122 ⁷
1139 2111 1180 2134 Ed.
1205 2111 1313 2139 superius
1330 2111 1413 2134 omittit
1429 2110 1550 2134 addiscere
1571 2110 1698 2141 cupienti...
1716 2111 1857 2139 Nicodemo,
1875 2114 1897 2134 et

1050 2151 1087 2173 1116
1104 2151 1180 2173 addit:
1201 2159 1212 2170 α
1224 2151 1311 2179 Amen,
1329 2157 1411 2179 amen,
1430 2151 1574 2173 nominaliter
1591 2151 1663 2179 Apoc.
1680 2151 1707 2179 3,
1725 2151 1767 2174 ik:
1784 2152 1845 2173 Haec
1865 2151 1897 2174 di-

1050 2190 1092 2212 cit:
1110 2190 1195 2217 Amen,
1212 2190 1236 2212 id
1253 2193 1288 2212 est
1303 2190 1401 2217 veritas,
1413 2189 1536 2212 verbaliter
1554 2190 1595 2212 ler.
1612 2190 1654 2217 28,
1666 2190 1692 2212 6:
1708 2190 1768 2218 Fiat,
1785 2190 1897 2213 Hebraiee

1050 2235 1120 2252 amen
1137 2229 1311 2257 adverbialiter,
1328 2231 1351 2251 et
1368 2229 1400 2252 sic
1417 2229 1438 2251 in
1458 2229 1577 2257 proposito
1594 2235 1677 2257 amen,
1689 2229 1712 2252 id
1725 2232 1759 2252 est
1771 2235 1839 2257 vere,
1850 2229 1899 2252 nisi

1050 2268 1103 2298 quis
1115 2277 1126 2288 r>
1146 2271 1189 2291 etc.
1206 2268 1241 2291 Ad
1258 2270 1314 2291 haec
1331 2268 1402 2291 verba
1420 2269 1504 2291 Bonelli
1523 2271 1595 2291 notat:
1616 2277 1627 2288 α
1639 2269 1676 2291 Sic
1693 2269 1715 2291 in
1733 2269 1837 2297 margine
1854 2275 1898 2292 ms,

1051 2304 1150 2335 codicis';
1167 2313 1209 2330 nec
1227 2314 1293 2330 secus
1310 2308 1372 2330 idem
1390 2307 1502 2335 interpres
1524 2308 1554 2330 ad
1576 2308 1646 2330 finem
1670 2308 1822 2336 Expositionis
1844 2308 1897 2330 Ora-

1050 2346 1117 2369 tionis
1136 2347 1267 2369 Dominicae
1279 2356 1290 2366 r>
1309 2350 1352 2369 etc.
1370 2346 1443 2369 Codd.
1460 2347 1530 2369 nostri
1543 2347 1697 2369 communiter
1709 2348 1765 2370 haec
1776 2347 1896 2375 omittunt;

1049 2385 1102 2408 cod.
1121 2385 1138 2408 N
1156 2384 1248 2408 exhibet
1265 2385 1299 2407 illa
1317 2385 1339 2407 in
1356 2385 1469 2413 principio
1490 2392 1512 2408 v.
1540 2386 1562 2408 5.
1586 2388 1639 2414 post
1663 2385 1789 2415 Respondit
1814 2386 1896 2409 Iesus:

1050 2417 1138 2453 Amen,
1157 2431 1235 2448 amen.
1252 2437 1283 2442 —
1299 2425 1342 2447 Pro
1359 2424 1414 2449 Nisi
1429 2424 1481 2455 quis
1498 2426 1570 2448 natus
1588 2425 1687 2453 Vulgata
1710 2425 1765 2449 Nisi
1785 2425 1838 2455 quis
1860 2431 1897 2449 re-

1049 2465 1129 2487 natus.

1113 2500 1123 2514 Β
1141 2503 1206 2525 Vers.
1223 2502 1266 2531 24,
1284 2502 1337 2525 vide
1353 2503 1410 2525 infra
1429 2503 1490 2525 hunc
1506 2502 1595 2529 locum,
1612 2502 1651 2525 uhi
1674 2503 1743 2526 codd.
1765 2509 1818 2525 cum
1842 2503 1898 2525 Vul-

1050 2544 1102 2570 gata
1120 2542 1267 2564 conveniunt.
1289 2554 1314 2557 —
1331 2541 1443 2569 Superius
1460 2544 1512 2564 ante
1529 2541 1647 2565 Nativitas
1664 2543 1767 2565 naturae
1776 2542 1800 2564 in
1811 2542 1863 2565 cod.
1876 2542 1896 2565 Μ

1050 2581 1151 2604 secunda
1169 2587 1252 2603 manus
1268 2581 1397 2609 supplevit:
1415 2581 1446 2604 Et
1460 2580 1606 2609 notandum,
1619 2581 1682 2611 quod
1698 2581 1852 2611 quadrupla
1863 2583 1897 2605 est

1049 2619 1170 2643 nativitas.
1181 2619 1224 2643 Est
1235 2619 1297 2642 enim
1303 2628 1312 2648 ,·
1329 2620 1447 2642 Gorranus
1459 2619 1505 2648 (ed.
1516 2619 1624 2643 Coloniae
1636 2620 1719 2648 t587):
1733 2621 1806 2643 Nota:
1818 2619 1897 2643 multi-

1046 2659 1106 2688 plex
1122 2660 1157 2682 est
1172 2658 1296 2687 nativitas,
1308 2658 1413 2682 videlicet
1423 2661 1539 2687 naturae,
1550 2659 1646 2689 culpae,
1659 2659 1752 2689 gratiae
1763 2661 1786 2683 et
1796 2659 1896 2690 qtorr'ae.

1112 2696 1122 2709 ⁹
1141 2698 1205 2720 Vers.
1222 2698 1243 2719 3.
1261 2710 1292 2714 -
1309 2698 1361 2727 Seq.
1380 2699 1444 2720 locus
1461 2700 1495 2720 est
1512 2698 1551 2720 lob
1568 2698 1595 2726 3,
1613 2698 1634 2720 3.

1113 2734 1133 2748 ¹⁰
1150 2737 1216 2759 Vers.
1235 2736 1274 2763 18,
1292 2736 1314 2758 111
1331 2737 1397 2759 cuius
1415 2736 1460 2759 fine
1477 2737 1576 2765 Vulgata
1592 2736 1634 2760 sed
1649 2736 1769 2767 qenemtio
1789 2737 1830 2760 Dei
1845 2742 1897 2761 con-

1049 2776 1131 2799 servat
1145 2781 1208 2798 eum.

1113 2813 1132 2827 ¹¹
1150 2815 1216 2838 Vei-s.
1234 2814 1271 2837 47.

1113 2852 1132 2866 ¹²
1150 2854 1217 2876 Vers.
1236 2854 1257 2876 6.
1269 2865 1300 2871 ——
1311 2854 1364 2876 Post
1381 2853 1457 2882 Quasi
1473 2854 1510 2877 ed.
1527 2860 1581 2877 cum
1598 2855 1712 2878 nonnullis
1723 2854 1791 2878 codd.
1804 2854 1896 2883 supplet

1050 2892 1144 2916 diceret.

1114 2929 1133 2943 ¹³
1150 2931 1217 2953 vers.
1235 2931 1272 2953 14.

1942 247 2012 266 tei-aliu.

1918 315 2007 336 Primum.

1928 598 2021 617 Nativitas

1911 622 2035 646 quadruplex.

1914 1067 2032 1087 Secundum.
