<?xml version="1.0" encoding="UTF-8"?>
<!DOCTYPE html PUBLIC "-//W3C//DTD XHTML 1.0 Transitional//EN"
    "http://www.w3.org/TR/xhtml1/DTD/xhtml1-transitional.dtd">
<html xmlns="http://www.w3.org/1999/xhtml" xml:lang="en" lang="en">
 <head>
  <title>
</title>
<meta http-equiv="Content-Type" content="text/html;charset=utf-8" />
  <meta name='ocr-system' content='tesseract 3.04.00' />
  <meta name='ocr-capabilities' content='ocr_page ocr_carea ocr_par ocr_line ocrx_word'/>
</head>
<body>
  <div class='ocr_page' id='page_1' title='image "./doctorisseraphic06bona_0478.png"; bbox 0 0 2296 3316; ppageno 0'>
   <div class='ocr_carea' id='block_1_1' title="bbox 294 1402 391 1425">
    <p class='ocr_par' dir='ltr' id='par_1_1' title="bbox 294 1402 391 1425">
     <span class='ocr_line' id='line_1_1' title="bbox 294 1402 391 1425; baseline 0 -6"><span class='ocrx_word' id='word_1_1' title='bbox 294 1402 391 1425; x_wconf 82' lang='lat' dir='ltr'>Quartum.</span> 
     </span>
    </p>
   </div>
   <div class='ocr_carea' id='block_1_2' title="bbox 417 147 475 176">
    <p class='ocr_par' dir='ltr' id='par_1_2' title="bbox 417 147 475 176">
     <span class='ocr_line' id='line_1_2' title="bbox 417 147 475 176; baseline 0.017 -1"><span class='ocrx_word' id='word_1_2' title='bbox 417 147 475 176; x_wconf 71' lang='lat'>434</span> 
     </span>
    </p>
   </div>
   <div class='ocr_carea' id='block_1_3' title="bbox 406 222 1259 2179">
    <p class='ocr_par' dir='ltr' id='par_1_3' title="bbox 412 222 1259 814">
     <span class='ocr_line' id='line_1_3' title="bbox 417 222 1256 260; baseline -0.002 -7"><span class='ocrx_word' id='word_1_3' title='bbox 417 233 522 253; x_wconf 77' lang='lat' dir='ltr'>novam</span> <span class='ocrx_word' id='word_1_4' title='bbox 536 224 573 252; x_wconf 85' lang='lat' dir='ltr'>do</span> <span class='ocrx_word' id='word_1_5' title='bbox 593 223 688 257; x_wconf 85' lang='lat' dir='ltr'>vobis,</span> <span class='ocrx_word' id='word_1_6' title='bbox 705 226 736 251; x_wconf 80' lang='lat' dir='ltr'>at</span> <span class='ocrx_word' id='word_1_7' title='bbox 756 222 887 260; x_wconf 73' lang='lat' dir='ltr'>(liliyatis</span> <span class='ocrx_word' id='word_1_8' title='bbox 902 223 1042 255; x_wconf 80' lang='lat' dir='ltr'>invicem‚·</span> <span class='ocrx_word' id='word_1_9' title='bbox 1059 222 1120 251; x_wconf 88' lang='lat' dir='ltr'>ideo</span> <span class='ocrx_word' id='word_1_10' title='bbox 1136 231 1256 257; x_wconf 83' lang='lat' dir='ltr'>novum,</span> 
     </span>
     <span class='ocr_line' id='line_1_4' title="bbox 415 269 1258 308; baseline -0.001 -9"><span class='ocrx_word' id='word_1_11' title='bbox 415 272 480 308; x_wconf 89' lang='lat' dir='ltr'>quia</span> <span class='ocrx_word' id='word_1_12' title='bbox 500 278 610 307; x_wconf 83' lang='lat' dir='ltr'>semper</span> <span class='ocrx_word' id='word_1_13' title='bbox 624 270 705 298; x_wconf 89' lang='lat' dir='ltr'>debet</span> <span class='ocrx_word' id='word_1_14' title='bbox 719 277 778 298; x_wconf 88' lang='lat' dir='ltr'>esse</span> <span class='ocrx_word' id='word_1_15' title='bbox 800 277 896 298; x_wconf 86' lang='lat' dir='ltr'>recens</span> <span class='ocrx_word' id='word_1_16' title='bbox 911 269 939 297; x_wconf 92' lang='lat' dir='ltr'>in</span> <span class='ocrx_word' id='word_1_17' title='bbox 953 269 1049 303; x_wconf 86' lang='lat' dir='ltr'>corde,</span> <span class='ocrx_word' id='word_1_18' title='bbox 1068 269 1134 306; x_wconf 86' lang='lat' dir='ltr'>quia</span> <span class='ocrx_word' id='word_1_19' title='bbox 1147 277 1258 306; x_wconf 84' lang='lat' dir='ltr'><strong>semper</strong></span> 
     </span>
     <span class='ocr_line' id='line_1_5' title="bbox 414 316 1258 353; baseline -0.002 -7"><span class='ocrx_word' id='word_1_20' title='bbox 414 318 531 346; x_wconf 89' lang='lat' dir='ltr'>debetur</span> <span class='ocrx_word' id='word_1_21' title='bbox 545 317 654 345; x_wconf 84' lang='lat' dir='ltr'>dilectio</span> <span class='ocrx_word' id='word_1_22' title='bbox 669 320 695 345; x_wconf 89' lang='lat' dir='ltr'>et</span> <span class='ocrx_word' id='word_1_23' title='bbox 710 324 853 353; x_wconf 86' lang='lat' dir='ltr'>nunquam</span> <span class='ocrx_word' id='word_1_24' title='bbox 875 316 1054 345; x_wconf 79' lang='lat' dir='ltr'>inveteratur.</span> <span class='ocrx_word' id='word_1_25' title='bbox 1070 316 1145 345; x_wconf 84' lang='lat' dir='ltr'>Unde</span> <span class='ocrx_word' id='word_1_26' title='bbox 1159 316 1193 344; x_wconf 90' lang='lat' dir='ltr'>ad</span> <span class='ocrx_word' id='word_1_27' title='bbox 1207 317 1258 345; x_wconf 83' lang='lat' dir='ltr'>Ro—</span> 
     </span>
     <span class='ocr_line' id='line_1_6' title="bbox 415 362 1258 400; baseline -0.001 -7"><span class='ocrx_word' id='word_1_28' title='bbox 415 372 510 393; x_wconf 86' lang='lat' dir='ltr'>manos</span> <span class='ocrx_word' id='word_1_29' title='bbox 530 364 636 392; x_wconf 83' lang='lat' dir='ltr'>decimo</span> <span class='ocrx_word' id='word_1_30' title='bbox 658 363 739 392; x_wconf 83' lang='lat' dir='ltr'>tertio</span> <span class='ocrx_word' id='word_1_31' title='bbox 752 364 776 391; x_wconf 82' lang='lat'>¹:</span> <span class='ocrx_word' id='word_1_32' title='bbox 800 375 813 388; x_wconf 75' lang='lat' dir='ltr'>a</span> <span class='ocrx_word' id='word_1_33' title='bbox 828 363 933 391; x_wconf 80' lang='lat' dir='ltr'>Nemini</span> <span class='ocrx_word' id='word_1_34' title='bbox 949 362 1101 400; x_wconf 78' lang='lat' dir='ltr'>quidquam</span> <span class='ocrx_word' id='word_1_35' title='bbox 1122 363 1258 397; x_wconf 75' lang='lat' dir='ltr'>debeatis,</span> 
     </span>
     <span class='ocr_line' id='line_1_7' title="bbox 414 409 1258 446; baseline -0.004 -6"><span class='ocrx_word' id='word_1_36' title='bbox 414 411 465 440; x_wconf 86' lang='lat' dir='ltr'>nisi</span> <span class='ocrx_word' id='word_1_37' title='bbox 487 414 518 439; x_wconf 86' lang='lat' dir='ltr'>ut</span> <span class='ocrx_word' id='word_1_38' title='bbox 538 410 655 439; x_wconf 89' lang='lat' dir='ltr'>invicem</span> <span class='ocrx_word' id='word_1_39' title='bbox 682 409 800 446; x_wconf 84' lang='lat' dir='ltr'>diligatis</span> <span class='ocrx_word' id='word_1_40' title='bbox 815 421 841 437; x_wconf 63' lang='grc' dir='ltr'><strong>ν.</strong></span> <span class='ocrx_word' id='word_1_41' title='bbox 863 409 895 437; x_wconf 90' lang='lat' dir='ltr'>Et</span> <span class='ocrx_word' id='word_1_42' title='bbox 922 409 1027 437; x_wconf 79' lang='lat' dir='ltr'>modas</span> <span class='ocrx_word' id='word_1_43' title='bbox 1051 409 1180 446; x_wconf 86' lang='lat' dir='ltr'>diligendi</span> <span class='ocrx_word' id='word_1_44' title='bbox 1208 417 1258 437; x_wconf 80' lang='lat' dir='ltr'>ex-</span> 
     </span>
     <span class='ocr_line' id='line_1_8' title="bbox 414 455 1259 495; baseline -0.002 -9"><span class='ocrx_word' id='word_1_45' title='bbox 414 458 558 495; x_wconf 87' lang='lat' dir='ltr'>primitur:</span> <span class='ocrx_word' id='word_1_46' title='bbox 582 456 663 485; x_wconf 82' lang='lat' dir='ltr'>Sicat</span> <span class='ocrx_word' id='word_1_47' title='bbox 683 456 773 484; x_wconf 77' lang='lat' dir='ltr'>dilexi</span> <span class='ocrx_word' id='word_1_48' title='bbox 791 464 858 490; x_wconf 77' lang='lat' dir='ltr'>vos,</span> <span class='ocrx_word' id='word_1_49' title='bbox 880 459 913 484; x_wconf 80' lang='lat' dir='ltr'>ut</span> <span class='ocrx_word' id='word_1_50' title='bbox 939 459 965 484; x_wconf 81' lang='lat' dir='ltr'>et</span> <span class='ocrx_word' id='word_1_51' title='bbox 984 464 1035 484; x_wconf 85' lang='lat' dir='ltr'>vos</span> <span class='ocrx_word' id='word_1_52' title='bbox 1063 455 1193 493; x_wconf 76' lang='lat' dir='ltr'>diliyatis</span> <span class='ocrx_word' id='word_1_53' title='bbox 1214 456 1259 484; x_wconf 88' lang='lat' dir='ltr'>in-</span> 
     </span>
     <span class='ocr_line' id='line_1_9' title="bbox 413 502 1258 540; baseline -0.002 -7"><span class='ocrx_word' id='word_1_54' title='bbox 413 504 510 533; x_wconf 82' lang='lat' dir='ltr'>vicem.</span> <span class='ocrx_word' id='word_1_55' title='bbox 533 504 591 540; x_wconf 88' lang='lat' dir='ltr'>Ipse</span> <span class='ocrx_word' id='word_1_56' title='bbox 612 506 704 532; x_wconf 89' lang='lat' dir='ltr'>autem</span> <span class='ocrx_word' id='word_1_57' title='bbox 726 503 764 531; x_wconf 85' lang='lat' dir='ltr'>sic</span> <span class='ocrx_word' id='word_1_58' title='bbox 778 502 891 537; x_wconf 80' lang='lat' dir='ltr'>dilexit,</span> <span class='ocrx_word' id='word_1_59' title='bbox 913 505 945 531; x_wconf 94' lang='lat' dir='ltr'>ut</span> <span class='ocrx_word' id='word_1_60' title='bbox 965 502 1052 539; x_wconf 83' lang='lat' dir='ltr'>magis</span> <span class='ocrx_word' id='word_1_61' title='bbox 1072 502 1198 539; x_wconf 82' lang='lat' dir='ltr'>diligeret</span> <span class='ocrx_word' id='word_1_62' title='bbox 1215 510 1258 532; x_wconf 90' lang='lat' dir='ltr'>sa-</span> 
     </span>
     <span class='ocr_line' id='line_1_10' title="bbox 413 550 1259 587; baseline -0.002 -7"><span class='ocrx_word' id='word_1_63' title='bbox 413 552 498 580; x_wconf 88' lang='lat' dir='ltr'>lutem</span> <span class='ocrx_word' id='word_1_64' title='bbox 520 553 643 579; x_wconf 89' lang='lat' dir='ltr'>nostram</span> <span class='ocrx_word' id='word_1_65' title='bbox 663 558 747 586; x_wconf 86' lang='lat' dir='ltr'>quam</span> <span class='ocrx_word' id='word_1_66' title='bbox 775 550 859 578; x_wconf 85' lang='lat' dir='ltr'>vitam</span> <span class='ocrx_word' id='word_1_67' title='bbox 879 557 973 584; x_wconf 86' lang='lat' dir='ltr'>suam;</span> <span class='ocrx_word' id='word_1_68' title='bbox 999 550 1038 578; x_wconf 86' lang='lat' dir='ltr'>sic</span> <span class='ocrx_word' id='word_1_69' title='bbox 1064 550 1259 587; x_wconf 87' lang='lat' dir='ltr'>unusquisque</span> 
     </span>
     <span class='ocr_line' id='line_1_11' title="bbox 413 596 1258 634; baseline 0 -8"><span class='ocrx_word' id='word_1_70' title='bbox 413 598 499 634; x_wconf 82' lang='lat' dir='ltr'>magis</span> <span class='ocrx_word' id='word_1_71' title='bbox 519 597 638 625; x_wconf 83' lang='lat' dir='ltr'>animam</span> <span class='ocrx_word' id='word_1_72' title='bbox 659 596 780 633; x_wconf 85' lang='lat' dir='ltr'>proximi</span> <span class='ocrx_word' id='word_1_73' title='bbox 802 605 885 633; x_wconf 91' lang='lat' dir='ltr'>quam</span> <span class='ocrx_word' id='word_1_74' title='bbox 907 604 1010 634; x_wconf 90' lang='lat' dir='ltr'>corpus</span> <span class='ocrx_word' id='word_1_75' title='bbox 1034 605 1131 631; x_wconf 80' lang='lat' dir='ltr'>suum3</span> <span class='ocrx_word' id='word_1_76' title='bbox 1153 597 1258 633; x_wconf 82' lang='lat' dir='ltr'>primae</span> 
     </span>
     <span class='ocr_line' id='line_1_12' title="bbox 413 643 1257 680; baseline 0 -8"><span class='ocrx_word' id='word_1_77' title='bbox 413 644 519 673; x_wconf 86' lang='lat' dir='ltr'>loannis</span> <span class='ocrx_word' id='word_1_78' title='bbox 540 644 659 672; x_wconf 72' lang='lat' dir='ltr'>tertio2:</span> <span class='ocrx_word' id='word_1_79' title='bbox 687 655 700 668; x_wconf 68' lang='grc' dir='ltr'>«τ</span> <span class='ocrx_word' id='word_1_80' title='bbox 716 643 742 671; x_wconf 87' lang='grc'>111</span> <span class='ocrx_word' id='word_1_81' title='bbox 765 643 818 672; x_wconf 82' lang='grc'><strong>1100</strong></span> <span class='ocrx_word' id='word_1_82' title='bbox 839 644 1018 680; x_wconf 81' lang='lat' dir='ltr'>cognovimus</span> <span class='ocrx_word' id='word_1_83' title='bbox 1032 643 1174 673; x_wconf 86' lang='lat' dir='ltr'>caritatem</span> <span class='ocrx_word' id='word_1_84' title='bbox 1196 644 1257 678; x_wconf 92' lang='lat' dir='ltr'>Dei,</span> 
     </span>
     <span class='ocr_line' id='line_1_13' title="bbox 413 690 1259 728; baseline 0 -9"><span class='ocrx_word' id='word_1_85' title='bbox 413 691 542 728; x_wconf 83' lang='lat' dir='ltr'>quoniam</span> <span class='ocrx_word' id='word_1_86' title='bbox 564 690 609 719; x_wconf 87' lang='lat' dir='ltr'>ille</span> <span class='ocrx_word' id='word_1_87' title='bbox 630 699 680 727; x_wconf 90' lang='lat' dir='ltr'>pro</span> <span class='ocrx_word' id='word_1_88' title='bbox 702 690 780 719; x_wconf 90' lang='lat' dir='ltr'>nobis</span> <span class='ocrx_word' id='word_1_89' title='bbox 800 690 920 718; x_wconf 80' lang='lat' dir='ltr'>animam</span> <span class='ocrx_word' id='word_1_90' title='bbox 941 698 1020 719; x_wconf 84' lang='lat' dir='ltr'>suam</span> <span class='ocrx_word' id='word_1_91' title='bbox 1035 690 1142 728; x_wconf 85' lang='lat' dir='ltr'>posuit;</span> <span class='ocrx_word' id='word_1_92' title='bbox 1164 693 1191 719; x_wconf 88' lang='lat' dir='ltr'>et</span> <span class='ocrx_word' id='word_1_93' title='bbox 1208 698 1259 719; x_wconf 90' lang='lat' dir='ltr'>nos</span> 
     </span>
     <span class='ocr_line' id='line_1_14' title="bbox 412 737 1258 774; baseline 0 -8"><span class='ocrx_word' id='word_1_94' title='bbox 412 738 545 767; x_wconf 84' lang='lat' dir='ltr'>debemus</span> <span class='ocrx_word' id='word_1_95' title='bbox 558 745 610 774; x_wconf 90' lang='lat' dir='ltr'>pro</span> <span class='ocrx_word' id='word_1_96' title='bbox 631 737 764 766; x_wconf 85' lang='lat' dir='ltr'>fratribus</span> <span class='ocrx_word' id='word_1_97' title='bbox 777 737 883 765; x_wconf 86' lang='lat' dir='ltr'>animas</span> <span class='ocrx_word' id='word_1_98' title='bbox 904 745 1006 774; x_wconf 89' lang='lat' dir='ltr'>ponere</span> <span class='ocrx_word' id='word_1_99' title='bbox 1018 749 1044 765; x_wconf 76' lang='lat' dir='ltr'>n.</span> <span class='ocrx_word' id='word_1_100' title='bbox 1061 737 1092 766; x_wconf 91' lang='lat' dir='ltr'>Et</span> <span class='ocrx_word' id='word_1_101' title='bbox 1106 737 1184 766; x_wconf 76' lang='lat' dir='ltr'>ratio</span> <span class='ocrx_word' id='word_1_102' title='bbox 1198 746 1258 766; x_wconf 87' lang='lat' dir='ltr'>mo-</span> 
     </span>
     <span class='ocr_line' id='line_1_15' title="bbox 414 784 874 814; baseline -0.002 -1"><span class='ocrx_word' id='word_1_103' title='bbox 414 793 479 814; x_wconf 82' lang='lat' dir='ltr'>vens</span> <span class='ocrx_word' id='word_1_104' title='bbox 499 784 533 813; x_wconf 87' lang='lat' dir='ltr'>ad</span> <span class='ocrx_word' id='word_1_105' title='bbox 554 785 728 813; x_wconf 82' lang='lat' dir='ltr'>dilectionem</span> <span class='ocrx_word' id='word_1_106' title='bbox 749 784 874 813; x_wconf 84' lang='lat' dir='ltr'>additur:</span> 
     </span>
    </p>

    <p class='ocr_par' dir='ltr' id='par_1_4' title="bbox 410 830 1258 1328">
     <span class='ocr_line' id='line_1_16' title="bbox 491 830 1258 869; baseline -0.003 -8"><span class='ocrx_word' id='word_1_107' title='bbox 491 832 537 861; x_wconf 72' lang='grc'>48.</span> <span class='ocrx_word' id='word_1_108' title='bbox 553 832 642 868; x_wconf 70' lang='lat' dir='ltr'>(Vers.</span> <span class='ocrx_word' id='word_1_109' title='bbox 660 832 727 867; x_wconf 54' lang='lat'>35).</span> <span class='ocrx_word' id='word_1_110' title='bbox 743 832 778 860; x_wconf 89' lang='lat' dir='ltr'>In</span> <span class='ocrx_word' id='word_1_111' title='bbox 799 830 851 860; x_wconf 79' lang='lat' dir='ltr'>hoc</span> <span class='ocrx_word' id='word_1_112' title='bbox 865 834 1032 868; x_wconf 63' lang='lat' dir='ltr'>cognoscent</span> <span class='ocrx_word' id='word_1_113' title='bbox 1053 839 1167 865; x_wconf 85' lang='lat' dir='ltr'>omnes,</span> <span class='ocrx_word' id='word_1_114' title='bbox 1186 832 1258 869; x_wconf 83' lang='lat' dir='ltr'>quia</span> 
     </span>
     <span class='ocr_line' id='line_1_17' title="bbox 412 876 1257 917; baseline -0.004 -9"><span class='ocrx_word' id='word_1_115' title='bbox 412 879 550 917; x_wconf 81' lang='lat' dir='ltr'>discipali</span> <span class='ocrx_word' id='word_1_116' title='bbox 570 879 627 906; x_wconf 87' lang='lat' dir='ltr'>mei</span> <span class='ocrx_word' id='word_1_117' title='bbox 646 879 730 912; x_wconf 87' lang='lat' dir='ltr'>estis,</span> <span class='ocrx_word' id='word_1_118' title='bbox 752 879 780 907; x_wconf 85' lang='lat' dir='ltr'>si</span> <span class='ocrx_word' id='word_1_119' title='bbox 799 877 975 906; x_wconf 80' lang='lat' dir='ltr'>dilectionem</span> <span class='ocrx_word' id='word_1_120' title='bbox 996 877 1037 905; x_wconf 82' lang='lat' dir='ltr'>ad</span> <span class='ocrx_word' id='word_1_121' title='bbox 1057 877 1180 906; x_wconf 82' lang='lat' dir='ltr'>invicem</span> <span class='ocrx_word' id='word_1_122' title='bbox 1205 876 1257 906; x_wconf 78' lang='lat' dir='ltr'>lia—</span> 
     </span>
     <span class='ocr_line' id='line_1_18' title="bbox 413 924 1258 962; baseline -0.002 -7"><span class='ocrx_word' id='word_1_123' title='bbox 413 927 551 959; x_wconf 78' lang='lat' dir='ltr'>baeritis;</span> <span class='ocrx_word' id='word_1_124' title='bbox 579 926 656 962; x_wconf 83' lang='lat' dir='ltr'>quia,</span> <span class='ocrx_word' id='word_1_125' title='bbox 685 925 758 953; x_wconf 87' lang='lat' dir='ltr'>sicut</span> <span class='ocrx_word' id='word_1_126' title='bbox 781 925 846 953; x_wconf 91' lang='lat' dir='ltr'>dicit</span> <span class='ocrx_word' id='word_1_127' title='bbox 873 924 1043 961; x_wconf 79' lang='lat' dir='ltr'>Augustinus</span> <span class='ocrx_word' id='word_1_128' title='bbox 1061 924 1081 958; x_wconf 79' lang='lat'>³,</span> <span class='ocrx_word' id='word_1_129' title='bbox 1114 936 1127 949; x_wconf 88' lang='lat'>«</span> <span class='ocrx_word' id='word_1_130' title='bbox 1148 924 1258 953; x_wconf 87' lang='lat' dir='ltr'>dilectio</span> 
     </span>
     <span class='ocr_line' id='line_1_19' title="bbox 411 971 1258 1011; baseline -0.004 -9"><span class='ocrx_word' id='word_1_131' title='bbox 411 973 524 1011; x_wconf 87' lang='lat' dir='ltr'>propria</span> <span class='ocrx_word' id='word_1_132' title='bbox 545 975 572 1001; x_wconf 87' lang='lat' dir='ltr'>et</span> <span class='ocrx_word' id='word_1_133' title='bbox 592 972 718 1008; x_wconf 87' lang='lat' dir='ltr'>specialis</span> <span class='ocrx_word' id='word_1_134' title='bbox 739 972 829 1000; x_wconf 89' lang='lat' dir='ltr'>virtus</span> <span class='ocrx_word' id='word_1_135' title='bbox 847 974 887 1000; x_wconf 90' lang='lat' dir='ltr'>est</span> <span class='ocrx_word' id='word_1_136' title='bbox 908 971 1017 1008; x_wconf 90' lang='lat' dir='ltr'>piorum</span> <span class='ocrx_word' id='word_1_137' title='bbox 1038 973 1122 1008; x_wconf 87' lang='lat' dir='ltr'>atque</span> <span class='ocrx_word' id='word_1_138' title='bbox 1150 973 1258 1000; x_wconf 88' lang='lat' dir='ltr'>sancto-</span> 
     </span>
     <span class='ocr_line' id='line_1_20' title="bbox 411 1018 1257 1054; baseline -0.004 -5"><span class='ocrx_word' id='word_1_139' title='bbox 411 1028 483 1049; x_wconf 93' lang='lat' dir='ltr'>rum.</span> <span class='ocrx_word' id='word_1_140' title='bbox 506 1020 574 1048; x_wconf 84' lang='lat' dir='ltr'>Haec</span> <span class='ocrx_word' id='word_1_141' title='bbox 592 1022 648 1051; x_wconf 88' lang='lat' dir='ltr'>est,</span> <span class='ocrx_word' id='word_1_142' title='bbox 662 1026 733 1054; x_wconf 86' lang='lat' dir='ltr'>quae</span> <span class='ocrx_word' id='word_1_143' title='bbox 747 1018 877 1047; x_wconf 91' lang='lat' dir='ltr'>discernit</span> <span class='ocrx_word' id='word_1_144' title='bbox 892 1018 962 1047; x_wconf 84' lang='lat' dir='ltr'>filios</span> <span class='ocrx_word' id='word_1_145' title='bbox 983 1018 1059 1054; x_wconf 88' lang='lat' dir='ltr'>regni</span> <span class='ocrx_word' id='word_1_146' title='bbox 1080 1026 1097 1046; x_wconf 85' lang='lat' dir='ltr'>a</span> <span class='ocrx_word' id='word_1_147' title='bbox 1110 1018 1174 1047; x_wconf 89' lang='lat' dir='ltr'>filiis</span> <span class='ocrx_word' id='word_1_148' title='bbox 1194 1026 1257 1054; x_wconf 86' lang='lat' dir='ltr'>per—</span> 
     </span>
     <span class='ocr_line' id='line_1_21' title="bbox 410 1064 1257 1101; baseline -0.005 -5"><span class='ocrx_word' id='word_1_149' title='bbox 410 1066 521 1096; x_wconf 81' lang='lat' dir='ltr'>ditionis</span> <span class='ocrx_word' id='word_1_150' title='bbox 535 1077 566 1099; x_wconf 76' lang='lat'>»3</span> <span class='ocrx_word' id='word_1_151' title='bbox 587 1065 621 1093; x_wconf 87' lang='lat' dir='ltr'>ad</span> <span class='ocrx_word' id='word_1_152' title='bbox 642 1064 774 1101; x_wconf 85' lang='lat' dir='ltr'>Ephesios</span> <span class='ocrx_word' id='word_1_153' title='bbox 788 1065 927 1101; x_wconf 73' lang='lat' dir='ltr'>quarto4:</span> <span class='ocrx_word' id='word_1_154' title='bbox 953 1076 967 1090; x_wconf 81' lang='lat'>«</span> <span class='ocrx_word' id='word_1_155' title='bbox 982 1064 1068 1093; x_wconf 90' lang='lat' dir='ltr'>Nolite</span> <span class='ocrx_word' id='word_1_156' title='bbox 1092 1064 1257 1093; x_wconf 79' lang='lat' dir='ltr'>contristare</span> 
     </span>
     <span class='ocr_line' id='line_1_22' title="bbox 411 1111 1257 1149; baseline -0.002 -8"><span class='ocrx_word' id='word_1_157' title='bbox 411 1113 544 1149; x_wconf 86' lang='lat' dir='ltr'>Spiritum</span> <span class='ocrx_word' id='word_1_158' title='bbox 563 1114 688 1140; x_wconf 84' lang='lat' dir='ltr'>sanctum</span> <span class='ocrx_word' id='word_1_159' title='bbox 704 1111 765 1145; x_wconf 92' lang='lat' dir='ltr'>Dei,</span> <span class='ocrx_word' id='word_1_160' title='bbox 780 1111 808 1140; x_wconf 87' lang='lat' dir='ltr'>in</span> <span class='ocrx_word' id='word_1_161' title='bbox 824 1120 880 1148; x_wconf 89' lang='lat' dir='ltr'>quo</span> <span class='ocrx_word' id='word_1_162' title='bbox 901 1112 998 1149; x_wconf 83' lang='lat' dir='ltr'>signati</span> <span class='ocrx_word' id='word_1_163' title='bbox 1019 1111 1085 1140; x_wconf 88' lang='lat' dir='ltr'>estis</span> <span class='ocrx_word' id='word_1_164' title='bbox 1102 1111 1130 1139; x_wconf 92' lang='lat' dir='ltr'>in</span> <span class='ocrx_word' id='word_1_165' title='bbox 1151 1111 1194 1139; x_wconf 89' lang='lat' dir='ltr'>die</span> <span class='ocrx_word' id='word_1_166' title='bbox 1213 1119 1257 1139; x_wconf 92' lang='lat' dir='ltr'>re-</span> 
     </span>
     <span class='ocr_line' id='line_1_23' title="bbox 410 1158 1256 1196; baseline -0.002 -8"><span class='ocrx_word' id='word_1_167' title='bbox 410 1159 574 1196; x_wconf 88' lang='lat' dir='ltr'>demptionis</span> <span class='ocrx_word' id='word_1_168' title='bbox 589 1171 614 1187; x_wconf 82' lang='lat'>».</span> <span class='ocrx_word' id='word_1_169' title='bbox 637 1159 690 1187; x_wconf 91' lang='lat' dir='ltr'>Hoc</span> <span class='ocrx_word' id='word_1_170' title='bbox 711 1162 803 1187; x_wconf 88' lang='lat' dir='ltr'>autem</span> <span class='ocrx_word' id='word_1_171' title='bbox 825 1158 998 1196; x_wconf 82' lang='lat' dir='ltr'>signaculum</span> <span class='ocrx_word' id='word_1_172' title='bbox 1014 1158 1133 1195; x_wconf 86' lang='lat' dir='ltr'>Spiritus</span> <span class='ocrx_word' id='word_1_173' title='bbox 1154 1160 1195 1187; x_wconf 88' lang='lat' dir='ltr'>est</span> <span class='ocrx_word' id='word_1_174' title='bbox 1216 1158 1256 1186; x_wconf 96' lang='lat' dir='ltr'>di-</span> 
     </span>
     <span class='ocr_line' id='line_1_24' title="bbox 412 1205 1257 1242; baseline -0.001 -8"><span class='ocrx_word' id='word_1_175' title='bbox 412 1206 506 1239; x_wconf 88' lang='lat' dir='ltr'>lectio;</span> <span class='ocrx_word' id='word_1_176' title='bbox 528 1205 562 1234; x_wconf 90' lang='lat' dir='ltr'>ad</span> <span class='ocrx_word' id='word_1_177' title='bbox 577 1206 712 1234; x_wconf 83' lang='lat' dir='ltr'>Romanos</span> <span class='ocrx_word' id='word_1_178' title='bbox 733 1205 846 1242; x_wconf 87' lang='lat' dir='ltr'>quinto:</span> <span class='ocrx_word' id='word_1_179' title='bbox 872 1217 886 1230; x_wconf 79' lang='lat'>«</span> <span class='ocrx_word' id='word_1_180' title='bbox 900 1206 1005 1234; x_wconf 82' lang='lat' dir='ltr'>Caritas</span> <span class='ocrx_word' id='word_1_181' title='bbox 1026 1205 1073 1234; x_wconf 91' lang='lat' dir='ltr'>Dei</span> <span class='ocrx_word' id='word_1_182' title='bbox 1095 1205 1196 1234; x_wconf 82' lang='lat' dir='ltr'>diffusa</span> <span class='ocrx_word' id='word_1_183' title='bbox 1215 1207 1257 1234; x_wconf 90' lang='lat' dir='ltr'>est</span> 
     </span>
     <span class='ocr_line' id='line_1_25' title="bbox 411 1252 1257 1289; baseline -0.001 -8"><span class='ocrx_word' id='word_1_184' title='bbox 411 1253 438 1281; x_wconf 92' lang='lat' dir='ltr'>in</span> <span class='ocrx_word' id='word_1_185' title='bbox 460 1252 590 1281; x_wconf 80' lang='lat' dir='ltr'>cordibus</span> <span class='ocrx_word' id='word_1_186' title='bbox 610 1252 712 1281; x_wconf 85' lang='lat' dir='ltr'>nostris</span> <span class='ocrx_word' id='word_1_187' title='bbox 732 1260 782 1288; x_wconf 88' lang='lat' dir='ltr'>per</span> <span class='ocrx_word' id='word_1_188' title='bbox 797 1252 931 1289; x_wconf 89' lang='lat' dir='ltr'>Spiritum</span> <span class='ocrx_word' id='word_1_189' title='bbox 952 1256 1091 1286; x_wconf 85' lang='lat' dir='ltr'>sanctum,</span> <span class='ocrx_word' id='word_1_190' title='bbox 1113 1252 1159 1289; x_wconf 87' lang='lat' dir='ltr'>qui</span> <span class='ocrx_word' id='word_1_191' title='bbox 1176 1252 1257 1281; x_wconf 89' lang='lat' dir='ltr'>datus</span> 
     </span>
     <span class='ocr_line' id='line_1_26' title="bbox 411 1299 592 1328; baseline -0.006 0"><span class='ocrx_word' id='word_1_192' title='bbox 411 1303 452 1328; x_wconf 91' lang='lat' dir='ltr'>est</span> <span class='ocrx_word' id='word_1_193' title='bbox 472 1299 552 1327; x_wconf 89' lang='lat' dir='ltr'>nobis</span> <span class='ocrx_word' id='word_1_194' title='bbox 565 1311 592 1327; x_wconf 82' lang='grc'><strong>».</strong></span> 
     </span>
    </p>

    <p class='ocr_par' dir='ltr' id='par_1_5' title="bbox 406 1346 1256 1802">
     <span class='ocr_line' id='line_1_27' title="bbox 488 1346 1256 1383; baseline -0.001 -9"><span class='ocrx_word' id='word_1_195' title='bbox 488 1346 534 1374; x_wconf 79' lang='grc'><strong>[19.</strong></span> <span class='ocrx_word' id='word_1_196' title='bbox 557 1347 646 1383; x_wconf 86' lang='lat' dir='ltr'>(Vers.</span> <span class='ocrx_word' id='word_1_197' title='bbox 669 1346 736 1378; x_wconf 71' lang='lat'>36.&gt;.</span> <span class='ocrx_word' id='word_1_198' title='bbox 767 1346 843 1374; x_wconf 88' lang='lat' dir='ltr'>Dicit</span> <span class='ocrx_word' id='word_1_199' title='bbox 862 1346 889 1374; x_wconf 85' lang='lat' dir='ltr'>ei</span> <span class='ocrx_word' id='word_1_200' title='bbox 917 1346 1016 1375; x_wconf 88' lang='lat' dir='ltr'>Simon</span> <span class='ocrx_word' id='word_1_201' title='bbox 1045 1346 1157 1374; x_wconf 79' lang='lat' dir='ltr'>Petrus.</span> <span class='ocrx_word' id='word_1_202' title='bbox 1186 1346 1256 1373; x_wconf 89' lang='lat' dir='ltr'>Tan-</span> 
     </span>
     <span class='ocr_line' id='line_1_28' title="bbox 409 1392 1256 1431; baseline -0.002 -9"><span class='ocrx_word' id='word_1_203' title='bbox 409 1393 484 1431; x_wconf 83' lang='lat' dir='ltr'>gitur</span> <span class='ocrx_word' id='word_1_204' title='bbox 506 1393 551 1422; x_wconf 84' lang='lat' dir='ltr'>hic</span> <span class='ocrx_word' id='word_1_205' title='bbox 566 1397 714 1430; x_wconf 87' lang='lat' dir='ltr'>quartum,</span> <span class='ocrx_word' id='word_1_206' title='bbox 743 1393 847 1421; x_wconf 84' lang='lat' dir='ltr'>scilicet</span> <span class='ocrx_word' id='word_1_207' title='bbox 868 1393 1098 1430; x_wconf 68' lang='lat' dir='ltr'>praesumtionis</span> <span class='ocrx_word' id='word_1_208' title='bbox 1116 1392 1199 1420; x_wconf 84' lang='lat' dir='ltr'>Petri</span> <span class='ocrx_word' id='word_1_209' title='bbox 1212 1401 1256 1421; x_wconf 87' lang='lat' dir='ltr'>re-</span> 
     </span>
     <span class='ocr_line' id='line_1_29' title="bbox 407 1439 1254 1477; baseline -0.001 -9"><span class='ocrx_word' id='word_1_210' title='bbox 407 1440 535 1477; x_wconf 80' lang='lat' dir='ltr'>pressio,</span> <span class='ocrx_word' id='word_1_211' title='bbox 558 1448 613 1477; x_wconf 87' lang='lat' dir='ltr'>qua</span> <span class='ocrx_word' id='word_1_212' title='bbox 639 1448 667 1468; x_wconf 88' lang='lat' dir='ltr'>se</span> <span class='ocrx_word' id='word_1_213' title='bbox 692 1439 824 1468; x_wconf 81' lang='lat' dir='ltr'>offerebat</span> <span class='ocrx_word' id='word_1_214' title='bbox 845 1439 878 1467; x_wconf 87' lang='lat' dir='ltr'>ad</span> <span class='ocrx_word' id='word_1_215' title='bbox 906 1439 1054 1467; x_wconf 90' lang='lat' dir='ltr'>Dominum</span> <span class='ocrx_word' id='word_1_216' title='bbox 1082 1439 1254 1467; x_wconf 90' lang='lat' dir='ltr'>imitandum.</span> 
     </span>
     <span class='ocr_line' id='line_1_30' title="bbox 410 1485 1254 1523; baseline -0.002 -8"><span class='ocrx_word' id='word_1_217' title='bbox 410 1487 471 1515; x_wconf 90' lang='lat' dir='ltr'>Ideo</span> <span class='ocrx_word' id='word_1_218' title='bbox 493 1487 602 1523; x_wconf 89' lang='lat' dir='ltr'>quaerit</span> <span class='ocrx_word' id='word_1_219' title='bbox 624 1487 720 1515; x_wconf 86' lang='lat' dir='ltr'>Petrus</span> <span class='ocrx_word' id='word_1_220' title='bbox 750 1486 785 1514; x_wconf 87' lang='lat' dir='ltr'>ab</span> <span class='ocrx_word' id='word_1_221' title='bbox 799 1494 847 1519; x_wconf 90' lang='lat' dir='ltr'>e0,</span> <span class='ocrx_word' id='word_1_222' title='bbox 873 1489 905 1514; x_wconf 91' lang='lat' dir='ltr'>ut</span> <span class='ocrx_word' id='word_1_223' title='bbox 929 1493 957 1514; x_wconf 88' lang='lat' dir='ltr'>se</span> <span class='ocrx_word' id='word_1_224' title='bbox 985 1486 1096 1514; x_wconf 85' lang='lat' dir='ltr'>offerat:</span> <span class='ocrx_word' id='word_1_225' title='bbox 1122 1485 1254 1519; x_wconf 82' lang='lat' dir='ltr'>Domine,</span> 
     </span>
     <span class='ocr_line' id='line_1_31' title="bbox 410 1532 1255 1572; baseline -0.001 -10"><span class='ocrx_word' id='word_1_226' title='bbox 410 1542 466 1572; x_wconf 81' lang='lat' dir='ltr'>qao</span> <span class='ocrx_word' id='word_1_227' title='bbox 487 1534 594 1562; x_wconf 76' lang='lat' dir='ltr'>vadis?</span> <span class='ocrx_word' id='word_1_228' title='bbox 616 1535 647 1563; x_wconf 87' lang='lat' dir='ltr'>Et</span> <span class='ocrx_word' id='word_1_229' title='bbox 671 1534 736 1571; x_wconf 81' lang='lat' dir='ltr'>quia</span> <span class='ocrx_word' id='word_1_230' title='bbox 760 1541 789 1562; x_wconf 90' lang='lat' dir='ltr'>se</span> <span class='ocrx_word' id='word_1_231' title='bbox 817 1533 916 1561; x_wconf 82' lang='lat' dir='ltr'>offerre</span> <span class='ocrx_word' id='word_1_232' title='bbox 937 1532 1060 1567; x_wconf 82' lang='lat' dir='ltr'>volebat,</span> <span class='ocrx_word' id='word_1_233' title='bbox 1085 1532 1204 1561; x_wconf 89' lang='lat' dir='ltr'>ostendit</span> <span class='ocrx_word' id='word_1_234' title='bbox 1231 1533 1255 1561; x_wconf 93' lang='lat' dir='ltr'>ei</span> 
     </span>
     <span class='ocr_line' id='line_1_32' title="bbox 410 1580 1255 1617; baseline -0.001 -8"><span class='ocrx_word' id='word_1_235' title='bbox 410 1581 545 1610; x_wconf 91' lang='lat' dir='ltr'>Dominus</span> <span class='ocrx_word' id='word_1_236' title='bbox 566 1589 644 1610; x_wconf 90' lang='lat' dir='ltr'>suam</span> <span class='ocrx_word' id='word_1_237' title='bbox 669 1580 872 1617; x_wconf 84' lang='lat' dir='ltr'>impotentiam,</span> <span class='ocrx_word' id='word_1_238' title='bbox 894 1588 928 1608; x_wconf 94' lang='lat' dir='ltr'>ne</span> <span class='ocrx_word' id='word_1_239' title='bbox 957 1580 984 1608; x_wconf 93' lang='lat' dir='ltr'>in</span> <span class='ocrx_word' id='word_1_240' title='bbox 1006 1580 1098 1608; x_wconf 87' lang='lat' dir='ltr'>verbis</span> <span class='ocrx_word' id='word_1_241' title='bbox 1126 1588 1255 1616; x_wconf 86' lang='lat' dir='ltr'>prorum-</span> 
     </span>
     <span class='ocr_line' id='line_1_33' title="bbox 410 1627 1256 1664; baseline -0.001 -9"><span class='ocrx_word' id='word_1_242' title='bbox 410 1630 472 1664; x_wconf 84' lang='lat' dir='ltr'>pat:</span> <span class='ocrx_word' id='word_1_243' title='bbox 497 1628 572 1656; x_wconf 87' lang='lat' dir='ltr'>Dicit</span> <span class='ocrx_word' id='word_1_244' title='bbox 593 1628 619 1656; x_wconf 85' lang='lat' dir='ltr'>ei</span> <span class='ocrx_word' id='word_1_245' title='bbox 636 1627 756 1655; x_wconf 80' lang='lat' dir='ltr'>Iesas5:</span> <span class='ocrx_word' id='word_1_246' title='bbox 781 1627 842 1662; x_wconf 82' lang='lat' dir='ltr'>Quo</span> <span class='ocrx_word' id='word_1_247' title='bbox 863 1635 913 1664; x_wconf 76' lang='lat' dir='ltr'>eyo</span> <span class='ocrx_word' id='word_1_248' title='bbox 929 1627 1020 1660; x_wconf 75' lang='lat' dir='ltr'>vado,</span> <span class='ocrx_word' id='word_1_249' title='bbox 1042 1635 1099 1654; x_wconf 87' lang='lat' dir='ltr'>non</span> <span class='ocrx_word' id='word_1_250' title='bbox 1118 1630 1198 1663; x_wconf 84' lang='lat' dir='ltr'>potes</span> <span class='ocrx_word' id='word_1_251' title='bbox 1212 1635 1256 1655; x_wconf 85' lang='lat' dir='ltr'>me</span> 
     </span>
     <span class='ocr_line' id='line_1_34' title="bbox 409 1673 1256 1712; baseline -0.001 -10"><span class='ocrx_word' id='word_1_252' title='bbox 409 1674 492 1712; x_wconf 79' lang='lat' dir='ltr'>sequi</span> <span class='ocrx_word' id='word_1_253' title='bbox 510 1675 612 1708; x_wconf 84' lang='lat' dir='ltr'>modo,</span> <span class='ocrx_word' id='word_1_254' title='bbox 641 1677 754 1711; x_wconf 81' lang='lat' dir='ltr'>propter</span> <span class='ocrx_word' id='word_1_255' title='bbox 779 1673 980 1707; x_wconf 83' lang='lat' dir='ltr'>infirmitatem;</span> <span class='ocrx_word' id='word_1_256' title='bbox 1001 1673 1130 1711; x_wconf 80' lang='lat' dir='ltr'>sequeris</span> <span class='ocrx_word' id='word_1_257' title='bbox 1159 1676 1256 1701; x_wconf 80' lang='lat' dir='ltr'>autem</span> 
     </span>
     <span class='ocr_line' id='line_1_35' title="bbox 406 1719 1256 1758; baseline -0.001 -9"><span class='ocrx_word' id='word_1_258' title='bbox 406 1725 523 1758; x_wconf 79' lang='lat' dir='ltr'>postea,</span> <span class='ocrx_word' id='word_1_259' title='bbox 546 1721 726 1749; x_wconf 86' lang='lat' dir='ltr'>confirmatus</span> <span class='ocrx_word' id='word_1_260' title='bbox 747 1720 858 1749; x_wconf 90' lang='lat' dir='ltr'>virtute.</span> <span class='ocrx_word' id='word_1_261' title='bbox 881 1720 932 1749; x_wconf 88' lang='lat' dir='ltr'>Sed</span> <span class='ocrx_word' id='word_1_262' title='bbox 954 1720 1051 1749; x_wconf 87' lang='lat' dir='ltr'>Petrus</span> <span class='ocrx_word' id='word_1_263' title='bbox 1071 1719 1256 1748; x_wconf 83' lang='lat' dir='ltr'>admonitione</span> 
     </span>
     <span class='ocr_line' id='line_1_36' title="bbox 410 1768 832 1802; baseline -0.002 -6"><span class='ocrx_word' id='word_1_264' title='bbox 410 1776 464 1796; x_wconf 90' lang='lat' dir='ltr'>non</span> <span class='ocrx_word' id='word_1_265' title='bbox 486 1768 621 1802; x_wconf 84' lang='lat' dir='ltr'>flectitur;</span> <span class='ocrx_word' id='word_1_266' title='bbox 643 1768 703 1796; x_wconf 90' lang='lat' dir='ltr'>ideo</span> <span class='ocrx_word' id='word_1_267' title='bbox 725 1768 832 1797; x_wconf 90' lang='lat' dir='ltr'>subdit:</span> 
     </span>
    </p>

    <p class='ocr_par' dir='ltr' id='par_1_6' title="bbox 409 1814 1256 2179">
     <span class='ocr_line' id='line_1_37' title="bbox 490 1814 1256 1851; baseline -0.003 -8"><span class='ocrx_word' id='word_1_268' title='bbox 490 1815 534 1843; x_wconf 79' lang='lat'>50.</span> <span class='ocrx_word' id='word_1_269' title='bbox 558 1815 647 1850; x_wconf 82' lang='lat' dir='ltr'>(Vers.</span> <span class='ocrx_word' id='word_1_270' title='bbox 677 1815 744 1849; x_wconf 87' lang='lat'>37.).</span> <span class='ocrx_word' id='word_1_271' title='bbox 775 1814 931 1851; x_wconf 68' lang='lat' dir='ltr'>Respondit</span> <span class='ocrx_word' id='word_1_272' title='bbox 957 1814 983 1842; x_wconf 87' lang='lat' dir='ltr'>ei</span> <span class='ocrx_word' id='word_1_273' title='bbox 1010 1814 1133 1842; x_wconf 80' lang='lat' dir='ltr'>Petrus:</span> <span class='ocrx_word' id='word_1_274' title='bbox 1157 1814 1256 1849; x_wconf 82' lang='lat' dir='ltr'>Quare</span> 
     </span>
     <span class='ocr_line' id='line_1_38' title="bbox 409 1861 1255 1900; baseline -0.002 -10"><span class='ocrx_word' id='word_1_275' title='bbox 409 1870 467 1890; x_wconf 90' lang='lat' dir='ltr'>non</span> <span class='ocrx_word' id='word_1_276' title='bbox 485 1870 608 1898; x_wconf 84' lang='lat' dir='ltr'>possum</span> <span class='ocrx_word' id='word_1_277' title='bbox 635 1861 760 1900; x_wconf 62' lang='lat' dir='ltr'>seqaiff?</span> <span class='ocrx_word' id='word_1_278' title='bbox 782 1861 924 1889; x_wconf 82' lang='lat' dir='ltr'>Animam</span> <span class='ocrx_word' id='word_1_279' title='bbox 951 1869 1045 1889; x_wconf 88' lang='lat' dir='ltr'>meam</span> <span class='ocrx_word' id='word_1_280' title='bbox 1065 1869 1172 1897; x_wconf 88' lang='lat' dir='ltr'>ponam</span> <span class='ocrx_word' id='word_1_281' title='bbox 1199 1868 1255 1897; x_wconf 87' lang='lat' dir='ltr'>pro</span> 
     </span>
     <span class='ocr_line' id='line_1_39' title="bbox 409 1907 1254 1945; baseline -0.002 -8"><span class='ocrx_word' id='word_1_282' title='bbox 409 1912 451 1942; x_wconf 84' lang='lat' dir='ltr'>te,·</span> <span class='ocrx_word' id='word_1_283' title='bbox 472 1912 498 1937; x_wconf 91' lang='lat' dir='ltr'>et</span> <span class='ocrx_word' id='word_1_284' title='bbox 513 1908 566 1937; x_wconf 84' lang='lat' dir='ltr'>hoc</span> <span class='ocrx_word' id='word_1_285' title='bbox 587 1911 629 1937; x_wconf 87' lang='lat' dir='ltr'>est</span> <span class='ocrx_word' id='word_1_286' title='bbox 643 1908 797 1945; x_wconf 82' lang='lat' dir='ltr'>perfectum</span> <span class='ocrx_word' id='word_1_287' title='bbox 818 1908 911 1945; x_wconf 88' lang='lat' dir='ltr'>sequi;</span> <span class='ocrx_word' id='word_1_288' title='bbox 934 1908 1005 1936; x_wconf 85' lang='lat' dir='ltr'>infra</span> <span class='ocrx_word' id='word_1_289' title='bbox 1018 1907 1124 1936; x_wconf 86' lang='lat' dir='ltr'>decimo</span> <span class='ocrx_word' id='word_1_290' title='bbox 1145 1907 1254 1944; x_wconf 86' lang='lat' dir='ltr'>quinto:</span> 
     </span>
     <span class='ocr_line' id='line_1_40' title="bbox 413 1954 1255 1988; baseline -0.002 -5"><span class='ocrx_word' id='word_1_291' title='bbox 413 1966 426 1979; x_wconf 92' lang='lat'>«</span> <span class='ocrx_word' id='word_1_292' title='bbox 441 1954 571 1983; x_wconf 83' lang='lat' dir='ltr'>Maiorem</span> <span class='ocrx_word' id='word_1_293' title='bbox 592 1955 734 1983; x_wconf 84' lang='lat' dir='ltr'>caritatem</span> <span class='ocrx_word' id='word_1_294' title='bbox 756 1962 837 1983; x_wconf 90' lang='lat' dir='ltr'>nemo</span> <span class='ocrx_word' id='word_1_295' title='bbox 857 1954 955 1988; x_wconf 88' lang='lat' dir='ltr'>habet,</span> <span class='ocrx_word' id='word_1_296' title='bbox 980 1957 1011 1982; x_wconf 91' lang='lat' dir='ltr'>ut</span> <span class='ocrx_word' id='word_1_297' title='bbox 1032 1954 1150 1982; x_wconf 90' lang='lat' dir='ltr'>animam</span> <span class='ocrx_word' id='word_1_298' title='bbox 1176 1961 1255 1982; x_wconf 90' lang='lat' dir='ltr'>suam</span> 
     </span>
     <span class='ocr_line' id='line_1_41' title="bbox 409 2001 1254 2039; baseline -0.001 -9"><span class='ocrx_word' id='word_1_299' title='bbox 409 2004 492 2039; x_wconf 85' lang='lat' dir='ltr'>ponat</span> <span class='ocrx_word' id='word_1_300' title='bbox 513 2002 577 2038; x_wconf 84' lang='lat' dir='ltr'>quis</span> <span class='ocrx_word' id='word_1_301' title='bbox 598 2010 649 2038; x_wconf 89' lang='lat' dir='ltr'>pro</span> <span class='ocrx_word' id='word_1_302' title='bbox 669 2001 765 2030; x_wconf 87' lang='lat' dir='ltr'>amicis</span> <span class='ocrx_word' id='word_1_303' title='bbox 789 2001 847 2030; x_wconf 89' lang='lat' dir='ltr'>suis</span> <span class='ocrx_word' id='word_1_304' title='bbox 861 2013 887 2029; x_wconf 86' lang='lat'>».</span> <span class='ocrx_word' id='word_1_305' title='bbox 910 2001 935 2029; x_wconf 94' lang='lat' dir='ltr'>Si</span> <span class='ocrx_word' id='word_1_306' title='bbox 958 2009 1024 2038; x_wconf 91' lang='lat' dir='ltr'>ergo</span> <span class='ocrx_word' id='word_1_307' title='bbox 1046 2001 1098 2029; x_wconf 88' lang='lat' dir='ltr'>hoc</span> <span class='ocrx_word' id='word_1_308' title='bbox 1127 2008 1254 2037; x_wconf 86' lang='lat' dir='ltr'>possum,</span> 
     </span>
     <span class='ocr_line' id='line_1_42' title="bbox 409 2047 1256 2085; baseline -0.002 -8"><span class='ocrx_word' id='word_1_309' title='bbox 409 2048 479 2077; x_wconf 89' lang='lat' dir='ltr'>bene</span> <span class='ocrx_word' id='word_1_310' title='bbox 506 2056 620 2085; x_wconf 87' lang='lat' dir='ltr'>possum</span> <span class='ocrx_word' id='word_1_311' title='bbox 649 2048 735 2085; x_wconf 87' lang='lat' dir='ltr'>sequi.</span> <span class='ocrx_word' id='word_1_312' title='bbox 759 2048 789 2076; x_wconf 90' lang='lat' dir='ltr'>Et</span> <span class='ocrx_word' id='word_1_313' title='bbox 816 2048 882 2085; x_wconf 83' lang='lat' dir='ltr'>quia</span> <span class='ocrx_word' id='word_1_314' title='bbox 902 2056 955 2076; x_wconf 90' lang='lat' dir='ltr'>non</span> <span class='ocrx_word' id='word_1_315' title='bbox 985 2047 1090 2076; x_wconf 89' lang='lat' dir='ltr'>desistit</span> <span class='ocrx_word' id='word_1_316' title='bbox 1117 2047 1213 2075; x_wconf 83' lang='lat' dir='ltr'>Petrus</span> <span class='ocrx_word' id='word_1_317' title='bbox 1240 2055 1256 2075; x_wconf 90' lang='lat' dir='ltr'>a</span> 
     </span>
     <span class='ocr_line' id='line_1_43' title="bbox 409 2094 1255 2132; baseline -0.002 -8"><span class='ocrx_word' id='word_1_318' title='bbox 409 2095 616 2132; x_wconf 84' lang='lat' dir='ltr'>praesumtione</span> <span class='ocrx_word' id='word_1_319' title='bbox 631 2103 680 2132; x_wconf 90' lang='lat' dir='ltr'>per</span> <span class='ocrx_word' id='word_1_320' title='bbox 694 2095 907 2123; x_wconf 86' lang='lat' dir='ltr'>admonitionem</span> <span class='ocrx_word' id='word_1_321' title='bbox 922 2094 1076 2131; x_wconf 81' lang='lat' dir='ltr'>fragilitatis</span> <span class='ocrx_word' id='word_1_322' title='bbox 1087 2102 1166 2128; x_wconf 89' lang='lat' dir='ltr'>suae,</span> <span class='ocrx_word' id='word_1_323' title='bbox 1182 2102 1255 2122; x_wconf 91' lang='lat' dir='ltr'>nunc</span> 
     </span>
     <span class='ocr_line' id='line_1_44' title="bbox 410 2140 1254 2179; baseline -0.002 -9"><span class='ocrx_word' id='word_1_324' title='bbox 410 2142 574 2179; x_wconf 88' lang='lat' dir='ltr'>reprimitur</span> <span class='ocrx_word' id='word_1_325' title='bbox 598 2150 649 2178; x_wconf 86' lang='lat' dir='ltr'>per</span> <span class='ocrx_word' id='word_1_326' title='bbox 673 2142 886 2178; x_wconf 88' lang='lat' dir='ltr'>praedictionem</span> <span class='ocrx_word' id='word_1_327' title='bbox 913 2140 1155 2178; x_wconf 84' lang='lat' dir='ltr'>praevaricationis</span> <span class='ocrx_word' id='word_1_328' title='bbox 1179 2140 1254 2169; x_wconf 86' lang='lat' dir='ltr'>futu-</span> 
     </span>
    </p>
   </div>
   <div class='ocr_carea' id='block_1_4' title="bbox 1282 312 1288 2154">
    <p class='ocr_par' dir='ltr' id='par_1_7' title="bbox 1282 312 1288 2154">
     <span class='ocr_line' id='line_1_45' title="bbox 1282 312 1288 2154; baseline 0 0"><span class='ocrx_word' id='word_1_329' title='bbox 1282 312 1288 2154; x_wconf 95' lang='lat' dir='ltr'> </span> 
     </span>
    </p>
   </div>
   <div class='ocr_carea' id='block_1_5' title="bbox 1023 145 1550 175">
    <p class='ocr_par' dir='ltr' id='par_1_8' title="bbox 1023 145 1550 175">
     <span class='ocr_line' id='line_1_46' title="bbox 1023 145 1550 175; baseline 0.002 -2"><span class='ocrx_word' id='word_1_330' title='bbox 1023 145 1193 174; x_wconf 88' lang='lat' dir='ltr'>C&#39;OMMENT.</span> <span class='ocrx_word' id='word_1_331' title='bbox 1215 145 1247 173; x_wconf 90' lang='lat' dir='ltr'>IN</span> <span class='ocrx_word' id='word_1_332' title='bbox 1268 145 1414 175; x_wconf 87' lang='lat' dir='ltr'><strong>IOANNEM</strong></span> <span class='ocrx_word' id='word_1_333' title='bbox 1435 145 1463 174; x_wconf 90' lang='lat' dir='ltr'>C.</span> <span class='ocrx_word' id='word_1_334' title='bbox 1486 145 1550 174; x_wconf 92' lang='lat' dir='ltr'><strong>XIII.</strong></span> 
     </span>
    </p>
   </div>
   <div class='ocr_carea' id='block_1_6' title="bbox 1314 224 2161 719">
    <p class='ocr_par' dir='ltr' id='par_1_9' title="bbox 1314 224 2158 306">
     <span class='ocr_line' id='line_1_47' title="bbox 1314 224 2158 261; baseline 0.004 -9"><span class='ocrx_word' id='word_1_335' title='bbox 1314 231 1369 252; x_wconf 85' lang='lat' dir='ltr'>rae.</span> <span class='ocrx_word' id='word_1_336' title='bbox 1392 224 1506 260; x_wconf 87' lang='lat' dir='ltr'>Propter</span> <span class='ocrx_word' id='word_1_337' title='bbox 1526 224 1600 261; x_wconf 88' lang='lat' dir='ltr'>quod</span> <span class='ocrx_word' id='word_1_338' title='bbox 1625 224 1759 253; x_wconf 90' lang='lat' dir='ltr'>Dominus</span> <span class='ocrx_word' id='word_1_339' title='bbox 1786 225 1903 254; x_wconf 82' lang='lat' dir='ltr'>resumit</span> <span class='ocrx_word' id='word_1_340' title='bbox 1924 226 2042 255; x_wconf 90' lang='lat' dir='ltr'>verbum</span> <span class='ocrx_word' id='word_1_341' title='bbox 2069 226 2158 261; x_wconf 89' lang='lat' dir='ltr'>Petri,</span> 
     </span>
     <span class='ocr_line' id='line_1_48' title="bbox 1314 272 1480 306; baseline 0 -8"><span class='ocrx_word' id='word_1_342' title='bbox 1314 272 1345 298; x_wconf 91' lang='lat' dir='ltr'>ut</span> <span class='ocrx_word' id='word_1_343' title='bbox 1365 273 1480 306; x_wconf 82' lang='lat' dir='ltr'>arguat:</span> 
     </span>
    </p>

    <p class='ocr_par' dir='ltr' id='par_1_10' title="bbox 1314 316 2161 719">
     <span class='ocr_line' id='line_1_49' title="bbox 1394 316 2160 354; baseline 0.005 -10"><span class='ocrx_word' id='word_1_344' title='bbox 1394 316 1439 344; x_wconf 79' lang='lat'>51.</span> <span class='ocrx_word' id='word_1_345' title='bbox 1462 316 1550 353; x_wconf 90' lang='lat' dir='ltr'>(Vers.</span> <span class='ocrx_word' id='word_1_346' title='bbox 1573 316 1640 352; x_wconf 87' lang='lat'>38.).</span> <span class='ocrx_word' id='word_1_347' title='bbox 1667 317 1824 354; x_wconf 79' lang='lat' dir='ltr'>Respondit</span> <span class='ocrx_word' id='word_1_348' title='bbox 1844 318 1871 346; x_wconf 85' lang='lat' dir='ltr'>ei</span> <span class='ocrx_word' id='word_1_349' title='bbox 1890 318 1988 347; x_wconf 83' lang='lat' dir='ltr'>Iesas:</span> <span class='ocrx_word' id='word_1_350' title='bbox 2017 319 2160 348; x_wconf 84' lang='lat' dir='ltr'>Animam</span> 
     </span>
     <span class='ocr_line' id='line_1_50' title="bbox 1315 363 2159 402; baseline 0.005 -12"><span class='ocrx_word' id='word_1_351' title='bbox 1315 365 1398 391; x_wconf 82' lang='lat' dir='ltr'>tuam</span> <span class='ocrx_word' id='word_1_352' title='bbox 1415 371 1472 399; x_wconf 88' lang='lat' dir='ltr'>pro</span> <span class='ocrx_word' id='word_1_353' title='bbox 1493 371 1537 391; x_wconf 86' lang='lat' dir='ltr'>me</span> <span class='ocrx_word' id='word_1_354' title='bbox 1554 363 1665 400; x_wconf 69' lang='lat' dir='ltr'>pones?</span> <span class='ocrx_word' id='word_1_355' title='bbox 1680 364 1886 400; x_wconf 72' lang='lat' dir='ltr'>Augustinus72</span> <span class='ocrx_word' id='word_1_356' title='bbox 1909 375 1923 389; x_wconf 72' lang='grc' dir='ltr'>«τ</span> <span class='ocrx_word' id='word_1_357' title='bbox 1938 365 2047 394; x_wconf 89' lang='lat' dir='ltr'>Praeire</span> <span class='ocrx_word' id='word_1_358' title='bbox 2069 368 2159 402; x_wconf 84' lang='lat' dir='ltr'>potes,</span> 
     </span>
     <span class='ocr_line' id='line_1_51' title="bbox 1314 409 2161 449; baseline 0.004 -12"><span class='ocrx_word' id='word_1_359' title='bbox 1314 409 1362 445; x_wconf 91' lang='lat' dir='ltr'>qui</span> <span class='ocrx_word' id='word_1_360' title='bbox 1377 409 1455 446; x_wconf 88' lang='lat' dir='ltr'>sequi</span> <span class='ocrx_word' id='word_1_361' title='bbox 1470 417 1524 438; x_wconf 92' lang='lat' dir='ltr'>non</span> <span class='ocrx_word' id='word_1_362' title='bbox 1539 412 1616 446; x_wconf 89' lang='lat' dir='ltr'>potes</span> <span class='ocrx_word' id='word_1_363' title='bbox 1629 413 1641 438; x_wconf 69' lang='lat'>⁸?</span> <span class='ocrx_word' id='word_1_364' title='bbox 1658 410 1729 447; x_wconf 83' lang='lat' dir='ltr'>Quid</span> <span class='ocrx_word' id='word_1_365' title='bbox 1745 413 1771 439; x_wconf 88' lang='lat' dir='ltr'>te</span> <span class='ocrx_word' id='word_1_366' title='bbox 1792 418 1851 439; x_wconf 89' lang='lat' dir='ltr'>esse</span> <span class='ocrx_word' id='word_1_367' title='bbox 1865 410 1975 440; x_wconf 79' lang='lat' dir='ltr'>credis?</span> <span class='ocrx_word' id='word_1_368' title='bbox 1996 411 2078 446; x_wconf 89' lang='lat' dir='ltr'>Audi,</span> <span class='ocrx_word' id='word_1_369' title='bbox 2093 411 2161 449; x_wconf 85' lang='lat' dir='ltr'>quid</span> 
     </span>
     <span class='ocr_line' id='line_1_52' title="bbox 1314 455 2159 496; baseline 0.005 -13"><span class='ocrx_word' id='word_1_370' title='bbox 1314 455 1352 484; x_wconf 92' lang='lat' dir='ltr'>sis</span> <span class='ocrx_word' id='word_1_371' title='bbox 1365 467 1392 483; x_wconf 83' lang='lat'>».</span> <span class='ocrx_word' id='word_1_372' title='bbox 1416 457 1524 490; x_wconf 86' lang='lat' dir='ltr'>Amen,</span> <span class='ocrx_word' id='word_1_373' title='bbox 1546 464 1631 485; x_wconf 87' lang='lat' dir='ltr'>amen</span> <span class='ocrx_word' id='word_1_374' title='bbox 1646 456 1709 485; x_wconf 85' lang='lat' dir='ltr'>dico</span> <span class='ocrx_word' id='word_1_375' title='bbox 1732 456 1799 491; x_wconf 84' lang='lat' dir='ltr'>tibi,</span> <span class='ocrx_word' id='word_1_376' title='bbox 1821 466 1879 486; x_wconf 91' lang='lat' dir='ltr'>non</span> <span class='ocrx_word' id='word_1_377' title='bbox 1897 457 2026 486; x_wconf 82' lang='lat' dir='ltr'>cantabit</span> <span class='ocrx_word' id='word_1_378' title='bbox 2044 458 2159 496; x_wconf 67' lang='lat' dir='ltr'>gallus,</span> 
     </span>
     <span class='ocr_line' id='line_1_53' title="bbox 1314 503 2160 542; baseline 0.004 -11"><span class='ocrx_word' id='word_1_379' title='bbox 1314 503 1402 531; x_wconf 85' lang='lat' dir='ltr'>donec</span> <span class='ocrx_word' id='word_1_380' title='bbox 1423 506 1465 532; x_wconf 88' lang='lat' dir='ltr'>ter</span> <span class='ocrx_word' id='word_1_381' title='bbox 1479 511 1525 531; x_wconf 86' lang='lat' dir='ltr'>me</span> <span class='ocrx_word' id='word_1_382' title='bbox 1544 512 1635 541; x_wconf 73' lang='lat' dir='ltr'>neyes.</span> <span class='ocrx_word' id='word_1_383' title='bbox 1651 504 1835 541; x_wconf 85' lang='lat' dir='ltr'>Augustinus:</span> <span class='ocrx_word' id='word_1_384' title='bbox 1862 516 1875 530; x_wconf 73' lang='grc' dir='ltr'>α</span> <span class='ocrx_word' id='word_1_385' title='bbox 1890 505 1941 541; x_wconf 89' lang='lat' dir='ltr'>Qui</span> <span class='ocrx_word' id='word_1_386' title='bbox 1956 504 2024 533; x_wconf 91' lang='lat' dir='ltr'>mihi</span> <span class='ocrx_word' id='word_1_387' title='bbox 2045 505 2160 542; x_wconf 84' lang='lat' dir='ltr'>promit—</span> 
     </span>
     <span class='ocr_line' id='line_1_54' title="bbox 1315 549 2161 588; baseline 0.004 -11"><span class='ocrx_word' id='word_1_388' title='bbox 1315 549 1350 578; x_wconf 88' lang='lat' dir='ltr'>tis</span> <span class='ocrx_word' id='word_1_389' title='bbox 1370 552 1487 578; x_wconf 91' lang='lat' dir='ltr'>mortem</span> <span class='ocrx_word' id='word_1_390' title='bbox 1515 551 1608 584; x_wconf 86' lang='lat' dir='ltr'>tuam,</span> <span class='ocrx_word' id='word_1_391' title='bbox 1631 553 1672 578; x_wconf 89' lang='lat' dir='ltr'>ter</span> <span class='ocrx_word' id='word_1_392' title='bbox 1693 550 1806 586; x_wconf 83' lang='lat' dir='ltr'>negabis</span> <span class='ocrx_word' id='word_1_393' title='bbox 1833 550 1917 579; x_wconf 89' lang='lat' dir='ltr'>vitam</span> <span class='ocrx_word' id='word_1_394' title='bbox 1939 553 2023 580; x_wconf 88' lang='lat' dir='ltr'>tuam.</span> <span class='ocrx_word' id='word_1_395' title='bbox 2053 551 2161 588; x_wconf 86' lang='lat' dir='ltr'>Quanta</span> 
     </span>
     <span class='ocr_line' id='line_1_55' title="bbox 1314 596 2160 631; baseline 0.004 -7"><span class='ocrx_word' id='word_1_396' title='bbox 1314 596 1387 624; x_wconf 89' lang='lat' dir='ltr'>enim</span> <span class='ocrx_word' id='word_1_397' title='bbox 1409 596 1464 625; x_wconf 86' lang='lat' dir='ltr'>vita</span> <span class='ocrx_word' id='word_1_398' title='bbox 1485 599 1526 625; x_wconf 89' lang='lat' dir='ltr'>est</span> <span class='ocrx_word' id='word_1_399' title='bbox 1547 596 1672 625; x_wconf 86' lang='lat' dir='ltr'>confiteri</span> <span class='ocrx_word' id='word_1_400' title='bbox 1693 596 1851 631; x_wconf 86' lang='lat' dir='ltr'>Christum,</span> <span class='ocrx_word' id='word_1_401' title='bbox 1873 600 1948 626; x_wconf 84' lang='lat' dir='ltr'>tanta</span> <span class='ocrx_word' id='word_1_402' title='bbox 1961 606 2037 627; x_wconf 89' lang='lat' dir='ltr'>mors</span> <span class='ocrx_word' id='word_1_403' title='bbox 2057 601 2099 627; x_wconf 89' lang='lat' dir='ltr'>est</span> <span class='ocrx_word' id='word_1_404' title='bbox 2113 606 2160 627; x_wconf 91' lang='lat' dir='ltr'>ne-</span> 
     </span>
     <span class='ocr_line' id='line_1_56' title="bbox 1314 643 2158 680; baseline 0.004 -9"><span class='ocrx_word' id='word_1_405' title='bbox 1314 651 1380 680; x_wconf 88' lang='lat' dir='ltr'>gare</span> <span class='ocrx_word' id='word_1_406' title='bbox 1400 643 1550 672; x_wconf 90' lang='lat' dir='ltr'>Christum.</span> <span class='ocrx_word' id='word_1_407' title='bbox 1572 643 1705 672; x_wconf 91' lang='lat' dir='ltr'>Timendo</span> <span class='ocrx_word' id='word_1_408' title='bbox 1736 646 1854 672; x_wconf 89' lang='lat' dir='ltr'>mortem</span> <span class='ocrx_word' id='word_1_409' title='bbox 1885 645 1976 673; x_wconf 86' lang='lat' dir='ltr'>carnis</span> <span class='ocrx_word' id='word_1_410' title='bbox 2001 647 2080 680; x_wconf 87' lang='lat' dir='ltr'>tuae,</span> <span class='ocrx_word' id='word_1_411' title='bbox 2111 645 2158 674; x_wconf 86' lang='lat' dir='ltr'>da-</span> 
     </span>
     <span class='ocr_line' id='line_1_57' title="bbox 1315 690 1750 719; baseline 0 0"><span class='ocrx_word' id='word_1_412' title='bbox 1315 690 1357 719; x_wconf 88' lang='lat' dir='ltr'>bis</span> <span class='ocrx_word' id='word_1_413' title='bbox 1378 693 1495 719; x_wconf 88' lang='lat' dir='ltr'>mortem</span> <span class='ocrx_word' id='word_1_414' title='bbox 1516 690 1624 719; x_wconf 86' lang='lat' dir='ltr'>animae</span> <span class='ocrx_word' id='word_1_415' title='bbox 1645 693 1709 719; x_wconf 89' lang='lat' dir='ltr'>tuae</span> <span class='ocrx_word' id='word_1_416' title='bbox 1722 702 1750 719; x_wconf 63' lang='grc' dir='ltr'>ι».</span> 
     </span>
    </p>
   </div>
   <div class='ocr_carea' id='block_1_7' title="bbox 1635 784 1835 821">
    <p class='ocr_par' dir='ltr' id='par_1_11' title="bbox 1635 784 1835 821">
     <span class='ocr_line' id='line_1_58' title="bbox 1635 784 1835 821; baseline 0.005 -9"><span class='ocrx_word' id='word_1_417' title='bbox 1635 784 1835 821; x_wconf 72' lang='lat' dir='ltr'>QUAesrioNEs.</span> 
     </span>
    </p>
   </div>
   <div class='ocr_carea' id='block_1_8' title="bbox 1312 878 2164 2177">
    <p class='ocr_par' dir='ltr' id='par_1_12' title="bbox 1313 878 2163 1055">
     <span class='ocr_line' id='line_1_59' title="bbox 1393 878 2163 917; baseline 0.003 -10"><span class='ocrx_word' id='word_1_418' title='bbox 1393 879 1438 907; x_wconf 73' lang='lat'>52.</span> <span class='ocrx_word' id='word_1_419' title='bbox 1470 879 1580 915; x_wconf 87' lang='lat' dir='ltr'>Quaest.</span> <span class='ocrx_word' id='word_1_420' title='bbox 1614 879 1631 906; x_wconf 92' lang='grc'>1.</span> <span class='ocrx_word' id='word_1_421' title='bbox 1664 878 1814 915; x_wconf 84' lang='lat' dir='ltr'>Quaeritur</span> <span class='ocrx_word' id='word_1_422' title='bbox 1845 879 1878 908; x_wconf 88' lang='lat' dir='ltr'>de</span> <span class='ocrx_word' id='word_1_423' title='bbox 1909 879 1962 908; x_wconf 86' lang='lat' dir='ltr'>hoc</span> <span class='ocrx_word' id='word_1_424' title='bbox 1992 879 2066 917; x_wconf 89' lang='lat' dir='ltr'>quod</span> <span class='ocrx_word' id='word_1_425' title='bbox 2096 879 2163 909; x_wconf 85' lang='lat' dir='ltr'>dicit</span> 
     </span>
     <span class='ocr_line' id='line_1_60' title="bbox 1314 924 2163 964; baseline 0.004 -11"><span class='ocrx_word' id='word_1_426' title='bbox 1314 925 1419 961; x_wconf 87' lang='lat' dir='ltr'>primo:</span> <span class='ocrx_word' id='word_1_427' title='bbox 1443 924 1528 953; x_wconf 72' lang='lat' dir='ltr'>Nunc</span> <span class='ocrx_word' id='word_1_428' title='bbox 1549 924 1733 962; x_wconf 70' lang='lat' dir='ltr'>clarificatas</span> <span class='ocrx_word' id='word_1_429' title='bbox 1754 929 1795 954; x_wconf 82' lang='lat' dir='ltr'>est</span> <span class='ocrx_word' id='word_1_430' title='bbox 1817 925 1911 954; x_wconf 80' lang='lat' dir='ltr'>Filius</span> <span class='ocrx_word' id='word_1_431' title='bbox 1933 925 2076 961; x_wconf 79' lang='lat' dir='ltr'>hominis‚·</span> <span class='ocrx_word' id='word_1_432' title='bbox 2097 927 2163 964; x_wconf 92' lang='lat' dir='ltr'>quia</span> 
     </span>
     <span class='ocr_line' id='line_1_61' title="bbox 1314 972 2163 1009; baseline 0.002 -9"><span class='ocrx_word' id='word_1_433' title='bbox 1314 972 1341 1000; x_wconf 96' lang='lat' dir='ltr'>in</span> <span class='ocrx_word' id='word_1_434' title='bbox 1363 972 1489 1008; x_wconf 90' lang='lat' dir='ltr'>passione</span> <span class='ocrx_word' id='word_1_435' title='bbox 1510 975 1537 1000; x_wconf 91' lang='lat' dir='ltr'>et</span> <span class='ocrx_word' id='word_1_436' title='bbox 1558 972 1712 1009; x_wconf 89' lang='lat' dir='ltr'>proditione</span> <span class='ocrx_word' id='word_1_437' title='bbox 1734 972 1815 1001; x_wconf 90' lang='lat' dir='ltr'>Iudae</span> <span class='ocrx_word' id='word_1_438' title='bbox 1833 973 1925 1009; x_wconf 90' lang='lat' dir='ltr'>potius</span> <span class='ocrx_word' id='word_1_439' title='bbox 1945 973 2048 1002; x_wconf 85' lang='lat' dir='ltr'>dieitur</span> <span class='ocrx_word' id='word_1_440' title='bbox 2068 973 2163 1003; x_wconf 91' lang='lat' dir='ltr'>mino-</span> 
     </span>
     <span class='ocr_line' id='line_1_62' title="bbox 1313 1018 1720 1055; baseline 0 -8"><span class='ocrx_word' id='word_1_441' title='bbox 1313 1022 1401 1047; x_wconf 76' lang='lat' dir='ltr'>ratas</span> <span class='ocrx_word' id='word_1_442' title='bbox 1422 1027 1505 1055; x_wconf 90' lang='lat' dir='ltr'>quam</span> <span class='ocrx_word' id='word_1_443' title='bbox 1528 1018 1720 1055; x_wconf 72' lang='lat' dir='ltr'>clarificatus.</span> 
     </span>
    </p>

    <p class='ocr_par' dir='ltr' id='par_1_13' title="bbox 1312 1065 2162 1373">
     <span class='ocr_line' id='line_1_63' title="bbox 1393 1065 2162 1103; baseline 0.004 -9"><span class='ocrx_word' id='word_1_444' title='bbox 1393 1065 1547 1102; x_wconf 84' lang='lat' dir='ltr'>Respondet</span> <span class='ocrx_word' id='word_1_445' title='bbox 1567 1066 1737 1103; x_wconf 82' lang='lat' dir='ltr'>Augustinus</span> <span class='ocrx_word' id='word_1_446' title='bbox 1747 1066 1768 1101; x_wconf 78' lang='lat'>⁸,</span> <span class='ocrx_word' id='word_1_447' title='bbox 1789 1066 1864 1103; x_wconf 86' lang='lat' dir='ltr'>quod</span> <span class='ocrx_word' id='word_1_448' title='bbox 1882 1067 1934 1095; x_wconf 89' lang='lat' dir='ltr'>hoc</span> <span class='ocrx_word' id='word_1_449' title='bbox 1951 1066 2053 1096; x_wconf 90' lang='lat' dir='ltr'>dicitur</span> <span class='ocrx_word' id='word_1_450' title='bbox 2074 1067 2102 1096; x_wconf 82' lang='lat' dir='ltr'>in</span> <span class='ocrx_word' id='word_1_451' title='bbox 2122 1068 2162 1097; x_wconf 83' lang='lat' dir='ltr'>si-</span> 
     </span>
     <span class='ocr_line' id='line_1_64' title="bbox 1312 1112 2161 1150; baseline 0.004 -10"><span class='ocrx_word' id='word_1_452' title='bbox 1312 1120 1386 1148; x_wconf 65' lang='lat' dir='ltr'>gno,</span> <span class='ocrx_word' id='word_1_453' title='bbox 1401 1112 1468 1149; x_wconf 86' lang='lat' dir='ltr'>quia</span> <span class='ocrx_word' id='word_1_454' title='bbox 1481 1112 1508 1140; x_wconf 93' lang='lat' dir='ltr'>in</span> <span class='ocrx_word' id='word_1_455' title='bbox 1523 1120 1638 1149; x_wconf 85' lang='lat' dir='ltr'>egressu</span> <span class='ocrx_word' id='word_1_456' title='bbox 1656 1113 1738 1141; x_wconf 92' lang='lat' dir='ltr'>Iudae</span> <span class='ocrx_word' id='word_1_457' title='bbox 1753 1116 1947 1142; x_wconf 88' lang='lat' dir='ltr'>remanserunt</span> <span class='ocrx_word' id='word_1_458' title='bbox 1961 1116 2069 1143; x_wconf 88' lang='lat' dir='ltr'>tantum</span> <span class='ocrx_word' id='word_1_459' title='bbox 2083 1114 2161 1150; x_wconf 91' lang='lat' dir='ltr'>boni;</span> 
     </span>
     <span class='ocr_line' id='line_1_65' title="bbox 1313 1159 2161 1198; baseline 0.004 -11"><span class='ocrx_word' id='word_1_460' title='bbox 1313 1160 1340 1187; x_wconf 91' lang='lat' dir='ltr'>et</span> <span class='ocrx_word' id='word_1_461' title='bbox 1361 1162 1427 1187; x_wconf 87' lang='lat' dir='ltr'>tunc</span> <span class='ocrx_word' id='word_1_462' title='bbox 1442 1159 1595 1196; x_wconf 80' lang='lat' dir='ltr'>significata.</span> <span class='ocrx_word' id='word_1_463' title='bbox 1615 1162 1656 1188; x_wconf 91' lang='lat' dir='ltr'>est</span> <span class='ocrx_word' id='word_1_464' title='bbox 1676 1159 1772 1188; x_wconf 89' lang='lat' dir='ltr'>futura</span> <span class='ocrx_word' id='word_1_465' title='bbox 1787 1160 1913 1195; x_wconf 87' lang='lat' dir='ltr'>claritas,</span> <span class='ocrx_word' id='word_1_466' title='bbox 1935 1161 1963 1189; x_wconf 92' lang='grc'>111</span> <span class='ocrx_word' id='word_1_467' title='bbox 1984 1169 2040 1198; x_wconf 89' lang='lat' dir='ltr'>qua</span> <span class='ocrx_word' id='word_1_468' title='bbox 2054 1163 2161 1190; x_wconf 88' lang='lat' dir='ltr'>tantum</span> 
     </span>
     <span class='ocr_line' id='line_1_66' title="bbox 1313 1205 2161 1245; baseline 0.005 -12"><span class='ocrx_word' id='word_1_469' title='bbox 1313 1213 1377 1233; x_wconf 89' lang='lat' dir='ltr'>cum</span> <span class='ocrx_word' id='word_1_470' title='bbox 1398 1205 1478 1234; x_wconf 90' lang='lat' dir='ltr'>bonis</span> <span class='ocrx_word' id='word_1_471' title='bbox 1505 1206 1558 1234; x_wconf 87' lang='lat' dir='ltr'>erit</span> <span class='ocrx_word' id='word_1_472' title='bbox 1579 1206 1661 1235; x_wconf 87' lang='lat' dir='ltr'>Deus.</span> <span class='ocrx_word' id='word_1_473' title='bbox 1687 1223 1725 1227; x_wconf 65' lang='grc'>»-</span> <span class='ocrx_word' id='word_1_474' title='bbox 1749 1207 1833 1236; x_wconf 86' lang='lat' dir='ltr'>Aliter</span> <span class='ocrx_word' id='word_1_475' title='bbox 1863 1210 1953 1244; x_wconf 90' lang='lat' dir='ltr'>potest</span> <span class='ocrx_word' id='word_1_476' title='bbox 1983 1208 2055 1243; x_wconf 87' lang='lat' dir='ltr'>dici,</span> <span class='ocrx_word' id='word_1_477' title='bbox 2087 1208 2161 1245; x_wconf 88' lang='lat' dir='ltr'>quod</span> 
     </span>
     <span class='ocr_line' id='line_1_67' title="bbox 1314 1251 2162 1292; baseline 0.006 -13"><span class='ocrx_word' id='word_1_478' title='bbox 1314 1251 1366 1280; x_wconf 90' lang='lat' dir='ltr'>hoc</span> <span class='ocrx_word' id='word_1_479' title='bbox 1386 1251 1452 1280; x_wconf 86' lang='lat' dir='ltr'>dicit</span> <span class='ocrx_word' id='word_1_480' title='bbox 1473 1252 1626 1281; x_wconf 86' lang='lat' dir='ltr'>secundum</span> <span class='ocrx_word' id='word_1_481' title='bbox 1646 1253 1803 1287; x_wconf 81' lang='lat' dir='ltr'>meritum;</span> <span class='ocrx_word' id='word_1_482' title='bbox 1824 1254 1890 1291; x_wconf 86' lang='lat' dir='ltr'>quia</span> <span class='ocrx_word' id='word_1_483' title='bbox 1909 1254 1937 1283; x_wconf 91' lang='lat' dir='ltr'>in</span> <span class='ocrx_word' id='word_1_484' title='bbox 1959 1255 2085 1292; x_wconf 84' lang='lat' dir='ltr'>passione</span> <span class='ocrx_word' id='word_1_485' title='bbox 2105 1263 2162 1284; x_wconf 87' lang='lat' dir='ltr'>me—</span> 
     </span>
     <span class='ocr_line' id='line_1_68' title="bbox 1313 1298 2162 1336; baseline 0.006 -10"><span class='ocrx_word' id='word_1_486' title='bbox 1313 1298 1371 1327; x_wconf 91' lang='lat' dir='ltr'>ruit</span> <span class='ocrx_word' id='word_1_487' title='bbox 1401 1299 1547 1328; x_wconf 87' lang='lat' dir='ltr'>clarificari</span> <span class='ocrx_word' id='word_1_488' title='bbox 1575 1301 1603 1328; x_wconf 90' lang='lat' dir='ltr'>et</span> <span class='ocrx_word' id='word_1_489' title='bbox 1633 1302 1770 1336; x_wconf 89' lang='lat' dir='ltr'>quantum</span> <span class='ocrx_word' id='word_1_490' title='bbox 1802 1300 1829 1329; x_wconf 91' lang='lat' dir='ltr'>in</span> <span class='ocrx_word' id='word_1_491' title='bbox 1860 1309 1890 1330; x_wconf 89' lang='lat' dir='ltr'>se</span> <span class='ocrx_word' id='word_1_492' title='bbox 1921 1301 2082 1330; x_wconf 86' lang='lat' dir='ltr'>clarificavit</span> <span class='ocrx_word' id='word_1_493' title='bbox 2109 1301 2162 1330; x_wconf 92' lang='lat' dir='ltr'>Do-</span> 
     </span>
     <span class='ocr_line' id='line_1_69' title="bbox 1314 1345 1452 1373; baseline 0 0"><span class='ocrx_word' id='word_1_494' title='bbox 1314 1345 1420 1373; x_wconf 91' lang='lat' dir='ltr'>minum</span> <span class='ocrx_word' id='word_1_495' title='bbox 1432 1345 1452 1373; x_wconf 77' lang='lat'>⁹.</span> 
     </span>
    </p>

    <p class='ocr_par' dir='ltr' id='par_1_14' title="bbox 1313 1391 2162 1476">
     <span class='ocr_line' id='line_1_70' title="bbox 1393 1391 2162 1431; baseline 0.004 -12"><span class='ocrx_word' id='word_1_496' title='bbox 1393 1391 1437 1420; x_wconf 78' lang='lat'>53.</span> <span class='ocrx_word' id='word_1_497' title='bbox 1460 1392 1570 1428; x_wconf 85' lang='lat' dir='ltr'>Quaest.</span> <span class='ocrx_word' id='word_1_498' title='bbox 1594 1392 1622 1420; x_wconf 89' lang='lat'>11.</span> <span class='ocrx_word' id='word_1_499' title='bbox 1645 1392 1697 1421; x_wconf 85' lang='lat' dir='ltr'>Sed</span> <span class='ocrx_word' id='word_1_500' title='bbox 1724 1393 1870 1430; x_wconf 89' lang='lat' dir='ltr'>quaeritur</span> <span class='ocrx_word' id='word_1_501' title='bbox 1891 1393 1925 1422; x_wconf 90' lang='lat' dir='ltr'>de</span> <span class='ocrx_word' id='word_1_502' title='bbox 1946 1394 1998 1422; x_wconf 88' lang='lat' dir='ltr'>hoc</span> <span class='ocrx_word' id='word_1_503' title='bbox 2026 1393 2101 1431; x_wconf 89' lang='lat' dir='ltr'>quod</span> <span class='ocrx_word' id='word_1_504' title='bbox 2121 1393 2162 1422; x_wconf 88' lang='lat' dir='ltr'>di-</span> 
     </span>
     <span class='ocr_line' id='line_1_71' title="bbox 1313 1438 2052 1476; baseline 0.003 -10"><span class='ocrx_word' id='word_1_505' title='bbox 1313 1438 1367 1466; x_wconf 88' lang='lat' dir='ltr'>cit:</span> <span class='ocrx_word' id='word_1_506' title='bbox 1391 1438 1453 1474; x_wconf 78' lang='lat' dir='ltr'>Quo</span> <span class='ocrx_word' id='word_1_507' title='bbox 1473 1447 1523 1476; x_wconf 68' lang='lat' dir='ltr'>eqo</span> <span class='ocrx_word' id='word_1_508' title='bbox 1544 1439 1636 1473; x_wconf 79' lang='lat' dir='ltr'>vado,</span> <span class='ocrx_word' id='word_1_509' title='bbox 1658 1447 1709 1467; x_wconf 83' lang='lat' dir='ltr'>vos</span> <span class='ocrx_word' id='word_1_510' title='bbox 1730 1448 1789 1467; x_wconf 90' lang='lat' dir='ltr'>non</span> <span class='ocrx_word' id='word_1_511' title='bbox 1806 1440 1926 1476; x_wconf 80' lang='lat' dir='ltr'>potestis</span> <span class='ocrx_word' id='word_1_512' title='bbox 1946 1440 2052 1469; x_wconf 86' lang='lat' dir='ltr'>venire.</span> 
     </span>
    </p>

    <p class='ocr_par' dir='ltr' id='par_1_15' title="bbox 1312 1485 2164 1615">
     <span class='ocr_line' id='line_1_72' title="bbox 1392 1485 2164 1523; baseline 0.003 -10"><span class='ocrx_word' id='word_1_513' title='bbox 1392 1485 1505 1514; x_wconf 73' lang='lat' dir='ltr'>CONTRA</span> <span class='ocrx_word' id='word_1_514' title='bbox 1519 1496 1524 1513; x_wconf 77' lang='grc' dir='ltr'>ε</span> <span class='ocrx_word' id='word_1_515' title='bbox 1550 1487 1573 1513; x_wconf 90' lang='grc'>1.</span> <span class='ocrx_word' id='word_1_516' title='bbox 1590 1486 1680 1522; x_wconf 90' lang='lat' dir='ltr'>Supra</span> <span class='ocrx_word' id='word_1_517' title='bbox 1700 1486 1863 1515; x_wconf 88' lang='lat' dir='ltr'>duodecimo</span> <span class='ocrx_word' id='word_1_518' title='bbox 1875 1487 1897 1503; x_wconf 86' lang='lat'>¹⁰</span> <span class='ocrx_word' id='word_1_519' title='bbox 1912 1486 2016 1515; x_wconf 89' lang='lat' dir='ltr'>dictum</span> <span class='ocrx_word' id='word_1_520' title='bbox 2031 1489 2088 1515; x_wconf 89' lang='lat' dir='ltr'>est:</span> <span class='ocrx_word' id='word_1_521' title='bbox 2105 1487 2164 1523; x_wconf 84' lang='lat' dir='ltr'>Qui</span> 
     </span>
     <span class='ocr_line' id='line_1_73' title="bbox 1312 1530 2163 1570; baseline 0.005 -11"><span class='ocrx_word' id='word_1_522' title='bbox 1312 1530 1386 1560; x_wconf 79' lang='lat' dir='ltr'>mihi</span> <span class='ocrx_word' id='word_1_523' title='bbox 1405 1532 1559 1560; x_wconf 77' lang='lat' dir='ltr'>ministrat</span> <span class='ocrx_word' id='word_1_524' title='bbox 1582 1541 1626 1560; x_wconf 88' lang='lat' dir='ltr'>me</span> <span class='ocrx_word' id='word_1_525' title='bbox 1654 1536 1813 1570; x_wconf 81' lang='lat' dir='ltr'>sequatur.-</span> <span class='ocrx_word' id='word_1_526' title='bbox 1835 1540 1901 1570; x_wconf 86' lang='lat' dir='ltr'>ergo</span> <span class='ocrx_word' id='word_1_527' title='bbox 1922 1533 2088 1563; x_wconf 86' lang='lat' dir='ltr'>hortabatur</span> <span class='ocrx_word' id='word_1_528' title='bbox 2115 1541 2163 1563; x_wconf 91' lang='lat' dir='ltr'>eos</span> 
     </span>
     <span class='ocr_line' id='line_1_74' title="bbox 1312 1577 1544 1615; baseline 0 -9"><span class='ocrx_word' id='word_1_529' title='bbox 1312 1577 1346 1606; x_wconf 91' lang='lat' dir='ltr'>ad</span> <span class='ocrx_word' id='word_1_530' title='bbox 1367 1577 1544 1615; x_wconf 88' lang='lat' dir='ltr'>impossibile.</span> 
     </span>
    </p>

    <p class='ocr_par' dir='ltr' id='par_1_16' title="bbox 1312 1624 2162 1850">
     <span class='ocr_line' id='line_1_75' title="bbox 1391 1624 2161 1662; baseline 0.003 -9"><span class='ocrx_word' id='word_1_531' title='bbox 1391 1626 1417 1653; x_wconf 70' lang='lat'>⁴2.</span> <span class='ocrx_word' id='word_1_532' title='bbox 1433 1625 1513 1659; x_wconf 83' lang='lat' dir='ltr'>Item,</span> <span class='ocrx_word' id='word_1_533' title='bbox 1529 1625 1627 1654; x_wconf 88' lang='lat' dir='ltr'>Petrus</span> <span class='ocrx_word' id='word_1_534' title='bbox 1638 1625 1704 1654; x_wconf 87' lang='lat' dir='ltr'>dicit</span> <span class='ocrx_word' id='word_1_535' title='bbox 1714 1624 1821 1662; x_wconf 87' lang='lat' dir='ltr'>primae</span> <span class='ocrx_word' id='word_1_536' title='bbox 1832 1625 1984 1655; x_wconf 87' lang='lat' dir='ltr'>Canonicae</span> <span class='ocrx_word' id='word_1_537' title='bbox 1995 1626 2116 1655; x_wconf 88' lang='lat' dir='ltr'>secundo</span> <span class='ocrx_word' id='word_1_538' title='bbox 2125 1626 2161 1654; x_wconf 82' lang='lat'>1¹:</span> 
     </span>
     <span class='ocr_line' id='line_1_76' title="bbox 1315 1670 2162 1711; baseline 0.001 -11"><span class='ocrx_word' id='word_1_539' title='bbox 1315 1670 1449 1700; x_wconf 73' lang='lat' dir='ltr'>Christus</span> <span class='ocrx_word' id='word_1_540' title='bbox 1477 1680 1587 1709; x_wconf 85' lang='lat' dir='ltr'>passas</span> <span class='ocrx_word' id='word_1_541' title='bbox 1615 1676 1657 1701; x_wconf 82' lang='lat' dir='ltr'>est</span> <span class='ocrx_word' id='word_1_542' title='bbox 1677 1681 1734 1709; x_wconf 90' lang='lat' dir='ltr'>pro</span> <span class='ocrx_word' id='word_1_543' title='bbox 1762 1672 1861 1707; x_wconf 75' lang='lat' dir='ltr'>nobis,</span> <span class='ocrx_word' id='word_1_544' title='bbox 1889 1672 1969 1701; x_wconf 84' lang='lat' dir='ltr'>vobis</span> <span class='ocrx_word' id='word_1_545' title='bbox 1997 1672 2162 1711; x_wconf 81' lang='lat' dir='ltr'>relinquens</span> 
     </span>
     <span class='ocr_line' id='line_1_77' title="bbox 1312 1719 2162 1758; baseline 0.001 -11"><span class='ocrx_word' id='word_1_546' title='bbox 1312 1719 1490 1756; x_wconf 72' lang='lat' dir='ltr'>ezemptam,</span> <span class='ocrx_word' id='word_1_547' title='bbox 1513 1723 1547 1747; x_wconf 83' lang='lat' dir='ltr'>ut</span> <span class='ocrx_word' id='word_1_548' title='bbox 1566 1719 1732 1758; x_wconf 82' lang='lat' dir='ltr'>sequamini</span> <span class='ocrx_word' id='word_1_549' title='bbox 1745 1720 1868 1757; x_wconf 60' lang='lat' dir='ltr'>vesstyia</span> <span class='ocrx_word' id='word_1_550' title='bbox 1888 1719 1967 1748; x_wconf 81' lang='lat' dir='ltr'>eius:</span> <span class='ocrx_word' id='word_1_551' title='bbox 1988 1727 2054 1757; x_wconf 89' lang='lat' dir='ltr'>ergo</span> <span class='ocrx_word' id='word_1_552' title='bbox 2074 1719 2162 1748; x_wconf 92' lang='lat' dir='ltr'>omni-</span> 
     </span>
     <span class='ocr_line' id='line_1_78' title="bbox 1312 1766 2162 1804; baseline 0 -9"><span class='ocrx_word' id='word_1_553' title='bbox 1312 1766 1365 1795; x_wconf 89' lang='lat' dir='ltr'>bus</span> <span class='ocrx_word' id='word_1_554' title='bbox 1392 1766 1511 1795; x_wconf 87' lang='lat' dir='ltr'>dabatur</span> <span class='ocrx_word' id='word_1_555' title='bbox 1539 1767 1710 1803; x_wconf 85' lang='lat' dir='ltr'>exemplum.</span> <span class='ocrx_word' id='word_1_556' title='bbox 1733 1766 1876 1803; x_wconf 87' lang='lat' dir='ltr'>Quomodo</span> <span class='ocrx_word' id='word_1_557' title='bbox 1903 1774 1969 1804; x_wconf 86' lang='lat' dir='ltr'>ergo</span> <span class='ocrx_word' id='word_1_558' title='bbox 1996 1766 2080 1796; x_wconf 86' lang='lat' dir='ltr'>dicit:</span> <span class='ocrx_word' id='word_1_559' title='bbox 2109 1766 2162 1795; x_wconf 88' lang='lat' dir='ltr'>Vos</span> 
     </span>
     <span class='ocr_line' id='line_1_79' title="bbox 1312 1813 1650 1850; baseline 0.003 -9"><span class='ocrx_word' id='word_1_560' title='bbox 1312 1821 1371 1841; x_wconf 87' lang='lat' dir='ltr'>non</span> <span class='ocrx_word' id='word_1_561' title='bbox 1388 1814 1507 1850; x_wconf 86' lang='lat' dir='ltr'>potestis</span> <span class='ocrx_word' id='word_1_562' title='bbox 1528 1813 1650 1842; x_wconf 75' lang='lat' dir='ltr'>venire?</span> 
     </span>
    </p>

    <p class='ocr_par' dir='ltr' id='par_1_17' title="bbox 1312 1860 2162 2177">
     <span class='ocr_line' id='line_1_80' title="bbox 1393 1860 2161 1898; baseline 0.001 -10"><span class='ocrx_word' id='word_1_563' title='bbox 1393 1860 1545 1889; x_wconf 87' lang='lat' dir='ltr'>Dicendum</span> <span class='ocrx_word' id='word_1_564' title='bbox 1567 1860 1601 1889; x_wconf 87' lang='lat' dir='ltr'>ad</span> <span class='ocrx_word' id='word_1_565' title='bbox 1622 1861 1688 1895; x_wconf 89' lang='lat' dir='ltr'>hoc,</span> <span class='ocrx_word' id='word_1_566' title='bbox 1707 1860 1782 1897; x_wconf 89' lang='lat' dir='ltr'>quod</span> <span class='ocrx_word' id='word_1_567' title='bbox 1806 1861 1878 1890; x_wconf 86' lang='lat' dir='ltr'>sicut</span> <span class='ocrx_word' id='word_1_568' title='bbox 1889 1869 1974 1898; x_wconf 84' lang='lat' dir='ltr'>posse</span> <span class='ocrx_word' id='word_1_569' title='bbox 1991 1860 2107 1890; x_wconf 85' lang='lat' dir='ltr'>credere</span> <span class='ocrx_word' id='word_1_570' title='bbox 2120 1860 2161 1889; x_wconf 90' lang='lat' dir='ltr'>di-</span> 
     </span>
     <span class='ocr_line' id='line_1_81' title="bbox 1312 1906 2162 1945; baseline 0.001 -10"><span class='ocrx_word' id='word_1_571' title='bbox 1312 1906 1385 1935; x_wconf 85' lang='lat' dir='ltr'>citur</span> <span class='ocrx_word' id='word_1_572' title='bbox 1406 1906 1569 1943; x_wconf 87' lang='lat' dir='ltr'>dupliciter:</span> <span class='ocrx_word' id='word_1_573' title='bbox 1590 1915 1647 1936; x_wconf 91' lang='lat' dir='ltr'>uno</span> <span class='ocrx_word' id='word_1_574' title='bbox 1672 1907 1766 1942; x_wconf 84' lang='lat' dir='ltr'>modo,</span> <span class='ocrx_word' id='word_1_575' title='bbox 1788 1910 1873 1944; x_wconf 90' lang='lat' dir='ltr'>prout</span> <span class='ocrx_word' id='word_1_576' title='bbox 1893 1907 1959 1936; x_wconf 86' lang='lat' dir='ltr'>dicit</span> <span class='ocrx_word' id='word_1_577' title='bbox 1985 1907 2162 1945; x_wconf 81' lang='lat' dir='ltr'>possibilita-</span> 
     </span>
     <span class='ocr_line' id='line_1_82' title="bbox 1313 1953 2162 1991; baseline 0.004 -11"><span class='ocrx_word' id='word_1_578' title='bbox 1313 1955 1380 1986; x_wconf 88' lang='lat' dir='ltr'>tem,</span> <span class='ocrx_word' id='word_1_579' title='bbox 1402 1955 1429 1981; x_wconf 89' lang='lat' dir='ltr'>et</span> <span class='ocrx_word' id='word_1_580' title='bbox 1453 1953 1492 1981; x_wconf 89' lang='lat' dir='ltr'>sic</span> <span class='ocrx_word' id='word_1_581' title='bbox 1512 1956 1555 1982; x_wconf 91' lang='lat' dir='ltr'>est</span> <span class='ocrx_word' id='word_1_582' title='bbox 1581 1957 1713 1988; x_wconf 87' lang='lat' dir='ltr'>naturae;</span> <span class='ocrx_word' id='word_1_583' title='bbox 1735 1954 1788 1982; x_wconf 90' lang='lat' dir='ltr'>alio</span> <span class='ocrx_word' id='word_1_584' title='bbox 1808 1954 1902 1989; x_wconf 90' lang='lat' dir='ltr'>modo,</span> <span class='ocrx_word' id='word_1_585' title='bbox 1929 1957 2012 1991; x_wconf 86' lang='lat' dir='ltr'>prout</span> <span class='ocrx_word' id='word_1_586' title='bbox 2026 1954 2092 1983; x_wconf 90' lang='lat' dir='ltr'>dicit</span> <span class='ocrx_word' id='word_1_587' title='bbox 2109 1963 2162 1991; x_wconf 90' lang='lat' dir='ltr'>po-</span> 
     </span>
     <span class='ocr_line' id='line_1_83' title="bbox 1313 2000 2161 2038; baseline 0.001 -10"><span class='ocrx_word' id='word_1_588' title='bbox 1313 2003 1440 2028; x_wconf 75' lang='lat' dir='ltr'>testatem</span> <span class='ocrx_word' id='word_1_589' title='bbox 1462 2000 1606 2034; x_wconf 84' lang='lat' dir='ltr'>activam,</span> <span class='ocrx_word' id='word_1_590' title='bbox 1627 2003 1655 2029; x_wconf 92' lang='lat' dir='ltr'>et</span> <span class='ocrx_word' id='word_1_591' title='bbox 1675 2000 1714 2029; x_wconf 86' lang='lat' dir='ltr'>sic</span> <span class='ocrx_word' id='word_1_592' title='bbox 1735 2000 1855 2037; x_wconf 88' lang='lat' dir='ltr'>gratiae;</span> <span class='ocrx_word' id='word_1_593' title='bbox 1877 2001 1915 2029; x_wconf 87' lang='grc'>510</span> <span class='ocrx_word' id='word_1_594' title='bbox 1936 2004 1963 2030; x_wconf 90' lang='lat' dir='ltr'>et</span> <span class='ocrx_word' id='word_1_595' title='bbox 1988 2009 2072 2038; x_wconf 81' lang='lat' dir='ltr'>posse</span> <span class='ocrx_word' id='word_1_596' title='bbox 2096 2001 2161 2030; x_wconf 89' lang='lat' dir='ltr'>imi-</span> 
     </span>
     <span class='ocr_line' id='line_1_84' title="bbox 1313 2046 2162 2085; baseline 0.001 -10"><span class='ocrx_word' id='word_1_597' title='bbox 1313 2047 1374 2075; x_wconf 90' lang='lat' dir='ltr'>tari</span> <span class='ocrx_word' id='word_1_598' title='bbox 1406 2047 1573 2084; x_wconf 79' lang='lat' dir='ltr'>passionem</span> <span class='ocrx_word' id='word_1_599' title='bbox 1585 2058 1595 2081; x_wconf 91' lang='lat'><em>;</em></span> <span class='ocrx_word' id='word_1_600' title='bbox 1616 2048 1682 2084; x_wconf 89' lang='lat' dir='ltr'>quia</span> <span class='ocrx_word' id='word_1_601' title='bbox 1710 2056 1795 2084; x_wconf 88' lang='lat' dir='ltr'>posse</span> <span class='ocrx_word' id='word_1_602' title='bbox 1830 2046 2030 2085; x_wconf 81' lang='lat' dir='ltr'>imperfectum</span> <span class='ocrx_word' id='word_1_603' title='bbox 2061 2050 2103 2076; x_wconf 88' lang='lat' dir='ltr'>est</span> <span class='ocrx_word' id='word_1_604' title='bbox 2133 2047 2162 2077; x_wconf 90' lang='lat' dir='ltr'>in</span> 
     </span>
     <span class='ocr_line' id='line_1_85' title="bbox 1312 2093 2162 2131; baseline 0.001 -9"><span class='ocrx_word' id='word_1_605' title='bbox 1312 2094 1407 2128; x_wconf 90' lang='lat' dir='ltr'>nobis,</span> <span class='ocrx_word' id='word_1_606' title='bbox 1435 2094 1483 2122; x_wconf 91' lang='lat' dir='ltr'>sed</span> <span class='ocrx_word' id='word_1_607' title='bbox 1501 2097 1629 2131; x_wconf 80' lang='lat' dir='ltr'>potestas</span> <span class='ocrx_word' id='word_1_608' title='bbox 1657 2094 1797 2130; x_wconf 84' lang='lat' dir='ltr'>completa</span> <span class='ocrx_word' id='word_1_609' title='bbox 1815 2102 1865 2131; x_wconf 88' lang='lat' dir='ltr'>per</span> <span class='ocrx_word' id='word_1_610' title='bbox 1889 2094 2022 2123; x_wconf 89' lang='lat' dir='ltr'>virtutem</span> <span class='ocrx_word' id='word_1_611' title='bbox 2042 2093 2162 2131; x_wconf 89' lang='lat' dir='ltr'>Spiritus</span> 
     </span>
     <span class='ocr_line' id='line_1_86' title="bbox 1312 2140 2035 2177; baseline 0.001 -9"><span class='ocrx_word' id='word_1_612' title='bbox 1312 2140 1415 2174; x_wconf 87' lang='lat' dir='ltr'>sancti,</span> <span class='ocrx_word' id='word_1_613' title='bbox 1437 2148 1493 2177; x_wconf 87' lang='lat' dir='ltr'>qua</span> <span class='ocrx_word' id='word_1_614' title='bbox 1513 2140 1636 2169; x_wconf 88' lang='lat' dir='ltr'>nonduin</span> <span class='ocrx_word' id='word_1_615' title='bbox 1658 2144 1738 2169; x_wconf 88' lang='lat' dir='ltr'>erant</span> <span class='ocrx_word' id='word_1_616' title='bbox 1759 2140 1848 2169; x_wconf 91' lang='lat' dir='ltr'>induti</span> <span class='ocrx_word' id='word_1_617' title='bbox 1869 2140 1988 2177; x_wconf 86' lang='lat' dir='ltr'>Apostoli</span> <span class='ocrx_word' id='word_1_618' title='bbox 2003 2141 2035 2169; x_wconf 72' lang='lat'>¹2.</span> 
     </span>
    </p>
   </div>
   <div class='ocr_carea' id='block_1_9' title="bbox 1025 2237 1541 2239">
    <p class='ocr_par' dir='ltr' id='par_1_18' title="bbox 1025 2237 1541 2239">
     <span class='ocr_line' id='line_1_87' title="bbox 1025 2237 1541 2239; baseline 0 0"><span class='ocrx_word' id='word_1_619' title='bbox 1025 2237 1541 2239; x_wconf 95' lang='lat' dir='ltr'> </span> 
     </span>
    </p>
   </div>
   <div class='ocr_carea' id='block_1_10' title="bbox 410 2302 1259 2956">
    <p class='ocr_par' dir='ltr' id='par_1_19' title="bbox 410 2302 1258 2527">
     <span class='ocr_line' id='line_1_88' title="bbox 474 2302 1257 2333; baseline -0.001 -7"><span class='ocrx_word' id='word_1_620' title='bbox 474 2302 481 2315; x_wconf 90' lang='lat'><strong>¹</strong></span> <span class='ocrx_word' id='word_1_621' title='bbox 500 2304 566 2326; x_wconf 83' lang='lat' dir='ltr'>Vers.</span> <span class='ocrx_word' id='word_1_622' title='bbox 584 2304 610 2331; x_wconf 84' lang='lat'>8,</span> <span class='ocrx_word' id='word_1_623' title='bbox 629 2304 650 2326; x_wconf 90' lang='lat' dir='ltr'>in</span> <span class='ocrx_word' id='word_1_624' title='bbox 667 2310 738 2332; x_wconf 87' lang='lat' dir='ltr'>quem</span> <span class='ocrx_word' id='word_1_625' title='bbox 757 2304 833 2326; x_wconf 88' lang='lat' dir='ltr'>locum</span> <span class='ocrx_word' id='word_1_626' title='bbox 851 2303 930 2326; x_wconf 85' lang='lat' dir='ltr'>Glossa</span> <span class='ocrx_word' id='word_1_627' title='bbox 948 2303 1074 2326; x_wconf 79' lang='lat' dir='ltr'>ordinaria</span> <span class='ocrx_word' id='word_1_628' title='bbox 1092 2304 1128 2333; x_wconf 86' lang='lat' dir='ltr'>(ex</span> <span class='ocrx_word' id='word_1_629' title='bbox 1147 2303 1257 2331; x_wconf 61' lang='lat' dir='ltr'>August„</span> 
     </span>
     <span class='ocr_line' id='line_1_89' title="bbox 411 2342 1256 2372; baseline -0.001 -7"><span class='ocrx_word' id='word_1_630' title='bbox 411 2342 481 2370; x_wconf 82' lang='lat' dir='ltr'>Epist.</span> <span class='ocrx_word' id='word_1_631' title='bbox 499 2343 552 2364; x_wconf 83' lang='grc'><strong>192.</strong></span> <span class='ocrx_word' id='word_1_632' title='bbox 568 2343 623 2365; x_wconf 87' lang='lat' dir='ltr'>alias</span> <span class='ocrx_word' id='word_1_633' title='bbox 641 2344 678 2365; x_wconf 80' lang='lat'>62.</span> <span class='ocrx_word' id='word_1_634' title='bbox 695 2350 717 2365; x_wconf 93' lang='lat' dir='ltr'>n.</span> <span class='ocrx_word' id='word_1_635' title='bbox 736 2343 780 2372; x_wconf 82' lang='lat' dir='ltr'>l.):</span> <span class='ocrx_word' id='word_1_636' title='bbox 798 2343 850 2365; x_wconf 84' lang='lat' dir='ltr'>Sola</span> <span class='ocrx_word' id='word_1_637' title='bbox 867 2342 928 2365; x_wconf 89' lang='lat' dir='ltr'>enim</span> <span class='ocrx_word' id='word_1_638' title='bbox 946 2342 1028 2365; x_wconf 84' lang='lat' dir='ltr'>caritas</span> <span class='ocrx_word' id='word_1_639' title='bbox 1045 2345 1089 2369; x_wconf 88' lang='lat' dir='ltr'>est,</span> <span class='ocrx_word' id='word_1_640' title='bbox 1106 2348 1166 2370; x_wconf 87' lang='lat' dir='ltr'>quae</span> <span class='ocrx_word' id='word_1_641' title='bbox 1188 2342 1256 2364; x_wconf 84' lang='lat' dir='ltr'>etiam</span> 
     </span>
     <span class='ocr_line' id='line_1_90' title="bbox 410 2382 1258 2410; baseline -0.001 -6"><span class='ocrx_word' id='word_1_642' title='bbox 410 2382 499 2404; x_wconf 86' lang='lat' dir='ltr'>reddita</span> <span class='ocrx_word' id='word_1_643' title='bbox 516 2388 609 2410; x_wconf 84' lang='lat' dir='ltr'>semper</span> <span class='ocrx_word' id='word_1_644' title='bbox 626 2383 708 2405; x_wconf 87' lang='lat' dir='ltr'>retinet</span> <span class='ocrx_word' id='word_1_645' title='bbox 724 2382 863 2405; x_wconf 86' lang='lat' dir='ltr'>debitorem.</span> <span class='ocrx_word' id='word_1_646' title='bbox 879 2382 991 2404; x_wconf 83' lang='lat' dir='ltr'>Redditur</span> <span class='ocrx_word' id='word_1_647' title='bbox 1008 2382 1081 2408; x_wconf 87' lang='lat' dir='ltr'>enim,</span> <span class='ocrx_word' id='word_1_648' title='bbox 1098 2388 1152 2404; x_wconf 86' lang='lat' dir='ltr'>cum</span> <span class='ocrx_word' id='word_1_649' title='bbox 1169 2382 1258 2409; x_wconf 88' lang='lat' dir='ltr'>impen-</span> 
     </span>
     <span class='ocr_line' id='line_1_91' title="bbox 410 2420 1258 2449; baseline -0.001 -6"><span class='ocrx_word' id='word_1_650' title='bbox 410 2421 484 2448; x_wconf 71' lang='lat' dir='ltr'>ditur,</span> <span class='ocrx_word' id='word_1_651' title='bbox 502 2421 599 2444; x_wconf 89' lang='lat' dir='ltr'>debetur</span> <span class='ocrx_word' id='word_1_652' title='bbox 616 2425 705 2448; x_wconf 86' lang='lat' dir='ltr'>autem,</span> <span class='ocrx_word' id='word_1_653' title='bbox 725 2421 815 2443; x_wconf 86' lang='lat' dir='ltr'>etiamsi</span> <span class='ocrx_word' id='word_1_654' title='bbox 837 2421 927 2443; x_wconf 82' lang='lat' dir='ltr'>reddita</span> <span class='ocrx_word' id='word_1_655' title='bbox 948 2421 1028 2448; x_wconf 82' lang='lat' dir='ltr'>suerit,</span> <span class='ocrx_word' id='word_1_656' title='bbox 1046 2421 1100 2449; x_wconf 85' lang='lat' dir='ltr'>quia</span> <span class='ocrx_word' id='word_1_657' title='bbox 1117 2420 1207 2442; x_wconf 89' lang='lat' dir='ltr'>nullum</span> <span class='ocrx_word' id='word_1_658' title='bbox 1224 2422 1258 2442; x_wconf 89' lang='lat' dir='ltr'>est</span> 
     </span>
     <span class='ocr_line' id='line_1_92' title="bbox 412 2459 1257 2488; baseline -0.001 -6"><span class='ocrx_word' id='word_1_659' title='bbox 412 2462 503 2488; x_wconf 80' lang='lat' dir='ltr'>tempus</span> <span class='ocrx_word' id='word_1_660' title='bbox 513 2478 518 2488; x_wconf 81' lang='lat'>‚</span> <span class='ocrx_word' id='word_1_661' title='bbox 534 2466 581 2488; x_wconf 86' lang='lat' dir='ltr'>quo</span> <span class='ocrx_word' id='word_1_662' title='bbox 599 2460 755 2488; x_wconf 82' lang='lat' dir='ltr'>impendenda</span> <span class='ocrx_word' id='word_1_663' title='bbox 772 2466 819 2482; x_wconf 86' lang='lat' dir='ltr'>non</span> <span class='ocrx_word' id='word_1_664' title='bbox 836 2460 871 2482; x_wconf 89' lang='lat' dir='ltr'>sit.</span> <span class='ocrx_word' id='word_1_665' title='bbox 883 2460 930 2482; x_wconf 80' lang='lat' dir='ltr'>Nec</span> <span class='ocrx_word' id='word_1_666' title='bbox 940 2466 994 2482; x_wconf 87' lang='lat' dir='ltr'>cum</span> <span class='ocrx_word' id='word_1_667' title='bbox 1006 2460 1122 2486; x_wconf 89' lang='lat' dir='ltr'>redditur,</span> <span class='ocrx_word' id='word_1_668' title='bbox 1134 2459 1257 2486; x_wconf 79' lang='lat' dir='ltr'>amittitur,</span> 
     </span>
     <span class='ocr_line' id='line_1_93' title="bbox 411 2497 1257 2527; baseline -0.001 -6"><span class='ocrx_word' id='word_1_669' title='bbox 411 2499 452 2521; x_wconf 89' lang='lat' dir='ltr'>sed</span> <span class='ocrx_word' id='word_1_670' title='bbox 470 2499 547 2526; x_wconf 84' lang='lat' dir='ltr'>potius</span> <span class='ocrx_word' id='word_1_671' title='bbox 564 2499 684 2522; x_wconf 81' lang='lat' dir='ltr'>reddendo</span> <span class='ocrx_word' id='word_1_672' title='bbox 701 2499 866 2527; x_wconf 73' lang='lat' dir='ltr'>multiplicatur</span> <span class='ocrx_word' id='word_1_673' title='bbox 883 2502 926 2521; x_wconf 88' lang='lat' dir='ltr'>etc.</span> <span class='ocrx_word' id='word_1_674' title='bbox 1109 2497 1118 2510; x_wconf 80' lang='lat'><strong>²</strong></span> <span class='ocrx_word' id='word_1_675' title='bbox 1137 2499 1202 2520; x_wconf 87' lang='lat' dir='ltr'>Vers.</span> <span class='ocrx_word' id='word_1_676' title='bbox 1220 2498 1257 2520; x_wconf 88' lang='grc'>16.</span> 
     </span>
    </p>

    <p class='ocr_par' dir='ltr' id='par_1_20' title="bbox 411 2536 1257 2722">
     <span class='ocr_line' id='line_1_94' title="bbox 474 2536 1257 2566; baseline -0.001 -6"><span class='ocrx_word' id='word_1_677' title='bbox 474 2536 483 2549; x_wconf 75' lang='lat'>¹³</span> <span class='ocrx_word' id='word_1_678' title='bbox 501 2538 575 2560; x_wconf 86' lang='lat' dir='ltr'>Prima</span> <span class='ocrx_word' id='word_1_679' title='bbox 594 2538 662 2560; x_wconf 87' lang='lat' dir='ltr'>huius</span> <span class='ocrx_word' id='word_1_680' title='bbox 679 2538 805 2560; x_wconf 81' lang='lat' dir='ltr'>sententiae</span> <span class='ocrx_word' id='word_1_681' title='bbox 823 2538 962 2566; x_wconf 69' lang='lat' dir='ltr'>propositio,</span> <span class='ocrx_word' id='word_1_682' title='bbox 973 2538 991 2560; x_wconf 90' lang='lat' dir='ltr'>si</span> <span class='ocrx_word' id='word_1_683' title='bbox 1010 2537 1082 2559; x_wconf 88' lang='lat' dir='ltr'>verba</span> <span class='ocrx_word' id='word_1_684' title='bbox 1099 2537 1257 2564; x_wconf 87' lang='lat' dir='ltr'>attendantur,</span> 
     </span>
     <span class='ocr_line' id='line_1_95' title="bbox 411 2575 1256 2605; baseline -0.001 -6"><span class='ocrx_word' id='word_1_685' title='bbox 411 2579 446 2599; x_wconf 84' lang='lat' dir='ltr'>est</span> <span class='ocrx_word' id='word_1_686' title='bbox 462 2577 580 2604; x_wconf 83' lang='lat' dir='ltr'>Prosperi,</span> <span class='ocrx_word' id='word_1_687' title='bbox 604 2576 665 2599; x_wconf 92' lang='lat' dir='ltr'>Libr.</span> <span class='ocrx_word' id='word_1_688' title='bbox 692 2577 861 2600; x_wconf 79' lang='lat' dir='ltr'>Sententiarum</span> <span class='ocrx_word' id='word_1_689' title='bbox 887 2583 913 2600; x_wconf 86' lang='lat' dir='ltr'>ex</span> <span class='ocrx_word' id='word_1_690' title='bbox 938 2577 1067 2605; x_wconf 84' lang='lat' dir='ltr'>Augustino</span> <span class='ocrx_word' id='word_1_691' title='bbox 1091 2575 1256 2603; x_wconf 80' lang='lat' dir='ltr'>delibatarum,</span> 
     </span>
     <span class='ocr_line' id='line_1_96' title="bbox 411 2615 1256 2644; baseline 0 -7"><span class='ocrx_word' id='word_1_692' title='bbox 411 2622 433 2638; x_wconf 92' lang='grc'>11.</span> <span class='ocrx_word' id='word_1_693' title='bbox 450 2616 476 2642; x_wconf 92' lang='lat'>7,</span> <span class='ocrx_word' id='word_1_694' title='bbox 494 2616 523 2638; x_wconf 90' lang='lat' dir='ltr'>de</span> <span class='ocrx_word' id='word_1_695' title='bbox 540 2622 585 2644; x_wconf 84' lang='lat' dir='ltr'>qua</span> <span class='ocrx_word' id='word_1_696' title='bbox 603 2617 643 2638; x_wconf 77' lang='lat' dir='ltr'>cfr.</span> <span class='ocrx_word' id='word_1_697' title='bbox 661 2617 770 2644; x_wconf 84' lang='lat' dir='ltr'>August.,</span> <span class='ocrx_word' id='word_1_698' title='bbox 787 2617 889 2638; x_wconf 83' lang='lat' dir='ltr'>Enarrat.</span> <span class='ocrx_word' id='word_1_699' title='bbox 907 2616 930 2638; x_wconf 88' lang='lat' dir='ltr'>in</span> <span class='ocrx_word' id='word_1_700' title='bbox 948 2617 984 2638; x_wconf 85' lang='lat' dir='ltr'>Ps.</span> <span class='ocrx_word' id='word_1_701' title='bbox 1004 2616 1056 2638; x_wconf 88' lang='grc'><strong>103.</strong></span> <span class='ocrx_word' id='word_1_702' title='bbox 1073 2621 1142 2637; x_wconf 82' lang='lat' dir='ltr'>serm.</span> <span class='ocrx_word' id='word_1_703' title='bbox 1164 2616 1183 2637; x_wconf 92' lang='grc'>1.</span> <span class='ocrx_word' id='word_1_704' title='bbox 1200 2621 1223 2637; x_wconf 94' lang='lat' dir='ltr'>n.</span> <span class='ocrx_word' id='word_1_705' title='bbox 1234 2615 1256 2637; x_wconf 95' lang='lat'>9.</span> 
     </span>
     <span class='ocr_line' id='line_1_97' title="bbox 413 2654 1257 2684; baseline -0.001 -7"><span class='ocrx_word' id='word_1_706' title='bbox 413 2655 476 2683; x_wconf 90' lang='lat' dir='ltr'>(vide</span> <span class='ocrx_word' id='word_1_707' title='bbox 494 2657 548 2677; x_wconf 90' lang='lat' dir='ltr'>tom.</span> <span class='ocrx_word' id='word_1_708' title='bbox 565 2656 598 2677; x_wconf 92' lang='grc'><strong>111.</strong></span> <span class='ocrx_word' id='word_1_709' title='bbox 616 2661 671 2683; x_wconf 80' lang='lat' dir='ltr'>pag.</span> <span class='ocrx_word' id='word_1_710' title='bbox 691 2656 749 2682; x_wconf 83' lang='lat'>599,</span> <span class='ocrx_word' id='word_1_711' title='bbox 766 2658 844 2677; x_wconf 83' lang='lat' dir='ltr'>notam</span> <span class='ocrx_word' id='word_1_712' title='bbox 864 2655 908 2684; x_wconf 82' lang='grc'><strong>1.);</strong></span> <span class='ocrx_word' id='word_1_713' title='bbox 926 2655 1027 2678; x_wconf 85' lang='lat' dir='ltr'>secunda</span> <span class='ocrx_word' id='word_1_714' title='bbox 1045 2654 1143 2677; x_wconf 90' lang='lat' dir='ltr'>habetur</span> <span class='ocrx_word' id='word_1_715' title='bbox 1164 2655 1216 2677; x_wconf 91' lang='lat' dir='ltr'>XV.</span> <span class='ocrx_word' id='word_1_716' title='bbox 1228 2654 1257 2677; x_wconf 89' lang='lat' dir='ltr'>de</span> 
     </span>
     <span class='ocr_line' id='line_1_98' title="bbox 412 2693 1121 2722; baseline 0 -6"><span class='ocrx_word' id='word_1_717' title='bbox 412 2694 476 2716; x_wconf 89' lang='lat' dir='ltr'>Trin.</span> <span class='ocrx_word' id='word_1_718' title='bbox 493 2700 514 2716; x_wconf 88' lang='lat' dir='ltr'>c.</span> <span class='ocrx_word' id='word_1_719' title='bbox 532 2694 569 2716; x_wconf 78' lang='grc'>18.</span> <span class='ocrx_word' id='word_1_720' title='bbox 585 2700 607 2716; x_wconf 85' lang='grc'>11.</span> <span class='ocrx_word' id='word_1_721' title='bbox 626 2694 666 2722; x_wconf 85' lang='grc'>32;</span> <span class='ocrx_word' id='word_1_722' title='bbox 685 2695 725 2716; x_wconf 86' lang='lat' dir='ltr'>csr.</span> <span class='ocrx_word' id='word_1_723' title='bbox 746 2695 758 2716; x_wconf 97' lang='grc' dir='ltr'><strong>Ι.</strong></span> <span class='ocrx_word' id='word_1_724' title='bbox 778 2694 839 2716; x_wconf 85' lang='lat' dir='ltr'>Sent.</span> <span class='ocrx_word' id='word_1_725' title='bbox 856 2694 879 2716; x_wconf 92' lang='lat' dir='ltr'>d.</span> <span class='ocrx_word' id='word_1_726' title='bbox 897 2694 934 2716; x_wconf 87' lang='grc'>17.</span> <span class='ocrx_word' id='word_1_727' title='bbox 950 2700 973 2722; x_wconf 88' lang='lat' dir='ltr'>p.</span> <span class='ocrx_word' id='word_1_728' title='bbox 993 2694 1007 2716; x_wconf 95' lang='grc'>1.</span> <span class='ocrx_word' id='word_1_729' title='bbox 1024 2693 1081 2716; x_wconf 90' lang='lat' dir='ltr'>dub.</span> <span class='ocrx_word' id='word_1_730' title='bbox 1099 2694 1121 2715; x_wconf 88' lang='grc'>6.</span> 
     </span>
    </p>

    <p class='ocr_par' dir='ltr' id='par_1_21' title="bbox 474 2730 963 2761">
     <span class='ocr_line' id='line_1_99' title="bbox 474 2730 963 2761; baseline 0.002 -7"><span class='ocrx_word' id='word_1_731' title='bbox 474 2730 484 2744; x_wconf 70' lang='lat'><strong>⁴</strong></span> <span class='ocrx_word' id='word_1_732' title='bbox 502 2732 568 2754; x_wconf 85' lang='lat' dir='ltr'>Vers.</span> <span class='ocrx_word' id='word_1_733' title='bbox 586 2733 623 2754; x_wconf 83' lang='lat'>30.</span> <span class='ocrx_word' id='word_1_734' title='bbox 641 2744 672 2749; x_wconf 90' lang='lat'>—-</span> <span class='ocrx_word' id='word_1_735' title='bbox 689 2733 797 2761; x_wconf 82' lang='lat' dir='ltr'>Sequitur</span> <span class='ocrx_word' id='word_1_736' title='bbox 814 2733 880 2755; x_wconf 84' lang='lat' dir='ltr'>Rom.</span> <span class='ocrx_word' id='word_1_737' title='bbox 899 2733 924 2761; x_wconf 81' lang='lat'>5,</span> <span class='ocrx_word' id='word_1_738' title='bbox 942 2732 963 2755; x_wconf 85' lang='lat'>5.</span> 
     </span>
    </p>

    <p class='ocr_par' dir='ltr' id='par_1_22' title="bbox 410 2769 1259 2956">
     <span class='ocr_line' id='line_1_100' title="bbox 475 2769 1258 2800; baseline -0.003 -6"><span class='ocrx_word' id='word_1_739' title='bbox 475 2770 485 2783; x_wconf 79' lang='lat'>⁶</span> <span class='ocrx_word' id='word_1_740' title='bbox 502 2772 600 2799; x_wconf 78' lang='lat' dir='ltr'>Vulgata</span> <span class='ocrx_word' id='word_1_741' title='bbox 618 2770 742 2800; x_wconf 82' lang='lat' dir='ltr'>Respondit</span> <span class='ocrx_word' id='word_1_742' title='bbox 758 2772 830 2794; x_wconf 81' lang='lat' dir='ltr'>Iesus.</span> <span class='ocrx_word' id='word_1_743' title='bbox 847 2784 879 2788; x_wconf 98' lang='lat'><strong>—</strong></span> <span class='ocrx_word' id='word_1_744' title='bbox 895 2771 936 2793; x_wconf 90' lang='lat' dir='ltr'>Ed.</span> <span class='ocrx_word' id='word_1_745' title='bbox 953 2771 1023 2799; x_wconf 86' lang='lat' dir='ltr'>paulo</span> <span class='ocrx_word' id='word_1_746' title='bbox 1044 2770 1152 2799; x_wconf 80' lang='lat' dir='ltr'>superius</span> <span class='ocrx_word' id='word_1_747' title='bbox 1173 2776 1216 2798; x_wconf 84' lang='lat' dir='ltr'>pro</span> <span class='ocrx_word' id='word_1_748' title='bbox 1232 2769 1258 2792; x_wconf 88' lang='lat' dir='ltr'>in</span> 
     </span>
     <span class='ocr_line' id='line_1_101' title="bbox 412 2808 1257 2839; baseline -0.002 -5"><span class='ocrx_word' id='word_1_749' title='bbox 412 2810 489 2834; x_wconf 82' lang='lat' dir='ltr'>vei-bis</span> <span class='ocrx_word' id='word_1_750' title='bbox 507 2810 535 2839; x_wconf 84' lang='lat' dir='ltr'>(H</span> <span class='ocrx_word' id='word_1_751' title='bbox 546 2811 565 2832; x_wconf 92' lang='grc' dir='ltr'><strong>Μ</strong></span> <span class='ocrx_word' id='word_1_752' title='bbox 582 2810 607 2833; x_wconf 82' lang='lat' dir='ltr'>in</span> <span class='ocrx_word' id='word_1_753' title='bbox 624 2810 705 2837; x_wconf 79' lang='lat' dir='ltr'>verba,</span> <span class='ocrx_word' id='word_1_754' title='bbox 724 2811 742 2832; x_wconf 91' lang='lat' dir='ltr'>N</span> <span class='ocrx_word' id='word_1_755' title='bbox 761 2810 785 2833; x_wconf 74' lang='lat' dir='ltr'>in</span> <span class='ocrx_word' id='word_1_756' title='bbox 802 2809 907 2838; x_wconf 82' lang='lat' dir='ltr'>verbum)</span> <span class='ocrx_word' id='word_1_757' title='bbox 925 2810 1043 2832; x_wconf 87' lang='lat' dir='ltr'>substituit</span> <span class='ocrx_word' id='word_1_758' title='bbox 1059 2809 1084 2832; x_wconf 86' lang='lat' dir='ltr'>in</span> <span class='ocrx_word' id='word_1_759' title='bbox 1103 2808 1174 2832; x_wconf 81' lang='lat' dir='ltr'>verba</span> <span class='ocrx_word' id='word_1_760' title='bbox 1191 2810 1257 2832; x_wconf 65' lang='lat' dir='ltr'>ame-</span> 
     </span>
     <span class='ocr_line' id='line_1_102' title="bbox 412 2847 1259 2879; baseline -0.002 -6"><span class='ocrx_word' id='word_1_761' title='bbox 412 2849 491 2873; x_wconf 84' lang='lat' dir='ltr'>ritatis</span> <span class='ocrx_word' id='word_1_762' title='bbox 508 2851 552 2872; x_wconf 82' lang='lat' dir='ltr'>aut</span> <span class='ocrx_word' id='word_1_763' title='bbox 565 2849 752 2879; x_wconf 66' lang='lat' dir='ltr'>praesumtionis</span> <span class='ocrx_word' id='word_1_764' title='bbox 770 2849 897 2878; x_wconf 84' lang='lat' dir='ltr'>(Gorranus</span> <span class='ocrx_word' id='word_1_765' title='bbox 918 2849 943 2872; x_wconf 85' lang='lat' dir='ltr'>in</span> <span class='ocrx_word' id='word_1_766' title='bbox 968 2848 1045 2872; x_wconf 72' lang='lat' dir='ltr'>verbis</span> <span class='ocrx_word' id='word_1_767' title='bbox 1062 2847 1199 2872; x_wconf 75' lang='lat' dir='ltr'>temeritatis</span> <span class='ocrx_word' id='word_1_768' title='bbox 1215 2849 1259 2871; x_wconf 86' lang='lat' dir='ltr'>aut</span> 
     </span>
     <span class='ocr_line' id='line_1_103' title="bbox 410 2888 1258 2919; baseline -0.002 -7"><span class='ocrx_word' id='word_1_769' title='bbox 410 2888 622 2919; x_wconf 77' lang='lat' dir='ltr'>praesumtionis),</span> <span class='ocrx_word' id='word_1_770' title='bbox 641 2895 701 2917; x_wconf 82' lang='lat' dir='ltr'>quae</span> <span class='ocrx_word' id='word_1_771' title='bbox 718 2889 787 2911; x_wconf 77' lang='lat' dir='ltr'>etiam</span> <span class='ocrx_word' id='word_1_772' title='bbox 804 2889 897 2911; x_wconf 80' lang='lat' dir='ltr'>inferius</span> <span class='ocrx_word' id='word_1_773' title='bbox 913 2891 967 2916; x_wconf 83' lang='lat' dir='ltr'>post</span> <span class='ocrx_word' id='word_1_774' title='bbox 982 2888 1069 2911; x_wconf 79' lang='lat' dir='ltr'>virtute</span> <span class='ocrx_word' id='word_1_775' title='bbox 1083 2894 1136 2910; x_wconf 89' lang='lat' dir='ltr'>cnm</span> <span class='ocrx_word' id='word_1_776' title='bbox 1154 2888 1258 2910; x_wconf 88' lang='lat' dir='ltr'>Gorrano</span> 
     </span>
     <span class='ocr_line' id='line_1_104' title="bbox 413 2927 959 2956; baseline -0.004 -5"><span class='ocrx_word' id='word_1_777' title='bbox 413 2928 477 2951; x_wconf 84' lang='lat' dir='ltr'>addit</span> <span class='ocrx_word' id='word_1_778' title='bbox 494 2934 524 2951; x_wconf 80' lang='lat' dir='ltr'>ea·</span> <span class='ocrx_word' id='word_1_779' title='bbox 542 2927 590 2950; x_wconf 86' lang='lat' dir='ltr'>alto</span> <span class='ocrx_word' id='word_1_780' title='bbox 609 2928 657 2954; x_wconf 74' lang='grc'><strong>(011.</strong></span> <span class='ocrx_word' id='word_1_781' title='bbox 675 2933 744 2955; x_wconf 86' lang='lat' dir='ltr'>snpra</span> <span class='ocrx_word' id='word_1_782' title='bbox 762 2934 785 2950; x_wconf 85' lang='lat' dir='ltr'>n.</span> <span class='ocrx_word' id='word_1_783' title='bbox 803 2927 840 2949; x_wconf 78' lang='lat'>46.</span> <span class='ocrx_word' id='word_1_784' title='bbox 857 2927 879 2949; x_wconf 91' lang='lat' dir='ltr'>in</span> <span class='ocrx_word' id='word_1_785' title='bbox 896 2927 959 2956; x_wconf 83' lang='lat' dir='ltr'>fine).</span> 
     </span>
    </p>
   </div>
   <div class='ocr_carea' id='block_1_11' title="bbox 1284 2304 1288 2950">
    <p class='ocr_par' dir='ltr' id='par_1_23' title="bbox 1284 2304 1288 2950">
     <span class='ocr_line' id='line_1_105' title="bbox 1284 2304 1288 2950; baseline 0 0"><span class='ocrx_word' id='word_1_786' title='bbox 1284 2304 1288 2950; x_wconf 95' lang='lat' dir='ltr'> </span> 
     </span>
    </p>
   </div>
   <div class='ocr_carea' id='block_1_12' title="bbox 1313 2300 2164 2917">
    <p class='ocr_par' dir='ltr' id='par_1_24' title="bbox 1314 2300 2164 2369">
     <span class='ocr_line' id='line_1_106' title="bbox 1376 2300 2164 2331; baseline -0.001 -6"><span class='ocrx_word' id='word_1_787' title='bbox 1376 2300 1386 2314; x_wconf 58' lang='grc' dir='ltr'><strong>ὅ</strong></span> <span class='ocrx_word' id='word_1_788' title='bbox 1404 2303 1515 2330; x_wconf 83' lang='lat' dir='ltr'>Vulgata:</span> <span class='ocrx_word' id='word_1_789' title='bbox 1532 2302 1593 2325; x_wconf 83' lang='lat' dir='ltr'>Dicit</span> <span class='ocrx_word' id='word_1_790' title='bbox 1609 2301 1631 2325; x_wconf 87' lang='lat' dir='ltr'>ei</span> <span class='ocrx_word' id='word_1_791' title='bbox 1647 2302 1746 2325; x_wconf 78' lang='lat' dir='ltr'>Petrus:</span> <span class='ocrx_word' id='word_1_792' title='bbox 1766 2301 1846 2329; x_wconf 80' lang='lat' dir='ltr'>Quare</span> <span class='ocrx_word' id='word_1_793' title='bbox 1863 2307 1911 2325; x_wconf 85' lang='lat' dir='ltr'>non</span> <span class='ocrx_word' id='word_1_794' title='bbox 1929 2307 2031 2331; x_wconf 78' lang='lat' dir='ltr'>possum</span> <span class='ocrx_word' id='word_1_795' title='bbox 2053 2302 2074 2324; x_wconf 78' lang='lat' dir='ltr'>te</span> <span class='ocrx_word' id='word_1_796' title='bbox 2095 2300 2164 2330; x_wconf 80' lang='lat' dir='ltr'>sequi</span> 
     </span>
     <span class='ocr_line' id='line_1_107' title="bbox 1314 2340 1893 2369; baseline -0.002 -5"><span class='ocrx_word' id='word_1_797' title='bbox 1314 2340 1404 2364; x_wconf 81' lang='lat' dir='ltr'>modo?</span> <span class='ocrx_word' id='word_1_798' title='bbox 1421 2354 1452 2358; x_wconf 92' lang='lat'>—</span> <span class='ocrx_word' id='word_1_799' title='bbox 1470 2341 1573 2364; x_wconf 85' lang='lat' dir='ltr'>Subinde</span> <span class='ocrx_word' id='word_1_800' title='bbox 1589 2342 1701 2369; x_wconf 82' lang='lat' dir='ltr'>allegatur</span> <span class='ocrx_word' id='word_1_801' title='bbox 1718 2342 1777 2364; x_wconf 80' lang='lat' dir='ltr'>loen.</span> <span class='ocrx_word' id='word_1_802' title='bbox 1797 2341 1838 2369; x_wconf 73' lang='lat'>115,</span> <span class='ocrx_word' id='word_1_803' title='bbox 1857 2341 1893 2363; x_wconf 80' lang='grc'>13.</span> 
     </span>
    </p>

    <p class='ocr_par' dir='ltr' id='par_1_25' title="bbox 1314 2378 2162 2525">
     <span class='ocr_line' id='line_1_108' title="bbox 1377 2378 2162 2409; baseline -0.001 -7"><span class='ocrx_word' id='word_1_804' title='bbox 1377 2378 1385 2391; x_wconf 95' lang='lat'>⁷</span> <span class='ocrx_word' id='word_1_805' title='bbox 1404 2380 1426 2402; x_wconf 88' lang='lat' dir='ltr'>In</span> <span class='ocrx_word' id='word_1_806' title='bbox 1445 2381 1505 2402; x_wconf 83' lang='lat' dir='ltr'>ioan.</span> <span class='ocrx_word' id='word_1_807' title='bbox 1522 2381 1608 2407; x_wconf 78' lang='lat' dir='ltr'>Evang.</span> <span class='ocrx_word' id='word_1_808' title='bbox 1627 2383 1655 2402; x_wconf 86' lang='lat' dir='ltr'>tr.</span> <span class='ocrx_word' id='word_1_809' title='bbox 1674 2380 1711 2402; x_wconf 85' lang='lat'>66.</span> <span class='ocrx_word' id='word_1_810' title='bbox 1729 2386 1752 2402; x_wconf 94' lang='lat' dir='ltr'>n.</span> <span class='ocrx_word' id='word_1_811' title='bbox 1770 2380 1796 2408; x_wconf 82' lang='grc'>1,</span> <span class='ocrx_word' id='word_1_812' title='bbox 1814 2379 1853 2402; x_wconf 92' lang='lat' dir='ltr'>ubi</span> <span class='ocrx_word' id='word_1_813' title='bbox 1870 2381 1923 2408; x_wconf 87' lang='lat' dir='ltr'>post</span> <span class='ocrx_word' id='word_1_814' title='bbox 1939 2385 1988 2402; x_wconf 84' lang='lat' dir='ltr'>non</span> <span class='ocrx_word' id='word_1_815' title='bbox 2003 2380 2071 2409; x_wconf 82' lang='lat' dir='ltr'>potes</span> <span class='ocrx_word' id='word_1_816' title='bbox 2088 2381 2162 2401; x_wconf 83' lang='lat' dir='ltr'>textus</span> 
     </span>
     <span class='ocr_line' id='line_1_109' title="bbox 1314 2417 2161 2448; baseline -0.001 -7"><span class='ocrx_word' id='word_1_817' title='bbox 1314 2419 1433 2447; x_wconf 83' lang='lat' dir='ltr'>originalis</span> <span class='ocrx_word' id='word_1_818' title='bbox 1449 2419 1526 2441; x_wconf 83' lang='lat' dir='ltr'>addit:</span> <span class='ocrx_word' id='word_1_819' title='bbox 1546 2418 1608 2446; x_wconf 70' lang='lat' dir='ltr'>Quid</span> <span class='ocrx_word' id='word_1_820' title='bbox 1624 2420 1718 2442; x_wconf 86' lang='lat' dir='ltr'>tantum</span> <span class='ocrx_word' id='word_1_821' title='bbox 1732 2418 1890 2448; x_wconf 84' lang='lat' dir='ltr'>praesumis?</span> <span class='ocrx_word' id='word_1_822' title='bbox 1909 2417 1972 2447; x_wconf 85' lang='lat' dir='ltr'>Quid</span> <span class='ocrx_word' id='word_1_823' title='bbox 1988 2417 2015 2441; x_wconf 84' lang='lat' dir='ltr'>de</span> <span class='ocrx_word' id='word_1_824' title='bbox 2032 2419 2053 2441; x_wconf 86' lang='lat' dir='ltr'>te</span> <span class='ocrx_word' id='word_1_825' title='bbox 2069 2417 2161 2441; x_wconf 78' lang='lat' dir='ltr'>sentis?</span> 
     </span>
     <span class='ocr_line' id='line_1_110' title="bbox 1314 2457 2162 2486; baseline -0.001 -6"><span class='ocrx_word' id='word_1_826' title='bbox 1314 2457 1371 2480; x_wconf 68' lang='lat' dir='ltr'>lbid.</span> <span class='ocrx_word' id='word_1_827' title='bbox 1389 2460 1424 2480; x_wconf 85' lang='lat' dir='ltr'>est</span> <span class='ocrx_word' id='word_1_828' title='bbox 1440 2464 1488 2486; x_wconf 82' lang='lat' dir='ltr'>seq.</span> <span class='ocrx_word' id='word_1_829' title='bbox 1506 2458 1583 2485; x_wconf 80' lang='lat' dir='ltr'>locus,</span> <span class='ocrx_word' id='word_1_830' title='bbox 1601 2457 1640 2480; x_wconf 89' lang='lat' dir='ltr'>ubi</span> <span class='ocrx_word' id='word_1_831' title='bbox 1659 2458 1682 2480; x_wconf 90' lang='lat' dir='ltr'>in</span> <span class='ocrx_word' id='word_1_832' title='bbox 1699 2460 1760 2480; x_wconf 83' lang='lat' dir='ltr'>textu</span> <span class='ocrx_word' id='word_1_833' title='bbox 1780 2457 1885 2485; x_wconf 78' lang='lat' dir='ltr'>originali</span> <span class='ocrx_word' id='word_1_834' title='bbox 1905 2458 1971 2485; x_wconf 89' lang='lat' dir='ltr'>plura</span> <span class='ocrx_word' id='word_1_835' title='bbox 1994 2457 2162 2479; x_wconf 84' lang='lat' dir='ltr'>interseruntur</span> 
     </span>
     <span class='ocr_line' id='line_1_111' title="bbox 1314 2500 1542 2525; baseline 0 -6"><span class='ocrx_word' id='word_1_836' title='bbox 1314 2500 1336 2520; x_wconf 91' lang='lat' dir='ltr'>et</span> <span class='ocrx_word' id='word_1_837' title='bbox 1353 2500 1542 2525; x_wconf 83' lang='lat' dir='ltr'>transponuntur.</span> 
     </span>
    </p>

    <p class='ocr_par' dir='ltr' id='par_1_26' title="bbox 1377 2534 1788 2563">
     <span class='ocr_line' id='line_1_112' title="bbox 1377 2534 1788 2563; baseline -0.002 -5"><span class='ocrx_word' id='word_1_838' title='bbox 1377 2534 1386 2547; x_wconf 79' lang='lat'>⁸</span> <span class='ocrx_word' id='word_1_839' title='bbox 1403 2537 1426 2558; x_wconf 92' lang='lat' dir='ltr'>ln</span> <span class='ocrx_word' id='word_1_840' title='bbox 1444 2536 1504 2558; x_wconf 88' lang='lat' dir='ltr'>loan.</span> <span class='ocrx_word' id='word_1_841' title='bbox 1521 2536 1608 2563; x_wconf 74' lang='lat' dir='ltr'>Evang.</span> <span class='ocrx_word' id='word_1_842' title='bbox 1626 2538 1653 2558; x_wconf 90' lang='lat' dir='ltr'>tr.</span> <span class='ocrx_word' id='word_1_843' title='bbox 1672 2536 1708 2558; x_wconf 87' lang='lat'>63.</span> <span class='ocrx_word' id='word_1_844' title='bbox 1726 2542 1749 2558; x_wconf 91' lang='grc'>11.</span> <span class='ocrx_word' id='word_1_845' title='bbox 1767 2536 1788 2557; x_wconf 89' lang='grc'><strong>2.</strong></span> 
     </span>
    </p>

    <p class='ocr_par' dir='ltr' id='par_1_27' title="bbox 1313 2573 2161 2644">
     <span class='ocr_line' id='line_1_113' title="bbox 1377 2573 2161 2604; baseline 0 -7"><span class='ocrx_word' id='word_1_846' title='bbox 1377 2573 1387 2586; x_wconf 82' lang='lat'>⁹</span> <span class='ocrx_word' id='word_1_847' title='bbox 1404 2575 1449 2597; x_wconf 79' lang='lat' dir='ltr'>Cfr.</span> <span class='ocrx_word' id='word_1_848' title='bbox 1465 2581 1536 2603; x_wconf 84' lang='lat' dir='ltr'>supra</span> <span class='ocrx_word' id='word_1_849' title='bbox 1554 2581 1576 2597; x_wconf 87' lang='lat' dir='ltr'>n.</span> <span class='ocrx_word' id='word_1_850' title='bbox 1594 2574 1630 2597; x_wconf 75' lang='lat'>44.</span> <span class='ocrx_word' id='word_1_851' title='bbox 1647 2577 1670 2597; x_wconf 83' lang='lat' dir='ltr'>et</span> <span class='ocrx_word' id='word_1_852' title='bbox 1687 2574 1723 2597; x_wconf 78' lang='lat'>45.</span> <span class='ocrx_word' id='word_1_853' title='bbox 1740 2586 1772 2591; x_wconf 94' lang='lat'>—-</span> <span class='ocrx_word' id='word_1_854' title='bbox 1788 2574 1830 2597; x_wconf 90' lang='lat' dir='ltr'>Ed.</span> <span class='ocrx_word' id='word_1_855' title='bbox 1846 2573 1871 2597; x_wconf 87' lang='lat' dir='ltr'>in</span> <span class='ocrx_word' id='word_1_856' title='bbox 1884 2573 1998 2604; x_wconf 72' lang='lat' dir='ltr'>passione</span> <span class='ocrx_word' id='word_1_857' title='bbox 2009 2575 2103 2597; x_wconf 82' lang='lat' dir='ltr'>tantum</span> <span class='ocrx_word' id='word_1_858' title='bbox 2114 2580 2161 2597; x_wconf 79' lang='lat' dir='ltr'>me-</span> 
     </span>
     <span class='ocr_line' id='line_1_114' title="bbox 1313 2613 1718 2644; baseline -0.002 -7"><span class='ocrx_word' id='word_1_859' title='bbox 1313 2613 1364 2637; x_wconf 81' lang='lat' dir='ltr'>ruit</span> <span class='ocrx_word' id='word_1_860' title='bbox 1381 2613 1524 2644; x_wconf 80' lang='lat' dir='ltr'>clarificari,</span> <span class='ocrx_word' id='word_1_861' title='bbox 1542 2615 1660 2643; x_wconf 79' lang='lat' dir='ltr'>quantam</span> <span class='ocrx_word' id='word_1_862' title='bbox 1676 2617 1718 2636; x_wconf 90' lang='lat' dir='ltr'>etc.</span> 
     </span>
    </p>

    <p class='ocr_par' dir='ltr' id='par_1_28' title="bbox 1378 2652 1535 2676">
     <span class='ocr_line' id='line_1_115' title="bbox 1378 2652 1535 2676; baseline 0 -1"><span class='ocrx_word' id='word_1_863' title='bbox 1378 2652 1398 2666; x_wconf 78' lang='lat'>¹⁰</span> <span class='ocrx_word' id='word_1_864' title='bbox 1415 2654 1481 2676; x_wconf 85' lang='lat' dir='ltr'>Vers.</span> <span class='ocrx_word' id='word_1_865' title='bbox 1498 2654 1535 2676; x_wconf 80' lang='lat'>26.</span> 
     </span>
    </p>

    <p class='ocr_par' dir='ltr' id='par_1_29' title="bbox 1378 2692 1535 2715">
     <span class='ocr_line' id='line_1_116' title="bbox 1378 2692 1535 2715; baseline 0 -1"><span class='ocrx_word' id='word_1_866' title='bbox 1378 2692 1395 2704; x_wconf 91' lang='lat'>¹¹</span> <span class='ocrx_word' id='word_1_867' title='bbox 1415 2693 1481 2715; x_wconf 86' lang='lat' dir='ltr'>Vers.</span> <span class='ocrx_word' id='word_1_868' title='bbox 1499 2693 1535 2714; x_wconf 90' lang='grc'>21.</span> 
     </span>
    </p>

    <p class='ocr_par' dir='ltr' id='par_1_30' title="bbox 1314 2729 2161 2917">
     <span class='ocr_line' id='line_1_117' title="bbox 1377 2729 2161 2759; baseline 0 -6"><span class='ocrx_word' id='word_1_869' title='bbox 1377 2729 1396 2743; x_wconf 79' lang='lat'>¹⁵¹</span> <span class='ocrx_word' id='word_1_870' title='bbox 1413 2731 1544 2759; x_wconf 81' lang='lat' dir='ltr'>Respicitur</span> <span class='ocrx_word' id='word_1_871' title='bbox 1560 2732 1615 2753; x_wconf 88' lang='lat' dir='ltr'>Luc.</span> <span class='ocrx_word' id='word_1_872' title='bbox 1632 2731 1675 2758; x_wconf 79' lang='lat'>24,</span> <span class='ocrx_word' id='word_1_873' title='bbox 1693 2731 1735 2758; x_wconf 81' lang='lat'>4⁹;</span> <span class='ocrx_word' id='word_1_874' title='bbox 1753 2731 1794 2753; x_wconf 81' lang='lat' dir='ltr'>cfr.</span> <span class='ocrx_word' id='word_1_875' title='bbox 1810 2737 1881 2759; x_wconf 85' lang='lat' dir='ltr'>supra</span> <span class='ocrx_word' id='word_1_876' title='bbox 1898 2737 1920 2753; x_wconf 90' lang='lat' dir='ltr'>n.</span> <span class='ocrx_word' id='word_1_877' title='bbox 1939 2730 1975 2753; x_wconf 73' lang='lat'>46.</span> <span class='ocrx_word' id='word_1_878' title='bbox 1988 2730 2010 2753; x_wconf 93' lang='lat' dir='ltr'>in</span> <span class='ocrx_word' id='word_1_879' title='bbox 2021 2730 2075 2753; x_wconf 86' lang='lat' dir='ltr'>fine.</span> <span class='ocrx_word' id='word_1_880' title='bbox 2086 2730 2161 2753; x_wconf 85' lang='lat' dir='ltr'>—De</span> 
     </span>
     <span class='ocr_line' id='line_1_118' title="bbox 1314 2769 2160 2801; baseline -0.001 -9"><span class='ocrx_word' id='word_1_881' title='bbox 1314 2770 1460 2792; x_wconf 87' lang='lat' dir='ltr'>distinctione</span> <span class='ocrx_word' id='word_1_882' title='bbox 1473 2769 1636 2799; x_wconf 71' lang='lat' dir='ltr'>possibilitatis</span> <span class='ocrx_word' id='word_1_883' title='bbox 1654 2772 1676 2792; x_wconf 90' lang='lat' dir='ltr'>et</span> <span class='ocrx_word' id='word_1_884' title='bbox 1689 2769 1813 2799; x_wconf 82' lang='lat' dir='ltr'>potestatis</span> <span class='ocrx_word' id='word_1_885' title='bbox 1832 2769 1887 2792; x_wconf 87' lang='lat' dir='ltr'>vide</span> <span class='ocrx_word' id='word_1_886' title='bbox 1908 2775 1979 2797; x_wconf 92' lang='lat' dir='ltr'>supra</span> <span class='ocrx_word' id='word_1_887' title='bbox 2000 2775 2021 2792; x_wconf 91' lang='lat' dir='ltr'>c.</span> <span class='ocrx_word' id='word_1_888' title='bbox 2039 2769 2059 2791; x_wconf 95' lang='grc'>1.</span> <span class='ocrx_word' id='word_1_889' title='bbox 2077 2775 2098 2801; x_wconf 81' lang='lat' dir='ltr'>n.</span> <span class='ocrx_word' id='word_1_890' title='bbox 2117 2769 2160 2796; x_wconf 84' lang='grc'>32,</span> 
     </span>
     <span class='ocr_line' id='line_1_119' title="bbox 1314 2808 2160 2837; baseline -0.001 -6"><span class='ocrx_word' id='word_1_891' title='bbox 1314 2808 1355 2831; x_wconf 92' lang='lat' dir='ltr'>uhi</span> <span class='ocrx_word' id='word_1_892' title='bbox 1372 2809 1441 2831; x_wconf 85' lang='lat' dir='ltr'>etiam</span> <span class='ocrx_word' id='word_1_893' title='bbox 1458 2810 1585 2831; x_wconf 80' lang='lat' dir='ltr'>afferuntur</span> <span class='ocrx_word' id='word_1_894' title='bbox 1602 2808 1674 2831; x_wconf 83' lang='lat' dir='ltr'>verba</span> <span class='ocrx_word' id='word_1_895' title='bbox 1691 2808 1801 2837; x_wconf 82' lang='lat' dir='ltr'>August.,</span> <span class='ocrx_word' id='word_1_896' title='bbox 1817 2814 1878 2837; x_wconf 84' lang='lat' dir='ltr'>quae</span> <span class='ocrx_word' id='word_1_897' title='bbox 1894 2808 1931 2830; x_wconf 89' lang='grc'><strong>1110</strong></span> <span class='ocrx_word' id='word_1_898' title='bbox 1950 2808 2112 2836; x_wconf 85' lang='lat' dir='ltr'>respiciuntur.</span> <span class='ocrx_word' id='word_1_899' title='bbox 2129 2819 2160 2824; x_wconf 98' lang='lat'><strong>—</strong></span> 
     </span>
     <span class='ocr_line' id='line_1_120' title="bbox 1315 2846 2159 2877; baseline -0.001 -7"><span class='ocrx_word' id='word_1_900' title='bbox 1315 2848 1426 2876; x_wconf 83' lang='lat' dir='ltr'>Superius</span> <span class='ocrx_word' id='word_1_901' title='bbox 1438 2851 1490 2876; x_wconf 88' lang='lat' dir='ltr'>post</span> <span class='ocrx_word' id='word_1_902' title='bbox 1498 2847 1679 2877; x_wconf 83' lang='lat' dir='ltr'>possibilitatem</span> <span class='ocrx_word' id='word_1_903' title='bbox 1690 2848 1726 2870; x_wconf 86' lang='lat' dir='ltr'>ed.</span> <span class='ocrx_word' id='word_1_904' title='bbox 1739 2848 1804 2870; x_wconf 90' lang='lat' dir='ltr'>addit</span> <span class='ocrx_word' id='word_1_905' title='bbox 1820 2847 1982 2877; x_wconf 77' lang='lat' dir='ltr'>imperfectam</span> <span class='ocrx_word' id='word_1_906' title='bbox 1993 2848 2015 2870; x_wconf 81' lang='lat' dir='ltr'>et</span> <span class='ocrx_word' id='word_1_907' title='bbox 2027 2846 2159 2877; x_wconf 81' lang='lat' dir='ltr'>passivam,</span> 
     </span>
     <span class='ocr_line' id='line_1_121' title="bbox 1314 2886 2048 2917; baseline -0.001 -7"><span class='ocrx_word' id='word_1_908' title='bbox 1314 2891 1337 2910; x_wconf 83' lang='lat' dir='ltr'>et</span> <span class='ocrx_word' id='word_1_909' title='bbox 1353 2887 1452 2909; x_wconf 85' lang='lat' dir='ltr'>vocibus</span> <span class='ocrx_word' id='word_1_910' title='bbox 1467 2889 1606 2917; x_wconf 80' lang='lat' dir='ltr'>potestatem</span> <span class='ocrx_word' id='word_1_911' title='bbox 1622 2886 1726 2910; x_wconf 87' lang='lat' dir='ltr'>activam</span> <span class='ocrx_word' id='word_1_912' title='bbox 1743 2887 1857 2910; x_wconf 86' lang='lat' dir='ltr'>interserit</span> <span class='ocrx_word' id='word_1_913' title='bbox 1870 2886 2002 2917; x_wconf 80' lang='lat' dir='ltr'>perfectam</span> <span class='ocrx_word' id='word_1_914' title='bbox 2019 2887 2048 2909; x_wconf 87' lang='lat' dir='ltr'>et.</span> 
     </span>
    </p>
   </div>
   <div class='ocr_carea' id='block_1_13' title="bbox 2178 1072 2263 1097">
    <p class='ocr_par' dir='ltr' id='par_1_31' title="bbox 2178 1072 2263 1097">
     <span class='ocr_line' id='line_1_122' title="bbox 2178 1072 2263 1097; baseline 0 -6"><span class='ocrx_word' id='word_1_915' title='bbox 2178 1072 2235 1097; x_wconf 77' lang='lat' dir='ltr'>Rosp.</span> <span class='ocrx_word' id='word_1_916' title='bbox 2247 1072 2263 1092; x_wconf 81' lang='grc'>1.</span> 
     </span>
    </p>
   </div>
   <div class='ocr_carea' id='block_1_14' title="bbox 2183 1212 2275 1239">
    <p class='ocr_par' dir='ltr' id='par_1_32' title="bbox 2183 1212 2275 1239">
     <span class='ocr_line' id='line_1_123' title="bbox 2183 1212 2275 1239; baseline 0 -8"><span class='ocrx_word' id='word_1_917' title='bbox 2183 1212 2238 1237; x_wconf 76' lang='lat' dir='ltr'>Rusp.</span> <span class='ocrx_word' id='word_1_918' title='bbox 2249 1212 2267 1232; x_wconf 67' lang='lat'>2:</span> <span class='ocrx_word' id='word_1_919' title='bbox 2274 1230 2275 1239; x_wconf 28' lang='lat'>¹</span> 
     </span>
    </p>
   </div>
  </div>
 </body>
</html>
