2296 3316
422 189 476 216 596

499 264 524 293 3.
547 264 629 297 Nota,
651 262 725 299 quod
751 264 874 290 meretur
902 260 964 297 quis
985 258 1103 287 exaltari
1132 266 1181 294 per
1203 257 1263 286 tria.

420 312 492 341 Solet
513 311 585 340 enim
613 309 729 338 exaltari
757 316 877 340 seruus,
899 306 965 343 quia
995 308 1036 334 est
1064 304 1210 342 officiosus
1238 304 1265 331 in

419 359 515 392 domo;
535 357 603 386 solet
624 355 741 385 exaltari
756 354 885 387 amicus,
908 353 973 390 quia
987 355 1028 381 est
1048 350 1213 389 familiaris
1238 350 1265 378 iu

421 405 548 438 consili03
571 403 640 432 solet
661 402 743 431 etiam
764 399 881 429 exaltari
902 399 1001 432 miles,
1024 397 1135 435 quando
1158 396 1266 434 proba-

422 457 468 481 ms
488 455 529 480 est
551 451 578 479 in
599 449 712 487 proelio.
735 448 787 477 Ista
809 447 862 475 tria
883 454 984 483 genera
1012 444 1156 474 hominum
1179 443 1267 472 solent

421 506 499 535 reges
520 497 659 530 exaltare,
682 495 808 523 videlicet
828 493 923 522 fideles
937 500 1045 526 servos,
1067 491 1169 520 amicos
1190 489 1267 518 fami-

422 546 502 574 liares
522 547 549 573 et
563 543 693 580 probatos
714 541 826 570 milites:
842 540 946 577 primos
964 541 1078 576 propter
1093 545 1176 566 suum
1191 536 1267 565 obse-

421 592 539 631 quium,
568 590 703 619 secundos
724 591 837 625 propter
866 594 948 615 suum
970 585 1141 618 consiliam,
1172 583 1268 612 tertios

423 640 534 676 propter
556 645 635 666 suam
656 635 868 673 fortitudinem.

499 686 525 714 [ι.
548 685 615 713 Nota
636 683 734 721 igitur,
756 681 830 719 quod
851 680 941 709 actiui
961 679 1175 711 exaltabuntur,
1197 677 1269 706 sicut

423 733 504 766 servi,
516 732 622 760 ratione
633 729 762 768 obsequii
765 739 775 762 ,·
784 728 867 757 Isaiae
875 725 1105 765 quinquagesimo
1117 724 1237 753 secundo
1247 724 1269 751 ¹:

428 791 441 805 α
455 780 535 813 Ecce,
556 786 654 807 servus
675 784 755 806 meus
776 775 909 811 intelliget
929 776 956 803 et
977 772 1146 802 exaltabitur
1167 775 1195 800 et
1215 771 1269 800 ele—

424 827 534 856 vabitur
555 829 581 855 et
612 824 738 854 sublimis
759 823 813 852 erit
839 822 917 851 valde
935 832 966 855 »3
988 819 1116 849 Matthaei
1138 819 1270 856 vigesimo

423 874 535 911 quinto:
553 885 565 897 α
578 873 661 909 Euge,
676 878 756 900 serve
770 870 841 899 bone
855 873 882 898 et
898 868 993 902 fidelis,
1009 867 1075 904 quia
1086 874 1171 904 super
1183 873 1270 903 pauca

424 921 499 949 suisti
520 919 608 948 fidelis
619 930 632 943 »
655 921 706 947 etc.
722 934 760 938 -—
776 917 940 945 Exaltantur
961 915 1058 948 amici,
1080 913 1183 942 scilicet
1205 921 1270 941 con-

425 966 596 1004 templativi,
618 967 732 1002 propter
754 971 831 992 suam
847 961 1041 1000 supientiam;
1057 959 1270 989 Proverbiorum

424 1016 538 1051 quarto:
567 1024 579 1038 «
595 1012 690 1048 Arripe
711 1010 887 1048 sapientiam,
909 1013 936 1038 et
957 1008 1092 1037 exaltabit
1107 1011 1145 1042 te,
1167 1010 1194 1036 et
1214 1007 1272 1043 glo-

426 1059 577 1089 rificaberis
597 1059 632 1087 ab
657 1066 704 1092 ea,
726 1065 790 1086 eum
815 1065 875 1085 eam
897 1056 983 1085 fueris
1003 1055 1180 1092 amplexatus
1196 1065 1221 1081 2».
1234 1069 1271 1074 -—

280 1113 307 1132 De
321 1111 416 1137 perfecus.
425 1107 589 1136 Exaltantur
597 1104 727 1143 perfecti,
736 1105 808 1133 sicut
819 1104 964 1140 Martyres,
976 1102 1056 1140 quasi
1066 1104 1182 1138 propter
1193 1108 1271 1129 suam

424 1154 578 1187 militiam,
600 1151 753 1181 secundum
768 1150 836 1179 illud
852 1149 951 1178 Psalmi
963 1149 987 1177 2:
1015 1160 1028 1174 (ι
1042 1149 1081 1177 De
1104 1150 1227 1176 torrente
1245 1147 1273 1175 in

427 1202 468 1230 via
482 1200 566 1233 bibet,
582 1202 729 1237 propterea
743 1197 876 1227 exaltabit
891 1199 1008 1233 caput».
1019 1212 1054 1216 —
1064 1195 1200 1224 Omnibus
1214 1194 1273 1223 istis

425 1248 526 1277 dicitur
548 1246 653 1283 primae
679 1244 749 1274 Petri
772 1244 883 1281 quinto:
909 1255 921 1268 «
936 1242 1124 1271 Humiliamini
1149 1241 1202 1270 sub
1226 1249 1274 1277 po-

428 1295 493 1324 tenti
504 1302 588 1323 manu
600 1293 657 1327 Dei,
670 1295 700 1321 ut
712 1300 761 1321 vos
772 1291 876 1320 exaltet
891 1291 918 1319 in
934 1293 1058 1327 tempore
1072 1288 1272 1318 visitationis».

506 1342 531 1370 5.
554 1340 685 1378 Sequitur
706 1339 740 1368 de
761 1338 928 1368 exaltatione
944 1336 1070 1366 hominis
1090 1336 1180 1369 mali,
1203 1342 1275 1372 quae

427 1388 574 1425 multiplex
595 1390 644 1416 est.
678 1386 842 1414 Exaltantur
873 1384 946 1413 enim
969 1384 1033 1412 mali
1058 1383 1086 1411 in
1118 1382 1205 1411 corde
1226 1389 1274 1418 per

427 1435 586 1472 superbiam
603 1450 639 1455 -—
655 1434 681 1462 in
703 1441 752 1461 ore
774 1440 823 1470 per
845 1432 1002 1460 iactantiam
1017 1447 1053 1451 —
1070 1430 1097 1459 in
1121 1437 1275 1458 eonversa-

429 1482 503 1511 tz'one
524 1489 573 1518 per
594 1488 731 1517 pompam.
748 1495 784 1500 —-
801 1479 965 1507 Exaltantur
987 1485 1053 1514 ergo
1074 1477 1102 1505 in
1124 1475 1206 1505 corde
1226 1483 1275 1512 per

427 1528 610 1566 superbiam,
633 1526 706 1564 quod
722 1526 887 1563 prohibetur
909 1525 937 1553 in
952 1524 1096 1553 Psalm0³z
1123 1535 1136 1548 (ι
1152 1523 1203 1560 Qui
1225 1530 1275 1551 ex-

428 1579 557 1612 asperant
577 1582 631 1603 non
652 1574 813 1602 exaltentur
835 1572 862 1600 in
885 1571 1039 1608 semetipsis
1059 1581 1091 1605 »3
1114 1573 1141 1599 et
1163 1570 1208 1599 lob
1229 1569 1275 1598 de-

429 1623 499 1651 cimo
527 1621 639 1659 quinto:
666 1632 679 1645 «
695 1619 766 1656 Quid
791 1622 817 1648 te
838 1619 927 1647 elevat
954 1626 1002 1647 cor
1030 1621 1127 1651 tuum,
1149 1620 1176 1646 et
1197 1616 1276 1654 quasi

318 1674 410 1693 Secundo·
428 1676 527 1706 magna
542 1667 664 1704 cogitans
681 1666 811 1695 attonitos
826 1665 912 1694 habes
932 1665 1028 1693 oculos
1042 1676 1056 1690 »
1070 1667 1081 1692 ?
1096 1680 1133 1685 -—-
1150 1664 1278 1693 Exaltant

428 1724 457 1745 se
478 1716 506 1744 in
527 1723 575 1744 ore
596 1723 645 1751 per
667 1713 860 1747 iactantiam,
883 1712 955 1741 sicut
976 1712 1021 1741 ille
1042 1711 1222 1745 Pharisaeus,
1244 1710 1278 1739 de

429 1772 484 1801 quo
504 1762 606 1791 dicitur
622 1762 710 1790 Lucae
725 1760 831 1789 decimo
851 1762 962 1788 octavo:
990 1770 1003 1784 α
1018 1759 1088 1795 Quia
1108 1758 1210 1792 omnis,
1230 1758 1277 1795 qui

430 1818 459 1840 se
480 1809 600 1843 exaltat,
616 1807 810 1837 humiliabitur
825 1819 851 1835 n.
869 1806 987 1835 lactabat
1007 1806 1081 1835 enim
1102 1813 1131 1834 se
1145 1805 1179 1834 de
1200 1805 1279 1834 bonis

431 1858 497 1887 suis.
524 1873 560 1877 —
586 1856 750 1884 Exaltantur
774 1854 803 1883 in
824 1853 1031 1883 conversatione
1052 1860 1101 1889 per
1120 1860 1278 1889 pompam,

431 1905 494 1934 licet
514 1912 569 1932 non
600 1903 663 1937 diu;
692 1902 765 1931 unde
796 1901 824 1930 in
852 1901 973 1929 Psalmo:
1000 1911 1013 1925 «
1038 1899 1142 1928 Inimici
1171 1899 1279 1928 Domini

431 1959 511 1984 mox,
533 1952 565 1978 ut
585 1948 758 1978 honorificati
781 1947 885 1977 fuerint
909 1950 936 1976 et
957 1947 1084 1981 exaltati,
1105 1945 1279 1979 deficientes,

431 1996 664 2035 quemadmodum
687 1996 781 2024 fumus
801 1994 929 2023 deficient
943 2006 969 2021 ».

511 2045 536 2073 6.
563 2043 636 2072 Talis
664 2042 795 2072 exaltatio
823 2041 952 2078 fugienda
980 2044 1036 2075 est,
1065 2041 1131 2077 quia
1157 2040 1281 2078 ignomi-

433 2091 534 2125 niosa,
555 2093 759 2118 momentanea
779 2091 806 2117 et
824 2087 1001 2125 periculosa.
1015 2104 1052 2107 —
1064 2087 1280 2124 Iynomz‘nz'osa,

432 2139 512 2176 quia,
534 2140 639 2175 quanto
666 2136 754 2173 magis
775 2136 948 2169 exaltantur,
971 2138 1046 2163 tanto
1074 2134 1162 2171 magis
1183 2142 1281 2163 eorum

431 2185 547 2214 crimina
568 2183 742 2221 conspectius
762 2182 905 2216 videntur,
927 2181 1079 2211 secundum
1095 2181 1201 2210 illud4:

283 320 403 346 Exallationis

276 345 362 366 meritum
372 345 404 361 tri-

277 371 326 394 ples.

292 740 319 758 Do
332 738 404 758 activis.

288 927 314 945 De
326 928 407 945 contem-

308 949 389 973 plativis.

289 1395 341 1416 Item,
355 1394 410 1412 homo

282 1418 342 1436 malus
352 1417 411 1441 tripli·

282 1442 336 1460 citer.

338 1487 409 1506 Primo.

344 1861 414 1880 Tertio.

345 2084 396 2103 Haec

320 2107 415 2131 fugienda.

329 2131 384 2150 Ratio
397 2131 414 2149 :¹l.

528 2263 602 2285 Omne
619 2262 689 2284 animi
707 2261 789 2284 vitium
808 2264 869 2283 tanto
886 2260 1032 2288 conspectius
1050 2260 1071 2282 in
1088 2266 1113 2282 se

527 2301 620 2325 Crimen
638 2300 718 2327 habet,
736 2303 822 2329 quanto
840 2299 913 2321 maior
930 2299 970 2328 qui
988 2301 1068 2327 peceat
1082 2298 1188 2321 nabetur.

435 2372 598 2409 Exemplum
623 2371 657 2400 de
684 2371 778 2404 simia,
804 2378 891 2407 quae,
923 2372 1027 2406 quanto
1054 2369 1118 2405 plus
1145 2368 1282 2402 aseendit,

434 2422 510 2448 tanto
530 2419 594 2456 plus
614 2421 748 2455 apparent
776 2416 931 2454 posteriora
952 2416 1020 2445 eius.
1050 2415 1081 2443 Et
1103 2415 1155 2443 hoc
1184 2415 1284 2452 proba-

436 2469 494 2500 tur,
516 2466 599 2495 Isaiae
625 2465 731 2494 decimo
751 2466 852 2501 quarto
864 2463 884 2497 ⁵,
905 2463 939 2492 de
966 2462 1094 2496 lucifero,
1119 2462 1167 2499 qui
1195 2461 1282 2490 dixit:

871 181 1096 211 COLLATIONES
1118 181 1149 209 IN
1172 179 1316 208 lOANNEM
1339 179 1406 207 CAP.
1430 179 1482 207 xll.
1505 178 1598 206 COLL.
1621 178 1717 206 XLVII.

1326 268 1340 282 α
1365 256 1564 290 Conscendam,
1596 264 1680 292 super
1708 259 1783 285 astra
1814 256 1881 285 caeli
1912 256 2040 285 exaltabo
2071 255 2171 285 solium

1323 311 1416 332 meum
1432 314 1445 327 ι»
1470 306 1538 336 etc.;
1554 305 1581 331 et
1602 303 1729 339 sequitur
1751 302 1859 337 statim,
1880 302 2018 340 quomodo
2035 310 2171 339 apparue-

1323 352 1390 378 runt
1404 349 1558 386 posteriora
1579 349 1647 378 eius.
1664 365 1700 370 —
1716 350 1782 378 Item
1798 353 2012 384 momentanea,
2033 349 2100 387 quia
2117 357 2172 378 non
2189 355 2267 376 nanu.

1324 396 1407 425 habet
1428 396 1647 433 permanentiam
1668 396 1822 426 secundum
1843 396 1954 425 illud⁶:

1445 475 1533 497 lnvidia
1550 475 1649 497 sutorum
1667 475 1756 497 flumini
1773 474 1919 503 summisque
1937 476 2047 502 negatum

1445 513 1510 536 Stare
1526 513 1574 536 diu.

1404 584 1436 612 Et
1468 583 1528 612 ideo
1559 583 1661 612 dicitur
1693 583 1721 612 in
1757 583 1882 611 Psalmo:
1922 594 1936 607 <r
1957 582 2017 611 Vidi
2056 582 2172 620 impium

1327 631 1464 660 elevatum
1493 633 1521 659 et
1548 630 1789 667 superexaltatum
1817 629 1889 658 sicut
1916 629 2013 658 cedros
2033 629 2173 663 Libani»;

2274 479 2288 524 ‹3›
2277 453 2282 459 2
2270 418 2287 433 μ)

1326 680 1353 706 et
1375 677 1468 706 statim
1489 677 1637 714 sequitur:
1664 688 1677 702 α
1692 676 1831 711 Tiansivi,
1853 679 1881 705 et
1901 683 1978 710 ecce,
1999 683 2054 704 non
2075 677 2173 705 erat».
2269 675 2290 704 ,ἲ

1328 724 1493 761 Exemplum
1521 723 1554 752 de
1586 723 1678 757 fumo,
1707 723 1755 760 qui
1786 725 1891 760 quanto
1922 722 2008 760 magis
2036 722 2174 756 ascendit,

1327 773 1403 799 tanto
1438 770 1526 807 magis
1556 770 1726 807 dispergitur
1758 772 1785 798 et
1812 769 1972 804 evanescit;
2000 769 2075 798 unde
2102 769 2175 798 Psal-

1327 826 1405 846 mus:
1432 829 1446 843 «
1460 818 1523 846 Mox
1545 820 1576 846 ut
1598 816 1772 846 honorificati
1793 816 1897 845 suerint
1924 819 1951 845 et
1979 815 2108 850 exaltati,
2130 815 2176 844 de-

1327 865 1468 898 ficientes,
1491 864 1725 902 quemadmodum
1747 864 1842 893 fumus
1862 863 2030 892 deficient».
2046 880 2085 884 —
2101 863 2176 898 ltem,
2194 868 2248 888 Ratio
2259 869 2274 889 ³.

1324 912 1507 949 periculosa,
1528 911 1595 948 quia
1615 911 1654 939 sic
1682 911 1796 940 exaltati
1817 910 1989 939 descendunt
2009 918 2073 939 cum
2098 917 2177 947 prae-

1327 959 1436 996 cipitio,
1451 958 1605 988 secundum
1626 958 1701 995 quod
1714 957 1856 987 descendit
1876 957 1983 991 lucifer,
2001 957 2050 994 qui
2070 956 2177 986 dixit⁷:

1333 1018 1347 1031 «
1361 1006 1495 1034 Exaltabo
1510 1005 1609 1042 solium
1625 1013 1720 1034 meum
1735 1015 1765 1039 »3
1788 1007 1815 1033 et
1839 1004 1931 1033 statim
1952 1004 2057 1033 dictum
2082 1006 2123 1033 est
2137 1004 2177 1033 ei:

1329 1061 1419 1091 usque
1444 1064 1457 1078 «
1476 1053 1510 1081 ad
1540 1052 1680 1081 infernum
1706 1051 1863 1081 detraheris
1884 1062 1915 1086 »ς
1948 1051 2048 1080 Abdiae
2072 1051 2177 1088 primo:

1333 1112 1347 1125 «
1362 1100 1388 1129 Si
1411 1100 1550 1129 exaltatus
1564 1099 1651 1128 fueris
1672 1101 1704 1128 ut
1718 1098 1827 1136 aquila,
1848 1101 1875 1127 et
1896 1098 1918 1127 si
1933 1098 2006 1127 inter
2026 1098 2117 1127 sidera
2131 1106 2179 1135 po-

1330 1148 1420 1177 sueris
1435 1147 1530 1176 nidum
1553 1150 1649 1181 tuum;
1664 1146 1727 1175 inde
1741 1146 1886 1175 detraham
1901 1148 1928 1175 te
1939 1156 1970 1180 »;
1985 1148 2013 1175 et
2030 1145 2058 1174 in
2080 1145 2126 1174 Iob
2140 1145 2180 1174 di-

1330 1195 1404 1224 eitur
1425 1194 1452 1223 in
1474 1202 1592 1231 persona
1613 1193 1726 1222 talium:
1753 1204 1767 1218 «
1783 1192 1898 1222 Elevasti
1912 1200 1970 1227 me,
1985 1194 2013 1221 et
2033 1192 2112 1230 quasi
2134 1200 2180 1221 su-

1330 1249 1380 1279 per
1402 1245 1516 1270 ventum
1538 1248 1654 1278 ponens,
1676 1240 1771 1269 elisisti
1793 1247 1837 1268 me
1858 1239 1947 1268 valide
1966 1251 1992 1267 ».
2016 1239 2180 1276 Exemplum

1330 1289 1365 1317 de
1386 1289 1486 1323 stulto,
1513 1288 1561 1325 qui
1582 1288 1669 1321 dixit,
1690 1287 1765 1324 quod
1786 1287 1890 1316 honum
1918 1289 1979 1316 erat
1999 1287 2108 1321 volare,
2134 1286 2181 1316 sed

1331 1335 1473 1365 occidebat
1493 1343 1558 1364 eum
1579 1334 1701 1363 residere
1712 1334 1732 1362 ⁸.

1665 1421 1793 1443 ΑΝΝοτΑτιο
1811 1420 1848 1443 48.

1412 1500 1501 1537 (Vers.
1527 1500 1595 1533 24).
1619 1498 1686 1527 Nisi
1705 1508 1837 1537 granum
1858 1497 2003 1536 frumenti
2023 1499 2130 1528 cadens
2152 1498 2182 1527 in

1333 1551 1446 1576 terram
1467 1550 1618 1575 mortuum
1639 1545 1749 1583 fuerit,
1771 1546 1868 1583 ipsum
1889 1545 1985 1574 solum
2011 1549 2111 1574 manet
2130 1548 2181 1574 etc.

1413 1593 1532 1631 Require
1554 1601 1640 1630 supra
1660 1593 1807 1622 undecimo
1819 1593 1847 1627 ⁹,
1869 1592 1903 1622 de
1920 1595 2010 1621 morte
2031 1592 2143 1630 gratiae.

1668 1680 1797 1702 ΑΝΝοτΑτιο
1816 1678 1851 1701 49.

1415 1759 1504 1795 (Vers.
1537 1759 1605 1794 25).
1639 1758 1698 1793 Qui
1727 1761 1812 1786 amat
1842 1757 1976 1786 (mimam
2007 1765 2095 1786 suam
2117 1766 2184 1794 per-

1337 1805 1383 1834 det
1403 1814 1475 1834 eam.

1415 1852 1496 1886 Nota,
1518 1852 1592 1889 quod
1613 1852 1718 1880 anima
1738 1851 1887 1889 aliquando
1900 1851 2036 1889 accipitur
2057 1859 2108 1889 pro
2129 1851 2186 1879 vita

1337 1899 1490 1932 naturali;
1512 1898 1619 1927 loannis
1640 1898 1746 1927 decimo
1759 1898 1796 1926 ¹⁰:
1824 1909 1838 1924 «
1852 1898 1974 1927 Animam
2003 1906 2093 1928 meam
2113 1906 2186 1936 pono
2202 1901 2257 1920 citer·

1337 1955 1388 1983 pro
1409 1946 1508 1975 ovibus
1529 1946 1598 1975 meis
1610 1958 1635 1974 n.
1653 1962 1689 1967 -
1705 1946 1857 1983 Aliquando
1876 1954 1927 1982 pro
1948 1945 2005 1974 vita
2018 1945 2186 1983 spirituali,-

1337 1994 1411 2022 unde
1432 1993 1459 2022 in
1482 1994 1603 2022 Psalmo:
1631 2005 1644 2018 «
1659 1993 1710 2030 Qui
1732 1993 1821 2030 diligit
1841 1993 2015 2030 iniquitatem
2040 1993 2098 2022 odit
2127 1992 2186 2021 ani-

1338 2049 1411 2069 mam
1434 2048 1512 2069 suam
1526 2052 1551 2067 ».
1569 2056 1605 2060 -
1621 2039 1773 2077 Aliquando
1788 2048 1839 2076 pro
1854 2039 1910 2068 vita
1924 2039 2044 2068 carnali
2056 2040 2114 2068 sive
2128 2039 2186 2068 ani-

1338 2087 1418 2121 mali;
1443 2087 1623 2116 Ecclesiastici
1644 2087 1750 2116 decimo
1771 2089 1883 2115 octavo:
1909 2097 1922 2111 «
1935 2086 1961 2114 Si
1983 2089 2107 2123 praestes
2128 2086 2186 2115 ani-

1338 2142 1399 2163 mae
1421 2139 1484 2163 tuae
1506 2134 1743 2170 concupiscentias
1764 2134 1838 2168 eius,
1860 2133 1941 2162 faciet
1962 2135 1988 2162 te
2003 2133 2031 2161 in
2053 2132 2186 2170 gaudium

1339 2181 1457 2210 inimicis
1477 2181 1533 2210 tuis
1548 2192 1575 2215 »3
1597 2184 1624 2210 et
1647 2181 1707 2209 hic:
1731 2181 1789 2216 Qui
1802 2183 1886 2209 amat
1906 2180 2041 2209 ammam
2055 2183 2106 2209 etc.

2202 1853 2270 1873 Anima
2280 1858 2290 1872 a

1674 2283 1802 2305 ΑΝκοτΑτιο
1819 2283 1856 2305 50.

1420 2368 1508 2401 (Vers.
1532 2368 1599 2403 28).
1630 2367 1707 2396 Vem't
1728 2375 1797 2404 erqo
1818 2376 1874 2396 vox
1895 2367 1929 2395 de
1950 2367 2036 2396 eaelo.

1419 2415 1502 2449 Nota,
1524 2414 1598 2452 quod
1622 2423 1675 2443 vox
1708 2415 1795 2443 Patris
1826 2417 1869 2443 ter
1900 2414 1952 2443 fuit
1979 2414 2073 2443 audita
2102 2421 2186 2451 super

1340 2461 1495 2495 Christum,
1524 2461 1626 2490 scilicet
1656 2461 1684 2489 in
1713 2460 1871 2498 baptismo,
1900 2461 2028 2490 Matthaei
2050 2461 2185 2495 tertio¹¹;

2211 2417 2252 2435 Vox
2265 2417 2296 2435 Pat

2214 2442 2242 2459 tei·
2254 2439 2296 2459 audi

498 2622 504 2634 ¹
525 2623 589 2645 Vers.
610 2623 644 2644 13.
661 2635 692 2639 -
709 2623 759 2644 Duo
784 2628 849 2650 seqq.
872 2621 915 2644 loci
940 2623 993 2643 sunt
1018 2621 1094 2643 Matth.
1113 2621 1155 2648 25,
1173 2620 1210 2642 2l.
1231 2620 1280 2649 (cfr.

435 2668 459 2683 v.
476 2662 522 2690 23.)
540 2665 562 2684 et
579 2662 646 2684 Pron
664 2661 690 2688 4,
708 2662 728 2683 8.

497 2700 507 2715 ²
524 2701 606 2723 Psalm.
627 2700 682 2727 109,
699 2700 723 2722 7.
742 2712 773 2716 —
791 2700 900 2728 Sequitur
924 2700 937 2721 l.
956 2700 1014 2721 Petr.
1032 2699 1059 2725 5,
1077 2699 1099 2721 6.
1116 2711 1146 2715 -
1170 2698 1281 2726 Superius

436 2742 488 2767 post
496 2739 596 2769 perfecti
611 2739 627 2762 C
644 2739 708 2762 addit
724 2743 746 2762 et
759 2738 856 2770 probati
866 2738 963 2766 milites,
976 2740 998 2761 et
1010 2738 1143 2760 immediate
1160 2740 1212 2765 post
1228 2737 1282 2759 sub-

436 2778 507 2801 stituit
523 2777 548 2800 z‘d
563 2779 596 2801 est
613 2784 655 2806 pro
672 2777 742 2801 sicut.

498 2814 508 2828 ³
524 2817 606 2839 Psalm.
625 2816 667 2843 65,
684 2816 706 2838 7.
722 2828 754 2833 —
771 2817 828 2839 Tres
845 2822 910 2845 seqq.
928 2816 971 2838 loci
988 2818 1041 2838 sunt
1058 2815 1151 2843 1012115,
1167 2816 1208 2843 123
1227 2816 1282 2837 Luc.

441 2856 479 2883 18,
498 2855 740 2883 =14.etr>s.3e‚20.

499 2894 509 2907 ⁴
527 2895 634 2923 lux-enai„
652 2895 732 2922 Satyra
750 2895 772 2917 8,
788 2900 812 2916 v.
830 2894 883 2917 140,
900 2900 949 2923 seq.

499 2933 509 2946 ⁵
527 2934 592 2957 Vers.
611 2935 646 2956 13,
665 2934 721 2956 lbid.
739 2940 763 2956 v.
781 2934 818 2956 15.
834 2940 913 2963 seqq:
932 2935 1096 2956 Verumtamen
1115 2934 1144 2956 ad
1167 2933 1281 2955 infernum

438 2973 565 2996 detraheris
581 2973 603 2995 in
621 2973 762 2999 profundum
784 2973 834 2995 laci.
852 2973 895 3000 Qui
918 2976 940 2995 te
964 2973 1064 2996 viderint
1089 2973 1117 2995 ad
1143 2975 1164 2995 te
1189 2972 1283 2995 inclina-

1339 2619 1424 2642 buntur
1442 2623 1511 2648 teque
1528 2619 1682 2647 prospicient:
1695 2619 1803 2648 Nunquid
1823 2619 1864 2641 iste
1881 2621 1915 2641 est
1931 2618 1975 2647 vir,
1986 2618 2027 2647 qui
2039 2617 2186 2641 conturbavit

1338 2662 1422 2681 terram
1440 2662 1483 2681 etc.

1401 2696 1411 2709 ⁰
1430 2697 1543 2720 Videntur
1567 2703 1617 2719 esse
1639 2703 1721 2719 versus
1746 2697 1860 2726 sequioris
1885 2696 1972 2719 aetatis.
1994 2708 2027 2712 0-
2053 2696 2186 2725 Sequuntur

1339 2737 1374 2759 Ps.
1392 2737 1435 2764 36,
1453 2737 1490 2759 35.
1509 2743 1557 2765 seq.
1575 2738 1598 2759 et
1614 2736 1657 2763 36,
1676 2737 1714 2758 20.

1401 2774 1409 2787 ⁷
1428 2775 1476 2797 lsai.
1491 2775 1527 2799 14.
1541 2776 1577 2798 13.
1590 2778 1612 2797 et
1624 2775 1660 2798 ⁴5.
1672 2788 1702 2791 —
1712 2776 1845 2804 Sequuntur
1853 2775 1942 2798 Abdiae
1952 2775 1972 2803 1,
1986 2774 2006 2797 4.
2018 2778 2039 2797 et
2052 2773 2091 2797 lob
2102 2774 2139 2801 30,
2149 2775 2186 2796 22.

1401 2812 1411 2826 ⁸
1428 2814 1561 2837 Secundum
1584 2814 1716 2842 Forcellini,
1733 2813 1965 2842 Lexicon,.²·esz⁴dere
1980 2813 2095 2841 significat
2117 2813 2186 2835 etiam

1339 2854 1400 2877 idem
1419 2860 1445 2876 ac
1462 2853 1608 2877 descendere.
1626 2866 1655 2870 —
1671 2853 1729 2876 Cod.
1747 2854 1763 2876 A
1781 2853 1823 2877 sed
1839 2852 1922 2876 occidit
1938 2859 1969 2876 se.

1401 2891 1411 2904 ⁹
1428 2892 1507 2916 Collat.
1526 2893 1592 2915 XLll.
1609 2899 1630 2915 n.
1652 2894 1687 2915 ¹2.

1402 2930 1422 2944 ¹⁰
1439 2932 1505 2954 Vers.
1516 2932 1552 2954 15.
1561 2944 1592 2949 ·-
1605 2933 1654 2954 Duo
1667 2939 1731 2961 seqq.
1745 2932 1788 2955 loci
1800 2934 1853 2955 sunt
1864 2932 1900 2954 Ps.
1914 2932 1950 2959 10,
1960 2932 1982 2954 6.
1991 2934 2013 2954 et
2023 2931 2088 2954 Eccli.
2100 2931 2136 2959 18,
2149 2931 2186 2953 31.

1403 2970 1420 2984 ¹¹
1440 2971 1506 2994 Vers.
1524 2971 1562 2993 17.
1580 2984 1608 2988 -
1626 2971 1735 3000 Sequitur
1753 2971 1829 2993 Matth.
1848 2971 1884 2999 17,
1902 2971 1923 2993 5.

2292 883 2296 904 i

2203 1877 2253 1901 pitin·
2270 1876 2296 1896 tri:
