2296 3316
121 266 373 303 propugnandam
401 269 428 295 et
449 267 614 295 advocatum
634 266 668 294 ad
686 265 917 304 proloquendain
940 267 968 293 et

32 318 33 345 1
123 312 286 341 advocatum
307 312 340 340 ad
362 313 603 342 intercedendum.
625 313 739 349 Propter
761 312 829 341 haec
850 312 904 340 tria
924 319 967 340 so-

32 355 33 358 ’
101 380 106 385 .
123 359 179 388 lent
199 358 325 387 homines
345 367 481 396 quaerere
500 360 673 389 advocatum.
695 374 732 381 —
757 359 867 387 Primus
887 358 968 387 advo-

29 391 33 452 1l'
122 407 200 435 catus
223 404 357 434 Christus
387 409 443 441 est;
465 407 571 443 primae
591 406 699 435 loannis
719 405 840 434 secundo
856 406 885 433 ¹:
911 416 925 430 <t
940 405 967 434 Si

31 456 32 464 ¹
122 452 186 489 quis
206 452 376 488 peccaverit,
401 453 564 482 advocatum
586 452 721 481 habemus
747 452 821 488 apud
843 452 967 486 Patrem,

122 499 211 528 Iesum
233 498 374 528 Christum
395 499 516 534 iustum,
537 502 565 528 et
585 499 644 536 ipse
668 502 710 527 est
731 498 888 536 propitiatio
915 507 967 536 pro

121 545 240 583 peccatis
270 546 372 575 nostris
395 557 426 581 »;
455 549 482 575 et
509 546 560 575 iste
587 546 736 575 advocatus
767 548 809 574 est
835 545 870 574 ad
898 553 967 582 pro-

119 592 331 630 paqnandunn
359 593 432 622 unde
453 593 536 622 Isaiae
564 592 736 630 sexagesimo
757 592 855 621 tertio:
873 604 886 617 α
900 592 966 629 Ego,

122 640 170 677 qni
201 639 300 677 loquor
327 639 476 675 iustitiam,
497 643 524 669 et
551 643 742 677 propugnator
773 648 835 669 sum
859 640 893 668 ad
915 639 968 668 sal-

121 686 241 715 vandum
254 698 281 715 ι).

25 724 28 765 i
201 733 227 763 3.
249 734 393 763 Secundus
412 734 562 763 advocatus
576 736 617 763 est
632 733 761 771 Spiritus
775 737 914 767 sanctus5
934 733 968 762 de

121 789 177 818 quo
197 780 243 809 hic
263 780 380 809 dicitur:
403 780 504 809 Aliam
526 780 730 814 Paracletum,
752 780 779 809 id
793 783 835 809 est
851 780 968 809 advoca-

26 845 27 860 1
121 830 194 862 tum,
215 826 309 860 dabit,
331 830 358 856 et
378 827 430 856 iste
443 826 593 856 advocatus
613 829 655 855 est
674 826 708 855 ad
720 825 968 865 proloquendnm:

121 873 195 902 unde
221 873 256 902 ad
280 873 416 902 Romanos
442 876 539 902 octavo
554 873 578 901 ²:
608 884 621 898 α
640 873 711 910 Quid
739 881 868 907 oremus,
897 873 969 902 sicut

120 923 244 957 oportet,
265 919 419 954 nescimus,
434 920 481 949 sed
496 920 554 957 ipse
575 920 694 957 Spiritus
708 919 829 956 postulat
850 928 901 957 pro
919 928 968 949 no-

120 966 163 995 bis
176 966 324 1004 gemitibus
345 967 578 996 inenarrabilibus
593 977 626 1001 »;
648 969 676 995 et
696 967 823 995 Matthaei
845 966 967 996 decimo:

24 1003 25 1037 l
125 1025 139 1039 «
156 1013 215 1042 Non
236 1021 285 1042 vos
306 1013 387 1048 estis,
413 1013 460 1050 qui
483 1013 643 1051 loquimini,
665 1013 713 1042 sed
740 1013 859 1051 Spiritus
881 1014 968 1043 Patris

120 1060 221 1094 vestri,
243 1060 292 1097 qui
313 1060 438 1097 loquitur
459 1060 487 1089 in
508 1060 586 1089 vobis
600 1072 628 1089 ι).

198 1107 225 1136 [ι.
248 1107 358 1136 Tertius
371 1107 521 1136 advocatus
535 1110 577 1137 est
591 1107 761 1136 beatissima
780 1107 876 1145 Virgo,
898 1108 968 1136 Haec

120 1157 162 1183 est
182 1153 313 1183 advocata
333 1154 367 1182 ad
381 1153 631 1188 intercedendum,
653 1162 740 1192 quae,
755 1157 787 1183 ut
808 1155 896 1192 magis
909 1163 967 1183 mo-

21 1219 23 1241 4
120 1203 183 1230 veat
213 1200 347 1234 iudicem,
376 1200 526 1230 femineum
548 1201 670 1238 praefert
697 1209 806 1230 sexum.
829 1201 899 1230 Haec
926 1204 968 1230 est

120 1246 167 1275 illa
186 1246 294 1280 Esther,
315 1246 349 1275 ad
368 1246 451 1276 cuius
472 1251 614 1284 aspectum
640 1259 653 1273 «
673 1248 846 1276 convertitur
861 1255 909 1276 cor
924 1255 967 1276 re-

120 1293 162 1330 gis
189 1293 217 1321 in
240 1293 525 1328 mansuetudinem»,
547 1294 700 1323 secundum
720 1294 793 1331 quod
814 1294 967 1331 figuratum

20 1365 21 1368 ,
120 1343 161 1369 est
182 1341 280 1370 Esther
301 1340 407 1369 decimo
428 1340 526 1378 quinto
543 1341 563 1369 ³.
586 1341 655 1369 Haec
682 1344 724 1370 est
745 1340 806 1375 illa,
828 1341 871 1369 cui
894 1341 969 1369 canit

11 1380 102 1419 imnum.
121 1387 254 1416 Ecclesia:
280 1399 295 1413 «
309 1387 357 1416 Eia
377 1395 459 1424 ergo,
480 1387 612 1416 advocata
632 1390 765 1416 nostra».
782 1404 818 1408 —
834 1388 969 1417 Habentes

18 1422 20 1469 ἱ
120 1442 186 1471 ergo
213 1434 377 1463 advocatum
407 1434 441 1463 ad
469 1434 724 1472 propuynanaum
746 1434 857 1468 Filium,
886 1435 969 1464 advo-

18 1473 19 1530 ἢ
120 1485 214 1510 catum
244 1481 278 1510 ad
304 1481 536 1520 proloquenclum
564 1481 712 1518 Spiritum,
739 1482 903 1511 advocatum
935 1482 969 1511 ad

120 1528 353 1557 intercedendum
374 1528 503 1565 Reginam
528 1528 683 1565 virginum,
705 1529 909 1558 committamus
930 1529 970 1558 eis

120 1583 219 1605 secure
240 1583 351 1604 causam
372 1578 494 1604 nostram
520 1578 656 1612 quantum
683 1575 717 1604 ad
739 1583 770 1604 ea
798 1583 870 1613 quae
891 1576 970 1604 iuris

121 1625 201 1657 suut;
232 1622 254 1651 si
287 1624 377 1651 tamen
408 1622 649 1651 emendaverimus
678 1621 813 1659 factam,
845 1623 911 1660 quia
942 1623 970 1652 in

120 1669 164 1698 his
178 1677 249 1707 quae
277 1671 343 1698 sunt
362 1668 439 1703 facti,
461 1677 516 1697 non
537 1669 648 1698 redimit
675 1669 824 1698 advocatus
844 1677 968 1699 errorem

121 1717 253 1746 clientum
265 1717 285 1744 4.

200 1764 225 1791 5.
241 1763 388 1800 Sequitur:
409 1763 444 1791 Ut
457 1766 577 1791 maneat
589 1762 739 1791 vobiscum
754 1763 785 1791 in
799 1767 968 1797 aeternum,

1 1809 169 1844 smflosm-ubi
189 1809 363 1847 promittitur
384 1809 462 1838 nobis
483 1809 602 1846 Spiritus
623 1810 650 1838 in
672 1810 779 1839 socium
797 1810 855 1839 sive
875 1810 902 1839 in
924 1819 969 1839 so-

12 1844 241 1891 ,it,?·⁰⁵²tatz·um,
269 1857 302 1886 de
324 1857 404 1886 cuius
432 1857 573 1886 mansione
594 1857 707 1894 require
738 1865 824 1894 supra
848 1854 969 1895 capitulo

121 1904 213 1941 primo
223 1904 244 1931 ⁵.

201 1951 226 1979 6.
249 1950 341 1980 Tertio
365 1950 538 1988 promittitur
568 1950 647 1979 nobis
672 1951 792 1988 Spiritus
818 1951 846 1980 in
874 1951 969 1989 magi-

19 2008 64 2035 qruo
76 2010 105 2035 esi
120 2002 231 2031 stram,
243 2005 306 2026 oum
318 1997 435 2026 dicitur:
452 1997 597 2035 Spiritum
611 1997 751 2026 veritatis.
765 1998 826 2027 Ideo
840 1998 914 2027 enim
928 1998 969 2027 di-

0 2033 106 2080 {iie'r‘fffl'
121 2045 194 2073 citur
223 2044 352 2082 Spiritus
382 2044 532 2078 veritatis,
558 2044 624 2082 quia
650 2044 729 2073 docet
750 2045 904 2074 veritatem.
937 2045 969 2074 Et

121 2092 187 2129 quia
207 2091 338 2129 magister
358 2091 409 2120 iste
430 2099 484 2120 non
505 2091 594 2120 solum
610 2091 688 2120 docet
708 2092 853 2121 veritatem
875 2092 909 2121 ad
928 2093 969 2121 in-

121 2139 313 2176 telligendum,
329 2138 377 2168 sed
390 2138 522 2176 suyyerit
535 2138 568 2167 ad
585 2139 731 2168 volendum
751 2142 778 2168 et
796 2139 921 2168 adiuvat
935 2139 969 2168 ad

121 2185 347 2223 exsequendum
369 2185 430 2214 ideo
443 2188 520 2219 nota,
542 2185 616 2222 quod
630 2185 778 2223 aliquando
792 2186 894 2215 dicitur
909 2186 969 2223 Spi-

121 2233 193 2262 ritus
213 2232 362 2267 veritatis,
384 2232 451 2269 quia
470 2232 550 2261 docet
564 2232 724 2267 veritatem
746 2232 894 2270 aliquando
908 2233 969 2270 Spi-

122 2280 193 2309 ritus
213 2279 394 2313 sanctitatis,
416 2279 483 2316 quia
496 2279 529 2307 ad
550 2279 654 2308 bonum
669 2283 761 2308 movet
782 2280 968 2315 voluntatem3

121 2325 269 2363 aliquando
296 2325 416 2362 Spiritus
435 2325 571 2360 virtatiS,
601 2325 666 2363 quia
687 2325 799 2355 adiuvat
827 2326 968 2356 virtutem.

123 2389 160 2394 —-
175 2372 256 2402 Dabit
269 2381 335 2410 ergo
355 2373 435 2402 nobis
450 2373 582 2410 Spiritum
598 2373 729 2402 veritatis
746 2373 779 2402 ad
800 2373 968 2409 docendum;

121 2419 156 2449 de
176 2428 233 2457 quo
253 2420 360 2449 Ioannis
386 2419 493 2449 decimo
514 2420 632 2449 sextoss:
659 2431 673 2445 «
694 2420 763 2449 Cum
789 2420 897 2450 venerit
924 2421 969 2450 ille

123 2466 242 2503 Spiritus
256 2466 395 2501 veritatis,
416 2466 525 2496 docebit
545 2474 594 2495 vos
608 2475 717 2496 omnem
732 2467 915 2496 veritatem».
932 2484 969 2488 -

123 2513 203 2542 Dabit
225 2513 357 2550 Spiritum
377 2513 544 2542 sanctitatis
564 2513 599 2542 ad
620 2514 841 2551 suggerendum;
863 2515 970 2544 loannis

122 2560 228 2589 decimo
248 2563 363 2598 quarto:
389 2573 403 2585 «
418 2560 576 2589 Paracletus
597 2561 716 2598 Spiritus
737 2564 864 2596 sanctus,
886 2569 970 2599 quem

10 1563 103 1613 handum.

9 2377 10 2398 i
36 2383 105 2402 Primo.

15 2523 106 2542 Secundo.

187 2776 194 2789 ¹
213 2777 278 2799 Vcrs.
301 2777 319 2799 1.
336 2779 359 2799 et
377 2777 398 2799 2.
415 2789 446 2793 —
464 2777 572 2806 Sequitur
588 2777 638 2800 lsai.
658 2778 700 2806 63,
723 2778 741 2800 l.

3 2811 7 2832 l
186 2813 195 2827 ²
213 2816 279 2838 Vers.
297 2816 335 2838 ⁴26.
351 2828 382 2832 —
400 2815 504 2838 Subinde
520 2816 631 2844 allegatur
648 2817 725 2839 Mattb.
744 2817 783 2844 10,
801 2817 839 2839 20.

186 2853 195 2866 ³³
212 2854 279 2877 Vers.
297 2855 333 2877 11.
350 2867 381 2872 -
398 2855 511 2878 Ecclesiae
528 2855 600 2877 verba
617 2858 693 2878 sumta
715 2858 768 2878 sunt
790 2862 816 2878 ex
838 2856 968 2885 Antiphonti

123 2893 195 2917 Salve
212 2893 309 2923 Reyina.

186 2931 196 2944 ⁴
212 2932 268 2956 Cod.
286 2933 303 2955 B
320 2932 431 2957 clientuli.

187 2970 197 2984 θ
214 2972 278 2995 Vers.
301 2973 335 2995 13.
351 2985 382 2989 -
399 2972 507 3002 Sequitur
524 2973 586 2995 loan.
608 2972 646 3001 14,
664 2973 700 2995 26.

739 2932 749 2945 ⁵
766 2933 845 2957 Collat.
862 2934 889 2957 V.
906 2941 929 2957 n.
947 2935 970 2957 5.

584 182 809 212 COLLATIONES
830 183 862 211 ΙΝ
883 182 1030 211 ΙΟΑΝΝΕΜ
1051 183 1119 212 CAP.
1142 183 1208 213 XIV.
1230 184 1323 214 COLL.
1346 187 1409 216 LIV.

1813 188 1869 218 603

1024 264 1113 293 mittet
1134 265 1212 293 Pater
1234 264 1260 293 in
1282 265 1392 293 nomine
1414 272 1490 299 meo,
1512 265 1557 294 ille
1572 273 1620 294 vos
1634 265 1742 294 docebit
1762 265 1868 300 omnia,

1023 314 1050 340 et
1064 314 1195 348 suggeret
1209 311 1286 340 vobis
1306 312 1411 346 omnia,
1426 319 1619 349 quaecumque
1640 311 1738 341 dixero
1753 312 1830 341 vobis
1841 324 1867 340 ».

1023 374 1062 379 —
1076 358 1157 386 Dabit
1177 358 1259 386 etiam
1281 357 1360 386 nobis
1381 358 1514 395 Spiritum
1535 358 1654 387 virtutis
1674 359 1709 387 ad
1736 359 1868 388 adiuvan-

1023 404 1105 438 dum;
1128 406 1245 433 Actuum
1272 404 1400 441 primo⁷z
1426 405 1597 442 «Accipietis
1624 406 1756 435 virtutem
1784 407 1869 444 Spiri-

1023 453 1070 479 tus
1090 450 1176 479 saucti
1208 450 1428 487 supervenientis
1458 451 1486 480 in
1507 459 1571 486 vos,
1593 455 1620 481 et
1644 453 1721 482 eritis
1740 453 1807 482 mihi
1829 456 1869 483 te-

1024 500 1079 526 stes
1094 509 1108 522 a»
1132 500 1183 526 etc.
1205 497 1252 526 Hie
1272 499 1314 526 est
1339 497 1498 534 «Spiritus,
1519 499 1567 536 qni
1589 499 1700 528 adiuvat
1725 500 1869 531 infirmita-

1024 545 1079 571 tem
1100 546 1223 572 nostram
1238 555 1266 578 n,
1288 544 1321 572 ad
1344 544 1479 574 Romanos
1499 548 1604 574 octavo.

1885 363 1955 383 Tertio.

1338 645 1480 669 COLLATlO
1498 647 1552 670 le.

1103 730 1191 767 (Vers.
1224 731 1292 768 ⁶23).
1324 732 1358 761 Si
1387 732 1454 771 qais
1484 733 1581 771 ‹liliyit
1611 743 1671 769 nze,
1703 743 1865 764 sermonem

1025 786 1120 806 meum
1142 778 1278 807 servabit.

1107 826 1130 854 1.
1154 826 1181 854 ln
1203 826 1296 855 verbis
1316 826 1376 855 istis
1396 827 1486 864 primo
1507 828 1659 864 praemittit
1673 829 1805 866 magister
1826 838 1870 859 ca-

1025 872 1115 901 ritatis
1146 881 1227 902 verae
1255 873 1416 902 dilectionis
1448 874 1606 910 indicium,
1635 884 1699 905 cum
1727 876 1805 905 dicit:
1839 877 1872 905 Si

1025 919 1091 957 qais
1112 919 1209 957 (liliyit
1227 924 1286 954 ine,
1307 929 1469 950 sermonem
1490 930 1585 951 meum
1607 922 1742 952 servabit.
1761 937 1801 943 *—-
1824 924 1870 952 Se-

1025 965 1116 994 cundo
1136 966 1273 1003 promittit
1293 967 1416 996 eiusdem
1447 968 1609 997 dilectionis
1629 968 1781 1007 fructum,
1807 978 1870 999 cum

1025 1012 1182 1050 subiungit:
1207 1014 1242 1042 Et
1261 1014 1354 1043 Pater
1374 1023 1455 1043 meas
1476 1015 1574 1053 diliyet
1594 1025 1660 1045 cam
1681 1020 1732 1046 etc.

1104 1060 1252 1089 Indicium
1273 1069 1340 1098 ergo
1366 1061 1519 1091 dilectionis
1545 1066 1587 1092 est
1607 1063 1792 1093 observantia
1812 1073 1872 1093 ser-

1024 1106 1137 1141 monis;
1158 1115 1209 1136 nec
1229 1108 1319 1137 solum
1341 1109 1409 1144 hoc,
1431 1110 1478 1139 sed
1497 1110 1579 1139 etiam
1594 1119 1656 1140 cum
1672 1111 1725 1141 hoc
1739 1112 1872 1141 dimissio

1025 1157 1158 1182 terrenae
1185 1155 1394 1191 possessionis,
1415 1159 1443 1185 et
1463 1157 1544 1186 etiam
1571 1158 1747 1187 sustinentia
1767 1162 1872 1196 tempo-

1025 1199 1100 1228 ralis
1121 1200 1327 1230 tribulationis.
1350 1202 1423 1231 Solet
1447 1203 1520 1232 enim
1548 1204 1661 1241 probari
1687 1205 1797 1235 dilectio
1819 1206 1872 1235 lar-

1025 1246 1126 1284 gitione
1147 1247 1226 1282 doni,
1248 1248 1420 1278 exhibitione
1440 1250 1545 1279 servitii
1566 1254 1593 1280 et
1611 1251 1756 1281 tolerantia
1769 1252 1871 1281 damni.

1105 1295 1132 1322 2.
1144 1294 1280 1323 Probatur
1294 1302 1360 1332 ergo
1374 1295 1483 1325 dilectio
1498 1296 1653 1335 la-iyitione
1667 1299 1745 1333 doni,
1761 1299 1872 1336 quando

1025 1341 1109 1369 homo
1129 1340 1176 1369 dat
1196 1341 1253 1370 sive
1274 1341 1387 1371 dimittit
1417 1343 1510 1372 omnia
1536 1352 1631 1373 amore
1652 1344 1769 1380 Christi;
1798 1346 1873 1375 unde

1025 1387 1203 1416 Canticorum
1223 1391 1320 1417 octavo
1331 1388 1358 1417 ⁸:
1385 1400 1398 1414 «
1413 1389 1438 1418 Si
1453 1389 1560 1419 dederit
1580 1391 1664 1420 homo
1678 1399 1788 1420 omnem
1806 1393 1872 1421 sub-

1026 1433 1154 1462 stantiam
1176 1442 1255 1463 suam
1276 1442 1327 1471 pro
1347 1435 1508 1470 dilectione,
1533 1437 1612 1473 quasi
1644 1437 1713 1466 nihil
1741 1437 1873 1475 despiciet

1026 1488 1087 1509 eam
1099 1492 1125 1508 ».
1143 1496 1179 1501 —
1198 1480 1278 1514 ltem,
1300 1481 1436 1518 probatur
1456 1481 1629 1512 exhibitione
1649 1484 1779 1517 servitii;
1799 1485 1874 1514 unde

1027 1527 1087 1556 hic:
1111 1527 1144 1555 Si
1163 1527 1229 1565 quis
1249 1527 1345 1565 diliyit
1365 1537 1410 1557 me
1430 1531 1495 1563 etc.;
1521 1532 1549 1558 et
1569 1537 1655 1567 supra
1678 1531 1791 1560 eodem:
1817 1543 1831 1557 «
1846 1532 1873 1560 Si

1026 1574 1138 1611 diligitis
1166 1582 1225 1609 me,
1254 1575 1382 1604 mandata
1409 1583 1471 1604 mea
1498 1580 1607 1606 servate
1625 1589 1651 1605 ».
1677 1594 1716 1598 -—
1738 1578 1873 1608 Probatur

1027 1621 1108 1650 etiam
1131 1621 1287 1650 tolerantia
1307 1622 1412 1651 damni
1424 1633 1435 1657 ‚·
1456 1623 1872 1654 Proverbiorumduodecimo⁰:

1032 1679 1045 1693 «
1059 1668 1111 1704 Qui
1127 1668 1240 1705 negligit
1253 1669 1386 1698 damnum
1401 1673 1516 1707 propter
1536 1671 1657 1700 amicum
1678 1671 1768 1701 iustus
1789 1675 1831 1701 est
1846 1684 1872 1707 »;

1028 1715 1089 1744 1(1θο
1119 1715 1222 1744 dicitur
1253 1716 1359 1745 Ioannis
1380 1716 1486 1745 decimo
1511 1717 1624 1754 quinto:
1650 1719 1808 1748 «Maiorem
1832 1720 1873 1749 di-

1027 1763 1171 1792 lectionem
1193 1770 1273 1791 nemo
1288 1763 1387 1798 habet,
1403 1772 1487 1801 quam
1503 1767 1534 1793 ut
1548 1765 1667 1794 animam
1690 1774 1768 1795 suam
1790 1770 1874 1804 ponat

1026 1816 1089 1845 quis
1111 1816 1161 1845 pro
1182 1817 1277 1838 amicis
1298 1809 1393 1838 suis».

1109 1856 1134 1885 3.
1159 1856 1324 1885 Sermonem
1352 1866 1448 1886 meum
1475 1859 1611 1888 servabit.
1635 1876 1671 1880 —
1693 1860 1776 1895 Nota,
1798 1861 1872 1899 quod
1889 1861 2019 1904 se'rsggfflffggffi

1027 1903 1180 1932 servandus
1201 1907 1242 1932 est
1263 1912 1355 1933 sermo
1375 1904 1477 1934 Christi
1499 1906 1526 1934 in
1548 1906 1688 1936 intellectu
1704 1916 1753 1945 per
1767 1917 1872 1937 inemo·
1888 1914 1918 1927 ¹¹¹⁰
1931 1908 2008 1927 Christi·

1026 1950 1120 1984 riam,
1141 1950 1169 1979 in
1191 1951 1291 1980 affectu
1312 1959 1362 1988 per
1383 1951 1574 1987 dilectionem,
1596 1953 1624 1982 in
1645 1954 1745 1984 effectu
1760 1963 1810 1992 per
1824 1965 1872 1984 ex-

1026 1998 1207 2026 secutionem.
1224 2014 1260 2018 —
1275 1998 1314 2027 De
1329 1998 1420 2035 primo
1434 1999 1461 2027 in
1477 2000 1582 2029 Psalmo
1595 2001 1632 2029 ¹⁰:
1652 2001 1783 2031 «lustitia
1797 2003 1871 2032 illius
1888 2002 1957 2022 Primo.

1026 2044 1054 2073 in
1075 2044 1146 2073 filios
1167 2044 1288 2073 tiliorum
1311 2045 1355 2073 his
1381 2045 1428 2082 qui
1457 2050 1569 2075 servant
1595 2050 1789 2077 testamentum
1811 2049 1871 2078 eius

1026 2094 1053 2120 et
1074 2099 1212 2120 memores
1239 2094 1304 2120 sunt
1324 2091 1517 2121 mandatorum
1550 2093 1636 2130 ipsius
1660 2095 1692 2123 ad
1715 2095 1882 2132 faciendum·

1026 2145 1059 2167 ea
1073 2150 1099 2166 ».
1123 2153 1159 2158 —
1180 2138 1219 2167 De
1240 2138 1362 2167 secundo
1382 2139 1409 2167 in
1432 2140 1553 2169 Psalmo:
1579 2152 1593 2165 «
1607 2141 1760 2171 Custodivit
1780 2143 1872 2173 anima
1890 2142 1985 2162 50⁰¹²¹¹d⁰·

1026 2193 1088 2214 mea
1119 2185 1274 2214 testimonia
1305 2189 1353 2214 tua
1373 2189 1400 2215 et
1430 2186 1528 2215 dilexit
1548 2195 1580 2216 ea
1601 2188 1779 2218 vehementer
1790 2201 1817 2225 »3
1844 2193 1872 2220 et

1026 2232 1184 2269 subiungit:
1211 2232 1350 2261 «Servavi
1382 2233 1509 2262 mandata
1540 2237 1628 2263 tua».
1651 2252 1687 2256 —
1719 2237 1758 2265 De
1789 2238 1871 2267 tertio
1888 2236 1959 2255 Tfflffi·
2002 2233 2005 2235 μ

1027 2279 1155 2308 Matthaei
1176 2279 1283 2308 decimo
1304 2288 1392 2309 nono:
1425 2281 1479 2309 «Si
1506 2281 1546 2310 vis
1573 2282 1607 2310 ad
1636 2283 1718 2312 vitam
1748 2284 1871 2321 ingredi,

1027 2334 1108 2355 serva
1127 2326 1256 2355 mandata
1270 2338 1297 2354 n.

1106 2373 1132 2402 li.
1149 2373 1296 2410 Sequitur:
1320 2375 1354 2402 Et
1373 2375 1465 2403 Pater
1479 2384 1561 2404 meas
1581 2376 1680 2414 (litiget
1697 2386 1777 2412 cam,
1792 2379 1872 2408 etad
1888 2377 2018 2420 desgfi'ggg&

1026 2429 1093 2448 eain
1113 2420 1260 2449 veniemus
1281 2424 1348 2455 etc.;
1370 2421 1419 2450 ubi
1440 2422 1576 2458 promittit
1596 2423 1731 2453 Dominus
1746 2425 1870 2454 (tilectio—
1888 2424 2016 2472 {iifpncssm‘u

1027 2467 1074 2496 nis·
1093 2466 1236 2504 fractam.
1260 2468 1291 2496 Et
1312 2470 1389 2502 nota,
1411 2468 1485 2505 quod
1506 2473 1547 2498 est
1568 2470 1671 2507 triplex
1693 2471 1802 2500 fructus
1823 2472 1871 2501 ob-
1961 2461 1967 2467 ὁ

1027 2514 1181 2543 seri-antiae
1201 2514 1404 2543 mandatorum.
1427 2516 1535 2545 Primus
1565 2520 1606 2545 est
1627 2517 1724 2546 evasio
1742 2521 1870 2555 poenam
1888 2518 1969 2537 rrimus.

1028 2561 1136 2590 Ioannis
1147 2564 1244 2590 octavo
1256 2562 1291 2590 ²¹:
1306 2561 1355 2590 «Si
1367 2562 1430 2599 quis
1441 2570 1595 2592 sermonem
1604 2571 1698 2593 meum
1710 2566 1871 2601 servaverit,

1888 830 1968 850 Divisio.

1889 1064 1958 1087 Primo,
1973 1065 2009 1084 tria

1908 1088 1986 1107 indicia.

1889 1299 1917 1318 De
1931 1299 2017 1323 siugulis.

1088 2777 1097 2790 ⁷
1115 2779 1181 2801 Vers.
1199 2779 1225 2807 8,
1242 2781 1295 2806 post
1311 2785 1381 2808 quem
1400 2779 1511 2807 allegatur
1528 2780 1594 2802 Rom.
1612 2781 1640 2809 8,
1658 2781 1695 2803 26.

1088 2816 1098 2829 Β
1116 2818 1182 2840 Vcrs.
1200 2818 1223 2840 7.
1239 2830 1270 2835 —
1288 2818 1381 2840 interius
1398 2819 1545 2846 proferuntur
1562 2820 1622 2841 loan.
1644 2819 1682 2848 14,
1700 2820 1736 2842 23.
1749 2822 1772 2843 et
1786 2820 1820 2849 15,
1837 2821 1870 2844 13.

1088 2855 1098 2869 ⁰
1115 2857 1180 2880 Vcrs.
1199 2857 1237 2880 26.
1252 2869 1283 2874 —
1300 2857 1409 2886 Sequitur
1425 2858 1486 2880 toan.
1506 2858 1545 2887 15,
1566 2859 1602 2881 13.

1089 2895 1109 2908 ¹⁰
1126 2897 1208 2919 Psalm.
1221 2897 1278 2923 102,
1293 2896 1329 2919 17.
1341 2902 1389 2926 seq.
1401 2909 1432 2913 —
1444 2896 1547 2920 Subinde
1559 2897 1686 2926 allegantur
1698 2899 1733 2921 Ps.
1748 2898 1804 2926 118,
1818 2899 1870 2921 167.

1026 2941 1050 2957 sc
1071 2953 1075 2957 .
1094 2938 1116 2957 et
1133 2935 1209 2957 Matth.
1228 2935 1256 2957 19
1289 2935 1324 2957 17.

1052 2941 1066 2964 q
1089 2973 1107 2986 ³¹
1127 2974 1190 2996 Vers.
1209 2974 1247 2996 51.
1264 2952 1295 2990 ,-
1312 2974 1406 2997 inferius
1423 2974 1534 3003 allegatur
1550 2975 1627 2998 Matth.
1649 2976 1688 3003 19,
1711 2976 1744 2998 17.
