2296 3316
291 266 347 290 Resp.
361 266 379 285 3.

322 919 379 943 Resp.

322 1340 379 1364 nesp.

254 1387 385 1414 Ratio-allego-

300 1416 345 1429 flm-

266 1621 321 1640 Ratio
333 1621 382 1640 litte-

295 1645 346 1663 ralis.

397 183 452 210 502

397 275 434 280 —-
456 259 503 287 Alii
528 258 638 291 dicunt,
660 256 734 294 quod
755 258 814 285 erat
836 256 931 284 vinum
955 255 1144 291 myrrhatum,
1166 253 1239 291 quod

397 309 456 335 erat
470 305 673 334 amarissimum
688 307 715 332 et
730 305 843 331 acutum
865 302 937 331 sicut
958 304 1079 335 acetum,
1101 301 1135 329 ad
1153 301 1240 337 magis

396 352 576 382 cruciandum
592 358 655 379 eum
672 350 724 378 iam
746 349 924 378 crucifixum.
947 348 1022 378 Unde
1039 348 1151 382 dicunt,
1174 351 1241 376 tunc

396 399 477 427 etiam
513 397 651 434 impletam
687 404 747 425 esse
781 396 954 433 Scripturam
967 396 992 424 ¹:
1030 395 1176 423 Dederttnt
1210 394 1242 423 in

395 453 491 474 escam
519 452 612 472 meam
640 442 695 481 fel,
727 446 751 471 et
773 443 805 471 in
832 443 883 471 siti
910 450 975 471 mea
999 445 1178 479 potaverunt
1197 450 1242 470 me

395 494 482 519 aceto.

474 537 519 565 59.
543 536 652 572 Quaest.
686 536 726 564 IV.
757 536 823 564 ltem
852 535 998 573 quaeritur
1019 535 1053 564 de
1082 535 1134 563 hoc
1167 534 1243 572 quod

395 584 459 613 dicit
481 584 608 616 Ioannes,
630 582 704 620 quod
726 583 798 611 dixit
825 582 968 611 Christus:
1000 582 1243 610 Consummaatm

395 634 448 665 est,
470 634 494 658 et
515 630 654 658 inclinato
676 630 785 667 eapite,
800 629 895 658 emisit
908 629 1057 666 spiritum.
1074 629 1162 656 Lucas
1177 635 1243 656 vero

395 677 526 714 vigesimo
558 676 662 705 tertio²
683 676 764 710 dicit,
796 676 869 713 quod
901 675 1044 704 clamavit:
1071 675 1180 708 Pater,
1213 674 1243 702 in

395 732 504 752 manus
525 726 593 751 tuas
614 723 780 751 commendo
810 722 951 760 spiritum
972 730 1086 755 meam;
1108 721 1154 749 sed
1177 721 1243 748 Mat-

396 771 495 799 thaeus
515 773 543 799 et
563 771 685 804 Marcus,
707 769 782 807 quod
802 769 931 798 clamavit
951 777 1018 798 voce
1038 776 1152 805 magna:
1183 768 1242 801 cjli,

397 817 443 846 Eli
463 820 514 846 etc.

476 865 507 893 Et
527 864 750 902 intelligendum,
772 863 847 901 quod
877 863 970 891 omnia
1000 862 1053 891 ista
1080 862 1167 896 dixit;
1196 861 1243 890 sed

396 912 518 950 primum
539 912 625 940 dixit:
649 911 735 944 Sitio;
756 911 869 944 deinde,
884 910 951 939 dum
972 910 1011 938 illi
1033 912 1142 938 acetum
1164 916 1244 945 para-

396 963 473 993 rent,
495 959 638 988 clamavit:
661 958 708 987 Eli
714 969 724 991 ;
746 961 773 987 et
793 958 827 986 ad
848 958 920 986 hanc
947 964 1043 985 vocem
1059 956 1106 993 qui
1129 956 1244 992 parabat

395 1006 558 1035 acceleravit
578 1005 651 1034 ferre
671 1008 780 1033 acetum
802 1008 829 1033 et
850 1004 1074 1040 circumponere;
1090 1011 1146 1040 quo
1167 1010 1244 1031 acce-

395 1056 457 1090 pto,
479 1052 562 1080 dixit:
597 1052 840 1080 Consummatam
871 1054 928 1084 est‚·
959 1053 987 1079 et
1018 1053 1084 1078 tunc
1110 1049 1244 1078 inclinans

395 1102 494 1135 caput,
516 1107 580 1127 cum
601 1099 722 1127 clamore
737 1098 827 1126 valido
841 1097 995 1134 exspiravit
1009 1097 1115 1126 dicens:
1131 1097 1167 1125 In
1180 1105 1244 1125 ma-

395 1155 453 1174 nas
475 1150 542 1173 tuas
555 1146 565 1162 ⁸
588 1149 639 1174 etc.

475 1193 520 1220 60.
543 1193 653 1229 Quaest.
676 1192 706 1220 V.
730 1192 794 1220 ltem
810 1191 973 1229 quaeritur:
995 1199 1083 1228 quare
1099 1191 1170 1219 latus
1184 1190 1245 1219 eius

396 1243 522 1276 apertum
535 1240 592 1268 sive
604 1240 780 1268 vulneratum
793 1239 845 1267 luit
856 1241 918 1275 post
928 1242 1045 1267 mortem
1058 1241 1085 1266 et
1096 1246 1149 1266 non
1162 1240 1245 1266 ante?

475 1287 506 1315 Et
527 1286 752 1324 intelligendum,
774 1286 848 1323 quod
876 1286 953 1315 nulla
980 1285 1051 1314 facta
1078 1288 1144 1314 sunt
1172 1285 1245 1314 circa

396 1342 476 1368 eum,
492 1334 543 1363 nisi
565 1342 636 1371 quae
650 1334 724 1362 Deus
739 1341 863 1370 congrua
877 1333 983 1361 ratione
1002 1332 1136 1369 permisit.
1158 1332 1245 1360 Huius

397 1384 490 1409 autem
513 1381 638 1409 redditur
660 1380 730 1409 ratio
752 1380 910 1417 allegorica
924 1383 951 1409 et
973 1379 1124 1408 litteralis:
1140 1379 1245 1417 alleyo—

397 1428 477 1461 rica,
499 1428 578 1464 quia,
600 1427 671 1456 sicut
691 1427 725 1456 de
747 1427 832 1456 latere
853 1427 924 1455 Adae
944 1426 1107 1455 dormientis
1128 1426 1244 1455 formata

398 1477 440 1503 est
461 1475 523 1508 Eva,
545 1474 583 1502 ita
603 1474 636 1502 de
657 1474 741 1502 latere
756 1474 856 1502 Christi
871 1473 1034 1502 dormientis
1048 1473 1076 1501 in
1091 1481 1175 1501 cruce
1189 1473 1245 1501 for-

398 1525 471 1550 mata
490 1525 531 1550 est
554 1521 679 1550 Ecclesia.
702 1521 777 1550 Unde
798 1521 1007 1558 Augustinus⁴t
1034 1532 1046 1545 «
1062 1520 1104 1549 Ob
1130 1520 1182 1548 hoc
1203 1528 1245 1548 se-

399 1568 507 1597 cundus
528 1568 610 1596 Adam
632 1568 660 1596 in
682 1576 765 1597 cruce
786 1567 929 1601 dormivit,
951 1571 982 1596 ut
997 1568 1059 1596 inde
1075 1567 1244 1596 formaretur

399 1615 459 1643 eius
479 1614 598 1648 coniux,
620 1614 694 1651 quod
715 1614 748 1643 de
770 1614 855 1643 latere
876 1614 936 1643 eius
957 1614 1068 1643 effluxit
1082 1626 1109 1642 υ.
1133 1631 1171 1634 -
1186 1614 1244 1643 Lit-

399 1662 500 1690 teralis
521 1669 586 1690 vero
608 1662 678 1690 ratio
699 1665 755 1695 est,
777 1662 842 1698 quia
874 1662 1007 1690 Dominus
1028 1661 1171 1696 Christus,
1193 1661 1243 1690 etsi

398 1709 555 1738 ostenderet
576 1709 788 1742 humanitatem,
811 1713 903 1737 tamen
927 1709 1036 1737 volebat
1058 1709 1141 1737 simul
1170 1708 1244 1737 Divi-

397 1755 491 1784 nitatis
511 1755 656 1784 ostendere
677 1755 830 1784 veritatem.
853 1755 927 1784 Unde
959 1755 1011 1783 hoc
1043 1755 1161 1784 ostendit
1181 1758 1245 1784 ante

398 1802 552 1839 passionem
573 1802 601 1830 in
633 1802 675 1831 sui
704 1802 966 1838 comprehensione,
989 1802 1040 1830 hoc
1069 1802 1095 1830 in
1119 1802 1244 1838 passione

398 1848 426 1876 in
447 1848 584 1882 tenebris,
607 1848 658 1876 hoc
680 1851 741 1884 post
762 1852 881 1876 mortem
902 1848 1021 1876 ostendit
1042 1848 1069 1876 in
1091 1848 1243 1876 effluxione

397 1903 485 1932 aquae
506 1898 533 1924 et
554 1895 703 1932 sanguinis.
726 1894 801 1923 Unde
823 1894 1020 1923 Ambrosius⁵:
1054 1906 1067 1919 «
1083 1895 1156 1923 Licet
1184 1902 1244 1923 cor-

398 1942 473 1979 poris
494 1942 594 1970 Christi
616 1941 699 1970 suerit
720 1945 822 1970 natura
842 1941 981 1975 mortalis,
996 1941 1138 1970 dissimilis
1152 1945 1244 1970 tamen

398 1989 487 2026 gratia
507 1989 566 2017 suit.
589 1989 654 2017 Nam
679 1992 739 2025 post
760 1992 878 2017 mortem
895 1988 1007 2025 sanguis
1023 1988 1050 2016 in
1065 1988 1169 2017 nostris
1183 1996 1245 2017 cor-

397 2036 513 2073 poribus
533 2036 676 2070 coalescit,
698 2044 734 2065 ex
756 2035 802 2064 illo
823 2038 916 2064 autem
937 2035 1101 2072 incorrupto
1128 2043 1245 2072 corpore

398 2083 521 2111 omnium
543 2083 599 2111 vita
621 2083 756 2116 manavit,
776 2090 849 2119 aqua
869 2085 897 2111 et
927 2082 1040 2119 sanguis
1065 2082 1165 2117 exivit;
1188 2082 1242 2117 illa,

398 2138 470 2167 quae
490 2130 599 2163 abluat;
616 2130 679 2164 iste,
695 2130 742 2167 qui
765 2129 896 2163 redimat;
912 2129 1033 2158 bibimus
1054 2129 1174 2166 pretium
1196 2137 1245 2158 no-

398 2180 503 2211 strum,
526 2180 557 2205 ut
578 2176 696 2205 bibendo
718 2176 928 2205 redimamur».

1002 176 1172 205 COMMENT.
1195 177 1227 205 IN
1248 176 1395 205 IOANNEM
1417 176 1444 204 C.
1466 176 1532 204 XIX.

1430 253 1527 284 Quarto,
1545 253 1571 276 de
1588 252 1676 277 Christi
1694 252 1814 284 sepultura
1830 252 1942 277 notantur
1958 253 2015 277 tria.

1377 347 1422 375 61.
1447 347 1517 375 Post
1537 345 1607 376 liaeo
1632 351 1730 376 autern
1761 348 1885 385 rogavit.
1915 348 2026 385 Supra⁶
2052 350 2144 376 actum

1298 396 1339 423 est
1367 393 1413 423 de'
1432 394 1539 422 Domini
1568 394 1830 431 comprehensione,
1862 394 2089 423 condemnatione
2119 396 2147 424 et

1299 441 1440 478 passione;
1463 441 1508 470 hic
1529 441 1620 479 agitur
1641 441 1675 470 de
1696 445 1813 479 quarto,
1835 441 1938 470 scilicet
1965 441 1999 471 de
2019 441 2146 479 sepultu-

1298 496 1352 516 rae
1372 488 1548 522 conditione,
1570 491 1597 517 et
1618 488 1670 517 hoc
1691 488 1788 517 ordine
1808 488 1908 525 agitur.
1924 488 2014 517 Primo
2029 488 2146 525 ponitur

1299 535 1435 572 suspensi
1454 535 1587 572 corporis
1608 535 1763 572 depositio;
1778 535 1913 570 secundo,
1932 535 2054 572 depositi
2073 543 2147 564 eon—

1300 581 1389 615 ditz'o,
1411 581 1447 610 ibi
1461 581 1487 609 ⁷:
1515 582 1594 610 Venit
1608 585 1705 610 autem
1721 585 1747 610 et
1761 581 1953 615 Nicodemus;
1967 581 2064 616 tertio,
2078 590 2147 610 eon-

1300 628 1355 656 diti
1386 628 1417 656 in
1447 628 1580 664 sepulcro
1609 628 1774 663 collocatio,
1802 628 1854 657 ibi:
1888 629 1961 657 Erat
1992 632 2090 657 autem
2115 627 2147 657 in

1300 675 1360 703 loeo
1381 677 1432 703 etc.
1456 675 1578 703 Primum
1600 675 1703 704 sactum
1725 678 1766 704 est
1786 684 1802 704 a
1823 675 1935 713 loseph,
1957 675 2110 705 secundum
2131 683 2148 704 a

1300 721 1462 757 Nicodemo,
1485 722 1598 751 tertium
1620 722 1654 751 ab
1675 726 1804 759 utroque.

1382 769 1478 805 loseph
1500 777 1567 806 ergo
1587 769 1716 806 deposuit
1737 777 1839 807 corpus
1860 769 1936 804 lesu;
1958 772 1985 798 et
2005 769 2071 806 quia
2091 777 2145 798 non

1301 816 1410 851 poterat
1430 815 1480 843 nisi
1504 823 1553 852 per
1575 815 1726 850 licentiam,
1748 815 1809 844 ideo
1826 815 1910 853 petiit
1923 819 1950 845 et
1961 816 2084 854 petitum
2099 815 2146 844 ob-

1301 861 1389 889 tinuit
1409 864 1437 890 et
1457 861 1601 890 obtentum
1622 862 1762 899 deposuit.

2272 427 2275 441 i

2271 491 2274 505 Ι
2287 489 2290 491 .

2270 529 2274 567 ,“
2286 531 2296 559 t

2269 597 2273 612 ι

2270 637 2275 679 3

2270 680 2275 735 1

2165 776 2192 795 De
2204 776 2267 801 deponi-
2287 788 2290 793 =

2176 800 2225 827 tione
2236 806 2270 820 ωτι»
2289 807 2291 828 i

2176 828 2232 847 poris.

1379 908 1468 943 (Vers.
1492 908 1559 943 38.).
1584 909 1686 943 Petiit,
1708 909 1774 946 quia
1788 909 1940 946 discipulus
1955 912 2015 939 erat
2035 909 2147 944 Christi,
2158 917 2224 941 ioseph
2232 919 2266 945 μοι,

1301 955 1428 991 quamvis
1443 955 1585 989 occultus;
1602 958 1749 992 propterea
1762 956 1843 985 dicit:
1867 956 1937 984 Post
1957 955 2043 991 Ilaec,
2065 957 2092 985 id
2107 960 2148 986 est

1301 1005 1362 1038 post
1377 1002 1512 1038 passionis
1526 1002 1803 1036 consummationem,
1818 1003 1935 1040 royavit
1949 1003 2082 1031 Pilatum
2102 1003 2148 1032 Io-

1300 1046 1369 1084 seph
1380 1047 1417 1075 ab
1430 1048 1450 1075 A
1458 1047 1633 1076 rimatlzaea.
1647 1048 1820 1076 Arimathaea
1832 1048 1902 1077 idem
1913 1050 1955 1077 est
1966 1048 2039 1085 quod
2052 1049 2149 1077 Rama-

1302 1095 1365 1129 tha,
1388 1095 1452 1123 villa
1468 1095 1594 1129 Elcanae‚
1610 1095 1746 1123 Samuelis
1760 1098 1787 1124 et
1802 1096 1893 1124 Annae
1904 1095 1932 1130 8;
1947 1095 1981 1124 de
1995 1103 2050 1133 qua
2065 1096 2147 1132 primi

1302 1142 1406 1179 Regum
1428 1142 1519 1179 primo
1534 1142 1561 1170 in
1576 1142 1720 1179 principio.
1744 1143 1840 1179 loseph
1856 1142 1959 1171 scilicet
1974 1143 2096 1180 rogavit,
2117 1151 2148 1172 eo

1302 1189 1379 1227 quod
1399 1193 1469 1218 esset
1489 1189 1653 1227 discipulus
1675 1190 1749 1224 lesu,
1767 1190 1896 1219 occultas
1911 1194 2008 1218 autem
2026 1193 2147 1227 propter

1301 1241 1409 1265 metam
1425 1237 1619 1271 Indaeorum,
1635 1237 1713 1274 quia,
1729 1238 1801 1266 sicut
1814 1237 1916 1266 dicitur
1938 1245 2023 1274 supra
2037 1245 2109 1266 nono
2121 1237 2148 1272 ⁹,

1307 1295 1320 1308 «
1333 1283 1386 1312 iam
1401 1284 1628 1320 conspiraverant
1644 1284 1743 1318 Iudaei,
1759 1287 1799 1319 ut,
1811 1284 1832 1313 si
1848 1284 1911 1321 quis
1925 1292 1989 1313 eum
2004 1283 2148 1313 confitere-

1303 1333 1349 1359 tur
1370 1330 1528 1365 Christum,
1555 1333 1637 1359 extra
1664 1339 1829 1368 synagogam
1858 1331 1978 1359 tieret».
2002 1330 2055 1359 Etsi
2077 1334 2149 1359 esset

1302 1377 1444 1411 occultus,
1466 1380 1557 1409 tamen
1579 1385 1676 1411 verus,
1698 1377 1765 1414 quia
1785 1377 1883 1406 dilexit
1903 1385 1957 1406 non
1979 1379 2087 1405 tantum
2108 1376 2149 1405 vi-

1302 1432 1377 1457 vum,
1400 1424 1446 1452 sed
1468 1424 1549 1452 etiam
1572 1427 1727 1458 mortuum;
1750 1424 1964 1453 Proverbiorum
1978 1423 2085 1452 decimo
2105 1432 2148 1453 se-

1302 1470 1399 1507 ptimo:
1418 1482 1430 1495 1<
1441 1470 1522 1499 Omni
1538 1473 1661 1507 tempore
1674 1470 1762 1508 diligit
1773 1471 1821 1508 qui
1837 1471 1943 1499 amicus
1957 1473 1998 1499 est
2010 1482 2036 1498 ι».
2053 1471 2148 1508 Roya-

1301 1518 1358 1551 vit,
1390 1518 1518 1554 inquam,
1540 1521 1574 1546 at
1604 1517 1709 1545 tolleret
1734 1526 1842 1555 corpas
1865 1518 1945 1550 lesu,
1977 1517 2004 1546 id
2028 1521 2085 1552 est,
2114 1517 2148 1546 de

1301 1571 1384 1592 cruce
1415 1564 1579 1601 deponeret,
1601 1567 1628 1592 et
1656 1564 1798 1597 obtinuit;
1830 1567 1977 1601 propterea
2007 1564 2092 1593 dicit:
2115 1565 2150 1592 Et

1297 1611 1431 1648 permisit
1454 1610 1585 1644 Pilatus,
1608 1614 1639 1639 ut
1660 1611 1764 1639 scilicet
1784 1611 1958 1648 sepeliretur.
1988 1611 2067 1639 Venit
2080 1619 2148 1649 erqo

1300 1662 1326 1687 et
1347 1658 1411 1686 tulit
1432 1667 1540 1695 eorpus
1561 1658 1644 1692 lesa,
1666 1658 1740 1687 venit
1761 1658 1864 1687 scilicet
1885 1666 1901 1686 a
1923 1658 1997 1692 loco,
2019 1657 2067 1687 ubi
2088 1662 2148 1687 erat

1302 1706 1418 1739 Pilatus,
1440 1706 1473 1734 ad
1495 1713 1606 1734 crucem
1628 1709 1655 1734 et
1675 1705 1814 1742 deposuit.

1380 1754 1425 1781 62.
1448 1753 1536 1788 (Vers.
1559 1753 1626 1788 39.).
1650 1753 1728 1781 Venit
1742 1757 1840 1781 autem
1856 1757 1882 1781 et
1904 1752 2086 1782 Nieodemus.
2103 1753 2148 1782 Hic

1301 1801 1393 1837 agitur
1420 1800 1454 1828 de
1475 1800 1637 1829 conditione
1667 1808 1703 1829 ex
1732 1800 1903 1829 aromatibus
1934 1800 2003 1829 facta
2024 1809 2041 1829 a
2071 1800 2148 1829 Nico-

1301 1848 1393 1881 demo‚
1415 1850 1442 1876 et
1463 1847 1586 1884 tangitur
1607 1847 1715 1876 devotio
1737 1847 1874 1876 Nicodemi
1896 1847 1923 1875 in
1945 1847 2149 1884 apportatione

1301 1894 1463 1922 multorum
1494 1897 1664 1926 aromatum
1696 1897 1723 1922 et
1756 1894 1781 1922 in
1811 1894 1973 1922 conditione
2005 1893 2146 1931 corporis.

1308 1941 1387 1970 Venit
1407 1945 1504 1969 autem
1526 1945 1550 1969 et
1572 1941 1760 1975 Nicodemus,
1782 1941 1834 1979 qui
1854 1941 1957 1970 scilicet
1977 1945 2094 1970 venerat
2108 1941 2148 1969 ad

1302 1988 1398 2016 Iesum
1420 1992 1499 2016 noete
1517 1989 1665 2025 primum,
1688 1996 1773 2025 supra
1788 1989 1869 2017 tertio
1884 1988 1913 2016 ¹⁰.
1936 1988 2032 2025 Agitur
2046 1988 2080 2017 de
2095 1988 2147 2016 hoc

1301 2035 1435 2069 adventu,
1456 2035 1484 2063 in
1506 2043 1562 2072 quo
1580 2036 1707 2064 innuitur
1729 2036 1799 2064 ratio
1813 2035 1988 2070 adveniendi,
2009 2035 2075 2072 quia
2089 2038 2149 2064 erat

2170 941 2237 960 Clu-isti
2247 946 2265 960 w

2171 969 2211 988 pus.

2185 1572 2231 1591 luutl
2242 1572 2263 1592 nb

2165 1596 2206 1614 nuit
2213 1619 2217 1623 ,
2222 1597 2241 1615 et
2255 1595 2262 1614 d

2165 1621 2232 1643 posuit.

2166 1759 2193 1779 De
2201 1759 2261 1779 condit
2278 1762 2293 1778 a!

2165 1788 2188 1803 ne
2198 1783 2259 1803 eiusde
2276 1786 2293 1809 itt

2167 1853 2242 1873 Devotio
2256 1853 2261 1872 Ι
2276 1863 2283 1872 r

2188 1877 2261 1896 cademi.
2276 1881 2278 1887 ·

2276 1897 2278 1913 ²
2290 1901 2293 1943 1

1301 2082 1382 2110 etiam
1404 2081 1572 2118 discipulus,
1599 2082 1726 2119 quamvis
1747 2082 1888 2116 occultus;
1916 2080 2013 2119 ferens
2040 2081 2149 2110 mixtu-
2160 2087 2293 2109 Primatum

1301 2137 1369 2157 ram
1383 2128 1524 2166 myri-liae
1539 2133 1564 2157 et
1578 2128 1671 2163 aloes,
1688 2129 1713 2157 id
1728 2132 1769 2158 est
1783 2131 1957 2166 unguentum
1973 2137 2008 2158 ex
2024 2128 2067 2157 his
2085 2136 2150 2157 con-

1301 2175 1419 2209 fectum,
1442 2175 1516 2212 quod
1538 2176 1666 2204 servabat
1687 2184 1789 2213 corpus
1809 2184 1825 2204 a
1846 2175 2053 2213 putrefactione.
2078 2175 2150 2204 Non-

461 2341 469 2354 ¹
487 2342 569 2364 Psalm.
587 2342 630 2369 68,
648 2342 684 2364 22.
703 2341 747 2364 Csr.
766 2341 839 2368 Beda,
862 2341 885 2364 in
909 2341 976 2364 Marc.
1001 2342 1042 2369 45,
1060 2342 1102 2368 23,
1120 2341 1159 2364 ubi
1177 2342 1246 2363 etiam

399 2382 468 2404 dicit:
485 2381 638 2411 Myr-rnatum
655 2381 738 2405 vinum
753 2381 925 2409 intelligendum
938 2384 972 2403 est
984 2381 1121 2403 Matthaeum
1135 2380 1185 2410 [27,
1198 2380 1246 2409 at]

399 2421 483 2444 dixisse
499 2427 554 2444 cum
570 2420 623 2451 selle
639 2420 744 2444 mistam.
761 2421 798 2443 Fet
814 2418 903 2449 quippe
926 2426 969 2448 pro
991 2420 1144 2442 amaritudine
1161 2420 1245 2448 posuit.

398 2459 425 2481 Et
441 2461 584 2487 myrrhatum
603 2459 682 2481 vinum
699 2459 869 2481 amarissimum
887 2462 932 2486 est;
944 2465 1087 2488 quamquam
1101 2459 1150 2481 fieri
1163 2458 1246 2486 possit,

399 2501 424 2520 ut
440 2501 462 2520 et
478 2499 528 2521 selle
537 2502 567 2521 -et
584 2499 677 2526 myrrha
694 2499 775 2521 vinum
793 2499 964 2521 amarissimum
982 2498 1093 2521 reddetur
1110 2497 1246 2528 [reddatur,

399 2537 535 2560 redderetur
544 2538 574 2567 ?].
591 2551 623 2555 —
639 2539 717 2561 Plures
734 2538 802 2561 codd.
820 2538 951 2561 interirent.

462 2576 471 2589 ²
489 2578 555 2600 Vers.
583 2578 620 2600 46.
647 2590 678 2594 —
702 2577 806 2600 Subinde
833 2578 960 2606 allegantur
987 2578 1063 2600 Matth.
1092 2576 1134 2605 27,
1161 2576 1198 2599 46.
1222 2579 1246 2598 et

400 2617 468 2639 Marc.
485 2617 527 2644 45,
546 2616 582 2639 34.

462 2654 472 2667 ⁵
491 2656 548 2678 Vide
564 2656 674 2683 August,
691 2656 723 2678 lll.
740 2656 770 2678 de
786 2655 905 2679 Consensu
923 2656 1061 2684 Evangelist.
1079 2662 1098 2678 c.
1116 2656 1151 2677 17.
1169 2658 1191 2677 ει
1212 2655 1246 2677 18.

400 2701 423 2717 n.
441 2694 478 2716 54.
496 2697 519 2716 et
535 2695 572 2717 55.

463 2732 472 2744 ¹
489 2734 512 2755 ln
532 2733 591 2755 loan.
608 2734 695 2761 Evang.
712 2736 739 2756 tr.
758 2734 809 2755 420.
828 2740 849 2756 n.
868 2735 889 2756 2.

463 2769 474 2791 Β.
489 2771 550 2793 Libr.
568 2772 597 2794 X.
614 2772 637 2793 in
655 2773 709 2794 Luc.
726 2773 767 2800 23,
787 2772 822 2794 49.
841 2779 864 2794 n.
882 2772 933 2795 435.
952 2773 1037 2795 Textus
1059 2772 1177 2800 originalis
1193 2775 1246 2800 post

400 2809 510 2833 mortalis·
528 2810 591 2833 addit
609 2810 660 2834 licet
676 2811 780 2840 qualitas
796 2811 894 2840 similis,
912 2811 1030 2834 substituit
1046 2811 1190 2841 conaelascit
1205 2811 1245 2840 (ita

400 2849 469 2871 etiam
486 2849 615 2876 Gorranus,
632 2850 709 2877 plures
727 2850 794 2872 codd.
812 2850 960 2878 convalescit)
974 2857 1016 2878 pro
1028 2850 1148 2878 coalescit,
1161 2853 1183 2872 et
1194 2853 1246 2878 post

400 2887 540 2917 incorrupto
557 2888 589 2910 sic
602 2889 749 2917 prosequitur
761 2888 814 2911 licet
827 2895 937 2918 corpore,
952 2888 993 2911 sed
1004 2888 1125 2918 defuncto,
1138 2888 1245 2911 omnium

400 2926 448 2949 vita
465 2926 586 2950 manabat.
603 2929 667 2956 Aqua
692 2928 753 2950 enim
778 2931 800 2950 et
824 2929 919 2956 sanguis
940 2928 1010 2951 exivit
1031 2929 1101 2957 [toan.
1120 2928 1161 2955 49,
1182 2927 1244 2957 343,

400 2965 454 2994 illa,
472 2972 533 2995 quae
549 2966 640 2995 (Μαίης
658 2966 706 2995 iste,
719 2967 761 2996 qni
771 2967 879 2990 redimat.
892 2967 1005 2990 Bibamus
1017 2973 1074 2997 erqo
1083 2967 1189 2997 pretium
1202 2970 1244 2989 etc.

1366 2339 1376 2353 ⁶
1393 2341 1438 2364 Csr.
1455 2348 1525 2369 supra
1543 2348 1563 2364 c.
1581 2342 1618 2364 48.
1635 2348 1657 2363 n.
1676 2342 1696 2363 4.

1366 2378 1375 2392 Ἰ
1394 2380 1458 2402 Vers.
1477 2381 1519 2409 39,
1537 2381 1601 2403 tertia
1619 2386 1674 2408 pars
1693 2380 1773 2408 incipit
1790 2386 1814 2402 v.
1831 2379 1868 2402 41.

1366 2417 1375 2430 *³
1392 2420 1471 2441 Glossa
1488 2419 1650 2442 interlinearis
1667 2419 1691 2441 in
1708 2420 1785 2441 Matth.
1803 2418 1844 2447 27,
1862 2418 1907 2441 57:
1925 2417 1959 2441 Ab
1979 2417 2146 2446 Arimathaea,

1303 2458 1352 2486 ipsa
1370 2461 1404 2481 est
1420 2459 1545 2486 Ramatha,
1563 2459 1669 2481 Helchiae
1686 2458 1708 2488 [?
1726 2459 1807 2481 eadem
1825 2458 1904 2480 Glossa
1921 2458 1944 2480 in
1966 2458 2034 2480 Marc.
2052 2458 2093 2486 45,
2111 2457 2150 2480 43.

1303 2501 1325 2520 et
1342 2499 1396 2520 Luc.
1415 2498 1456 2524 23,
1475 2499 1513 2520 51.
1530 2498 1600 2520 habet
1616 2498 1732 2527 Elcanae]
1750 2501 1772 2519 et
1788 2497 1901 2520 Samuelis
1923 2497 2011 2520 civitas.
2034 2497 2108 2524 Beda,
2124 2496 2148 2518 in

1303 2537 1404 2559 eundem
1422 2538 1511 2559 locum:
1529 2537 1664 2560 Arimathia
1681 2531 1757 2559 aulem
1776 2537 1823 2565 ipsa
1842 2537 1986 2559 Ramathaim
2006 2539 2051 2564 est,
2068 2536 2149 2559 civitas

1303 2576 1415 2597 Helcanae
1432 2578 1454 2597 et
1471 2575 1597 2602 Samuelis,
1615 2576 1636 2597 in
1653 2576 1748 2603 regione
1765 2576 1909 2598 Thamnitica
1931 2575 1992 2598 iuxta
2014 2574 2149 2603 Diospolim.

1304 2614 1365 2636 ldem
1391 2614 1447 2636 dicit
1471 2614 1575 2643 Hieron.,
1593 2614 1622 2637 de
1647 2615 1695 2637 Situ
1721 2617 1743 2637 et
1760 2615 1846 2637 nomin.
1864 2615 1968 2636 locorum
1985 2613 2101 2642 Hebriue,
2119 2613 2149 2635 de

1303 2653 1436 2681 Regnorum
1453 2653 1516 2675 libris
1533 2653 1577 2676 sub
1594 2654 1687 2676 nomine
1704 2654 1843 2677 Armathe‘m
1860 2653 1966 2683 Sophim.
1988 2652 2033 2676 Csr.
2053 2652 2108 2675 ibid.
2121 2652 2150 2675 de

1303 2692 1361 2714 libro
1379 2693 1440 2714 lesu:
1458 2692 1547 2719 Rama,
1568 2699 1629 2721 quae
1645 2696 1667 2715 et
1690 2693 1754 2720 Aria,
1776 2693 1816 2715 ubi
1838 2693 1903 2716 sedet
1924 2692 2069 2720 Abimelech,
2092 2691 2151 2714 sicut

1303 2732 1325 2754 in
1342 2731 1400 2754 libro
1418 2732 1521 2754 ludicum
1540 2732 1576 2760 (9,
1595 2732 1640 2760 41.)
1659 2733 1769 2760 scriptum
1793 2735 1839 2760 est,
1858 2738 1919 2761 quae
1941 2738 2002 2754 nunc
2023 2731 2151 2759 appellatur

1303 2771 1422 2799 Remphis.
1440 2772 1477 2793 Est
1498 2774 1576 2793 autem
1595 2771 1616 2793 in
1634 2771 1719 2794 finibus
1745 2771 1880 2799 Diospoleos
1901 2773 1923 2793 et
1940 2777 1952 2793 a
1970 2770 2086 2799 plerisque
2102 2770 2151 2792 Ari-

1303 2811 1407 2832 mathaea
1424 2816 1490 2833 nunc
1506 2810 1596 2833 dicitur.

1365 2848 1375 2861 ⁹
1393 2850 1459 2872 Vers.
1476 2851 1513 2872 22.
1530 2862 1560 2866 —
1578 2850 1686 2879 Sequitur
1704 2851 1771 2872 Drov.
1788 2850 1832 2877 47,
1850 2850 1887 2872 47.
1903 2862 1935 2866 —
1950 2849 1995 2872 Csr.
2008 2849 2065 2871 intra
2077 2855 2100 2871 n.
2113 2849 2150 2871 66.

1303 2892 1325 2911 et
1342 2888 1380 2911 67.

1365 2926 1385 2939 ¹⁰
1403 2928 1468 2950 Vers.
1486 2929 1507 2950 2.
1524 2927 1570 2950 Csr.
1588 2928 1646 2950 infra
1664 2935 1685 2950 n.
1704 2929 1742 2950 68.
1758 2940 1790 2944 -
1807 2928 1918 2956 Superius
1933 2933 1974 2956 pro
1985 2926 2151 2956 apportatione

1301 2967 1379 2995 plures
1395 2967 1463 2989 codd.
1481 2970 1503 2989 et
1519 2968 1636 2989 Gorranus
1652 2966 1807 2996 appositione.

2172 2111 2264 2136 portation-
2276 2127 2277 2133 ,
2289 2113 2293 2130 1

2168 2136 2263 2154 aromatun
2276 2137 2293 2171 t

2276 2204 2277 2213 2
2289 2173 2293 2234 1

2290 2290 2292 2330 4
