<?xml version="1.0" encoding="UTF-8"?>
<!DOCTYPE html PUBLIC "-//W3C//DTD XHTML 1.0 Transitional//EN"
    "http://www.w3.org/TR/xhtml1/DTD/xhtml1-transitional.dtd">
<html xmlns="http://www.w3.org/1999/xhtml" xml:lang="en" lang="en">
 <head>
  <title>
</title>
<meta http-equiv="Content-Type" content="text/html;charset=utf-8" />
  <meta name='ocr-system' content='tesseract 3.04.00' />
  <meta name='ocr-capabilities' content='ocr_page ocr_carea ocr_par ocr_line ocrx_word'/>
</head>
<body>
  <div class='ocr_page' id='page_1' title='image "./doctorisseraphic06bona_0135.png"; bbox 0 0 2296 3316; ppageno 0'>
   <div class='ocr_carea' id='block_1_1' title="bbox 18 650 147 693">
    <p class='ocr_par' dir='ltr' id='par_1_1' title="bbox 18 650 147 693">
     <span class='ocr_line' id='line_1_1' title="bbox 18 650 147 670; baseline -0.016 0"><span class='ocrx_word' id='word_1_1' title='bbox 18 650 82 670; x_wconf 76' lang='lat' dir='ltr'>Modus</span> <span class='ocrx_word' id='word_1_2' title='bbox 87 654 147 669; x_wconf 75' lang='lat' dir='ltr'>recor-</span> 
     </span>
     <span class='ocr_line' id='line_1_2' title="bbox 41 673 126 693; baseline -0.024 0"><span class='ocrx_word' id='word_1_3' title='bbox 41 673 126 693; x_wconf 75' lang='lat' dir='ltr'>dationis.</span> 
     </span>
    </p>
   </div>
   <div class='ocr_carea' id='block_1_2' title="bbox 64 1656 142 1676">
    <p class='ocr_par' dir='ltr' id='par_1_2' title="bbox 64 1656 142 1676">
     <span class='ocr_line' id='line_1_3' title="bbox 64 1656 142 1676; baseline 0 0"><span class='ocrx_word' id='word_1_4' title='bbox 64 1656 142 1676; x_wconf 77' lang='lat' dir='ltr'>Divisio.</span> 
     </span>
    </p>
   </div>
   <div class='ocr_carea' id='block_1_3' title="bbox 65 2054 143 2074">
    <p class='ocr_par' dir='ltr' id='par_1_3' title="bbox 65 2054 143 2074">
     <span class='ocr_line' id='line_1_4' title="bbox 65 2054 143 2074; baseline -0.013 0"><span class='ocrx_word' id='word_1_5' title='bbox 65 2054 143 2074; x_wconf 82' lang='lat' dir='ltr'>Divisio.</span> 
     </span>
    </p>
   </div>
   <div class='ocr_carea' id='block_1_4' title="bbox 10 2242 147 2402">
    <p class='ocr_par' dir='ltr' id='par_1_4' title="bbox 20 2242 147 2285">
     <span class='ocr_line' id='line_1_5' title="bbox 20 2242 147 2266; baseline 0.008 -5"><span class='ocrx_word' id='word_1_6' title='bbox 20 2242 112 2266; x_wconf 77' lang='lat' dir='ltr'>Expositio</span> <span class='ocrx_word' id='word_1_7' title='bbox 118 2243 147 2262; x_wconf 78' lang='lat' dir='ltr'>lit-</span> 
     </span>
     <span class='ocr_line' id='line_1_6' title="bbox 47 2266 115 2285; baseline 0.015 -1"><span class='ocrx_word' id='word_1_8' title='bbox 47 2266 115 2285; x_wconf 75' lang='lat' dir='ltr'>tei-alis.</span> 
     </span>
    </p>

    <p class='ocr_par' dir='ltr' id='par_1_5' title="bbox 35 2289 143 2312">
     <span class='ocr_line' id='line_1_7' title="bbox 35 2289 143 2312; baseline 0.019 -5"><span class='ocrx_word' id='word_1_9' title='bbox 35 2289 107 2312; x_wconf 84' lang='lat' dir='ltr'>Primo,</span> <span class='ocrx_word' id='word_1_10' title='bbox 120 2290 143 2309; x_wconf 85' lang='lat' dir='ltr'>de</span> 
     </span>
    </p>

    <p class='ocr_par' dir='ltr' id='par_1_6' title="bbox 10 2312 144 2332">
     <span class='ocr_line' id='line_1_8' title="bbox 10 2312 144 2332; baseline 0.007 -1"><span class='ocrx_word' id='word_1_11' title='bbox 10 2316 11 2320; x_wconf 64' lang='lat'>¹</span> <span class='ocrx_word' id='word_1_12' title='bbox 48 2312 144 2332; x_wconf 75' lang='lat' dir='ltr'>debilitate</span> 
     </span>
    </p>

    <p class='ocr_par' dir='ltr' id='par_1_7' title="bbox 10 2341 146 2379">
     <span class='ocr_line' id='line_1_9' title="bbox 10 2341 146 2356; baseline 0.007 -2"><span class='ocrx_word' id='word_1_13' title='bbox 10 2344 12 2348; x_wconf 91' lang='lat'>·</span> <span class='ocrx_word' id='word_1_14' title='bbox 50 2341 81 2355; x_wconf 76' lang='lat' dir='ltr'>aex</span> <span class='ocrx_word' id='word_1_15' title='bbox 89 2341 146 2356; x_wconf 82' lang='lat' dir='ltr'>mem-</span> 
     </span>
     <span class='ocr_line' id='line_1_10' title="bbox 47 2359 129 2379; baseline 0.012 -1"><span class='ocrx_word' id='word_1_16' title='bbox 47 2359 129 2379; x_wconf 82' lang='lat' dir='ltr'>brorum.</span> 
     </span>
    </p>

    <p class='ocr_par' dir='ltr' id='par_1_8' title="bbox 75 2383 145 2402">
     <span class='ocr_line' id='line_1_11' title="bbox 75 2383 145 2402; baseline 0 0"><span class='ocrx_word' id='word_1_17' title='bbox 75 2383 145 2402; x_wconf 88' lang='lat' dir='ltr'>Primo.</span> 
     </span>
    </p>
   </div>
   <div class='ocr_carea' id='block_1_5' title="bbox 730 144 1335 176">
    <p class='ocr_par' dir='ltr' id='par_1_9' title="bbox 730 144 1335 176">
     <span class='ocr_line' id='line_1_12' title="bbox 730 144 1335 176; baseline 0.003 -3"><span class='ocrx_word' id='word_1_18' title='bbox 730 144 899 173; x_wconf 89' lang='lat' dir='ltr'>COMMENT.</span> <span class='ocrx_word' id='word_1_19' title='bbox 922 145 954 173; x_wconf 93' lang='lat' dir='ltr'>IN</span> <span class='ocrx_word' id='word_1_20' title='bbox 975 144 1212 175; x_wconf 79' lang='lat' dir='ltr'>ECCLESIASTEN</span> <span class='ocrx_word' id='word_1_21' title='bbox 1233 147 1260 175; x_wconf 88' lang='lat' dir='ltr'>C.</span> <span class='ocrx_word' id='word_1_22' title='bbox 1283 147 1335 176; x_wconf 89' lang='lat' dir='ltr'>XII.</span> 
     </span>
    </p>
   </div>
   <div class='ocr_carea' id='block_1_6' title="bbox 158 221 1007 1432">
    <p class='ocr_par' dir='ltr' id='par_1_10' title="bbox 159 221 1007 579">
     <span class='ocr_line' id='line_1_13' title="bbox 160 221 1006 261; baseline -0.004 -8"><span class='ocrx_word' id='word_1_23' title='bbox 160 231 245 261; x_wconf 83' lang='lat' dir='ltr'>opera</span> <span class='ocrx_word' id='word_1_24' title='bbox 271 232 363 258; x_wconf 86' lang='lat' dir='ltr'>sua»;</span> <span class='ocrx_word' id='word_1_25' title='bbox 392 225 507 260; x_wconf 92' lang='lat' dir='ltr'>propter</span> <span class='ocrx_word' id='word_1_26' title='bbox 534 223 587 251; x_wconf 91' lang='lat' dir='ltr'>hoc</span> <span class='ocrx_word' id='word_1_27' title='bbox 607 222 708 251; x_wconf 85' lang='lat' dir='ltr'>dicitur</span> <span class='ocrx_word' id='word_1_28' title='bbox 736 221 799 250; x_wconf 82' lang='lat' dir='ltr'>alibi</span> <span class='ocrx_word' id='word_1_29' title='bbox 828 222 855 250; x_wconf 94' lang='lat' dir='ltr'>in</span> <span class='ocrx_word' id='word_1_30' title='bbox 885 222 1006 251; x_wconf 79' lang='lat' dir='ltr'>Psalmo:</span> 
     </span>
     <span class='ocr_line' id='line_1_14' title="bbox 166 268 1007 302; baseline -0.005 -2"><span class='ocrx_word' id='word_1_31' title='bbox 166 282 180 296; x_wconf 71' lang='grc' dir='ltr'><strong>α</strong></span> <span class='ocrx_word' id='word_1_32' title='bbox 193 271 296 300; x_wconf 84' lang='lat' dir='ltr'><strong>Memor</strong></span> <span class='ocrx_word' id='word_1_33' title='bbox 316 269 356 298; x_wconf 83' lang='lat' dir='ltr'>fui</span> <span class='ocrx_word' id='word_1_34' title='bbox 386 269 553 298; x_wconf 87' lang='lat' dir='ltr'>iudiciorum</span> <span class='ocrx_word' id='word_1_35' title='bbox 575 271 688 297; x_wconf 84' lang='lat' dir='ltr'>tuorum</span> <span class='ocrx_word' id='word_1_36' title='bbox 704 280 717 293; x_wconf 91' lang='lat'>»</span> <span class='ocrx_word' id='word_1_37' title='bbox 742 271 793 297; x_wconf 89' lang='lat' dir='ltr'>etc.</span> <span class='ocrx_word' id='word_1_38' title='bbox 826 268 863 297; x_wconf 81' lang='lat' dir='ltr'>Ad</span> <span class='ocrx_word' id='word_1_39' title='bbox 887 272 1007 302; x_wconf 84' lang='lat' dir='ltr'>votum,-</span> 
     </span>
     <span class='ocr_line' id='line_1_15' title="bbox 161 315 1007 353; baseline -0.005 -6"><span class='ocrx_word' id='word_1_40' title='bbox 161 318 244 347; x_wconf 86' lang='lat' dir='ltr'>Isaiae</span> <span class='ocrx_word' id='word_1_41' title='bbox 264 316 397 353; x_wconf 86' lang='lat' dir='ltr'>vigesimo</span> <span class='ocrx_word' id='word_1_42' title='bbox 417 318 516 344; x_wconf 90' lang='lat' dir='ltr'>sexto:</span> <span class='ocrx_word' id='word_1_43' title='bbox 541 327 555 340; x_wconf 69' lang='lat' dir='ltr'><em>a</em></span> <span class='ocrx_word' id='word_1_44' title='bbox 571 315 673 343; x_wconf 84' lang='lat' dir='ltr'>Nomen</span> <span class='ocrx_word' id='word_1_45' title='bbox 694 317 774 343; x_wconf 88' lang='lat' dir='ltr'>tuum</span> <span class='ocrx_word' id='word_1_46' title='bbox 799 318 826 343; x_wconf 92' lang='lat' dir='ltr'>et</span> <span class='ocrx_word' id='word_1_47' title='bbox 847 315 1007 344; x_wconf 79' lang='lat' dir='ltr'>memoriale</span> 
     </span>
     <span class='ocr_line' id='line_1_16' title="bbox 160 360 1005 395; baseline -0.005 -2"><span class='ocrx_word' id='word_1_48' title='bbox 160 368 240 393; x_wconf 83' lang='lat' dir='ltr'>tuum</span> <span class='ocrx_word' id='word_1_49' title='bbox 261 363 289 392; x_wconf 92' lang='lat' dir='ltr'>in</span> <span class='ocrx_word' id='word_1_50' title='bbox 309 362 446 391; x_wconf 90' lang='lat' dir='ltr'>desiderio</span> <span class='ocrx_word' id='word_1_51' title='bbox 475 361 583 390; x_wconf 85' lang='lat' dir='ltr'>animae</span> <span class='ocrx_word' id='word_1_52' title='bbox 597 373 610 386; x_wconf 90' lang='lat'>»</span> <span class='ocrx_word' id='word_1_53' title='bbox 636 364 704 395; x_wconf 82' lang='lat' dir='ltr'>etc.;</span> <span class='ocrx_word' id='word_1_54' title='bbox 725 363 753 389; x_wconf 92' lang='lat' dir='ltr'>et</span> <span class='ocrx_word' id='word_1_55' title='bbox 774 360 834 390; x_wconf 90' lang='lat' dir='ltr'>ideo</span> <span class='ocrx_word' id='word_1_56' title='bbox 859 361 1005 390; x_wconf 82' lang='lat' dir='ltr'>subditur:</span> 
     </span>
     <span class='ocr_line' id='line_1_17' title="bbox 164 407 1006 440; baseline -0.005 0"><span class='ocrx_word' id='word_1_57' title='bbox 164 423 178 436; x_wconf 91' lang='lat'>«</span> <span class='ocrx_word' id='word_1_58' title='bbox 192 411 287 440; x_wconf 77' lang='lat' dir='ltr'>Anima</span> <span class='ocrx_word' id='word_1_59' title='bbox 307 417 369 438; x_wconf 88' lang='lat' dir='ltr'>mea</span> <span class='ocrx_word' id='word_1_60' title='bbox 382 408 548 438; x_wconf 87' lang='lat' dir='ltr'>desideravit</span> <span class='ocrx_word' id='word_1_61' title='bbox 561 410 588 436; x_wconf 87' lang='lat' dir='ltr'>te</span> <span class='ocrx_word' id='word_1_62' title='bbox 602 407 630 436; x_wconf 93' lang='lat' dir='ltr'>in</span> <span class='ocrx_word' id='word_1_63' title='bbox 644 410 724 436; x_wconf 91' lang='lat' dir='ltr'>nocte</span> <span class='ocrx_word' id='word_1_64' title='bbox 735 419 761 435; x_wconf 83' lang='grc'>».</span> <span class='ocrx_word' id='word_1_65' title='bbox 782 408 946 436; x_wconf 86' lang='lat' dir='ltr'>Retribuens</span> <span class='ocrx_word' id='word_1_66' title='bbox 960 416 1006 436; x_wconf 90' lang='lat' dir='ltr'>su—</span> 
     </span>
     <span class='ocr_line' id='line_1_18' title="bbox 160 454 1007 495; baseline -0.006 -8"><span class='ocrx_word' id='word_1_67' title='bbox 160 466 211 495; x_wconf 91' lang='lat' dir='ltr'>pra</span> <span class='ocrx_word' id='word_1_68' title='bbox 230 456 425 489; x_wconf 81' lang='lat' dir='ltr'>desiderium,·</span> <span class='ocrx_word' id='word_1_69' title='bbox 446 455 529 484; x_wconf 78' lang='lat' dir='ltr'>Isaiae</span> <span class='ocrx_word' id='word_1_70' title='bbox 549 454 723 491; x_wconf 84' lang='lat' dir='ltr'>sexagesimo</span> <span class='ocrx_word' id='word_1_71' title='bbox 744 454 841 483; x_wconf 85' lang='lat' dir='ltr'>tertio:</span> <span class='ocrx_word' id='word_1_72' title='bbox 867 466 881 479; x_wconf 91' lang='lat'>«</span> <span class='ocrx_word' id='word_1_73' title='bbox 896 455 1007 483; x_wconf 88' lang='lat' dir='ltr'>Misera-</span> 
     </span>
     <span class='ocr_line' id='line_1_19' title="bbox 160 501 1006 539; baseline -0.004 -7"><span class='ocrx_word' id='word_1_74' title='bbox 160 504 266 533; x_wconf 91' lang='lat' dir='ltr'>tionum</span> <span class='ocrx_word' id='word_1_75' title='bbox 281 502 388 531; x_wconf 90' lang='lat' dir='ltr'>Domini</span> <span class='ocrx_word' id='word_1_76' title='bbox 404 501 570 530; x_wconf 89' lang='lat' dir='ltr'>recordabor</span> <span class='ocrx_word' id='word_1_77' title='bbox 584 509 669 539; x_wconf 90' lang='lat' dir='ltr'>super</span> <span class='ocrx_word' id='word_1_78' title='bbox 686 501 830 535; x_wconf 84' lang='lat' dir='ltr'>omnibus,</span> <span class='ocrx_word' id='word_1_79' title='bbox 852 508 924 538; x_wconf 91' lang='lat' dir='ltr'>quae</span> <span class='ocrx_word' id='word_1_80' title='bbox 945 501 1006 530; x_wconf 90' lang='lat' dir='ltr'>red-</span> 
     </span>
     <span class='ocr_line' id='line_1_20' title="bbox 159 548 584 579; baseline -0.005 0"><span class='ocrx_word' id='word_1_81' title='bbox 159 550 228 579; x_wconf 84' lang='lat' dir='ltr'>didit</span> <span class='ocrx_word' id='word_1_82' title='bbox 248 549 328 578; x_wconf 89' lang='lat' dir='ltr'>nobis</span> <span class='ocrx_word' id='word_1_83' title='bbox 348 548 507 577; x_wconf 82' lang='lat' dir='ltr'>Dominus»</span> <span class='ocrx_word' id='word_1_84' title='bbox 532 552 584 577; x_wconf 90' lang='lat' dir='ltr'>etc.</span> 
     </span>
    </p>

    <p class='ocr_par' dir='ltr' id='par_1_11' title="bbox 158 594 1007 1432">
     <span class='ocr_line' id='line_1_21' title="bbox 239 594 1007 632; baseline -0.003 -8"><span class='ocrx_word' id='word_1_85' title='bbox 239 596 325 624; x_wconf 87' lang='lat' dir='ltr'>Huius</span> <span class='ocrx_word' id='word_1_86' title='bbox 342 595 427 632; x_wconf 84' lang='lat' dir='ltr'>igitur</span> <span class='ocrx_word' id='word_1_87' title='bbox 441 594 580 630; x_wconf 87' lang='lat' dir='ltr'>Creatoris</span> <span class='ocrx_word' id='word_1_88' title='bbox 593 594 726 623; x_wconf 84' lang='lat' dir='ltr'>debemus</span> <span class='ocrx_word' id='word_1_89' title='bbox 740 594 881 623; x_wconf 86' lang='lat' dir='ltr'>recordari</span> <span class='ocrx_word' id='word_1_90' title='bbox 895 597 923 623; x_wconf 88' lang='lat' dir='ltr'>et</span> <span class='ocrx_word' id='word_1_91' title='bbox 934 602 1007 632; x_wconf 75' lang='lat' dir='ltr'>yra-</span> 
     </span>
     <span class='ocr_line' id='line_1_22' title="bbox 160 641 1006 683; baseline -0.005 -11"><span class='ocrx_word' id='word_1_92' title='bbox 160 643 218 672; x_wconf 86' lang='lat' dir='ltr'>tias</span> <span class='ocrx_word' id='word_1_93' title='bbox 239 642 353 683; x_wconf 17' lang='lat' dir='ltr'>agen-do*</span> <span class='ocrx_word' id='word_1_94' title='bbox 379 644 406 670; x_wconf 93' lang='lat' dir='ltr'>et</span> <span class='ocrx_word' id='word_1_95' title='bbox 426 641 468 670; x_wconf 84' lang='lat' dir='ltr'>ad</span> <span class='ocrx_word' id='word_1_96' title='bbox 494 641 592 678; x_wconf 81' lang='lat' dir='ltr'>ipsum</span> <span class='ocrx_word' id='word_1_97' title='bbox 620 641 826 674; x_wconf 83' lang='lat' dir='ltr'>convertendo;</span> <span class='ocrx_word' id='word_1_98' title='bbox 850 643 1006 679; x_wconf 87' lang='lat' dir='ltr'>antequam</span> 
     </span>
     <span class='ocr_line' id='line_1_23' title="bbox 160 688 1006 724; baseline -0.004 -5"><span class='ocrx_word' id='word_1_99' title='bbox 160 689 334 720; x_wconf 73' lang='lat' dir='ltr'><em>tenebrescat</em></span> <span class='ocrx_word' id='word_1_100' title='bbox 362 689 425 724; x_wconf 83' lang='lat' dir='ltr'>sol,</span> <span class='ocrx_word' id='word_1_101' title='bbox 455 689 559 718; x_wconf 88' lang='lat' dir='ltr'>scilicet</span> <span class='ocrx_word' id='word_1_102' title='bbox 588 688 727 723; x_wconf 87' lang='lat' dir='ltr'>iustitiae,</span> <span class='ocrx_word' id='word_1_103' title='bbox 762 688 908 722; x_wconf 87' lang='lat' dir='ltr'>Christus,</span> <span class='ocrx_word' id='word_1_104' title='bbox 943 695 1006 717; x_wconf 83' lang='lat' dir='ltr'>curn</span> 
     </span>
     <span class='ocr_line' id='line_1_24' title="bbox 160 734 1005 769; baseline -0.002 -4"><span class='ocrx_word' id='word_1_105' title='bbox 160 738 242 766; x_wconf 89' lang='lat' dir='ltr'>homo</span> <span class='ocrx_word' id='word_1_106' title='bbox 263 736 335 765; x_wconf 87' lang='lat' dir='ltr'>cadit</span> <span class='ocrx_word' id='word_1_107' title='bbox 355 743 371 764; x_wconf 92' lang='lat' dir='ltr'>a</span> <span class='ocrx_word' id='word_1_108' title='bbox 391 735 460 769; x_wconf 82' lang='lat' dir='ltr'>side;</span> <span class='ocrx_word' id='word_1_109' title='bbox 482 736 562 764; x_wconf 85' lang='lat' dir='ltr'>Amos</span> <span class='ocrx_word' id='word_1_110' title='bbox 582 738 679 764; x_wconf 88' lang='lat' dir='ltr'>octavo</span> <span class='ocrx_word' id='word_1_111' title='bbox 691 735 717 763; x_wconf 82' lang='lat'>¹:</span> <span class='ocrx_word' id='word_1_112' title='bbox 743 746 757 760; x_wconf 85' lang='lat'>«</span> <span class='ocrx_word' id='word_1_113' title='bbox 772 734 884 764; x_wconf 79' lang='lat' dir='ltr'>Occidet</span> <span class='ocrx_word' id='word_1_114' title='bbox 903 734 943 763; x_wconf 92' lang='lat' dir='ltr'>eis</span> <span class='ocrx_word' id='word_1_115' title='bbox 967 734 1005 763; x_wconf 91' lang='lat' dir='ltr'>sol</span> 
     </span>
     <span class='ocr_line' id='line_1_25' title="bbox 160 781 1007 819; baseline -0.004 -6"><span class='ocrx_word' id='word_1_116' title='bbox 160 785 188 813; x_wconf 92' lang='lat' dir='ltr'>in</span> <span class='ocrx_word' id='word_1_117' title='bbox 208 783 323 812; x_wconf 91' lang='lat' dir='ltr'>meridie</span> <span class='ocrx_word' id='word_1_118' title='bbox 333 794 347 808; x_wconf 88' lang='lat'>»</span> <span class='ocrx_word' id='word_1_119' title='bbox 354 794 361 817; x_wconf 86' lang='lat'>;</span> <span class='ocrx_word' id='word_1_120' title='bbox 382 786 409 811; x_wconf 88' lang='lat' dir='ltr'>et</span> <span class='ocrx_word' id='word_1_121' title='bbox 429 782 542 817; x_wconf 88' lang='lat' dir='ltr'>lumen,</span> <span class='ocrx_word' id='word_1_122' title='bbox 563 783 682 819; x_wconf 85' lang='lat' dir='ltr'>gratiae,</span> <span class='ocrx_word' id='word_1_123' title='bbox 704 790 769 811; x_wconf 89' lang='lat' dir='ltr'>cum</span> <span class='ocrx_word' id='word_1_124' title='bbox 791 782 874 811; x_wconf 80' lang='lat' dir='ltr'>honio</span> <span class='ocrx_word' id='word_1_125' title='bbox 892 781 964 811; x_wconf 89' lang='lat' dir='ltr'>cadit</span> <span class='ocrx_word' id='word_1_126' title='bbox 991 789 1007 810; x_wconf 88' lang='lat' dir='ltr'>a</span> 
     </span>
     <span class='ocr_line' id='line_1_26' title="bbox 160 829 1005 867; baseline -0.004 -7"><span class='ocrx_word' id='word_1_127' title='bbox 160 831 288 865; x_wconf 82' lang='lat' dir='ltr'>caritate,</span> <span class='ocrx_word' id='word_1_128' title='bbox 304 833 370 859; x_wconf 91' lang='lat' dir='ltr'>tunc</span> <span class='ocrx_word' id='word_1_129' title='bbox 385 829 458 859; x_wconf 90' lang='lat' dir='ltr'>enim</span> <span class='ocrx_word' id='word_1_130' title='bbox 473 829 563 867; x_wconf 77' lang='lat' dir='ltr'>perdit</span> <span class='ocrx_word' id='word_1_131' title='bbox 577 829 709 867; x_wconf 72' lang='lat' dir='ltr'>gratiam,</span> <span class='ocrx_word' id='word_1_132' title='bbox 726 829 878 866; x_wconf 82' lang='lat' dir='ltr'>Sapientiae</span> <span class='ocrx_word' id='word_1_133' title='bbox 896 829 1005 866; x_wconf 89' lang='lat' dir='ltr'>quinto:</span> 
     </span>
     <span class='ocr_line' id='line_1_27' title="bbox 164 876 1006 911; baseline -0.002 -5"><span class='ocrx_word' id='word_1_134' title='bbox 164 890 178 903; x_wconf 92' lang='lat'><strong><em>«</em></strong></span> <span class='ocrx_word' id='word_1_135' title='bbox 192 877 353 907; x_wconf 89' lang='lat' dir='ltr'>Erravimus</span> <span class='ocrx_word' id='word_1_136' title='bbox 372 885 388 905; x_wconf 90' lang='lat' dir='ltr'>a</span> <span class='ocrx_word' id='word_1_137' title='bbox 408 877 453 906; x_wconf 88' lang='lat' dir='ltr'>via</span> <span class='ocrx_word' id='word_1_138' title='bbox 473 876 612 911; x_wconf 92' lang='lat' dir='ltr'>veritatis,</span> <span class='ocrx_word' id='word_1_139' title='bbox 640 879 668 906; x_wconf 89' lang='lat' dir='ltr'>et</span> <span class='ocrx_word' id='word_1_140' title='bbox 688 877 782 905; x_wconf 91' lang='lat' dir='ltr'>lumen</span> <span class='ocrx_word' id='word_1_141' title='bbox 810 876 931 905; x_wconf 90' lang='lat' dir='ltr'>iustitiae</span> <span class='ocrx_word' id='word_1_142' title='bbox 951 883 1006 904; x_wconf 92' lang='lat' dir='ltr'>non</span> 
     </span>
     <span class='ocr_line' id='line_1_28' title="bbox 160 922 1006 961; baseline -0.005 -7"><span class='ocrx_word' id='word_1_143' title='bbox 160 925 233 954; x_wconf 84' lang='lat' dir='ltr'>luxit</span> <span class='ocrx_word' id='word_1_144' title='bbox 252 924 332 954; x_wconf 90' lang='lat' dir='ltr'>nobis</span> <span class='ocrx_word' id='word_1_145' title='bbox 346 935 377 959; x_wconf 85' lang='lat'>»;</span> <span class='ocrx_word' id='word_1_146' title='bbox 398 927 425 953; x_wconf 86' lang='lat' dir='ltr'>et</span> <span class='ocrx_word' id='word_1_147' title='bbox 452 924 540 958; x_wconf 87' lang='lat' dir='ltr'>luna,</span> <span class='ocrx_word' id='word_1_148' title='bbox 562 923 741 961; x_wconf 78' lang='lat' dir='ltr'>intelligentia</span> <span class='ocrx_word' id='word_1_149' title='bbox 768 930 862 952; x_wconf 88' lang='lat' dir='ltr'>sacrae</span> <span class='ocrx_word' id='word_1_150' title='bbox 883 922 1006 959; x_wconf 87' lang='lat' dir='ltr'>Scriptu-</span> 
     </span>
     <span class='ocr_line' id='line_1_29' title="bbox 160 969 1006 1009; baseline -0.005 -8"><span class='ocrx_word' id='word_1_151' title='bbox 160 980 222 1007; x_wconf 84' lang='lat' dir='ltr'>rae,</span> <span class='ocrx_word' id='word_1_152' title='bbox 244 979 315 1009; x_wconf 90' lang='lat' dir='ltr'>quae</span> <span class='ocrx_word' id='word_1_153' title='bbox 343 971 446 1000; x_wconf 90' lang='lat' dir='ltr'>scilicet</span> <span class='ocrx_word' id='word_1_154' title='bbox 473 971 567 999; x_wconf 90' lang='lat' dir='ltr'>lumen</span> <span class='ocrx_word' id='word_1_155' title='bbox 588 970 686 1007; x_wconf 81' lang='lat' dir='ltr'>recipit</span> <span class='ocrx_word' id='word_1_156' title='bbox 713 978 729 998; x_wconf 86' lang='lat' dir='ltr'>a</span> <span class='ocrx_word' id='word_1_157' title='bbox 749 969 877 1003; x_wconf 89' lang='lat' dir='ltr'>Christo;</span> <span class='ocrx_word' id='word_1_158' title='bbox 905 970 1006 1005; x_wconf 79' lang='lat' dir='ltr'>Apoca-</span> 
     </span>
     <span class='ocr_line' id='line_1_30' title="bbox 159 1015 1006 1056; baseline -0.006 -8"><span class='ocrx_word' id='word_1_159' title='bbox 159 1018 244 1056; x_wconf 87' lang='lat' dir='ltr'>lypsis</span> <span class='ocrx_word' id='word_1_160' title='bbox 263 1018 441 1047; x_wconf 88' lang='lat' dir='ltr'>duodecimo:</span> <span class='ocrx_word' id='word_1_161' title='bbox 468 1029 481 1043; x_wconf 76' lang='grc' dir='ltr'>α</span> <span class='ocrx_word' id='word_1_162' title='bbox 496 1017 593 1046; x_wconf 90' lang='lat' dir='ltr'>Mulier</span> <span class='ocrx_word' id='word_1_163' title='bbox 614 1016 714 1045; x_wconf 86' lang='lat' dir='ltr'>amicta</span> <span class='ocrx_word' id='word_1_164' title='bbox 728 1015 800 1050; x_wconf 89' lang='lat' dir='ltr'>sole,</span> <span class='ocrx_word' id='word_1_165' title='bbox 822 1018 850 1044; x_wconf 90' lang='lat' dir='ltr'>et</span> <span class='ocrx_word' id='word_1_166' title='bbox 870 1015 936 1044; x_wconf 94' lang='lat' dir='ltr'>luna</span> <span class='ocrx_word' id='word_1_167' title='bbox 953 1015 1006 1044; x_wconf 80' lang='lat' dir='ltr'>sub</span> 
     </span>
     <span class='ocr_line' id='line_1_31' title="bbox 159 1062 1006 1102; baseline -0.006 -7"><span class='ocrx_word' id='word_1_168' title='bbox 159 1065 276 1102; x_wconf 85' lang='lat' dir='ltr'>pedibus</span> <span class='ocrx_word' id='word_1_169' title='bbox 296 1066 356 1094; x_wconf 90' lang='lat' dir='ltr'>eius</span> <span class='ocrx_word' id='word_1_170' title='bbox 368 1077 394 1093; x_wconf 88' lang='lat'>».</span> <span class='ocrx_word' id='word_1_171' title='bbox 416 1064 522 1093; x_wconf 87' lang='lat' dir='ltr'>Mulier</span> <span class='ocrx_word' id='word_1_172' title='bbox 543 1063 653 1092; x_wconf 85' lang='lat' dir='ltr'>amicta</span> <span class='ocrx_word' id='word_1_173' title='bbox 673 1063 730 1091; x_wconf 85' lang='lat' dir='ltr'>sole</span> <span class='ocrx_word' id='word_1_174' title='bbox 750 1065 792 1091; x_wconf 89' lang='lat' dir='ltr'>est</span> <span class='ocrx_word' id='word_1_175' title='bbox 812 1062 1006 1099; x_wconf 80' lang='lat' dir='ltr'>gentiumEc-</span> 
     </span>
     <span class='ocr_line' id='line_1_32' title="bbox 159 1109 1005 1147; baseline -0.006 -5"><span class='ocrx_word' id='word_1_176' title='bbox 159 1113 255 1147; x_wconf 75' lang='lat' dir='ltr'>alesia,</span> <span class='ocrx_word' id='word_1_177' title='bbox 278 1113 322 1142; x_wconf 91' lang='lat' dir='ltr'>cui</span> <span class='ocrx_word' id='word_1_178' title='bbox 350 1113 414 1141; x_wconf 80' lang='lat' dir='ltr'>data</span> <span class='ocrx_word' id='word_1_179' title='bbox 434 1115 475 1141; x_wconf 83' lang='lat' dir='ltr'>est</span> <span class='ocrx_word' id='word_1_180' title='bbox 502 1119 596 1140; x_wconf 86' lang='lat' dir='ltr'>sacrae</span> <span class='ocrx_word' id='word_1_181' title='bbox 617 1110 776 1147; x_wconf 87' lang='lat' dir='ltr'>Scripturae</span> <span class='ocrx_word' id='word_1_182' title='bbox 804 1110 885 1146; x_wconf 91' lang='lat' dir='ltr'>plena</span> <span class='ocrx_word' id='word_1_183' title='bbox 906 1109 1005 1138; x_wconf 89' lang='lat' dir='ltr'>intelli-</span> 
     </span>
     <span class='ocr_line' id='line_1_33' title="bbox 159 1157 1004 1197; baseline -0.004 -9"><span class='ocrx_word' id='word_1_184' title='bbox 159 1160 258 1197; x_wconf 86' lang='lat' dir='ltr'>gentia.</span> <span class='ocrx_word' id='word_1_185' title='bbox 292 1161 327 1188; x_wconf 88' lang='lat' dir='ltr'>Et</span> <span class='ocrx_word' id='word_1_186' title='bbox 356 1159 466 1193; x_wconf 86' lang='lat' dir='ltr'>stellae,</span> <span class='ocrx_word' id='word_1_187' title='bbox 498 1158 626 1195; x_wconf 88' lang='lat' dir='ltr'>exempla</span> <span class='ocrx_word' id='word_1_188' title='bbox 657 1157 864 1194; x_wconf 84' lang='lat' dir='ltr'>perfectorum;</span> <span class='ocrx_word' id='word_1_189' title='bbox 896 1157 1004 1186; x_wconf 82' lang='lat' dir='ltr'>Baruch</span> 
     </span>
     <span class='ocr_line' id='line_1_34' title="bbox 159 1203 1004 1238; baseline -0.005 -3"><span class='ocrx_word' id='word_1_190' title='bbox 159 1207 240 1236; x_wconf 85' lang='lat' dir='ltr'>tertio</span> <span class='ocrx_word' id='word_1_191' title='bbox 252 1207 278 1235; x_wconf 79' lang='lat'>²:</span> <span class='ocrx_word' id='word_1_192' title='bbox 298 1218 311 1231; x_wconf 86' lang='lat'>«</span> <span class='ocrx_word' id='word_1_193' title='bbox 326 1206 424 1235; x_wconf 82' lang='lat' dir='ltr'>Stellae</span> <span class='ocrx_word' id='word_1_194' title='bbox 439 1206 533 1234; x_wconf 90' lang='lat' dir='ltr'>lumen</span> <span class='ocrx_word' id='word_1_195' title='bbox 553 1204 690 1233; x_wconf 88' lang='lat' dir='ltr'>dederunt</span> <span class='ocrx_word' id='word_1_196' title='bbox 710 1204 737 1232; x_wconf 92' lang='lat' dir='ltr'>in</span> <span class='ocrx_word' id='word_1_197' title='bbox 752 1203 883 1232; x_wconf 89' lang='lat' dir='ltr'>custodiis</span> <span class='ocrx_word' id='word_1_198' title='bbox 904 1203 962 1232; x_wconf 91' lang='lat' dir='ltr'>suis</span> <span class='ocrx_word' id='word_1_199' title='bbox 974 1216 1004 1238; x_wconf 89' lang='lat'>»‚</span> 
     </span>
     <span class='ocr_line' id='line_1_35' title="bbox 159 1250 1005 1288; baseline -0.005 -5"><span class='ocrx_word' id='word_1_200' title='bbox 159 1256 238 1283; x_wconf 91' lang='lat' dir='ltr'>nocte</span> <span class='ocrx_word' id='word_1_201' title='bbox 259 1254 373 1288; x_wconf 84' lang='lat' dir='ltr'>scilicet,</span> <span class='ocrx_word' id='word_1_202' title='bbox 399 1265 413 1278; x_wconf 87' lang='lat'>«</span> <span class='ocrx_word' id='word_1_203' title='bbox 428 1256 455 1282; x_wconf 90' lang='lat' dir='ltr'>et</span> <span class='ocrx_word' id='word_1_204' title='bbox 475 1253 624 1281; x_wconf 91' lang='lat' dir='ltr'>dixerunt:</span> <span class='ocrx_word' id='word_1_205' title='bbox 647 1251 783 1280; x_wconf 87' lang='lat' dir='ltr'>Adsumus</span> <span class='ocrx_word' id='word_1_206' title='bbox 804 1263 830 1279; x_wconf 93' lang='lat'>».</span> <span class='ocrx_word' id='word_1_207' title='bbox 854 1252 889 1279; x_wconf 84' lang='lat' dir='ltr'>Et</span> <span class='ocrx_word' id='word_1_208' title='bbox 915 1250 1005 1279; x_wconf 86' lang='lat' dir='ltr'>nubes</span> 
     </span>
     <span class='ocr_line' id='line_1_36' title="bbox 158 1298 1005 1335; baseline -0.005 -5"><span class='ocrx_word' id='word_1_209' title='bbox 158 1305 345 1330; x_wconf 81' lang='lat' dir='ltr'>revertantur</span> <span class='ocrx_word' id='word_1_210' title='bbox 365 1304 433 1335; x_wconf 89' lang='lat' dir='ltr'>etc.,</span> <span class='ocrx_word' id='word_1_211' title='bbox 454 1300 482 1329; x_wconf 90' lang='lat' dir='ltr'>id</span> <span class='ocrx_word' id='word_1_212' title='bbox 503 1302 560 1334; x_wconf 85' lang='lat' dir='ltr'>est,</span> <span class='ocrx_word' id='word_1_213' title='bbox 582 1302 670 1328; x_wconf 84' lang='lat' dir='ltr'>cesset</span> <span class='ocrx_word' id='word_1_214' title='bbox 693 1298 819 1327; x_wconf 82' lang='lat' dir='ltr'>doctrina</span> <span class='ocrx_word' id='word_1_215' title='bbox 839 1298 1005 1335; x_wconf 85' lang='lat' dir='ltr'>praedicato-</span> 
     </span>
     <span class='ocr_line' id='line_1_37' title="bbox 159 1344 1005 1382; baseline -0.005 -5"><span class='ocrx_word' id='word_1_216' title='bbox 159 1356 238 1382; x_wconf 90' lang='lat' dir='ltr'>rum;</span> <span class='ocrx_word' id='word_1_217' title='bbox 271 1347 419 1377; x_wconf 88' lang='lat' dir='ltr'>Ezechielis</span> <span class='ocrx_word' id='word_1_218' title='bbox 450 1347 547 1376; x_wconf 84' lang='lat' dir='ltr'>tertio:</span> <span class='ocrx_word' id='word_1_219' title='bbox 573 1357 587 1371; x_wconf 88' lang='lat'><strong><em>«</em></strong></span> <span class='ocrx_word' id='word_1_220' title='bbox 611 1345 659 1374; x_wconf 85' lang='lat' dir='ltr'>Fili</span> <span class='ocrx_word' id='word_1_221' title='bbox 691 1344 825 1379; x_wconf 87' lang='lat' dir='ltr'>hominis,</span> <span class='ocrx_word' id='word_1_222' title='bbox 853 1344 1005 1373; x_wconf 86' lang='lat' dir='ltr'>adhaerere</span> 
     </span>
     <span class='ocr_line' id='line_1_38' title="bbox 159 1393 718 1432; baseline -0.005 -9"><span class='ocrx_word' id='word_1_223' title='bbox 159 1395 255 1424; x_wconf 87' lang='lat' dir='ltr'>faciam</span> <span class='ocrx_word' id='word_1_224' title='bbox 277 1395 399 1432; x_wconf 86' lang='lat' dir='ltr'>linguam</span> <span class='ocrx_word' id='word_1_225' title='bbox 420 1397 496 1423; x_wconf 90' lang='lat' dir='ltr'>tuam</span> <span class='ocrx_word' id='word_1_226' title='bbox 517 1393 608 1430; x_wconf 89' lang='lat' dir='ltr'>palato</span> <span class='ocrx_word' id='word_1_227' title='bbox 628 1395 677 1421; x_wconf 89' lang='lat' dir='ltr'>tuo</span> <span class='ocrx_word' id='word_1_228' title='bbox 692 1404 718 1420; x_wconf 88' lang='lat'>».</span> 
     </span>
    </p>
   </div>
   <div class='ocr_carea' id='block_1_7' title="bbox 197 1478 963 1564">
    <p class='ocr_par' dir='ltr' id='par_1_12' title="bbox 197 1478 963 1564">
     <span class='ocr_line' id='line_1_39' title="bbox 197 1478 963 1518; baseline -0.004 -9"><span class='ocrx_word' id='word_1_229' title='bbox 197 1481 260 1509; x_wconf 65' lang='grc' dir='ltr'>ΛΒΤ.</span> <span class='ocrx_word' id='word_1_230' title='bbox 283 1482 309 1510; x_wconf 69' lang='lat'>2.</span> <span class='ocrx_word' id='word_1_231' title='bbox 334 1481 373 1509; x_wconf 88' lang='lat' dir='ltr'>De</span> <span class='ocrx_word' id='word_1_232' title='bbox 389 1480 492 1518; x_wconf 81' lang='lat' dir='ltr'>poenis</span> <span class='ocrx_word' id='word_1_233' title='bbox 508 1488 585 1517; x_wconf 82' lang='lat' dir='ltr'>pure</span> <span class='ocrx_word' id='word_1_234' title='bbox 606 1478 755 1516; x_wconf 84' lang='lat' dir='ltr'>afflictivis</span> <span class='ocrx_word' id='word_1_235' title='bbox 777 1478 808 1506; x_wconf 87' lang='lat' dir='ltr'>in</span> <span class='ocrx_word' id='word_1_236' title='bbox 828 1478 963 1515; x_wconf 81' lang='lat' dir='ltr'>speciali,</span> 
     </span>
     <span class='ocr_line' id='line_1_40' title="bbox 228 1524 917 1564; baseline -0.006 -7"><span class='ocrx_word' id='word_1_237' title='bbox 228 1528 404 1557; x_wconf 63' lang='lat' dir='ltr'>‘secundum</span> <span class='ocrx_word' id='word_1_238' title='bbox 425 1526 568 1564; x_wconf 77' lang='lat' dir='ltr'>triplicem</span> <span class='ocrx_word' id='word_1_239' title='bbox 588 1534 694 1555; x_wconf 91' lang='lat' dir='ltr'>earum</span> <span class='ocrx_word' id='word_1_240' title='bbox 714 1524 917 1563; x_wconf 75' lang='lat' dir='ltr'>differentiam.</span> 
     </span>
    </p>
   </div>
   <div class='ocr_carea' id='block_1_8' title="bbox 158 1604 1005 1878">
    <p class='ocr_par' dir='ltr' id='par_1_13' title="bbox 158 1604 1005 1878">
     <span class='ocr_line' id='line_1_41' title="bbox 239 1604 1004 1643; baseline -0.004 -8"><span class='ocrx_word' id='word_1_241' title='bbox 239 1606 362 1643; x_wconf 83' lang='lat' dir='ltr'>Quando</span> <span class='ocrx_word' id='word_1_242' title='bbox 377 1604 633 1634; x_wconf 82' lang='lat' dir='ltr'>commovebuntur</span> <span class='ocrx_word' id='word_1_243' title='bbox 646 1606 697 1633; x_wconf 87' lang='lat' dir='ltr'>etc.</span> <span class='ocrx_word' id='word_1_244' title='bbox 720 1604 810 1640; x_wconf 82' lang='lat' dir='ltr'>Supra</span> <span class='ocrx_word' id='word_1_245' title='bbox 824 1604 879 1641; x_wconf 85' lang='lat' dir='ltr'>egit</span> <span class='ocrx_word' id='word_1_246' title='bbox 893 1604 926 1632; x_wconf 88' lang='lat' dir='ltr'>de</span> <span class='ocrx_word' id='word_1_247' title='bbox 940 1612 1004 1641; x_wconf 90' lang='lat' dir='ltr'>poe-</span> 
     </span>
     <span class='ocr_line' id='line_1_42' title="bbox 159 1650 1005 1691; baseline -0.007 -7"><span class='ocrx_word' id='word_1_248' title='bbox 159 1654 285 1689; x_wconf 88' lang='lat' dir='ltr'>nalitate,</span> <span class='ocrx_word' id='word_1_249' title='bbox 300 1661 372 1691; x_wconf 89' lang='lat' dir='ltr'>quae</span> <span class='ocrx_word' id='word_1_250' title='bbox 393 1653 468 1681; x_wconf 85' lang='lat' dir='ltr'>venit</span> <span class='ocrx_word' id='word_1_251' title='bbox 485 1654 512 1680; x_wconf 91' lang='lat' dir='ltr'>et</span> <span class='ocrx_word' id='word_1_252' title='bbox 536 1650 715 1688; x_wconf 87' lang='lat' dir='ltr'>consequitur</span> <span class='ocrx_word' id='word_1_253' title='bbox 730 1650 901 1679; x_wconf 87' lang='lat' dir='ltr'>iuventutem</span> <span class='ocrx_word' id='word_1_254' title='bbox 916 1651 943 1679; x_wconf 92' lang='lat' dir='ltr'>in</span> <span class='ocrx_word' id='word_1_255' title='bbox 958 1659 1005 1688; x_wconf 82' lang='lat' dir='ltr'>ge-</span> 
     </span>
     <span class='ocr_line' id='line_1_43' title="bbox 158 1697 1005 1737; baseline -0.006 -7"><span class='ocrx_word' id='word_1_256' title='bbox 158 1701 261 1735; x_wconf 87' lang='lat' dir='ltr'>nerali;</span> <span class='ocrx_word' id='word_1_257' title='bbox 282 1701 328 1729; x_wconf 89' lang='lat' dir='ltr'>hic</span> <span class='ocrx_word' id='word_1_258' title='bbox 342 1699 398 1737; x_wconf 83' lang='lat' dir='ltr'>agit</span> <span class='ocrx_word' id='word_1_259' title='bbox 412 1699 444 1728; x_wconf 89' lang='lat' dir='ltr'>in</span> <span class='ocrx_word' id='word_1_260' title='bbox 464 1698 591 1736; x_wconf 77' lang='lat' dir='ltr'>speciali.</span> <span class='ocrx_word' id='word_1_261' title='bbox 608 1698 639 1726; x_wconf 91' lang='lat' dir='ltr'>Et</span> <span class='ocrx_word' id='word_1_262' title='bbox 659 1697 750 1734; x_wconf 88' lang='lat' dir='ltr'>primo</span> <span class='ocrx_word' id='word_1_263' title='bbox 764 1697 819 1734; x_wconf 75' lang='lat' dir='ltr'>agit</span> <span class='ocrx_word' id='word_1_264' title='bbox 833 1697 866 1726; x_wconf 88' lang='lat' dir='ltr'>de</span> <span class='ocrx_word' id='word_1_265' title='bbox 886 1697 1005 1726; x_wconf 88' lang='lat' dir='ltr'>miseriis</span> 
     </span>
     <span class='ocr_line' id='line_1_44' title="bbox 159 1744 1004 1779; baseline -0.005 -3"><span class='ocrx_word' id='word_1_266' title='bbox 159 1746 388 1776; x_wconf 74' lang='lat' dir='ltr'>antecedentibus</span> <span class='ocrx_word' id='word_1_267' title='bbox 415 1749 549 1779; x_wconf 88' lang='lat' dir='ltr'>mortem;</span> <span class='ocrx_word' id='word_1_268' title='bbox 571 1744 706 1779; x_wconf 77' lang='lat' dir='ltr'>secundo,</span> <span class='ocrx_word' id='word_1_269' title='bbox 728 1744 762 1773; x_wconf 91' lang='lat' dir='ltr'>de</span> <span class='ocrx_word' id='word_1_270' title='bbox 787 1744 1004 1773; x_wconf 88' lang='lat' dir='ltr'>concomitanti-</span> 
     </span>
     <span class='ocr_line' id='line_1_45' title="bbox 160 1791 1004 1829; baseline -0.002 -7"><span class='ocrx_word' id='word_1_271' title='bbox 160 1794 228 1829; x_wconf 90' lang='lat' dir='ltr'>bus,</span> <span class='ocrx_word' id='word_1_272' title='bbox 250 1793 303 1822; x_wconf 89' lang='lat' dir='ltr'>ibi:</span> <span class='ocrx_word' id='word_1_273' title='bbox 327 1793 473 1829; x_wconf 78' lang='lat' dir='ltr'>Quoniam</span> <span class='ocrx_word' id='word_1_274' title='bbox 494 1792 546 1821; x_wconf 89' lang='lat' dir='ltr'>ibit</span> <span class='ocrx_word' id='word_1_275' title='bbox 560 1791 659 1826; x_wconf 74' lang='lat' dir='ltr'>liomo;</span> <span class='ocrx_word' id='word_1_276' title='bbox 674 1792 771 1826; x_wconf 87' lang='lat' dir='ltr'>tertio,</span> <span class='ocrx_word' id='word_1_277' title='bbox 786 1791 819 1821; x_wconf 86' lang='lat' dir='ltr'>de</span> <span class='ocrx_word' id='word_1_278' title='bbox 834 1800 1004 1829; x_wconf 84' lang='lat' dir='ltr'>consequen-</span> 
     </span>
     <span class='ocr_line' id='line_1_46' title="bbox 161 1837 1003 1878; baseline -0.004 -9"><span class='ocrx_word' id='word_1_279' title='bbox 161 1840 250 1875; x_wconf 81' lang='lat' dir='ltr'>tibus,</span> <span class='ocrx_word' id='word_1_280' title='bbox 272 1840 324 1869; x_wconf 85' lang='lat' dir='ltr'>ihi:</span> <span class='ocrx_word' id='word_1_281' title='bbox 345 1842 510 1878; x_wconf 84' lang='lat' dir='ltr'>Antequam</span> <span class='ocrx_word' id='word_1_282' title='bbox 531 1843 692 1876; x_wconf 81' lang='lat' dir='ltr'>rumpatur</span> <span class='ocrx_word' id='word_1_283' title='bbox 712 1837 818 1876; x_wconf 79' lang='lat' dir='ltr'>funis³</span> <span class='ocrx_word' id='word_1_284' title='bbox 840 1842 1003 1876; x_wconf 69' lang='lat' dir='ltr'>aryenteus.</span> 
     </span>
    </p>
   </div>
   <div class='ocr_carea' id='block_1_9' title="bbox 296 1923 867 1956">
    <p class='ocr_par' dir='ltr' id='par_1_14' title="bbox 296 1923 867 1956">
     <span class='ocr_line' id='line_1_47' title="bbox 296 1923 867 1956; baseline -0.005 0"><span class='ocrx_word' id='word_1_285' title='bbox 296 1924 334 1956; x_wconf 92' lang='lat' dir='ltr'>De</span> <span class='ocrx_word' id='word_1_286' title='bbox 354 1924 473 1955; x_wconf 86' lang='lat' dir='ltr'>miseriis</span> <span class='ocrx_word' id='word_1_287' title='bbox 493 1924 610 1954; x_wconf 80' lang='lat' dir='ltr'>mortem</span> <span class='ocrx_word' id='word_1_288' title='bbox 630 1923 867 1954; x_wconf 77' lang='lat' dir='ltr'>antecedentibus.</span> 
     </span>
    </p>
   </div>
   <div class='ocr_carea' id='block_1_10' title="bbox 159 2002 1008 2512">
    <p class='ocr_par' dir='ltr' id='par_1_15' title="bbox 159 2002 1006 2187">
     <span class='ocr_line' id='line_1_48' title="bbox 239 2002 1006 2041; baseline -0.003 -8"><span class='ocrx_word' id='word_1_289' title='bbox 239 2004 329 2033; x_wconf 86' lang='lat' dir='ltr'>Prima</span> <span class='ocrx_word' id='word_1_290' title='bbox 339 2012 403 2041; x_wconf 85' lang='lat' dir='ltr'>pars</span> <span class='ocrx_word' id='word_1_291' title='bbox 414 2004 497 2033; x_wconf 85' lang='lat' dir='ltr'>habet</span> <span class='ocrx_word' id='word_1_292' title='bbox 511 2004 595 2033; x_wconf 82' lang='lat' dir='ltr'>duas:</span> <span class='ocrx_word' id='word_1_293' title='bbox 607 2003 673 2041; x_wconf 89' lang='lat' dir='ltr'>quia</span> <span class='ocrx_word' id='word_1_294' title='bbox 683 2004 774 2040; x_wconf 88' lang='lat' dir='ltr'>primo</span> <span class='ocrx_word' id='word_1_295' title='bbox 787 2003 879 2040; x_wconf 81' lang='lat' dir='ltr'>agitur</span> <span class='ocrx_word' id='word_1_296' title='bbox 893 2002 927 2031; x_wconf 90' lang='lat' dir='ltr'>de</span> <span class='ocrx_word' id='word_1_297' title='bbox 941 2010 1006 2040; x_wconf 90' lang='lat' dir='ltr'>poe-</span> 
     </span>
     <span class='ocr_line' id='line_1_49' title="bbox 159 2050 1005 2089; baseline -0.004 -8"><span class='ocrx_word' id='word_1_298' title='bbox 159 2052 286 2087; x_wconf 76' lang='lat' dir='ltr'>nalitate,</span> <span class='ocrx_word' id='word_1_299' title='bbox 307 2060 379 2089; x_wconf 89' lang='lat' dir='ltr'>quae</span> <span class='ocrx_word' id='word_1_300' title='bbox 399 2051 550 2080; x_wconf 87' lang='lat' dir='ltr'>attenditur</span> <span class='ocrx_word' id='word_1_301' title='bbox 572 2052 599 2080; x_wconf 89' lang='lat' dir='ltr'>in</span> <span class='ocrx_word' id='word_1_302' title='bbox 620 2050 816 2080; x_wconf 89' lang='lat' dir='ltr'>membrorum</span> <span class='ocrx_word' id='word_1_303' title='bbox 842 2050 1005 2083; x_wconf 87' lang='lat' dir='ltr'>debilitate,-</span> 
     </span>
     <span class='ocr_line' id='line_1_50' title="bbox 160 2097 1005 2136; baseline -0.005 -7"><span class='ocrx_word' id='word_1_304' title='bbox 160 2099 281 2129; x_wconf 89' lang='lat' dir='ltr'>secundo</span> <span class='ocrx_word' id='word_1_305' title='bbox 301 2107 381 2133; x_wconf 90' lang='lat' dir='ltr'>ver0,</span> <span class='ocrx_word' id='word_1_306' title='bbox 395 2098 429 2128; x_wconf 91' lang='lat' dir='ltr'>de</span> <span class='ocrx_word' id='word_1_307' title='bbox 449 2098 533 2136; x_wconf 74' lang='lat' dir='ltr'>siyno</span> <span class='ocrx_word' id='word_1_308' title='bbox 547 2098 715 2132; x_wconf 83' lang='lat' dir='ltr'>debilitatis,</span> <span class='ocrx_word' id='word_1_309' title='bbox 731 2098 783 2126; x_wconf 88' lang='lat' dir='ltr'>ihi:</span> <span class='ocrx_word' id='word_1_310' title='bbox 801 2097 922 2126; x_wconf 77' lang='lat' dir='ltr'>Eaecelsa</span> <span class='ocrx_word' id='word_1_311' title='bbox 936 2106 1005 2136; x_wconf 83' lang='lat' dir='ltr'>quo-</span> 
     </span>
     <span class='ocr_line' id='line_1_51' title="bbox 159 2146 376 2187; baseline -0.009 -11"><span class='ocrx_word' id='word_1_312' title='bbox 159 2156 214 2187; x_wconf 83' lang='lat' dir='ltr'>que</span> <span class='ocrx_word' id='word_1_313' title='bbox 230 2146 376 2176; x_wconf 88' lang='lat' dir='ltr'>timebunt.</span> 
     </span>
    </p>

    <p class='ocr_par' dir='ltr' id='par_1_16' title="bbox 159 2191 1008 2512">
     <span class='ocr_line' id='line_1_52' title="bbox 239 2191 1006 2231; baseline -0.004 -9"><span class='ocrx_word' id='word_1_314' title='bbox 239 2194 327 2231; x_wconf 89' lang='lat' dir='ltr'>(Vers.</span> <span class='ocrx_word' id='word_1_315' title='bbox 350 2193 398 2229; x_wconf 83' lang='lat'>3.).</span> <span class='ocrx_word' id='word_1_316' title='bbox 420 2193 512 2221; x_wconf 90' lang='lat' dir='ltr'>Primo</span> <span class='ocrx_word' id='word_1_317' title='bbox 532 2192 617 2230; x_wconf 85' lang='lat' dir='ltr'>igitur</span> <span class='ocrx_word' id='word_1_318' title='bbox 638 2191 757 2221; x_wconf 88' lang='lat' dir='ltr'>ostendit</span> <span class='ocrx_word' id='word_1_319' title='bbox 783 2191 1006 2220; x_wconf 83' lang='lat' dir='ltr'>debilitationem</span> 
     </span>
     <span class='ocr_line' id='line_1_53' title="bbox 159 2238 1006 2276; baseline -0.005 -6"><span class='ocrx_word' id='word_1_320' title='bbox 159 2241 284 2270; x_wconf 80' lang='lat' dir='ltr'>suturam</span> <span class='ocrx_word' id='word_1_321' title='bbox 305 2241 332 2269; x_wconf 95' lang='lat' dir='ltr'>in</span> <span class='ocrx_word' id='word_1_322' title='bbox 354 2242 495 2269; x_wconf 86' lang='lat' dir='ltr'>senectute</span> <span class='ocrx_word' id='word_1_323' title='bbox 512 2242 647 2276; x_wconf 89' lang='lat' dir='ltr'>quantum</span> <span class='ocrx_word' id='word_1_324' title='bbox 668 2238 703 2267; x_wconf 87' lang='lat' dir='ltr'>ad</span> <span class='ocrx_word' id='word_1_325' title='bbox 722 2246 774 2267; x_wconf 91' lang='lat' dir='ltr'>sex</span> <span class='ocrx_word' id='word_1_326' title='bbox 795 2245 897 2275; x_wconf 86' lang='lat' dir='ltr'>genera</span> <span class='ocrx_word' id='word_1_327' title='bbox 920 2246 1006 2266; x_wconf 87' lang='lat' dir='ltr'>mem-</span> 
     </span>
     <span class='ocr_line' id='line_1_54' title="bbox 159 2285 1006 2325; baseline -0.005 -8"><span class='ocrx_word' id='word_1_328' title='bbox 159 2288 291 2317; x_wconf 87' lang='lat' dir='ltr'>brorum:</span> <span class='ocrx_word' id='word_1_329' title='bbox 314 2288 404 2325; x_wconf 90' lang='lat' dir='ltr'>primo</span> <span class='ocrx_word' id='word_1_330' title='bbox 435 2287 548 2316; x_wconf 88' lang='lat' dir='ltr'>scilicet·</span> <span class='ocrx_word' id='word_1_331' title='bbox 562 2289 699 2323; x_wconf 89' lang='lat' dir='ltr'>quantum</span> <span class='ocrx_word' id='word_1_332' title='bbox 729 2285 763 2314; x_wconf 84' lang='lat' dir='ltr'>ad</span> <span class='ocrx_word' id='word_1_333' title='bbox 791 2285 1006 2314; x_wconf 82' lang='lat' dir='ltr'>commotionem</span> 
     </span>
     <span class='ocr_line' id='line_1_55' title="bbox 161 2332 1006 2372; baseline -0.005 -8"><span class='ocrx_word' id='word_1_334' title='bbox 161 2336 288 2370; x_wconf 86' lang='lat' dir='ltr'>ossium,</span> <span class='ocrx_word' id='word_1_335' title='bbox 310 2343 382 2372; x_wconf 86' lang='lat' dir='ltr'>quae</span> <span class='ocrx_word' id='word_1_336' title='bbox 402 2334 527 2363; x_wconf 89' lang='lat' dir='ltr'>ordinata</span> <span class='ocrx_word' id='word_1_337' title='bbox 548 2336 613 2363; x_wconf 90' lang='lat' dir='ltr'>sunt</span> <span class='ocrx_word' id='word_1_338' title='bbox 626 2333 661 2362; x_wconf 93' lang='lat' dir='ltr'>ad</span> <span class='ocrx_word' id='word_1_339' title='bbox 675 2341 777 2370; x_wconf 90' lang='lat' dir='ltr'>corpus</span> <span class='ocrx_word' id='word_1_340' title='bbox 790 2332 1006 2370; x_wconf 86' lang='lat' dir='ltr'>protegendum,</span> 
     </span>
     <span class='ocr_line' id='line_1_56' title="bbox 162 2379 1005 2418; baseline -0.006 -7"><span class='ocrx_word' id='word_1_341' title='bbox 162 2390 226 2411; x_wconf 88' lang='lat' dir='ltr'>cum</span> <span class='ocrx_word' id='word_1_342' title='bbox 243 2382 324 2411; x_wconf 90' lang='lat' dir='ltr'>dicit:</span> <span class='ocrx_word' id='word_1_343' title='bbox 341 2381 464 2418; x_wconf 82' lang='lat' dir='ltr'>Quando</span> <span class='ocrx_word' id='word_1_344' title='bbox 479 2380 734 2409; x_wconf 87' lang='lat' dir='ltr'>commovebuntur</span> <span class='ocrx_word' id='word_1_345' title='bbox 749 2379 879 2408; x_wconf 78' lang='lat' dir='ltr'>custodes</span> <span class='ocrx_word' id='word_1_346' title='bbox 893 2379 1005 2407; x_wconf 80' lang='lat' dir='ltr'>domus,</span> 
     </span>
     <span class='ocr_line' id='line_1_57' title="bbox 164 2425 1008 2465; baseline -0.005 -7"><span class='ocrx_word' id='word_1_347' title='bbox 164 2429 272 2458; x_wconf 86' lang='lat' dir='ltr'>Domus</span> <span class='ocrx_word' id='word_1_348' title='bbox 286 2432 327 2458; x_wconf 91' lang='lat' dir='ltr'>est</span> <span class='ocrx_word' id='word_1_349' title='bbox 341 2428 469 2457; x_wconf 88' lang='lat' dir='ltr'>machina</span> <span class='ocrx_word' id='word_1_350' title='bbox 482 2427 618 2465; x_wconf 85' lang='lat' dir='ltr'>corporis;</span> <span class='ocrx_word' id='word_1_351' title='bbox 634 2427 702 2456; x_wconf 88' lang='lat' dir='ltr'>haec</span> <span class='ocrx_word' id='word_1_352' title='bbox 715 2426 820 2463; x_wconf 85' lang='lat' dir='ltr'>fragilis</span> <span class='ocrx_word' id='word_1_353' title='bbox 833 2429 888 2460; x_wconf 90' lang='lat' dir='ltr'>est,</span> <span class='ocrx_word' id='word_1_354' title='bbox 902 2429 930 2455; x_wconf 89' lang='lat' dir='ltr'>et</span> <span class='ocrx_word' id='word_1_355' title='bbox 948 2425 1008 2454; x_wconf 91' lang='lat' dir='ltr'>ideo</span> 
     </span>
     <span class='ocr_line' id='line_1_58' title="bbox 162 2472 1007 2512; baseline -0.006 -7"><span class='ocrx_word' id='word_1_356' title='bbox 162 2475 275 2505; x_wconf 87' lang='lat' dir='ltr'>custode</span> <span class='ocrx_word' id='word_1_357' title='bbox 295 2475 412 2512; x_wconf 80' lang='lat' dir='ltr'>indiget;</span> <span class='ocrx_word' id='word_1_358' title='bbox 434 2478 461 2504; x_wconf 92' lang='lat' dir='ltr'>et</span> <span class='ocrx_word' id='word_1_359' title='bbox 482 2474 542 2503; x_wconf 92' lang='lat' dir='ltr'>ideo</span> <span class='ocrx_word' id='word_1_360' title='bbox 562 2474 627 2503; x_wconf 91' lang='lat' dir='ltr'>dicit</span> <span class='ocrx_word' id='word_1_361' title='bbox 642 2473 824 2510; x_wconf 87' lang='lat' dir='ltr'>Philosophus</span> <span class='ocrx_word' id='word_1_362' title='bbox 835 2473 855 2507; x_wconf 71' lang='lat'>4,</span> <span class='ocrx_word' id='word_1_363' title='bbox 871 2472 945 2509; x_wconf 91' lang='lat' dir='ltr'>quod</span> <span class='ocrx_word' id='word_1_364' title='bbox 960 2480 1007 2500; x_wconf 90' lang='lat' dir='ltr'>na-</span> 
     </span>
    </p>
   </div>
   <div class='ocr_carea' id='block_1_11' title="bbox 1033 222 1039 2485">
    <p class='ocr_par' dir='ltr' id='par_1_17' title="bbox 1033 222 1039 2485">
     <span class='ocr_line' id='line_1_59' title="bbox 1033 222 1039 2485; baseline 0 0"><span class='ocrx_word' id='word_1_365' title='bbox 1033 222 1039 2485; x_wconf 95' lang='lat' dir='ltr'> </span> 
     </span>
    </p>
   </div>
   <div class='ocr_carea' id='block_1_12' title="bbox 1871 153 1910 182">
    <p class='ocr_par' dir='ltr' id='par_1_18' title="bbox 1871 153 1910 182">
     <span class='ocr_line' id='line_1_60' title="bbox 1871 153 1910 182; baseline 0.026 -1"><span class='ocrx_word' id='word_1_366' title='bbox 1871 153 1910 182; x_wconf 86' lang='lat'>93</span> 
     </span>
    </p>
   </div>
   <div class='ocr_carea' id='block_1_13' title="bbox 1059 223 2019 2508">
    <p class='ocr_par' dir='ltr' id='par_1_19' title="bbox 1063 223 1910 355">
     <span class='ocr_line' id='line_1_61' title="bbox 1065 223 1910 265; baseline 0.009 -14"><span class='ocrx_word' id='word_1_367' title='bbox 1065 225 1128 251; x_wconf 86' lang='lat' dir='ltr'>tura</span> <span class='ocrx_word' id='word_1_368' title='bbox 1149 223 1212 252; x_wconf 84' lang='lat' dir='ltr'>fecit</span> <span class='ocrx_word' id='word_1_369' title='bbox 1232 232 1294 254; x_wconf 92' lang='lat' dir='ltr'>ossa</span> <span class='ocrx_word' id='word_1_370' title='bbox 1314 225 1386 254; x_wconf 86' lang='lat' dir='ltr'>dura</span> <span class='ocrx_word' id='word_1_371' title='bbox 1405 226 1437 255; x_wconf 87' lang='lat' dir='ltr'>ad</span> <span class='ocrx_word' id='word_1_372' title='bbox 1460 227 1637 257; x_wconf 86' lang='lat' dir='ltr'>custodienda</span> <span class='ocrx_word' id='word_1_373' title='bbox 1658 230 1782 258; x_wconf 87' lang='lat' dir='ltr'>membra</span> <span class='ocrx_word' id='word_1_374' title='bbox 1802 230 1910 265; x_wconf 90' lang='lat' dir='ltr'>mollia,</span> 
     </span>
     <span class='ocr_line' id='line_1_62' title="bbox 1064 270 1909 312; baseline 0.008 -14"><span class='ocrx_word' id='word_1_375' title='bbox 1064 270 1136 298; x_wconf 90' lang='lat' dir='ltr'>sicut</span> <span class='ocrx_word' id='word_1_376' title='bbox 1154 274 1245 300; x_wconf 86' lang='lat' dir='ltr'>costae</span> <span class='ocrx_word' id='word_1_377' title='bbox 1266 272 1299 300; x_wconf 88' lang='lat' dir='ltr'>ad</span> <span class='ocrx_word' id='word_1_378' title='bbox 1315 275 1439 301; x_wconf 86' lang='lat' dir='ltr'>ventrem</span> <span class='ocrx_word' id='word_1_379' title='bbox 1450 296 1457 308; x_wconf 89' lang='lat'>,</span> <span class='ocrx_word' id='word_1_380' title='bbox 1471 277 1499 302; x_wconf 91' lang='lat' dir='ltr'>et</span> <span class='ocrx_word' id='word_1_381' title='bbox 1514 277 1583 303; x_wconf 83' lang='lat' dir='ltr'>testa</span> <span class='ocrx_word' id='word_1_382' title='bbox 1597 275 1630 303; x_wconf 89' lang='lat' dir='ltr'>ad</span> <span class='ocrx_word' id='word_1_383' title='bbox 1645 279 1736 312; x_wconf 87' lang='lat' dir='ltr'>caput.</span> <span class='ocrx_word' id='word_1_384' title='bbox 1752 276 1820 304; x_wconf 88' lang='lat' dir='ltr'>Haec</span> <span class='ocrx_word' id='word_1_385' title='bbox 1835 285 1909 305; x_wconf 86' lang='lat' dir='ltr'>com-</span> 
     </span>
     <span class='ocr_line' id='line_1_63' title="bbox 1063 318 1800 355; baseline 0.009 -12"><span class='ocrx_word' id='word_1_386' title='bbox 1063 320 1224 351; x_wconf 82' lang='lat' dir='ltr'>moventur,</span> <span class='ocrx_word' id='word_1_387' title='bbox 1246 318 1356 355; x_wconf 80' lang='lat' dir='ltr'>quantlo</span> <span class='ocrx_word' id='word_1_388' title='bbox 1376 327 1473 348; x_wconf 90' lang='lat' dir='ltr'>eorum</span> <span class='ocrx_word' id='word_1_389' title='bbox 1494 320 1640 349; x_wconf 82' lang='lat' dir='ltr'>iuncturae</span> <span class='ocrx_word' id='word_1_390' title='bbox 1662 321 1800 350; x_wconf 86' lang='lat' dir='ltr'>laxantur.</span> 
     </span>
    </p>

    <p class='ocr_par' dir='ltr' id='par_1_20' title="bbox 1063 363 2019 630">
     <span class='ocr_line' id='line_1_64' title="bbox 1143 363 2019 401; baseline 0.005 -10"><span class='ocrx_word' id='word_1_391' title='bbox 1143 363 1224 397; x_wconf 84' lang='lat' dir='ltr'>Item,</span> <span class='ocrx_word' id='word_1_392' title='bbox 1245 368 1380 401; x_wconf 88' lang='lat' dir='ltr'>quantum</span> <span class='ocrx_word' id='word_1_393' title='bbox 1401 366 1434 394; x_wconf 81' lang='lat' dir='ltr'>ad</span> <span class='ocrx_word' id='word_1_394' title='bbox 1462 366 1683 396; x_wconf 75' lang='lat' dir='ltr'>debilitationem</span> <span class='ocrx_word' id='word_1_395' title='bbox 1711 368 1848 397; x_wconf 77' lang='lat' dir='ltr'>crurium</span> <span class='ocrx_word' id='word_1_396' title='bbox 1875 369 1909 397; x_wconf 91' lang='lat' dir='ltr'>ad</span> <span class='ocrx_word' id='word_1_397' title='bbox 1925 376 2019 396; x_wconf 70' lang='lat' dir='ltr'>Secundo.</span> 
     </span>
     <span class='ocr_line' id='line_1_65' title="bbox 1064 409 1909 447; baseline 0.009 -11"><span class='ocrx_word' id='word_1_398' title='bbox 1064 409 1172 445; x_wconf 88' lang='lat' dir='ltr'>pondus</span> <span class='ocrx_word' id='word_1_399' title='bbox 1193 411 1316 447; x_wconf 87' lang='lat' dir='ltr'>corporis</span> <span class='ocrx_word' id='word_1_400' title='bbox 1337 412 1544 447; x_wconf 87' lang='lat' dir='ltr'>sustinendum;</span> <span class='ocrx_word' id='word_1_401' title='bbox 1567 414 1639 442; x_wconf 91' lang='lat' dir='ltr'>unde</span> <span class='ocrx_word' id='word_1_402' title='bbox 1660 414 1740 443; x_wconf 90' lang='lat' dir='ltr'>dicit:</span> <span class='ocrx_word' id='word_1_403' title='bbox 1764 416 1799 444; x_wconf 90' lang='lat' dir='ltr'>Et</span> <span class='ocrx_word' id='word_1_404' title='bbox 1822 419 1909 444; x_wconf 88' lang='lat' dir='ltr'>nuta-</span> 
     </span>
     <span class='ocr_line' id='line_1_66' title="bbox 1064 455 1908 497; baseline 0.011 -15"><span class='ocrx_word' id='word_1_405' title='bbox 1064 455 1134 483; x_wconf 88' lang='lat' dir='ltr'>bunt</span> <span class='ocrx_word' id='word_1_406' title='bbox 1154 456 1215 484; x_wconf 83' lang='lat' dir='ltr'>viri</span> <span class='ocrx_word' id='word_1_407' title='bbox 1243 456 1417 493; x_wconf 80' lang='lat' dir='ltr'>fortissimi,·</span> <span class='ocrx_word' id='word_1_408' title='bbox 1447 460 1507 488; x_wconf 83' lang='lat' dir='ltr'>viri</span> <span class='ocrx_word' id='word_1_409' title='bbox 1526 459 1683 496; x_wconf 80' lang='lat' dir='ltr'>fortissimi</span> <span class='ocrx_word' id='word_1_410' title='bbox 1713 464 1779 490; x_wconf 90' lang='lat' dir='ltr'>sunt</span> <span class='ocrx_word' id='word_1_411' title='bbox 1809 470 1908 497; x_wconf 81' lang='lat' dir='ltr'>crura,</span> 
     </span>
     <span class='ocr_line' id='line_1_67' title="bbox 1064 501 1910 543; baseline 0.011 -15"><span class='ocrx_word' id='word_1_412' title='bbox 1064 501 1144 538; x_wconf 89' lang='lat' dir='ltr'>quia,</span> <span class='ocrx_word' id='word_1_413' title='bbox 1173 502 1244 530; x_wconf 91' lang='lat' dir='ltr'>sicut</span> <span class='ocrx_word' id='word_1_414' title='bbox 1271 503 1356 533; x_wconf 88' lang='lat' dir='ltr'>fortes</span> <span class='ocrx_word' id='word_1_415' title='bbox 1380 508 1491 541; x_wconf 88' lang='lat' dir='ltr'>portant</span> <span class='ocrx_word' id='word_1_416' title='bbox 1518 507 1625 543; x_wconf 88' lang='lat' dir='ltr'>pondus</span> <span class='ocrx_word' id='word_1_417' title='bbox 1653 507 1732 542; x_wconf 87' lang='lat' dir='ltr'>belli,</span> <span class='ocrx_word' id='word_1_418' title='bbox 1760 508 1798 536; x_wconf 89' lang='lat' dir='ltr'>sic</span> <span class='ocrx_word' id='word_1_419' title='bbox 1826 516 1910 537; x_wconf 87' lang='lat' dir='ltr'>crura</span> 
     </span>
     <span class='ocr_line' id='line_1_68' title="bbox 1064 547 1909 592; baseline 0.011 -17"><span class='ocrx_word' id='word_1_420' title='bbox 1064 547 1172 584; x_wconf 87' lang='lat' dir='ltr'>pondus</span> <span class='ocrx_word' id='word_1_421' title='bbox 1193 550 1317 585; x_wconf 86' lang='lat' dir='ltr'>corporis</span> <span class='ocrx_word' id='word_1_422' title='bbox 1327 551 1346 578; x_wconf 83' lang='lat'>⁵.</span> <span class='ocrx_word' id='word_1_423' title='bbox 1370 551 1398 579; x_wconf 93' lang='lat' dir='ltr'>Hi</span> <span class='ocrx_word' id='word_1_424' title='bbox 1421 552 1471 580; x_wconf 92' lang='lat' dir='ltr'>viri</span> <span class='ocrx_word' id='word_1_425' title='bbox 1494 553 1634 582; x_wconf 77' lang='lat' dir='ltr'>fortissimi</span> <span class='ocrx_word' id='word_1_426' title='bbox 1655 557 1777 589; x_wconf 88' lang='lat' dir='ltr'>nutant,</span> <span class='ocrx_word' id='word_1_427' title='bbox 1800 555 1909 592; x_wconf 91' lang='lat' dir='ltr'>quando</span> 
     </span>
     <span class='ocr_line' id='line_1_69' title="bbox 1063 595 1907 630; baseline 0.011 -9"><span class='ocrx_word' id='word_1_428' title='bbox 1063 602 1148 622; x_wconf 88' lang='lat' dir='ltr'>crura</span> <span class='ocrx_word' id='word_1_429' title='bbox 1162 595 1312 624; x_wconf 86' lang='lat' dir='ltr'>tremulant</span> <span class='ocrx_word' id='word_1_430' title='bbox 1325 600 1352 625; x_wconf 89' lang='lat' dir='ltr'>et</span> <span class='ocrx_word' id='word_1_431' title='bbox 1372 598 1499 627; x_wconf 84' lang='lat' dir='ltr'>vacillant</span> <span class='ocrx_word' id='word_1_432' title='bbox 1513 603 1540 628; x_wconf 92' lang='lat' dir='ltr'>et</span> <span class='ocrx_word' id='word_1_433' title='bbox 1560 608 1614 628; x_wconf 93' lang='lat' dir='ltr'>non</span> <span class='ocrx_word' id='word_1_434' title='bbox 1629 608 1727 629; x_wconf 90' lang='lat' dir='ltr'>secure</span> <span class='ocrx_word' id='word_1_435' title='bbox 1745 604 1907 630; x_wconf 86' lang='lat' dir='ltr'>sustentant.</span> 
     </span>
    </p>

    <p class='ocr_par' dir='ltr' id='par_1_21' title="bbox 1063 641 1995 915">
     <span class='ocr_line' id='line_1_70' title="bbox 1142 641 1995 679; baseline 0.011 -10"><span class='ocrx_word' id='word_1_436' title='bbox 1142 641 1247 676; x_wconf 87' lang='lat' dir='ltr'>Tertio,</span> <span class='ocrx_word' id='word_1_437' title='bbox 1269 646 1404 679; x_wconf 87' lang='lat' dir='ltr'>quantum</span> <span class='ocrx_word' id='word_1_438' title='bbox 1426 645 1459 673; x_wconf 89' lang='lat' dir='ltr'>ad</span> <span class='ocrx_word' id='word_1_439' title='bbox 1480 646 1709 675; x_wconf 81' lang='lat' dir='ltr'>imminutionem</span> <span class='ocrx_word' id='word_1_440' title='bbox 1731 648 1860 676; x_wconf 84' lang='lat' dir='ltr'>dentium</span> <span class='ocrx_word' id='word_1_441' title='bbox 1875 648 1908 677; x_wconf 88' lang='lat' dir='ltr'>ad</span> <span class='ocrx_word' id='word_1_442' title='bbox 1925 655 1995 674; x_wconf 75' lang='lat' dir='ltr'>Tertio-</span> 
     </span>
     <span class='ocr_line' id='line_1_71' title="bbox 1063 687 1908 723; baseline 0.009 -8"><span class='ocrx_word' id='word_1_443' title='bbox 1063 687 1167 716; x_wconf 86' lang='lat' dir='ltr'>cibaria</span> <span class='ocrx_word' id='word_1_444' title='bbox 1194 688 1410 723; x_wconf 78' lang='lat' dir='ltr'>masticandun13</span> <span class='ocrx_word' id='word_1_445' title='bbox 1432 691 1504 720; x_wconf 89' lang='lat' dir='ltr'>unde</span> <span class='ocrx_word' id='word_1_446' title='bbox 1524 692 1607 721; x_wconf 85' lang='lat' dir='ltr'>dicit:</span> <span class='ocrx_word' id='word_1_447' title='bbox 1636 694 1668 721; x_wconf 90' lang='lat' dir='ltr'>Et</span> <span class='ocrx_word' id='word_1_448' title='bbox 1695 694 1803 722; x_wconf 86' lang='lat' dir='ltr'>otiosae</span> <span class='ocrx_word' id='word_1_449' title='bbox 1823 699 1908 723; x_wconf 88' lang='lat' dir='ltr'>erunt</span> 
     </span>
     <span class='ocr_line' id='line_1_72' title="bbox 1063 734 1908 773; baseline 0.011 -11"><span class='ocrx_word' id='word_1_450' title='bbox 1063 734 1213 769; x_wconf 83' lang='lat' dir='ltr'>molentes,</span> <span class='ocrx_word' id='word_1_451' title='bbox 1242 735 1419 764; x_wconf 76' lang='lat' dir='ltr'>imminuto⁶</span> <span class='ocrx_word' id='word_1_452' title='bbox 1440 746 1578 773; x_wconf 85' lang='lat' dir='ltr'>numero;</span> <span class='ocrx_word' id='word_1_453' title='bbox 1600 740 1731 769; x_wconf 84' lang='lat' dir='ltr'>molentes</span> <span class='ocrx_word' id='word_1_454' title='bbox 1752 744 1817 770; x_wconf 90' lang='lat' dir='ltr'>sunt</span> <span class='ocrx_word' id='word_1_455' title='bbox 1837 741 1908 771; x_wconf 88' lang='lat' dir='ltr'>duae</span> 
     </span>
     <span class='ocr_line' id='line_1_73' title="bbox 1064 781 1908 819; baseline 0.011 -11"><span class='ocrx_word' id='word_1_456' title='bbox 1064 781 1204 816; x_wconf 82' lang='lat' dir='ltr'>maxillae,</span> <span class='ocrx_word' id='word_1_457' title='bbox 1219 790 1290 819; x_wconf 92' lang='lat' dir='ltr'>quae</span> <span class='ocrx_word' id='word_1_458' title='bbox 1304 782 1338 811; x_wconf 90' lang='lat' dir='ltr'>ad</span> <span class='ocrx_word' id='word_1_459' title='bbox 1353 783 1465 812; x_wconf 88' lang='lat' dir='ltr'>modum</span> <span class='ocrx_word' id='word_1_460' title='bbox 1480 784 1598 814; x_wconf 88' lang='lat' dir='ltr'>duarum</span> <span class='ocrx_word' id='word_1_461' title='bbox 1614 787 1749 815; x_wconf 91' lang='lat' dir='ltr'>molarum</span> <span class='ocrx_word' id='word_1_462' title='bbox 1762 791 1908 817; x_wconf 87' lang='lat' dir='ltr'>conterunt</span> 
     </span>
     <span class='ocr_line' id='line_1_74' title="bbox 1064 827 1907 869; baseline 0.009 -13"><span class='ocrx_word' id='word_1_463' title='bbox 1064 827 1166 856; x_wconf 84' lang='lat' dir='ltr'>cibum.</span> <span class='ocrx_word' id='word_1_464' title='bbox 1183 828 1252 862; x_wconf 87' lang='lat' dir='ltr'>Hae,</span> <span class='ocrx_word' id='word_1_465' title='bbox 1268 828 1414 858; x_wconf 85' lang='lat' dir='ltr'>imminuto</span> <span class='ocrx_word' id='word_1_466' title='bbox 1428 838 1544 859; x_wconf 90' lang='lat' dir='ltr'>numero</span> <span class='ocrx_word' id='word_1_467' title='bbox 1559 832 1697 867; x_wconf 90' lang='lat' dir='ltr'>dentium,</span> <span class='ocrx_word' id='word_1_468' title='bbox 1713 837 1778 862; x_wconf 93' lang='lat' dir='ltr'>sunt</span> <span class='ocrx_word' id='word_1_469' title='bbox 1791 835 1907 869; x_wconf 85' lang='lat' dir='ltr'>otiosae,</span> 
     </span>
     <span class='ocr_line' id='line_1_75' title="bbox 1063 874 1906 915; baseline 0.009 -13"><span class='ocrx_word' id='word_1_470' title='bbox 1063 874 1129 912; x_wconf 89' lang='lat' dir='ltr'>quia</span> <span class='ocrx_word' id='word_1_471' title='bbox 1143 874 1236 904; x_wconf 88' lang='lat' dir='ltr'>cibum</span> <span class='ocrx_word' id='word_1_472' title='bbox 1258 875 1290 903; x_wconf 85' lang='lat' dir='ltr'>ad</span> <span class='ocrx_word' id='word_1_473' title='bbox 1312 876 1534 905; x_wconf 87' lang='lat' dir='ltr'>manducandum</span> <span class='ocrx_word' id='word_1_474' title='bbox 1549 886 1602 906; x_wconf 92' lang='lat' dir='ltr'>non</span> <span class='ocrx_word' id='word_1_475' title='bbox 1621 882 1736 915; x_wconf 86' lang='lat' dir='ltr'>possunt</span> <span class='ocrx_word' id='word_1_476' title='bbox 1756 883 1906 910; x_wconf 89' lang='lat' dir='ltr'>conterere.</span> 
     </span>
    </p>

    <p class='ocr_par' dir='ltr' id='par_1_22' title="bbox 1059 922 2000 1244">
     <span class='ocr_line' id='line_1_76' title="bbox 1142 922 2000 959; baseline 0.003 -9"><span class='ocrx_word' id='word_1_477' title='bbox 1142 922 1259 958; x_wconf 87' lang='lat' dir='ltr'>Quarto,</span> <span class='ocrx_word' id='word_1_478' title='bbox 1281 925 1418 959; x_wconf 89' lang='lat' dir='ltr'>quantum</span> <span class='ocrx_word' id='word_1_479' title='bbox 1439 923 1473 951; x_wconf 89' lang='lat' dir='ltr'>ad</span> <span class='ocrx_word' id='word_1_480' title='bbox 1499 923 1730 954; x_wconf 74' lang='lat' dir='ltr'>obscurationem</span> <span class='ocrx_word' id='word_1_481' title='bbox 1757 927 1908 956; x_wconf 85' lang='lat' dir='ltr'>oculorum</span> <span class='ocrx_word' id='word_1_482' title='bbox 1924 935 2000 958; x_wconf 70' lang='lat' dir='ltr'>Quarto.</span> 
     </span>
     <span class='ocr_line' id='line_1_77' title="bbox 1063 968 1907 1004; baseline 0.007 -7"><span class='ocrx_word' id='word_1_483' title='bbox 1063 968 1097 997; x_wconf 90' lang='lat' dir='ltr'>ad</span> <span class='ocrx_word' id='word_1_484' title='bbox 1118 968 1286 1004; x_wconf 62' lang='lat' dir='ltr'>videndum</span> <span class='ocrx_word' id='word_1_485' title='bbox 1316 970 1376 999; x_wconf 90' lang='lat' dir='ltr'>ideo</span> <span class='ocrx_word' id='word_1_486' title='bbox 1402 970 1486 999; x_wconf 88' lang='lat' dir='ltr'>dicit:</span> <span class='ocrx_word' id='word_1_487' title='bbox 1516 972 1551 999; x_wconf 91' lang='lat' dir='ltr'>Et</span> <span class='ocrx_word' id='word_1_488' title='bbox 1571 972 1756 1001; x_wconf 74' lang='lat' dir='ltr'>tenebrescent</span> <span class='ocrx_word' id='word_1_489' title='bbox 1783 974 1907 1003; x_wconf 77' lang='lat' dir='ltr'>videntes</span> 
     </span>
     <span class='ocr_line' id='line_1_78' title="bbox 1059 1015 1907 1056; baseline 0.007 -12"><span class='ocrx_word' id='word_1_490' title='bbox 1059 1024 1114 1053; x_wconf 77' lang='lat' dir='ltr'>per</span> <span class='ocrx_word' id='word_1_491' title='bbox 1135 1015 1308 1054; x_wconf 78' lang='lat' dir='ltr'>foramina;</span> <span class='ocrx_word' id='word_1_492' title='bbox 1335 1017 1462 1046; x_wconf 81' lang='lat' dir='ltr'>videntes</span> <span class='ocrx_word' id='word_1_493' title='bbox 1481 1027 1533 1055; x_wconf 85' lang='lat' dir='ltr'>per</span> <span class='ocrx_word' id='word_1_494' title='bbox 1553 1018 1707 1055; x_wconf 86' lang='lat' dir='ltr'>foramina</span> <span class='ocrx_word' id='word_1_495' title='bbox 1727 1021 1799 1050; x_wconf 90' lang='lat' dir='ltr'>oculi</span> <span class='ocrx_word' id='word_1_496' title='bbox 1827 1025 1907 1056; x_wconf 86' lang='lat' dir='ltr'>sunt,</span> 
     </span>
     <span class='ocr_line' id='line_1_79' title="bbox 1062 1063 1907 1101; baseline 0.007 -10"><span class='ocrx_word' id='word_1_497' title='bbox 1062 1063 1110 1100; x_wconf 90' lang='lat' dir='ltr'>qui</span> <span class='ocrx_word' id='word_1_498' title='bbox 1132 1066 1198 1092; x_wconf 90' lang='lat' dir='ltr'>sunt</span> <span class='ocrx_word' id='word_1_499' title='bbox 1218 1064 1297 1101; x_wconf 86' lang='lat' dir='ltr'>quasi</span> <span class='ocrx_word' id='word_1_500' title='bbox 1318 1064 1374 1093; x_wconf 89' lang='lat' dir='ltr'>duo</span> <span class='ocrx_word' id='word_1_501' title='bbox 1401 1064 1536 1093; x_wconf 89' lang='lat' dir='ltr'>foramina</span> <span class='ocrx_word' id='word_1_502' title='bbox 1556 1065 1590 1094; x_wconf 90' lang='lat' dir='ltr'>ad</span> <span class='ocrx_word' id='word_1_503' title='bbox 1619 1066 1773 1096; x_wconf 89' lang='lat' dir='ltr'>videndum.</span> <span class='ocrx_word' id='word_1_504' title='bbox 1796 1068 1840 1097; x_wconf 88' lang='lat' dir='ltr'>Isti</span> <span class='ocrx_word' id='word_1_505' title='bbox 1869 1072 1907 1097; x_wconf 86' lang='lat' dir='ltr'>te-</span> 
     </span>
     <span class='ocr_line' id='line_1_80' title="bbox 1062 1109 1906 1151; baseline 0.006 -13"><span class='ocrx_word' id='word_1_506' title='bbox 1062 1109 1245 1145; x_wconf 88' lang='lat' dir='ltr'>nebrescunt,</span> <span class='ocrx_word' id='word_1_507' title='bbox 1268 1111 1378 1148; x_wconf 87' lang='lat' dir='ltr'>quando</span> <span class='ocrx_word' id='word_1_508' title='bbox 1392 1119 1472 1140; x_wconf 90' lang='lat' dir='ltr'>senes</span> <span class='ocrx_word' id='word_1_509' title='bbox 1493 1112 1585 1141; x_wconf 89' lang='lat' dir='ltr'>lumen</span> <span class='ocrx_word' id='word_1_510' title='bbox 1599 1113 1693 1142; x_wconf 87' lang='lat' dir='ltr'>videre</span> <span class='ocrx_word' id='word_1_511' title='bbox 1711 1122 1765 1142; x_wconf 91' lang='lat' dir='ltr'>non</span> <span class='ocrx_word' id='word_1_512' title='bbox 1780 1118 1906 1151; x_wconf 87' lang='lat' dir='ltr'>possunt,</span> 
     </span>
     <span class='ocr_line' id='line_1_81' title="bbox 1062 1156 1908 1197; baseline 0.006 -12"><span class='ocrx_word' id='word_1_513' title='bbox 1062 1156 1134 1185; x_wconf 89' lang='lat' dir='ltr'>sicut</span> <span class='ocrx_word' id='word_1_514' title='bbox 1155 1157 1226 1195; x_wconf 86' lang='lat' dir='ltr'>Heli;</span> <span class='ocrx_word' id='word_1_515' title='bbox 1249 1158 1330 1195; x_wconf 89' lang='lat' dir='ltr'>primi</span> <span class='ocrx_word' id='word_1_516' title='bbox 1353 1158 1456 1195; x_wconf 81' lang='lat' dir='ltr'>Regum</span> <span class='ocrx_word' id='word_1_517' title='bbox 1488 1160 1569 1188; x_wconf 89' lang='lat' dir='ltr'>tertio</span> <span class='ocrx_word' id='word_1_518' title='bbox 1580 1160 1599 1194; x_wconf 87' lang='lat'>⁷,</span> <span class='ocrx_word' id='word_1_519' title='bbox 1621 1160 1668 1197; x_wconf 91' lang='lat' dir='ltr'>qui</span> <span class='ocrx_word' id='word_1_520' title='bbox 1695 1172 1708 1185; x_wconf 76' lang='grc' dir='ltr'><em>α</em></span> <span class='ocrx_word' id='word_1_521' title='bbox 1723 1169 1777 1189; x_wconf 91' lang='lat' dir='ltr'>non</span> <span class='ocrx_word' id='word_1_522' title='bbox 1801 1164 1908 1197; x_wconf 88' lang='lat' dir='ltr'>poterat</span> 
     </span>
     <span class='ocr_line' id='line_1_82' title="bbox 1062 1204 1906 1244; baseline 0.005 -12"><span class='ocrx_word' id='word_1_523' title='bbox 1062 1204 1164 1232; x_wconf 85' lang='lat' dir='ltr'>videre.</span> <span class='ocrx_word' id='word_1_524' title='bbox 1187 1205 1310 1233; x_wconf 85' lang='lat' dir='ltr'>Lucerna</span> <span class='ocrx_word' id='word_1_525' title='bbox 1348 1205 1411 1239; x_wconf 92' lang='lat' dir='ltr'>Dei,</span> <span class='ocrx_word' id='word_1_526' title='bbox 1426 1209 1573 1243; x_wconf 86' lang='lat' dir='ltr'>antequam</span> <span class='ocrx_word' id='word_1_527' title='bbox 1585 1207 1812 1244; x_wconf 81' lang='lat' dir='ltr'>exstingueretur</span> <span class='ocrx_word' id='word_1_528' title='bbox 1824 1220 1836 1232; x_wconf 88' lang='lat'>»</span> <span class='ocrx_word' id='word_1_529' title='bbox 1855 1211 1906 1236; x_wconf 90' lang='lat' dir='ltr'>etc.</span> 
     </span>
    </p>

    <p class='ocr_par' dir='ltr' id='par_1_23' title="bbox 1062 1251 1906 1336">
     <span class='ocr_line' id='line_1_83' title="bbox 1062 1251 1906 1291; baseline 0.004 -12"><span class='ocrx_word' id='word_1_530' title='bbox 1062 1251 1138 1279; x_wconf 91' lang='lat' dir='ltr'>Sicut</span> <span class='ocrx_word' id='word_1_531' title='bbox 1149 1251 1231 1279; x_wconf 87' lang='lat' dir='ltr'>etiam</span> <span class='ocrx_word' id='word_1_532' title='bbox 1246 1252 1335 1285; x_wconf 86' lang='lat' dir='ltr'>Isaac,</span> <span class='ocrx_word' id='word_1_533' title='bbox 1357 1252 1390 1281; x_wconf 92' lang='lat' dir='ltr'>de</span> <span class='ocrx_word' id='word_1_534' title='bbox 1411 1261 1467 1289; x_wconf 91' lang='lat' dir='ltr'>quo</span> <span class='ocrx_word' id='word_1_535' title='bbox 1488 1252 1600 1281; x_wconf 88' lang='lat' dir='ltr'>Genesis</span> <span class='ocrx_word' id='word_1_536' title='bbox 1624 1254 1755 1290; x_wconf 81' lang='lat' dir='ltr'>vigesimo</span> <span class='ocrx_word' id='word_1_537' title='bbox 1776 1254 1906 1291; x_wconf 89' lang='lat' dir='ltr'>septimo:</span> 
     </span>
     <span class='ocr_line' id='line_1_84' title="bbox 1067 1298 1828 1336; baseline 0.005 -11"><span class='ocrx_word' id='word_1_538' title='bbox 1067 1309 1080 1322; x_wconf 89' lang='lat'>«</span> <span class='ocrx_word' id='word_1_539' title='bbox 1095 1298 1191 1326; x_wconf 89' lang='lat' dir='ltr'>Senuit</span> <span class='ocrx_word' id='word_1_540' title='bbox 1206 1298 1293 1332; x_wconf 82' lang='lat' dir='ltr'>Isaac,</span> <span class='ocrx_word' id='word_1_541' title='bbox 1315 1302 1342 1327; x_wconf 88' lang='lat' dir='ltr'>et</span> <span class='ocrx_word' id='word_1_542' title='bbox 1363 1299 1551 1336; x_wconf 85' lang='lat' dir='ltr'>caligaverunt</span> <span class='ocrx_word' id='word_1_543' title='bbox 1571 1300 1643 1328; x_wconf 88' lang='lat' dir='ltr'>oculi</span> <span class='ocrx_word' id='word_1_544' title='bbox 1664 1300 1724 1329; x_wconf 90' lang='lat' dir='ltr'>eius</span> <span class='ocrx_word' id='word_1_545' title='bbox 1738 1313 1751 1325; x_wconf 74' lang='lat' dir='ltr'>n</span> <span class='ocrx_word' id='word_1_546' title='bbox 1778 1304 1828 1329; x_wconf 88' lang='lat' dir='ltr'>etc.</span> 
     </span>
    </p>

    <p class='ocr_par' dir='ltr' id='par_1_24' title="bbox 1061 1345 1999 1805">
     <span class='ocr_line' id='line_1_85' title="bbox 1142 1345 1999 1383; baseline 0.005 -10"><span class='ocrx_word' id='word_1_547' title='bbox 1142 1345 1230 1380; x_wconf 88' lang='lat' dir='ltr'>(Vers.</span> <span class='ocrx_word' id='word_1_548' title='bbox 1253 1346 1301 1381; x_wconf 72' lang='grc'>4.).</span> <span class='ocrx_word' id='word_1_549' title='bbox 1324 1346 1438 1382; x_wconf 84' lang='lat' dir='ltr'>Quinto,</span> <span class='ocrx_word' id='word_1_550' title='bbox 1466 1349 1601 1383; x_wconf 86' lang='lat' dir='ltr'>quantum</span> <span class='ocrx_word' id='word_1_551' title='bbox 1629 1347 1663 1374; x_wconf 89' lang='lat' dir='ltr'>ad</span> <span class='ocrx_word' id='word_1_552' title='bbox 1684 1347 1908 1376; x_wconf 87' lang='lat' dir='ltr'>immobilitatio—</span> <span class='ocrx_word' id='word_1_553' title='bbox 1924 1354 1999 1378; x_wconf 71' lang='lat' dir='ltr'>Quinto-</span> 
     </span>
     <span class='ocr_line' id='line_1_86' title="bbox 1061 1392 1909 1429; baseline 0.004 -9"><span class='ocrx_word' id='word_1_554' title='bbox 1061 1400 1126 1420; x_wconf 85' lang='lat' dir='ltr'>nem</span> <span class='ocrx_word' id='word_1_555' title='bbox 1148 1392 1295 1420; x_wconf 82' lang='lat' dir='ltr'>labiorum</span> <span class='ocrx_word' id='word_1_556' title='bbox 1322 1392 1356 1421; x_wconf 87' lang='lat' dir='ltr'>ad</span> <span class='ocrx_word' id='word_1_557' title='bbox 1384 1393 1635 1429; x_wconf 80' lang='lat' dir='ltr'>pronuntiandum,</span> <span class='ocrx_word' id='word_1_558' title='bbox 1667 1402 1730 1422; x_wconf 80' lang='lat' dir='ltr'>cuni</span> <span class='ocrx_word' id='word_1_559' title='bbox 1758 1394 1841 1423; x_wconf 85' lang='lat' dir='ltr'>dicit:</span> <span class='ocrx_word' id='word_1_560' title='bbox 1874 1396 1909 1423; x_wconf 90' lang='lat' dir='ltr'>Et</span> 
     </span>
     <span class='ocr_line' id='line_1_87' title="bbox 1062 1439 1908 1478; baseline 0.004 -11"><span class='ocrx_word' id='word_1_561' title='bbox 1062 1439 1197 1467; x_wconf 83' lang='lat' dir='ltr'>claudent</span> <span class='ocrx_word' id='word_1_562' title='bbox 1218 1439 1293 1467; x_wconf 84' lang='lat' dir='ltr'>ostia</span> <span class='ocrx_word' id='word_1_563' title='bbox 1314 1439 1346 1467; x_wconf 92' lang='lat' dir='ltr'>in</span> <span class='ocrx_word' id='word_1_564' title='bbox 1364 1440 1480 1476; x_wconf 82' lang='lat' dir='ltr'>platea;</span> <span class='ocrx_word' id='word_1_565' title='bbox 1495 1440 1570 1468; x_wconf 81' lang='lat' dir='ltr'>ostia</span> <span class='ocrx_word' id='word_1_566' title='bbox 1585 1444 1649 1469; x_wconf 91' lang='lat' dir='ltr'>sunt</span> <span class='ocrx_word' id='word_1_567' title='bbox 1667 1441 1746 1475; x_wconf 88' lang='lat' dir='ltr'>labia,</span> <span class='ocrx_word' id='word_1_568' title='bbox 1771 1449 1820 1477; x_wconf 90' lang='lat' dir='ltr'>per</span> <span class='ocrx_word' id='word_1_569' title='bbox 1834 1449 1908 1478; x_wconf 85' lang='lat' dir='ltr'>quae</span> 
     </span>
     <span class='ocr_line' id='line_1_88' title="bbox 1062 1486 1908 1525; baseline 0.002 -10"><span class='ocrx_word' id='word_1_570' title='bbox 1062 1486 1202 1515; x_wconf 86' lang='lat' dir='ltr'>clauditur</span> <span class='ocrx_word' id='word_1_571' title='bbox 1224 1489 1304 1523; x_wconf 82' lang='lat' dir='ltr'>porta</span> <span class='ocrx_word' id='word_1_572' title='bbox 1325 1486 1389 1515; x_wconf 81' lang='lat' dir='ltr'>oris.</span> <span class='ocrx_word' id='word_1_573' title='bbox 1412 1487 1465 1515; x_wconf 85' lang='lat' dir='ltr'>Ista</span> <span class='ocrx_word' id='word_1_574' title='bbox 1485 1487 1554 1516; x_wconf 87' lang='lat' dir='ltr'>ostia</span> <span class='ocrx_word' id='word_1_575' title='bbox 1579 1487 1759 1516; x_wconf 83' lang='lat' dir='ltr'>clauduntur</span> <span class='ocrx_word' id='word_1_576' title='bbox 1787 1488 1817 1516; x_wconf 83' lang='lat' dir='ltr'>in</span> <span class='ocrx_word' id='word_1_577' title='bbox 1842 1488 1908 1525; x_wconf 81' lang='lat' dir='ltr'>pla-</span> 
     </span>
     <span class='ocr_line' id='line_1_89' title="bbox 1063 1533 1908 1571; baseline 0.001 -9"><span class='ocrx_word' id='word_1_578' title='bbox 1063 1537 1124 1568; x_wconf 81' lang='lat' dir='ltr'>tea,</span> <span class='ocrx_word' id='word_1_579' title='bbox 1151 1533 1261 1571; x_wconf 85' lang='lat' dir='ltr'>quando</span> <span class='ocrx_word' id='word_1_580' title='bbox 1283 1534 1365 1562; x_wconf 85' lang='lat' dir='ltr'>homo</span> <span class='ocrx_word' id='word_1_581' title='bbox 1393 1542 1459 1571; x_wconf 85' lang='lat' dir='ltr'>prae</span> <span class='ocrx_word' id='word_1_582' title='bbox 1490 1537 1631 1563; x_wconf 86' lang='lat' dir='ltr'>senectute</span> <span class='ocrx_word' id='word_1_583' title='bbox 1658 1543 1712 1563; x_wconf 89' lang='lat' dir='ltr'>non</span> <span class='ocrx_word' id='word_1_584' title='bbox 1743 1537 1832 1571; x_wconf 92' lang='lat' dir='ltr'>potest</span> <span class='ocrx_word' id='word_1_585' title='bbox 1855 1535 1908 1564; x_wconf 88' lang='lat' dir='ltr'>alte</span> 
     </span>
     <span class='ocr_line' id='line_1_90' title="bbox 1062 1580 1907 1618; baseline 0.002 -10"><span class='ocrx_word' id='word_1_586' title='bbox 1062 1581 1154 1618; x_wconf 88' lang='lat' dir='ltr'>loqui,</span> <span class='ocrx_word' id='word_1_587' title='bbox 1175 1582 1207 1609; x_wconf 92' lang='lat' dir='ltr'>ut</span> <span class='ocrx_word' id='word_1_588' title='bbox 1227 1580 1357 1609; x_wconf 83' lang='lat' dir='ltr'>audiatur</span> <span class='ocrx_word' id='word_1_589' title='bbox 1378 1588 1394 1609; x_wconf 83' lang='lat' dir='ltr'>a</span> <span class='ocrx_word' id='word_1_590' title='bbox 1414 1580 1524 1615; x_wconf 86' lang='lat' dir='ltr'>multis;</span> <span class='ocrx_word' id='word_1_591' title='bbox 1546 1581 1607 1610; x_wconf 91' lang='lat' dir='ltr'>ideo</span> <span class='ocrx_word' id='word_1_592' title='bbox 1627 1581 1716 1610; x_wconf 52' lang='lat' dir='ltr'>dicits</span> <span class='ocrx_word' id='word_1_593' title='bbox 1731 1582 1764 1610; x_wconf 89' lang='lat' dir='ltr'>ln</span> <span class='ocrx_word' id='word_1_594' title='bbox 1792 1580 1907 1610; x_wconf 76' lang='lat' dir='ltr'>bumili-</span> 
     </span>
     <span class='ocr_line' id='line_1_91' title="bbox 1062 1627 1908 1665; baseline 0.002 -10"><span class='ocrx_word' id='word_1_595' title='bbox 1062 1631 1118 1656; x_wconf 85' lang='lat' dir='ltr'>tate</span> <span class='ocrx_word' id='word_1_596' title='bbox 1138 1627 1216 1656; x_wconf 79' lang='lat' dir='ltr'>vocis</span> <span class='ocrx_word' id='word_1_597' title='bbox 1236 1627 1385 1661; x_wconf 71' lang='lat' dir='ltr'>molenteS,</span> <span class='ocrx_word' id='word_1_598' title='bbox 1408 1627 1435 1656; x_wconf 88' lang='lat' dir='ltr'>id</span> <span class='ocrx_word' id='word_1_599' title='bbox 1456 1630 1497 1656; x_wconf 89' lang='lat' dir='ltr'>est</span> <span class='ocrx_word' id='word_1_600' title='bbox 1517 1627 1597 1665; x_wconf 89' lang='lat' dir='ltr'>plane</span> <span class='ocrx_word' id='word_1_601' title='bbox 1622 1628 1779 1665; x_wconf 89' lang='lat' dir='ltr'>loquentes;</span> <span class='ocrx_word' id='word_1_602' title='bbox 1805 1629 1908 1657; x_wconf 87' lang='lat' dir='ltr'>molere</span> 
     </span>
     <span class='ocr_line' id='line_1_92' title="bbox 1061 1674 1907 1712; baseline 0.002 -10"><span class='ocrx_word' id='word_1_603' title='bbox 1061 1674 1127 1703; x_wconf 90' lang='lat' dir='ltr'>dicit</span> <span class='ocrx_word' id='word_1_604' title='bbox 1149 1674 1243 1712; x_wconf 82' lang='lat' dir='ltr'>loqui,</span> <span class='ocrx_word' id='word_1_605' title='bbox 1256 1674 1345 1711; x_wconf 82' lang='lat' dir='ltr'>quia,</span> <span class='ocrx_word' id='word_1_606' title='bbox 1367 1674 1439 1703; x_wconf 88' lang='lat' dir='ltr'>sicut</span> <span class='ocrx_word' id='word_1_607' title='bbox 1460 1675 1543 1703; x_wconf 90' lang='lat' dir='ltr'>homo</span> <span class='ocrx_word' id='word_1_608' title='bbox 1563 1679 1654 1704; x_wconf 85' lang='lat' dir='ltr'>movet</span> <span class='ocrx_word' id='word_1_609' title='bbox 1675 1675 1801 1704; x_wconf 86' lang='lat' dir='ltr'>maxillas</span> <span class='ocrx_word' id='word_1_610' title='bbox 1822 1675 1855 1704; x_wconf 86' lang='lat' dir='ltr'>ad</span> <span class='ocrx_word' id='word_1_611' title='bbox 1870 1676 1907 1704; x_wconf 93' lang='lat' dir='ltr'>ci-</span> 
     </span>
     <span class='ocr_line' id='line_1_93' title="bbox 1062 1721 1906 1756; baseline 0.002 -7"><span class='ocrx_word' id='word_1_612' title='bbox 1062 1721 1137 1749; x_wconf 81' lang='lat' dir='ltr'>baria</span> <span class='ocrx_word' id='word_1_613' title='bbox 1159 1721 1374 1756; x_wconf 85' lang='lat' dir='ltr'>conterendum,</span> <span class='ocrx_word' id='word_1_614' title='bbox 1396 1722 1434 1750; x_wconf 88' lang='lat' dir='ltr'>sic</span> <span class='ocrx_word' id='word_1_615' title='bbox 1462 1724 1554 1751; x_wconf 89' lang='lat' dir='ltr'>movet</span> <span class='ocrx_word' id='word_1_616' title='bbox 1574 1722 1700 1751; x_wconf 86' lang='lat' dir='ltr'>maxillas</span> <span class='ocrx_word' id='word_1_617' title='bbox 1728 1725 1754 1750; x_wconf 90' lang='lat' dir='ltr'>et</span> <span class='ocrx_word' id='word_1_618' title='bbox 1775 1722 1845 1751; x_wconf 85' lang='lat' dir='ltr'>labia</span> <span class='ocrx_word' id='word_1_619' title='bbox 1872 1722 1906 1751; x_wconf 88' lang='lat' dir='ltr'>ad</span> 
     </span>
     <span class='ocr_line' id='line_1_94' title="bbox 1064 1768 1549 1805; baseline 0.002 -9"><span class='ocrx_word' id='word_1_620' title='bbox 1064 1768 1147 1796; x_wconf 88' lang='lat' dir='ltr'>verba</span> <span class='ocrx_word' id='word_1_621' title='bbox 1166 1768 1284 1797; x_wconf 83' lang='lat' dir='ltr'>formata</span> <span class='ocrx_word' id='word_1_622' title='bbox 1304 1768 1549 1805; x_wconf 89' lang='lat' dir='ltr'>pronuntiandum.</span> 
     </span>
    </p>

    <p class='ocr_par' dir='ltr' id='par_1_25' title="bbox 1062 1815 1910 2508">
     <span class='ocr_line' id='line_1_95' title="bbox 1141 1815 1905 1852; baseline 0.001 -9"><span class='ocrx_word' id='word_1_623' title='bbox 1141 1815 1238 1849; x_wconf 84' lang='lat' dir='ltr'>Sexto,</span> <span class='ocrx_word' id='word_1_624' title='bbox 1260 1818 1395 1852; x_wconf 89' lang='lat' dir='ltr'>quantum</span> <span class='ocrx_word' id='word_1_625' title='bbox 1417 1815 1451 1843; x_wconf 89' lang='lat' dir='ltr'>ad</span> <span class='ocrx_word' id='word_1_626' title='bbox 1471 1815 1644 1844; x_wconf 76' lang='lat' dir='ltr'>surditatem</span> <span class='ocrx_word' id='word_1_627' title='bbox 1665 1815 1788 1844; x_wconf 84' lang='lat' dir='ltr'>aurium</span> <span class='ocrx_word' id='word_1_628' title='bbox 1802 1815 1836 1844; x_wconf 90' lang='lat' dir='ltr'>ad</span> <span class='ocrx_word' id='word_1_629' title='bbox 1857 1824 1905 1844; x_wconf 90' lang='lat' dir='ltr'>au-</span> 
     </span>
     <span class='ocr_line' id='line_1_96' title="bbox 1062 1861 1906 1899; baseline 0 -9"><span class='ocrx_word' id='word_1_630' title='bbox 1062 1861 1192 1890; x_wconf 89' lang='lat' dir='ltr'>diendum</span> <span class='ocrx_word' id='word_1_631' title='bbox 1213 1861 1297 1890; x_wconf 87' lang='lat' dir='ltr'>dicit:</span> <span class='ocrx_word' id='word_1_632' title='bbox 1326 1861 1505 1899; x_wconf 69' lang='lat' dir='ltr'>Consuryent</span> <span class='ocrx_word' id='word_1_633' title='bbox 1532 1862 1573 1890; x_wconf 87' lang='lat' dir='ltr'>ad</span> <span class='ocrx_word' id='word_1_634' title='bbox 1592 1870 1686 1890; x_wconf 81' lang='lat' dir='ltr'>vocem</span> <span class='ocrx_word' id='word_1_635' title='bbox 1714 1862 1857 1896; x_wconf 82' lang='lat' dir='ltr'>volueris,</span> <span class='ocrx_word' id='word_1_636' title='bbox 1879 1862 1906 1890; x_wconf 88' lang='lat' dir='ltr'>id</span> 
     </span>
     <span class='ocr_line' id='line_1_97' title="bbox 1062 1908 1906 1946; baseline 0 -9"><span class='ocrx_word' id='word_1_637' title='bbox 1062 1912 1104 1938; x_wconf 89' lang='lat' dir='ltr'>est</span> <span class='ocrx_word' id='word_1_638' title='bbox 1124 1909 1202 1946; x_wconf 83' lang='lat' dir='ltr'>galli,</span> <span class='ocrx_word' id='word_1_639' title='bbox 1224 1909 1290 1946; x_wconf 88' lang='lat' dir='ltr'>quia</span> <span class='ocrx_word' id='word_1_640' title='bbox 1311 1917 1390 1938; x_wconf 87' lang='lat' dir='ltr'>senes</span> <span class='ocrx_word' id='word_1_641' title='bbox 1410 1918 1465 1938; x_wconf 90' lang='lat' dir='ltr'>non</span> <span class='ocrx_word' id='word_1_642' title='bbox 1487 1912 1602 1946; x_wconf 89' lang='lat' dir='ltr'>possunt</span> <span class='ocrx_word' id='word_1_643' title='bbox 1623 1909 1719 1937; x_wconf 85' lang='lat' dir='ltr'>audire</span> <span class='ocrx_word' id='word_1_644' title='bbox 1740 1908 1815 1943; x_wconf 87' lang='lat' dir='ltr'>alta,</span> <span class='ocrx_word' id='word_1_645' title='bbox 1841 1909 1906 1946; x_wconf 89' lang='lat' dir='ltr'>quia</span> 
     </span>
     <span class='ocr_line' id='line_1_98' title="bbox 1062 1956 1907 1993; baseline 0.001 -9"><span class='ocrx_word' id='word_1_646' title='bbox 1062 1956 1095 1985; x_wconf 90' lang='lat' dir='ltr'>de</span> <span class='ocrx_word' id='word_1_647' title='bbox 1116 1956 1186 1985; x_wconf 85' lang='lat' dir='ltr'>facili</span> <span class='ocrx_word' id='word_1_648' title='bbox 1209 1956 1357 1985; x_wconf 89' lang='lat' dir='ltr'>laeduntur</span> <span class='ocrx_word' id='word_1_649' title='bbox 1378 1959 1405 1985; x_wconf 89' lang='lat' dir='ltr'>et</span> <span class='ocrx_word' id='word_1_650' title='bbox 1425 1956 1552 1985; x_wconf 78' lang='lat' dir='ltr'>facillime</span> <span class='ocrx_word' id='word_1_651' title='bbox 1577 1956 1744 1985; x_wconf 85' lang='lat' dir='ltr'>excitantur.</span> <span class='ocrx_word' id='word_1_652' title='bbox 1767 1956 1824 1984; x_wconf 92' lang='lat' dir='ltr'>Non</span> <span class='ocrx_word' id='word_1_653' title='bbox 1845 1963 1907 1993; x_wconf 86' lang='lat' dir='ltr'>pos-</span> 
     </span>
     <span class='ocr_line' id='line_1_99' title="bbox 1062 2002 1906 2035; baseline 0 -4"><span class='ocrx_word' id='word_1_654' title='bbox 1062 2006 1126 2032; x_wconf 90' lang='lat' dir='ltr'>sunt</span> <span class='ocrx_word' id='word_1_655' title='bbox 1140 2003 1222 2032; x_wconf 89' lang='lat' dir='ltr'>etiam</span> <span class='ocrx_word' id='word_1_656' title='bbox 1237 2003 1333 2032; x_wconf 83' lang='lat' dir='ltr'>audire</span> <span class='ocrx_word' id='word_1_657' title='bbox 1346 2011 1456 2032; x_wconf 86' lang='lat' dir='ltr'>sonora</span> <span class='ocrx_word' id='word_1_658' title='bbox 1469 2007 1495 2032; x_wconf 87' lang='lat' dir='ltr'>et</span> <span class='ocrx_word' id='word_1_659' title='bbox 1508 2002 1698 2032; x_wconf 88' lang='lat' dir='ltr'>consonantia</span> <span class='ocrx_word' id='word_1_660' title='bbox 1704 2012 1714 2035; x_wconf 86' lang='lat'><em>;</em></span> <span class='ocrx_word' id='word_1_661' title='bbox 1734 2002 1808 2031; x_wconf 90' lang='lat' dir='ltr'>unde</span> <span class='ocrx_word' id='word_1_662' title='bbox 1826 2002 1906 2031; x_wconf 83' lang='lat' dir='ltr'>dici-t:</span> 
     </span>
     <span class='ocr_line' id='line_1_100' title="bbox 1063 2049 1907 2087; baseline 0 -9"><span class='ocrx_word' id='word_1_663' title='bbox 1063 2050 1097 2078; x_wconf 86' lang='lat' dir='ltr'>Et</span> <span class='ocrx_word' id='word_1_664' title='bbox 1117 2049 1319 2078; x_wconf 77' lang='lat' dir='ltr'>obsurdescent</span> <span class='ocrx_word' id='word_1_665' title='bbox 1339 2059 1437 2078; x_wconf 83' lang='lat' dir='ltr'>omnes</span> <span class='ocrx_word' id='word_1_666' title='bbox 1454 2050 1532 2087; x_wconf 79' lang='lat' dir='ltr'>filiae</span> <span class='ocrx_word' id='word_1_667' title='bbox 1553 2051 1703 2079; x_wconf 84' lang='lat' dir='ltr'>carminis.</span> <span class='ocrx_word' id='word_1_668' title='bbox 1727 2049 1820 2078; x_wconf 86' lang='lat' dir='ltr'>Filiae</span> <span class='ocrx_word' id='word_1_669' title='bbox 1840 2058 1907 2078; x_wconf 87' lang='lat' dir='ltr'>car-</span> 
     </span>
     <span class='ocr_line' id='line_1_101' title="bbox 1062 2096 1908 2133; baseline -0.001 -8"><span class='ocrx_word' id='word_1_670' title='bbox 1062 2096 1168 2131; x_wconf 82' lang='lat' dir='ltr'>minis,</span> <span class='ocrx_word' id='word_1_671' title='bbox 1190 2104 1261 2133; x_wconf 88' lang='lat' dir='ltr'>quae</span> <span class='ocrx_word' id='word_1_672' title='bbox 1287 2096 1405 2125; x_wconf 89' lang='lat' dir='ltr'>audiunt</span> <span class='ocrx_word' id='word_1_673' title='bbox 1426 2096 1618 2131; x_wconf 86' lang='lat' dir='ltr'>consonantia,</span> <span class='ocrx_word' id='word_1_674' title='bbox 1646 2099 1711 2125; x_wconf 91' lang='lat' dir='ltr'>sunt</span> <span class='ocrx_word' id='word_1_675' title='bbox 1738 2104 1835 2131; x_wconf 84' lang='lat' dir='ltr'>aures;</span> <span class='ocrx_word' id='word_1_676' title='bbox 1856 2096 1908 2124; x_wconf 86' lang='lat' dir='ltr'>hae</span> 
     </span>
     <span class='ocr_line' id='line_1_102' title="bbox 1062 2143 1909 2180; baseline -0.001 -8"><span class='ocrx_word' id='word_1_677' title='bbox 1062 2144 1089 2172; x_wconf 93' lang='lat' dir='ltr'>in</span> <span class='ocrx_word' id='word_1_678' title='bbox 1111 2144 1224 2173; x_wconf 85' lang='lat' dir='ltr'>senibus</span> <span class='ocrx_word' id='word_1_679' title='bbox 1244 2143 1463 2177; x_wconf 82' lang='lat' dir='ltr'>obsurdescunt,</span> <span class='ocrx_word' id='word_1_680' title='bbox 1485 2143 1551 2180; x_wconf 91' lang='lat' dir='ltr'>quia</span> <span class='ocrx_word' id='word_1_681' title='bbox 1571 2151 1652 2172; x_wconf 88' lang='lat' dir='ltr'>voces</span> <span class='ocrx_word' id='word_1_682' title='bbox 1672 2151 1786 2172; x_wconf 89' lang='lat' dir='ltr'>sonoras</span> <span class='ocrx_word' id='word_1_683' title='bbox 1812 2143 1909 2171; x_wconf 90' lang='lat' dir='ltr'>audire</span> 
     </span>
     <span class='ocr_line' id='line_1_103' title="bbox 1062 2189 1910 2227; baseline -0.002 -8"><span class='ocrx_word' id='word_1_684' title='bbox 1062 2199 1116 2219; x_wconf 92' lang='lat' dir='ltr'>non</span> <span class='ocrx_word' id='word_1_685' title='bbox 1144 2193 1279 2227; x_wconf 89' lang='lat' dir='ltr'>possunt;</span> <span class='ocrx_word' id='word_1_686' title='bbox 1306 2190 1418 2219; x_wconf 88' lang='lat' dir='ltr'>secundi</span> <span class='ocrx_word' id='word_1_687' title='bbox 1447 2191 1551 2227; x_wconf 86' lang='lat' dir='ltr'>Regum</span> <span class='ocrx_word' id='word_1_688' title='bbox 1579 2190 1684 2219; x_wconf 90' lang='lat' dir='ltr'>decimo</span> <span class='ocrx_word' id='word_1_689' title='bbox 1714 2190 1811 2218; x_wconf 74' lang='lat' dir='ltr'>nono⁸</span> <span class='ocrx_word' id='word_1_690' title='bbox 1838 2189 1910 2218; x_wconf 87' lang='lat' dir='ltr'>dixit</span> 
     </span>
     <span class='ocr_line' id='line_1_104' title="bbox 1062 2236 1909 2274; baseline -0.001 -8"><span class='ocrx_word' id='word_1_691' title='bbox 1062 2237 1193 2266; x_wconf 86' lang='lat' dir='ltr'>Berzellai</span> <span class='ocrx_word' id='word_1_692' title='bbox 1223 2237 1257 2265; x_wconf 90' lang='lat' dir='ltr'>ad</span> <span class='ocrx_word' id='word_1_693' title='bbox 1287 2236 1391 2265; x_wconf 85' lang='lat' dir='ltr'>David:</span> <span class='ocrx_word' id='word_1_694' title='bbox 1418 2248 1431 2261; x_wconf 74' lang='grc' dir='ltr'>(ι</span> <span class='ocrx_word' id='word_1_695' title='bbox 1445 2236 1644 2274; x_wconf 84' lang='lat' dir='ltr'>Octogenarius</span> <span class='ocrx_word' id='word_1_696' title='bbox 1671 2245 1751 2271; x_wconf 89' lang='lat' dir='ltr'>sum;</span> <span class='ocrx_word' id='word_1_697' title='bbox 1784 2236 1909 2274; x_wconf 91' lang='lat' dir='ltr'>nunquid</span> 
     </span>
     <span class='ocr_line' id='line_1_105' title="bbox 1063 2284 1909 2322; baseline -0.001 -9"><span class='ocrx_word' id='word_1_698' title='bbox 1063 2285 1156 2322; x_wconf 83' lang='lat' dir='ltr'>vigent</span> <span class='ocrx_word' id='word_1_699' title='bbox 1176 2292 1273 2313; x_wconf 88' lang='lat' dir='ltr'>sensus</span> <span class='ocrx_word' id='word_1_700' title='bbox 1294 2284 1346 2313; x_wconf 86' lang='lat' dir='ltr'>rnei</span> <span class='ocrx_word' id='word_1_701' title='bbox 1368 2284 1403 2313; x_wconf 90' lang='lat' dir='ltr'>ad</span> <span class='ocrx_word' id='word_1_702' title='bbox 1423 2284 1635 2313; x_wconf 88' lang='lat' dir='ltr'>discernendum</span> <span class='ocrx_word' id='word_1_703' title='bbox 1656 2292 1741 2313; x_wconf 86' lang='lat' dir='ltr'>suave</span> <span class='ocrx_word' id='word_1_704' title='bbox 1761 2287 1809 2313; x_wconf 90' lang='lat' dir='ltr'>aut</span> <span class='ocrx_word' id='word_1_705' title='bbox 1834 2292 1909 2312; x_wconf 87' lang='lat' dir='ltr'>ama-</span> 
     </span>
     <span class='ocr_line' id='line_1_106' title="bbox 1063 2331 1909 2368; baseline -0.001 -8"><span class='ocrx_word' id='word_1_706' title='bbox 1063 2340 1144 2366; x_wconf 79' lang='lat' dir='ltr'>rum,</span> <span class='ocrx_word' id='word_1_707' title='bbox 1165 2331 1209 2360; x_wconf 84' lang='lat' dir='ltr'>vel</span> <span class='ocrx_word' id='word_1_708' title='bbox 1230 2331 1327 2360; x_wconf 88' lang='lat' dir='ltr'>audire</span> <span class='ocrx_word' id='word_1_709' title='bbox 1351 2339 1464 2368; x_wconf 89' lang='lat' dir='ltr'>possum</span> <span class='ocrx_word' id='word_1_710' title='bbox 1487 2331 1561 2360; x_wconf 88' lang='lat' dir='ltr'>ultra</span> <span class='ocrx_word' id='word_1_711' title='bbox 1578 2339 1658 2360; x_wconf 89' lang='lat' dir='ltr'>voces</span> <span class='ocrx_word' id='word_1_712' title='bbox 1682 2334 1855 2360; x_wconf 84' lang='lat' dir='ltr'>cantatorum</span> <span class='ocrx_word' id='word_1_713' title='bbox 1883 2334 1909 2359; x_wconf 93' lang='lat' dir='ltr'>et</span> 
     </span>
     <span class='ocr_line' id='line_1_107' title="bbox 1064 2377 1909 2415; baseline -0.001 -9"><span class='ocrx_word' id='word_1_714' title='bbox 1064 2378 1245 2407; x_wconf 86' lang='lat' dir='ltr'>cantatricum</span> <span class='ocrx_word' id='word_1_715' title='bbox 1261 2380 1297 2406; x_wconf 69' lang='lat'>»2</span> <span class='ocrx_word' id='word_1_716' title='bbox 1311 2395 1350 2398; x_wconf 97' lang='lat'><strong>—</strong></span> <span class='ocrx_word' id='word_1_717' title='bbox 1363 2378 1408 2407; x_wconf 92' lang='lat' dir='ltr'>Isti</span> <span class='ocrx_word' id='word_1_718' title='bbox 1430 2378 1515 2415; x_wconf 82' lang='lat' dir='ltr'>igitur</span> <span class='ocrx_word' id='word_1_719' title='bbox 1535 2380 1600 2407; x_wconf 90' lang='lat' dir='ltr'>sunt</span> <span class='ocrx_word' id='word_1_720' title='bbox 1621 2386 1671 2407; x_wconf 88' lang='lat' dir='ltr'>sex</span> <span class='ocrx_word' id='word_1_721' title='bbox 1696 2377 1833 2411; x_wconf 87' lang='lat' dir='ltr'>defectus,</span> <span class='ocrx_word' id='word_1_722' title='bbox 1861 2377 1909 2414; x_wconf 94' lang='lat' dir='ltr'>qui</span> 
     </span>
     <span class='ocr_line' id='line_1_108' title="bbox 1064 2424 1909 2462; baseline -0.001 -9"><span class='ocrx_word' id='word_1_723' title='bbox 1064 2428 1273 2462; x_wconf 90' lang='lat' dir='ltr'>consequuntur</span> <span class='ocrx_word' id='word_1_724' title='bbox 1305 2425 1348 2454; x_wconf 87' lang='lat' dir='ltr'>vel</span> <span class='ocrx_word' id='word_1_725' title='bbox 1381 2425 1600 2453; x_wconf 87' lang='lat' dir='ltr'>concomitantur</span> <span class='ocrx_word' id='word_1_726' title='bbox 1627 2426 1815 2453; x_wconf 88' lang='lat' dir='ltr'>senectutem:</span> <span class='ocrx_word' id='word_1_727' title='bbox 1844 2424 1909 2461; x_wconf 84' lang='lat' dir='ltr'>quia</span> 
     </span>
     <span class='ocr_line' id='line_1_109' title="bbox 1064 2471 1908 2508; baseline -0.002 -8"><span class='ocrx_word' id='word_1_728' title='bbox 1064 2479 1142 2501; x_wconf 90' lang='lat' dir='ltr'>senes</span> <span class='ocrx_word' id='word_1_729' title='bbox 1164 2480 1217 2500; x_wconf 84' lang='lat' dir='ltr'>non</span> <span class='ocrx_word' id='word_1_730' title='bbox 1238 2474 1355 2508; x_wconf 88' lang='lat' dir='ltr'>possunt</span> <span class='ocrx_word' id='word_1_731' title='bbox 1374 2471 1478 2500; x_wconf 78' lang='lat' dir='ltr'>nociva</span> <span class='ocrx_word' id='word_1_732' title='bbox 1499 2471 1646 2508; x_wconf 87' lang='lat' dir='ltr'>repellere,</span> <span class='ocrx_word' id='word_1_733' title='bbox 1669 2479 1723 2499; x_wconf 90' lang='lat' dir='ltr'>non</span> <span class='ocrx_word' id='word_1_734' title='bbox 1745 2473 1860 2507; x_wconf 83' lang='lat' dir='ltr'>possunt</span> <span class='ocrx_word' id='word_1_735' title='bbox 1879 2479 1908 2498; x_wconf 85' lang='lat' dir='ltr'>se</span> 
     </span>
    </p>
   </div>
   <div class='ocr_carea' id='block_1_14' title="bbox 1922 1822 1985 1841">
    <p class='ocr_par' dir='ltr' id='par_1_26' title="bbox 1922 1822 1985 1841">
     <span class='ocr_line' id='line_1_110' title="bbox 1922 1822 1985 1841; baseline -0.016 0"><span class='ocrx_word' id='word_1_736' title='bbox 1922 1822 1985 1841; x_wconf 76' lang='lat' dir='ltr'>Sexto.</span> 
     </span>
    </p>
   </div>
   <div class='ocr_carea' id='block_1_15' title="bbox 778 2570 1294 2576">
    <p class='ocr_par' dir='ltr' id='par_1_27' title="bbox 778 2570 1294 2576">
     <span class='ocr_line' id='line_1_111' title="bbox 778 2570 1294 2576; baseline 0 0"><span class='ocrx_word' id='word_1_737' title='bbox 778 2570 1294 2576; x_wconf 95' lang='lat' dir='ltr'> </span> 
     </span>
    </p>
   </div>
   <div class='ocr_carea' id='block_1_16' title="bbox 164 2631 1009 2973">
    <p class='ocr_par' dir='ltr' id='par_1_28' title="bbox 226 2631 924 2661">
     <span class='ocr_line' id='line_1_112' title="bbox 226 2631 924 2661; baseline -0.003 -6"><span class='ocrx_word' id='word_1_738' title='bbox 226 2631 234 2645; x_wconf 87' lang='lat'><strong>¹</strong></span> <span class='ocrx_word' id='word_1_739' title='bbox 253 2634 318 2656; x_wconf 90' lang='lat' dir='ltr'>Vers.</span> <span class='ocrx_word' id='word_1_740' title='bbox 334 2633 356 2655; x_wconf 83' lang='grc'>9.</span> <span class='ocrx_word' id='word_1_741' title='bbox 373 2645 403 2648; x_wconf 82' lang='lat'>—</span> <span class='ocrx_word' id='word_1_742' title='bbox 421 2633 554 2661; x_wconf 79' lang='lat' dir='ltr'>Sequuntur</span> <span class='ocrx_word' id='word_1_743' title='bbox 571 2633 625 2660; x_wconf 83' lang='lat' dir='ltr'>Sap.</span> <span class='ocrx_word' id='word_1_744' title='bbox 642 2632 668 2658; x_wconf 81' lang='lat'>5,</span> <span class='ocrx_word' id='word_1_745' title='bbox 682 2632 703 2653; x_wconf 74' lang='grc' dir='ltr'>6Δ</span> <span class='ocrx_word' id='word_1_746' title='bbox 716 2634 737 2654; x_wconf 87' lang='lat' dir='ltr'>et</span> <span class='ocrx_word' id='word_1_747' title='bbox 753 2632 824 2659; x_wconf 82' lang='lat' dir='ltr'>Apoc.</span> <span class='ocrx_word' id='word_1_748' title='bbox 844 2632 885 2658; x_wconf 68' lang='lat'>42,</span> <span class='ocrx_word' id='word_1_749' title='bbox 907 2631 924 2653; x_wconf 89' lang='grc'>1.</span> 
     </span>
    </p>

    <p class='ocr_par' dir='ltr' id='par_1_29' title="bbox 226 2671 814 2700">
     <span class='ocr_line' id='line_1_113' title="bbox 226 2671 814 2700; baseline -0.003 -6"><span class='ocrx_word' id='word_1_750' title='bbox 226 2671 235 2684; x_wconf 68' lang='lat'>2</span> <span class='ocrx_word' id='word_1_751' title='bbox 253 2672 319 2695; x_wconf 87' lang='lat' dir='ltr'>Vers.</span> <span class='ocrx_word' id='word_1_752' title='bbox 336 2672 374 2694; x_wconf 77' lang='lat'>34.</span> <span class='ocrx_word' id='word_1_753' title='bbox 389 2684 420 2687; x_wconf 87' lang='lat'>——-</span> <span class='ocrx_word' id='word_1_754' title='bbox 437 2672 490 2700; x_wconf 85' lang='lat' dir='ltr'>Seq.</span> <span class='ocrx_word' id='word_1_755' title='bbox 506 2672 570 2694; x_wconf 82' lang='lat' dir='ltr'>locus</span> <span class='ocrx_word' id='word_1_756' title='bbox 586 2674 620 2693; x_wconf 89' lang='lat' dir='ltr'>est</span> <span class='ocrx_word' id='word_1_757' title='bbox 637 2672 715 2693; x_wconf 69' lang='lat' dir='ltr'>Ezecli.</span> <span class='ocrx_word' id='word_1_758' title='bbox 733 2671 760 2698; x_wconf 84' lang='lat'>3,</span> <span class='ocrx_word' id='word_1_759' title='bbox 778 2671 814 2693; x_wconf 77' lang='lat'>26.</span> 
     </span>
    </p>

    <p class='ocr_par' dir='ltr' id='par_1_30' title="bbox 226 2709 498 2740">
     <span class='ocr_line' id='line_1_114' title="bbox 226 2709 498 2740; baseline -0.004 -6"><span class='ocrx_word' id='word_1_760' title='bbox 226 2709 236 2723; x_wconf 77' lang='lat'>⁸</span> <span class='ocrx_word' id='word_1_761' title='bbox 253 2712 351 2739; x_wconf 82' lang='lat' dir='ltr'>Vulgata</span> <span class='ocrx_word' id='word_1_762' title='bbox 368 2710 498 2740; x_wconf 70' lang='lat' dir='ltr'>fimiculus.</span> 
     </span>
    </p>

    <p class='ocr_par' dir='ltr' id='par_1_31' title="bbox 164 2749 1009 2973">
     <span class='ocr_line' id='line_1_115' title="bbox 226 2749 1008 2778; baseline -0.003 -5"><span class='ocrx_word' id='word_1_763' title='bbox 226 2749 236 2763; x_wconf 76' lang='lat'>⁴³</span> <span class='ocrx_word' id='word_1_764' title='bbox 253 2750 314 2773; x_wconf 89' lang='lat' dir='ltr'>Lihr.</span> <span class='ocrx_word' id='word_1_765' title='bbox 331 2751 355 2773; x_wconf 90' lang='lat' dir='ltr'>ll.</span> <span class='ocrx_word' id='word_1_766' title='bbox 373 2751 402 2773; x_wconf 92' lang='lat' dir='ltr'>de</span> <span class='ocrx_word' id='word_1_767' title='bbox 419 2749 504 2772; x_wconf 84' lang='lat' dir='ltr'>Partib.</span> <span class='ocrx_word' id='word_1_768' title='bbox 520 2750 613 2772; x_wconf 86' lang='lat' dir='ltr'>animal.</span> <span class='ocrx_word' id='word_1_769' title='bbox 629 2756 649 2772; x_wconf 93' lang='lat' dir='ltr'>c.</span> <span class='ocrx_word' id='word_1_770' title='bbox 667 2750 694 2772; x_wconf 81' lang='lat'>9:</span> <span class='ocrx_word' id='word_1_771' title='bbox 711 2751 739 2773; x_wconf 86' lang='lat' dir='ltr'>Ut</span> <span class='ocrx_word' id='word_1_772' title='bbox 755 2749 816 2772; x_wconf 88' lang='lat' dir='ltr'>enim</span> <span class='ocrx_word' id='word_1_773' title='bbox 838 2749 877 2778; x_wconf 92' lang='lat' dir='ltr'>qui</span> <span class='ocrx_word' id='word_1_774' title='bbox 903 2755 930 2771; x_wconf 85' lang='lat' dir='ltr'>ex</span> <span class='ocrx_word' id='word_1_775' title='bbox 954 2749 1008 2771; x_wconf 86' lang='lat' dir='ltr'>limo</span> 
     </span>
     <span class='ocr_line' id='line_1_116' title="bbox 164 2788 1008 2817; baseline -0.002 -5"><span class='ocrx_word' id='word_1_776' title='bbox 164 2792 204 2812; x_wconf 84' lang='lat' dir='ltr'>aut</span> <span class='ocrx_word' id='word_1_777' title='bbox 220 2789 261 2812; x_wconf 84' lang='lat' dir='ltr'>alia</span> <span class='ocrx_word' id='word_1_778' title='bbox 280 2795 354 2812; x_wconf 80' lang='lat' dir='ltr'>massa</span> <span class='ocrx_word' id='word_1_779' title='bbox 373 2789 467 2811; x_wconf 87' lang='lat' dir='ltr'>humida</span> <span class='ocrx_word' id='word_1_780' title='bbox 485 2789 568 2811; x_wconf 83' lang='lat' dir='ltr'>animal</span> <span class='ocrx_word' id='word_1_781' title='bbox 585 2789 698 2817; x_wconf 83' lang='lat' dir='ltr'>effingunt</span> <span class='ocrx_word' id='word_1_782' title='bbox 722 2789 789 2811; x_wconf 80' lang='lat' dir='ltr'>firmo</span> <span class='ocrx_word' id='word_1_783' title='bbox 813 2788 890 2817; x_wconf 89' lang='lat' dir='ltr'>aliquo</span> <span class='ocrx_word' id='word_1_784' title='bbox 915 2788 1008 2810; x_wconf 81' lang='lat' dir='ltr'>subdito</span> 
     </span>
     <span class='ocr_line' id='line_1_117' title="bbox 165 2827 1008 2857; baseline -0.002 -6"><span class='ocrx_word' id='word_1_785' title='bbox 165 2834 262 2857; x_wconf 85' lang='lat' dir='ltr'>corpore</span> <span class='ocrx_word' id='word_1_786' title='bbox 279 2827 399 2851; x_wconf 89' lang='lat' dir='ltr'>obducunt</span> <span class='ocrx_word' id='word_1_787' title='bbox 414 2831 484 2857; x_wconf 88' lang='lat' dir='ltr'>atque</span> <span class='ocrx_word' id='word_1_788' title='bbox 501 2829 634 2855; x_wconf 75' lang='lat' dir='ltr'>efformem,</span> <span class='ocrx_word' id='word_1_789' title='bbox 652 2828 684 2850; x_wconf 89' lang='lat' dir='ltr'>sie</span> <span class='ocrx_word' id='word_1_790' title='bbox 701 2830 781 2850; x_wconf 82' lang='lat' dir='ltr'>natura</span> <span class='ocrx_word' id='word_1_791' title='bbox 799 2833 825 2849; x_wconf 85' lang='lat' dir='ltr'>ex</span> <span class='ocrx_word' id='word_1_792' title='bbox 842 2827 950 2849; x_wconf 85' lang='lat' dir='ltr'>carnibus</span> <span class='ocrx_word' id='word_1_793' title='bbox 964 2827 1008 2849; x_wconf 86' lang='lat' dir='ltr'>ani-</span> 
     </span>
     <span class='ocr_line' id='line_1_118' title="bbox 165 2866 1008 2896; baseline -0.002 -7"><span class='ocrx_word' id='word_1_794' title='bbox 165 2867 210 2890; x_wconf 88' lang='lat' dir='ltr'>mal</span> <span class='ocrx_word' id='word_1_795' title='bbox 226 2867 340 2896; x_wconf 87' lang='lat' dir='ltr'>con(lidit;</span> <span class='ocrx_word' id='word_1_796' title='bbox 366 2867 447 2890; x_wconf 86' lang='lat' dir='ltr'>ceteris</span> <span class='ocrx_word' id='word_1_797' title='bbox 472 2867 541 2895; x_wconf 78' lang='lat' dir='ltr'>igitur</span> <span class='ocrx_word' id='word_1_798' title='bbox 568 2867 683 2895; x_wconf 77' lang='lat' dir='ltr'>partibus,</span> <span class='ocrx_word' id='word_1_799' title='bbox 708 2867 793 2889; x_wconf 86' lang='lat' dir='ltr'>scilicet</span> <span class='ocrx_word' id='word_1_800' title='bbox 817 2866 932 2893; x_wconf 80' lang='lat' dir='ltr'>carnosis,</span> <span class='ocrx_word' id='word_1_801' title='bbox 956 2872 1008 2888; x_wconf 89' lang='lat' dir='ltr'>ossa</span> 
     </span>
     <span class='ocr_line' id='line_1_119' title="bbox 165 2905 1008 2934; baseline -0.002 -6"><span class='ocrx_word' id='word_1_802' title='bbox 165 2905 273 2929; x_wconf 84' lang='lat' dir='ltr'>omnibus</span> <span class='ocrx_word' id='word_1_803' title='bbox 289 2905 409 2928; x_wconf 86' lang='lat' dir='ltr'>subiacent</span> <span class='ocrx_word' id='word_1_804' title='bbox 424 2909 464 2928; x_wconf 87' lang='lat' dir='ltr'>aut</span> <span class='ocrx_word' id='word_1_805' title='bbox 480 2906 586 2928; x_wconf 85' lang='lat' dir='ltr'>flectendi</span> <span class='ocrx_word' id='word_1_806' title='bbox 603 2906 688 2934; x_wconf 80' lang='lat' dir='ltr'>gratia,</span> <span class='ocrx_word' id='word_1_807' title='bbox 705 2905 722 2928; x_wconf 89' lang='lat' dir='ltr'>si</span> <span class='ocrx_word' id='word_1_808' title='bbox 741 2908 875 2932; x_wconf 81' lang='lat' dir='ltr'>moventur,</span> <span class='ocrx_word' id='word_1_809' title='bbox 897 2907 936 2927; x_wconf 80' lang='lat' dir='ltr'>aut</span> <span class='ocrx_word' id='word_1_810' title='bbox 958 2910 1008 2926; x_wconf 89' lang='lat' dir='ltr'>con-</span> 
     </span>
     <span class='ocr_line' id='line_1_120' title="bbox 165 2945 1009 2973; baseline -0.001 -6"><span class='ocrx_word' id='word_1_811' title='bbox 165 2945 271 2968; x_wconf 83' lang='lat' dir='ltr'>servandi</span> <span class='ocrx_word' id='word_1_812' title='bbox 289 2951 371 2972; x_wconf 83' lang='lat' dir='ltr'>causa,</span> <span class='ocrx_word' id='word_1_813' title='bbox 388 2945 406 2967; x_wconf 90' lang='lat' dir='ltr'>si</span> <span class='ocrx_word' id='word_1_814' title='bbox 423 2945 551 2967; x_wconf 83' lang='lat' dir='ltr'>immobilia</span> <span class='ocrx_word' id='word_1_815' title='bbox 568 2947 632 2973; x_wconf 74' lang='lat' dir='ltr'>sunt,</span> <span class='ocrx_word' id='word_1_816' title='bbox 650 2947 675 2967; x_wconf 85' lang='lat' dir='ltr'>ut</span> <span class='ocrx_word' id='word_1_817' title='bbox 691 2947 779 2972; x_wconf 81' lang='lat' dir='ltr'>costae,</span> <span class='ocrx_word' id='word_1_818' title='bbox 796 2950 856 2973; x_wconf 87' lang='lat' dir='ltr'>quae</span> <span class='ocrx_word' id='word_1_819' title='bbox 873 2947 954 2972; x_wconf 85' lang='lat' dir='ltr'>pectus</span> <span class='ocrx_word' id='word_1_820' title='bbox 976 2951 1009 2966; x_wconf 83' lang='lat' dir='ltr'>sa-</span> 
     </span>
    </p>
   </div>
   <div class='ocr_carea' id='block_1_17' title="bbox 1064 2626 1909 2969">
    <p class='ocr_par' dir='ltr' id='par_1_32' title="bbox 1065 2626 1908 2736">
     <span class='ocr_line' id='line_1_121' title="bbox 1066 2626 1908 2657; baseline -0.005 -4"><span class='ocrx_word' id='word_1_821' title='bbox 1066 2630 1118 2653; x_wconf 80' lang='lat' dir='ltr'>lutis</span> <span class='ocrx_word' id='word_1_822' title='bbox 1134 2630 1250 2653; x_wconf 76' lang='lat' dir='ltr'>viscerum</span> <span class='ocrx_word' id='word_1_823' title='bbox 1268 2630 1339 2657; x_wconf 81' lang='lat' dir='ltr'>gratia</span> <span class='ocrx_word' id='word_1_824' title='bbox 1358 2629 1467 2651; x_wconf 86' lang='lat' dir='ltr'>claudunt</span> <span class='ocrx_word' id='word_1_825' title='bbox 1484 2632 1527 2650; x_wconf 82' lang='lat' dir='ltr'>etc.</span> <span class='ocrx_word' id='word_1_826' title='bbox 1543 2641 1574 2644; x_wconf 94' lang='lat'>——</span> <span class='ocrx_word' id='word_1_827' title='bbox 1592 2628 1636 2650; x_wconf 87' lang='lat' dir='ltr'>lam</span> <span class='ocrx_word' id='word_1_828' title='bbox 1662 2627 1692 2650; x_wconf 83' lang='lat' dir='ltr'>ab</span> <span class='ocrx_word' id='word_1_829' title='bbox 1717 2627 1855 2654; x_wconf 89' lang='lat' dir='ltr'>Hieronymo</span> <span class='ocrx_word' id='word_1_830' title='bbox 1876 2626 1908 2655; x_wconf 88' lang='lat' dir='ltr'>(in</span> 
     </span>
     <span class='ocr_line' id='line_1_122' title="bbox 1066 2667 1908 2698; baseline -0.005 -6"><span class='ocrx_word' id='word_1_831' title='bbox 1066 2671 1127 2692; x_wconf 88' lang='lat' dir='ltr'>hunc</span> <span class='ocrx_word' id='word_1_832' title='bbox 1143 2670 1228 2698; x_wconf 89' lang='lat' dir='ltr'>locum)</span> <span class='ocrx_word' id='word_1_833' title='bbox 1247 2672 1337 2697; x_wconf 86' lang='lat' dir='ltr'>praeter</span> <span class='ocrx_word' id='word_1_834' title='bbox 1354 2669 1409 2691; x_wconf 83' lang='lat' dir='ltr'>alias</span> <span class='ocrx_word' id='word_1_835' title='bbox 1426 2668 1579 2696; x_wconf 76' lang='lat' dir='ltr'>expositiones</span> <span class='ocrx_word' id='word_1_836' title='bbox 1596 2668 1664 2690; x_wconf 81' lang='lat' dir='ltr'>etiam</span> <span class='ocrx_word' id='word_1_837' title='bbox 1677 2668 1733 2689; x_wconf 85' lang='lat' dir='ltr'>haec</span> <span class='ocrx_word' id='word_1_838' title='bbox 1745 2667 1774 2689; x_wconf 89' lang='lat' dir='ltr'>de</span> <span class='ocrx_word' id='word_1_839' title='bbox 1786 2672 1824 2688; x_wconf 83' lang='lat' dir='ltr'>sex</span> <span class='ocrx_word' id='word_1_840' title='bbox 1837 2672 1908 2688; x_wconf 88' lang='lat' dir='ltr'>mem-</span> 
     </span>
     <span class='ocr_line' id='line_1_123' title="bbox 1065 2707 1695 2736; baseline -0.006 -4"><span class='ocrx_word' id='word_1_841' title='bbox 1065 2709 1113 2732; x_wconf 87' lang='lat' dir='ltr'>bris</span> <span class='ocrx_word' id='word_1_842' title='bbox 1130 2709 1236 2731; x_wconf 82' lang='lat' dir='ltr'>huinanis</span> <span class='ocrx_word' id='word_1_843' title='bbox 1253 2708 1409 2736; x_wconf 77' lang='lat' dir='ltr'>interpretatio</span> <span class='ocrx_word' id='word_1_844' title='bbox 1426 2707 1572 2736; x_wconf 84' lang='lat' dir='ltr'>quorundam</span> <span class='ocrx_word' id='word_1_845' title='bbox 1590 2708 1695 2729; x_wconf 79' lang='lat' dir='ltr'>retertur.</span> 
     </span>
    </p>

    <p class='ocr_par' dir='ltr' id='par_1_33' title="bbox 1127 2746 1720 2775">
     <span class='ocr_line' id='line_1_124' title="bbox 1127 2746 1720 2775; baseline -0.005 -5"><span class='ocrx_word' id='word_1_846' title='bbox 1127 2747 1137 2759; x_wconf 78' lang='lat'><strong><em>⁶</em></strong></span> <span class='ocrx_word' id='word_1_847' title='bbox 1153 2748 1198 2771; x_wconf 82' lang='lat' dir='ltr'>Csr.</span> <span class='ocrx_word' id='word_1_848' title='bbox 1216 2748 1320 2775; x_wconf 68' lang='lat' dir='ltr'>Aristot.‚</span> <span class='ocrx_word' id='word_1_849' title='bbox 1338 2748 1374 2769; x_wconf 93' lang='lat' dir='ltr'>lV.</span> <span class='ocrx_word' id='word_1_850' title='bbox 1391 2747 1421 2769; x_wconf 89' lang='lat' dir='ltr'>de</span> <span class='ocrx_word' id='word_1_851' title='bbox 1438 2746 1521 2769; x_wconf 85' lang='lat' dir='ltr'>Partib.</span> <span class='ocrx_word' id='word_1_852' title='bbox 1539 2746 1629 2768; x_wconf 80' lang='lat' dir='ltr'>animal.</span> <span class='ocrx_word' id='word_1_853' title='bbox 1646 2752 1665 2768; x_wconf 90' lang='lat' dir='ltr'>c.</span> <span class='ocrx_word' id='word_1_854' title='bbox 1687 2746 1720 2767; x_wconf 83' lang='lat'>¹0.</span> 
     </span>
    </p>

    <p class='ocr_par' dir='ltr' id='par_1_34' title="bbox 1127 2786 1411 2815">
     <span class='ocr_line' id='line_1_125' title="bbox 1127 2786 1411 2815; baseline -0.004 -5"><span class='ocrx_word' id='word_1_855' title='bbox 1127 2786 1137 2799; x_wconf 79' lang='lat'>‘³</span> <span class='ocrx_word' id='word_1_856' title='bbox 1154 2788 1252 2815; x_wconf 80' lang='lat' dir='ltr'>Vulgata</span> <span class='ocrx_word' id='word_1_857' title='bbox 1270 2786 1294 2809; x_wconf 84' lang='lat' dir='ltr'>in</span> <span class='ocrx_word' id='word_1_858' title='bbox 1311 2786 1411 2809; x_wconf 80' lang='lat' dir='ltr'>minuto.</span> 
     </span>
    </p>

    <p class='ocr_par' dir='ltr' id='par_1_35' title="bbox 1064 2822 1909 2931">
     <span class='ocr_line' id='line_1_126' title="bbox 1127 2822 1909 2852; baseline -0.005 -4"><span class='ocrx_word' id='word_1_859' title='bbox 1127 2825 1135 2838; x_wconf 87' lang='lat'>⁷</span> <span class='ocrx_word' id='word_1_860' title='bbox 1155 2827 1220 2849; x_wconf 84' lang='lat' dir='ltr'>Vers.</span> <span class='ocrx_word' id='word_1_861' title='bbox 1240 2827 1261 2848; x_wconf 80' lang='lat'>2.</span> <span class='ocrx_word' id='word_1_862' title='bbox 1284 2828 1307 2848; x_wconf 88' lang='lat' dir='ltr'>et</span> <span class='ocrx_word' id='word_1_863' title='bbox 1323 2826 1350 2847; x_wconf 87' lang='lat'>3:</span> <span class='ocrx_word' id='word_1_864' title='bbox 1367 2826 1432 2848; x_wconf 87' lang='lat' dir='ltr'>Oculi</span> <span class='ocrx_word' id='word_1_865' title='bbox 1452 2825 1501 2847; x_wconf 89' lang='lat' dir='ltr'>eius</span> <span class='ocrx_word' id='word_1_866' title='bbox 1522 2825 1688 2852; x_wconf 82' lang='lat' dir='ltr'>caligaverant,</span> <span class='ocrx_word' id='word_1_867' title='bbox 1708 2830 1749 2846; x_wconf 86' lang='lat' dir='ltr'>nec</span> <span class='ocrx_word' id='word_1_868' title='bbox 1767 2825 1855 2851; x_wconf 83' lang='lat' dir='ltr'>poterat</span> <span class='ocrx_word' id='word_1_869' title='bbox 1874 2822 1909 2844; x_wconf 84' lang='lat' dir='ltr'>vi—</span> 
     </span>
     <span class='ocr_line' id='line_1_127' title="bbox 1065 2861 1907 2893; baseline -0.007 -5"><span class='ocrx_word' id='word_1_870' title='bbox 1065 2866 1128 2888; x_wconf 83' lang='lat' dir='ltr'>dere.</span> <span class='ocrx_word' id='word_1_871' title='bbox 1145 2866 1246 2888; x_wconf 79' lang='lat' dir='ltr'>Lucerna</span> <span class='ocrx_word' id='word_1_872' title='bbox 1270 2865 1322 2892; x_wconf 89' lang='lat' dir='ltr'>Dei,</span> <span class='ocrx_word' id='word_1_873' title='bbox 1345 2867 1468 2893; x_wconf 79' lang='lat' dir='ltr'>autequam</span> <span class='ocrx_word' id='word_1_874' title='bbox 1491 2864 1673 2891; x_wconf 82' lang='lat' dir='ltr'>exstingueretur</span> <span class='ocrx_word' id='word_1_875' title='bbox 1695 2865 1737 2884; x_wconf 88' lang='lat' dir='ltr'>etc.</span> <span class='ocrx_word' id='word_1_876' title='bbox 1758 2875 1788 2878; x_wconf 92' lang='lat'>—</span> <span class='ocrx_word' id='word_1_877' title='bbox 1801 2861 1907 2890; x_wconf 83' lang='lat' dir='ltr'>Sequitur</span> 
     </span>
     <span class='ocr_line' id='line_1_128' title="bbox 1064 2904 1211 2931; baseline -0.007 -4"><span class='ocrx_word' id='word_1_878' title='bbox 1064 2905 1121 2927; x_wconf 87' lang='lat' dir='ltr'>Gen.</span> <span class='ocrx_word' id='word_1_879' title='bbox 1133 2904 1175 2931; x_wconf 75' lang='lat'>27,</span> <span class='ocrx_word' id='word_1_880' title='bbox 1190 2905 1211 2926; x_wconf 76' lang='lat' dir='ltr'>i.</span> 
     </span>
    </p>

    <p class='ocr_par' dir='ltr' id='par_1_36' title="bbox 1127 2939 1759 2969">
     <span class='ocr_line' id='line_1_129' title="bbox 1127 2939 1759 2969; baseline -0.006 -4"><span class='ocrx_word' id='word_1_881' title='bbox 1127 2941 1136 2954; x_wconf 75' lang='lat'>⁸</span> <span class='ocrx_word' id='word_1_882' title='bbox 1154 2943 1219 2965; x_wconf 79' lang='lat' dir='ltr'>Vers.</span> <span class='ocrx_word' id='word_1_883' title='bbox 1236 2942 1275 2965; x_wconf 80' lang='lat'>35.</span> <span class='ocrx_word' id='word_1_884' title='bbox 1290 2943 1344 2965; x_wconf 85' lang='lat' dir='ltr'>Post</span> <span class='ocrx_word' id='word_1_885' title='bbox 1359 2948 1473 2966; x_wconf 77' lang='lat' dir='ltr'>amarum</span> <span class='ocrx_word' id='word_1_886' title='bbox 1490 2941 1587 2969; x_wconf 80' lang='lat' dir='ltr'>Vulgata</span> <span class='ocrx_word' id='word_1_887' title='bbox 1605 2941 1670 2968; x_wconf 85' lang='lat' dir='ltr'>plura</span> <span class='ocrx_word' id='word_1_888' title='bbox 1688 2939 1759 2961; x_wconf 81' lang='lat' dir='ltr'>addit.</span> 
     </span>
    </p>
   </div>
  </div>
 </body>
</html>
