2296 3316
228 399 312 418 Materia.

237 774 310 793 Forma.

216 1008 310 1028 metens.

180 2044 314 2063 Fundamenta.

193 2263 222 2283 Ad
236 2263 310 2287 opposi-

229 2288 274 2305 tum.

336 173 352 200 6
990 169 1184 198 PROOEMIUM
1203 168 1431 213 cOMMENTARss

334 250 537 287 praesentium,
559 250 592 278 de
614 249 653 278 eis
675 251 789 283 tractat,
812 256 866 276 non
887 255 919 276 ea
934 248 1055 282 ratione,
1071 255 1126 284 qua
1141 250 1180 276 at-

333 297 463 331 trahunt,
486 297 533 326 sed
558 305 590 326 ea
615 296 721 325 ratione
759 304 815 333 qua
842 297 1074 324 contemnuntur:
1096 297 1181 323 attra-

333 344 403 373 hunt
425 344 477 372 sub
498 344 588 380 specie
610 343 689 377 boni,
717 342 765 371 sed
793 344 1011 371 contemnuntur
1039 342 1092 370 sub
1121 349 1182 378 spe-

331 391 371 420 cie
393 391 464 419 vani.
488 391 549 419 ldeo
570 390 697 427 sequitur
718 397 755 418 ex
776 389 844 423 hoc,
859 388 933 426 quod
955 388 1082 417 materia
1097 388 1182 417 huius

331 438 395 466 libri
417 440 482 466 sunt
513 445 609 466 rerum
638 436 826 474 praesentium
855 435 1005 469 vanitates,
1028 435 1085 464 sive
1107 435 1181 472 ipsae

331 491 391 518 res,
414 484 566 513 secundum
588 482 662 520 quod
683 490 783 517 vanae,
805 485 837 511 ut
857 482 958 511 melius
978 482 1100 516 dicatur,
1116 481 1182 518 quia

330 531 490 565 vanitatem
507 530 585 567 quasi
615 530 770 567 passionem
798 529 897 566 probat
918 529 946 557 in
967 528 1068 562 rebus,
1091 528 1181 564 primo

330 574 503 615 proponens,
526 577 646 606 secundo
667 577 801 614 probans,
818 576 900 605 tertio
914 575 1089 604 concludens.
1105 574 1181 603 Unde

329 624 454 661 procedit
475 624 665 661 persuadendo
686 627 713 652 et
734 623 876 660 probando
897 623 984 655 illam,
1008 622 1110 650 scilicet
1131 621 1181 649 tri-

330 672 429 709 plicem
451 672 616 705 vanitatem,
638 679 709 708 quae
724 678 810 707 supra
830 670 903 698 dicta
916 673 957 698 est
971 669 990 703 ¹,
1005 668 1109 698 scilicet
1126 676 1180 696 na-

330 722 429 752 turae,
451 718 554 755 eulpae
574 720 601 747 et
622 717 765 746 miseriae.
787 733 826 737 —-
847 716 879 744 Et
899 724 935 744 ex
958 710 1009 744 1100
1030 718 1105 752 patet
1119 723 1180 743 mo-

329 766 386 795 diis
407 766 514 804 agendi
534 766 591 794 sive
612 765 709 793 forma.
732 764 817 792 Habet
846 764 919 792 enim
948 763 1061 791 modum
1082 761 1179 799 agendi

329 813 497 850 singularem
520 812 591 840 inter
612 812 679 840 alios
700 811 800 845 libros;
822 810 947 847 procedit
967 809 1040 838 enim
1063 812 1094 838 ut
1115 817 1179 837 con-

329 859 472 893 cionator,
500 859 675 887 diversorum
707 857 857 886 sententias
878 856 1072 894 proponendo,
1099 856 1179 884 modo

330 906 476 943 sapientis,
498 905 579 934 modo
601 905 694 938 stulti,
716 908 747 933 ut
768 913 804 933 ex
826 904 951 941 plurium
966 903 1108 932 sententiis
1122 911 1179 932 una

330 953 462 982 clarescat
483 953 585 981 veritas
610 952 637 980 in
665 952 764 980 animis
785 951 954 980 auditorum.
978 967 1014 971 —
1037 950 1076 978 Ex
1099 957 1180 986 prae-

328 1000 408 1029 dictis
428 1000 619 1033 concluditur,
642 999 705 1036 quis
726 998 822 1027 debuit
843 1006 902 1027 esse
924 997 1055 1035 efficiens.
1079 997 1106 1025 ln
1126 996 1178 1025 isto

328 1047 400 1076 enim
429 1047 499 1075 libro
530 1047 665 1075 docentur
695 1046 834 1075 contemni
856 1045 1028 1081 voluptates,
1054 1044 1177 1078 divitiae,

328 1094 447 1123 honores
475 1097 501 1123 et
530 1094 704 1122 curiositates
732 1096 863 1130 tanquam
894 1092 1037 1120 vanitates.
1061 1091 1091 1119 Et
1113 1090 1178 1128 quia

327 1150 381 1170 1100
403 1141 526 1170 creditur
551 1141 584 1170 de
613 1143 773 1177 contemptu
799 1140 895 1168 talium
927 1139 979 1167 nisi
1001 1141 1118 1175 experto
1140 1153 1176 1158 ——

327 1197 381 1217 non
402 1189 474 1217 enim
496 1188 620 1217 creditur
640 1187 773 1225 pauperi,
795 1187 842 1224 qui
865 1195 919 1215 non
941 1186 1039 1215 habuit
1058 1185 1177 1218 divitias,

326 1236 359 1265 de
380 1236 505 1273 ipsarum
537 1238 713 1272 contemptu,
735 1234 801 1271 quia
828 1243 886 1262 11011
914 1237 955 1262 est
974 1236 1127 1270 expertus,
1150 1234 1178 1261 et

327 1282 387 1311 ideo
408 1290 463 1311 non
486 1281 684 1319 reeoynoseit‘ss’
706 1298 743 1301 -
765 1281 903 1318 oportuit,
919 1280 993 1317 quod
1008 1283 1080 1309 esset
1101 1279 1175 1313 talis,

326 1330 373 1367 qui
405 1330 530 1358 omnium
559 1329 674 1358 haberet
701 1328 902 1365 experientiam
931 1328 1045 1361 horum,
1074 1326 1177 1355 scilicet

326 1377 375 1414 qui
396 1381 468 1406 esset
489 1380 601 1413 potens,
623 1376 715 1410 dives,
735 1375 901 1404 luxuriosus
922 1378 949 1404 et
969 1373 1098 1403 curiosus
1120 1374 1177 1403 sive

326 1424 443 1461 sapiens.
476 1424 588 1452 Nullum
619 1423 704 1452 alium
733 1423 850 1460 legimus
877 1430 926 1451 nec
959 1421 1117 1450 audivimus
1148 1421 1175 1449 in

326 1475 401 1500 tanta
415 1471 579 1500 excellentia
594 1471 661 1499 haec
676 1470 819 1504 habuisse,
834 1470 906 1498 sicut
920 1469 1018 1498 habuit
1033 1469 1175 1502 Salomon;

326 1518 387 1547 ideo
402 1518 460 1555 ipse
475 1526 541 1555 prae
556 1518 655 1547 ceteris
676 1517 728 1546 suit
744 1517 805 1546 talis
826 1517 889 1546 libri
905 1516 1112 1545 convenientior
1126 1524 1175 1544 au-

326 1568 393 1594 ctor.
416 1581 453 1586 —
476 1566 550 1594 Patet
571 1565 672 1602 igitur,
687 1573 759 1602 quae
780 1564 816 1593 sit
837 1564 922 1593 huius
936 1564 998 1592 libri
1015 1571 1098 1592 causa
1112 1571 1175 1591 mct-

326 1612 455 1646 terittlis,
477 1611 629 1650 formalis,
652 1611 775 1650 efficiens
796 1614 823 1640 et
843 1611 952 1647 fimdis.

404 1659 454 1687 Sed
475 1659 555 1687 iuxta
576 1659 627 1687 has
648 1661 768 1696 quatuor
790 1666 888 1687 causas
909 1661 1030 1695 quatuor
1052 1658 1173 1695 particu-

326 1706 367 1735 lae
388 1709 504 1743 possunt
526 1706 631 1743 quaeri.

438 1802 576 1838 Quaasrio
599 1802 615 1829 Ι.
639 1801 679 1829 De
698 1800 755 1838 sine
776 1800 846 1829 libri
869 1800 1059 1829 Ecclesiaste&

404 1896 494 1925 Primo
514 1896 547 1925 de
568 1895 632 1933 sine.
655 1896 762 1925 Dicitur
783 1896 869 1930 enim,
889 1896 963 1933 quod
978 1895 1041 1923 finis
1056 1894 1119 1923 libri
1134 1896 1176 1923 est

325 1947 502 1980 contemptus
516 1943 628 1972 numdi.
651 1943 730 1980 Quod
751 1945 844 1972 autem
859 1943 898 1971 sic
912 1943 947 1971 sit
961 1938 1176 1976 determinatus,

410 1993 431 2019 1.
443 1991 578 2027 probatur
590 1998 639 2027 per
651 1990 719 2019 illud
730 1990 804 2027 quod
818 1990 920 2019 dicitur
935 1989 1023 2018 Iacobi
1038 1988 1174 2026 quarto-³:

326 2038 465 2067 Amicitia
487 2037 577 2066 bilius
591 2037 697 2066 mundi
716 2037 839 2066 inimica
859 2040 901 2065 est
923 2037 996 2070 Deo;
1012 2036 1059 2065 sed
1080 2043 1174 2070 omne,

326 2084 399 2121 quod
420 2084 477 2113 Deo
498 2087 539 2113 est
560 2084 720 2117 inimicum,
741 2084 846 2112 bonum
868 2086 909 2112 est
931 2086 1117 2111 contemnere.

405 2133 431 2159 2.
455 2131 537 2165 Item,
559 2131 665 2168 primae
693 2130 800 2159 loannis
828 2129 988 2159 secundo&
1011 2129 1104 2158 Nolite
1131 2129 1176 2157 di-

327 2178 414 2215 liqere
434 2178 596 2211 mundum,
617 2186 706 2216 neque
727 2185 761 2206 ea
782 2185 857 2215 quae
874 2177 906 2205 iri
926 2176 1037 2205 mundo
1057 2179 1134 2204 sunt.

406 2226 458 2254 San
469 2233 576 2254 CONTRA
586 2235 591 2253 :
606 2226 616 2253 ·l
625 2248 630 2253 .
640 2225 711 2253 Laus
721 2225 813 2262 operis
824 2224 961 2253 redundat
972 2224 999 2253 10
1011 2224 1145 2253 artificem
1153 2224 1174 2259 ⁵,

328 2281 394 2310 ergo
415 2276 442 2301 et
463 2275 638 2308 contemptus
658 2272 750 2308 operis
771 2271 909 2300 redundat
923 2271 951 2300 10
966 2271 1094 2305 000(10111,
1109 2279 1175 2308 ergo

1240 247 1287 284 qui
1309 246 1460 275 contemnit
1480 245 1617 274 mundum
1638 245 1790 274 contemnit
1810 246 1914 274 Deum:
1936 248 1985 274 aut
2003 246 2090 283 igitur

1239 294 1290 322 iste
1312 292 1433 322 mundus
1454 301 1508 321 non
1530 295 1572 321 est
1591 292 1680 321 factus
1701 301 1717 321 a
1737 292 1809 327 Deo,
1824 295 1942 321 autnon
1963 295 2004 322 est
2025 300 2089 322 con*-

1239 340 1411 370 temnendus.

1318 389 1344 416 2.
1367 387 1446 421 Item,
1462 387 1675 416 Proverbiorum
1690 386 1797 416 decimo
1811 389 1892 416 sexto
1902 387 1926 415 ⁰:
1948 386 2090 416 Universa

1236 438 1358 472 propter
1384 434 1569 472 semetipsum
1598 437 1735 471 operatus
1762 438 1801 462 est
1830 433 1990 468 Dominus,
2022 441 2090 471 ergo

1239 481 1331 510 omnia
1351 481 1517 510 ordinantur
1538 481 1572 510 ad
1594 481 1698 515 Deum;
1714 481 1762 510 sed
1788 480 1861 518 quod
1887 480 2033 509 ordinatur
2060 480 2088 509 in

1238 528 1322 556 finem
1343 536 1398 556 non
1419 530 1461 556 est
1489 527 1738 561 contemnendum,
1767 527 1815 556 sed
1843 526 2034 564 accipiendum
2062 529 2089 556 et
2113 533 2116 537 ·

1237 574 1399 603 amandum:
1421 582 1488 611 ergo
1509 574 1630 603 mundus
1652 574 1715 609 iste,
1731 578 1758 603 et
1772 582 1804 603 ea
1825 582 1896 611 quae
1911 577 1976 603 sunt
1997 574 2025 602 in
2046 581 2088 608 ee,

1238 625 1303 650 sunt
1325 621 1449 649 amanda.

1318 668 1491 705 Respondeo:
1513 668 1677 703 dicendum,
1699 668 1789 706 quod,
1812 668 1883 697 sicut
1911 668 1971 697 vult
1995 669 2087 705 Augu-

1237 715 1327 744 stinus
1348 718 1374 744 et
1395 715 1472 752 Hugo
1484 715 1504 750 ⁷,
1526 715 1647 744 mundus
1668 715 1720 744 iste
1741 718 1782 744 est
1796 715 1876 752 quasi
1891 715 2004 752 quidam
2017 723 2086 743 anu—

1237 762 1281 790 lus
1300 762 1381 790 datus
1401 770 1418 790 a
1439 770 1540 799 sponso
1567 762 1619 799 ipsi
1647 762 1769 797 animae;
1798 770 1899 799 sponsa
1919 765 2012 791 autem
2033 761 2085 790 du-
2128 771 2132 776 ·

1236 809 1344 845 pliciter
1365 812 1454 846 potest
1468 809 1582 846 diligere
1596 809 1711 838 anulum
1726 817 1742 838 a
1756 817 1857 846 sponso
1875 809 1926 838 sihi
1941 809 2084 844 collatum,

1236 864 1330 885 amore
1351 856 1455 885 scilicet
1476 859 1554 884 casto
1576 859 1603 885 et
1624 856 1798 885 adulterino.
1814 857 1896 885 Amor
1917 859 2016 885 castus
2030 858 2084 890 est,

1236 911 1292 940 quo
1312 903 1400 940 diligit
1428 903 1542 932 anulum
1572 903 1599 931 in
1621 903 1783 932 memoriam
1806 903 1899 940 sponsi
1924 906 1951 932 et
1971 905 2085 940 propter

1236 958 1358 979 amorem
1374 950 1479 987 sponsi;
1495 950 1696 984 adulterinus,
1717 958 1773 987 quo
1787 950 1875 987 diligit
1891 950 2007 979 anulum
2021 950 2085 987 plus

1236 1004 1320 1033 quam
1342 1004 1490 1033 sponsuni;
1513 1000 1540 1025 et
1561 997 1613 1025 hoc
1634 1005 1688 1025 non
1710 1000 1800 1034 potest
1821 1005 1939 1034 sponsus
1960 1005 2015 1026 non
2036 997 2085 1026 ha—

1236 1043 1302 1072 bere
1324 1052 1374 1080 pro
1394 1044 1475 1072 malo.
1498 1044 1574 1073 Sicut
1595 1044 1667 1072 enini
1689 1044 1795 1081 duplex
1813 1047 1855 1073 est
1875 1052 1962 1079 amor,
1983 1044 2021 1073 ita
2034 1044 2085 1073 du-

1234 1090 1301 1127 plex
1321 1090 1415 1119 odium
1442 1091 1484 1119 vel
1506 1093 1694 1128 contemptus,
1721 1091 1787 1128 quia
1819 1103 1832 1116 «
1847 1091 1955 1128 quoties
1982 1091 2084 1120 dicitur

1234 1146 1323 1166 unum
1355 1138 1566 1175 oppositorum,
1595 1142 1622 1167 et
1652 1138 1793 1175 reliquum
1812 1138 1823 1155 ⁸
1849 1150 1876 1166 ».
1905 1138 2085 1175 Contemptus

1234 1184 1319 1218 anuli,
1341 1184 1419 1221 quasi
1442 1184 1476 1213 sit
1498 1193 1617 1222 parvum
1637 1189 1664 1213 et
1684 1185 1738 1214 vile
1759 1185 1878 1219 donum,
1900 1185 2037 1214 redundat
2057 1185 2084 1213 10

1234 1239 1382 1268 sponsum;
1405 1231 1452 1260 sed
1474 1234 1648 1268 contemptus
1669 1232 1760 1265 anuli,
1782 1232 1861 1269 quasi
1883 1231 1951 1260 nihil
1974 1234 2085 1269 repute-

1235 1281 1280 1307 tur
1302 1279 1506 1315 comparatione
1527 1279 1629 1308 amoris
1651 1279 1759 1316 sponsi,
1782 1279 1832 1308 iste
1854 1282 1895 1308 est
1919 1279 1953 1308 ad
1967 1279 2083 1316 gloriam

1234 1326 1341 1363 sponsi;
1364 1329 1391 1354 et
1405 1326 1438 1355 de
1461 1326 1512 1355 hoc
1534 1329 1694 1363 contemptu
1708 1326 1811 1355 dicitur
1831 1326 1935 1355 Cantici
1950 1325 2083 1355 ultimo⁹:

1234 1373 1267 1402 Si
1287 1373 1398 1401 dederit
1418 1372 1501 1402 bomo
1523 1382 1636 1402 omnem
1663 1373 1861 1402 substantiam
1881 1373 1986 1402 domus
2013 1381 2085 1402 suae

1231 1428 1287 1457 pro
1315 1420 1479 1454 dilectione,
1501 1420 1590 1459 quasi
1614 1419 1688 1448 nibil
1708 1420 1842 1457 despiciet
1866 1429 1939 1449 eam.
1966 1421 2005 1450 De
2032 1420 2085 1449 1100

1233 1470 1393 1504 contemptu
1414 1470 1456 1496 est
1476 1467 1521 1496 1110
1542 1475 1646 1501 serm0;
1668 1469 1696 1496 et
1717 1467 1755 1496 sic
1776 1470 1870 1504 patent
1890 1467 2004 1497 obiecta.

1379 1562 1518 1598 QUAESTIO
1539 1562 1566 1589 11.
1590 1562 1631 1590 De
1651 1561 1779 1590 iizateria
1800 1561 1936 1590 eiusdem.

1313 1656 1487 1685 Postmodum
1517 1657 1663 1693 quaeritur
1691 1656 1725 1685 de
1753 1656 1896 1691 materia,
1925 1659 1952 1685 et
1972 1656 2083 1690 dicitur,

1232 1703 1308 1741 quod
1329 1703 1373 1732 1110
1395 1703 1487 1740 agitur
1509 1703 1542 1732 de
1563 1704 1701 1732 vanitate.

1312 1751 1364 1779 Sicu
1388 1759 1513 1779 cournix:
1539 1752 1562 1779 l.
1584 1750 1680 1780 Omnis
1708 1751 1822 1780 scientia
1842 1753 1884 1780 est
1904 1750 1938 1780 de
1958 1751 2031 1780 11000
2059 1753 2086 1780 01

1233 1805 1299 1826 vero
1312 1798 1346 1832 ¹⁰3
1359 1797 1406 1827 sed
1417 1806 1528 1826 ruanum
1544 1798 1634 1835 privat
1645 1798 1794 1827 bonitatem
1807 1800 1835 1827 et
1845 1798 2005 1827 veritatem:
2020 1805 2086 1835 ergo

1232 1844 1265 1873 de
1287 1845 1347 1881 ipso
1367 1853 1421 1873 non
1441 1847 1482 1873 est
1503 1844 1625 1874 scientia.

1312 1893 1337 1920 Ξ.
1361 1892 1506 1921 Praeterea
1528 1891 1646 1926 videtur,
1668 1892 1742 1929 quod
1758 1892 1785 1920 10
1807 1892 1892 1921 rebus
1907 1900 1961 1921 non
1983 1892 2018 1921 sit
2039 1899 2085 1921 va-

1233 1940 1321 1974 nitas,
1336 1940 1402 1977 quia
1416 1939 1518 1968 dicitur
1533 1939 1645 1968 Genesis
1666 1940 1756 1977 primo
1768 1940 1804 1968 ¹¹:
1826 1939 1901 1968 Vidit
1924 1939 2001 1968 Deus
2015 1947 2086 1968 eun-

1232 1991 1295 2021 eta,
1322 1995 1397 2026 quae
1426 1986 1556 2025 fecerat,
1578 1990 1604 2016 ct
1634 1990 1719 2015 erant
1739 1986 1823 2015 valde
1854 1986 1946 2015 bona.-
1968 1994 2035 2023 ergo
2062 1986 2085 2015 si

1232 2035 1325 2063 omnia
1346 2037 1411 2063 sunt
1434 2034 1511 2063 valde
1532 2034 1617 2068 bona,
1639 2034 1707 2062 nihil
1730 2036 1771 2063 est
1792 2041 1904 2062 vanum.

1313 2082 1339 2111 3.
1361 2082 1519 2115 Praeterea,
1541 2089 1644 2110 vanum
1667 2084 1708 2110 est
1736 2084 1763 2110 et
1784 2080 1902 2115 frustra,
1926 2081 2001 2118 quod
2029 2089 2084 2110 non

1232 2131 1273 2157 est
1287 2128 1446 2157 ordinatum
1460 2127 1489 2156 in
1505 2127 1604 2161 finem,
1627 2127 1714 2162 sicut,
1730 2127 1752 2156 si
1766 2127 1867 2164 aliquis
1881 2135 1910 2156 se
1929 2127 2086 2162 balnearet,

1232 2178 1264 2204 ut
1285 2175 1325 2204 sol
1339 2174 1482 2208 deficeret,
1505 2174 1532 2202 in
1554 2182 1657 2202 vanum
1675 2177 1850 2211 operaretur,
1872 2173 1938 2211 quia
1958 2174 2011 2203 hoc
2032 2182 2086 2203 non

1233 2225 1274 2251 est
1293 2221 1446 2251 ordinabile
1468 2221 1495 2250 in
1516 2221 1597 2256 illud;
1620 2221 1666 2250 sed
1688 2229 1783 2250 omnes
1804 2224 1949 2250 creaturae
1970 2221 2087 2250 tendunt

1231 2269 1264 2298 ad
1287 2276 1427 2298 summum
1446 2268 1549 2297 bonum
1571 2276 1622 2297 suo
1643 2268 1736 2302 modo,
1751 2271 1784 2297 ut
1804 2268 1870 2297 dicit
1890 2268 2038 2305 Dionysius
2049 2268 2086 2303 ¹²,

2103 1752 2133 1771 Ad
2145 1752 2226 1776 opposi—

2137 1777 2184 1795 tum.

391 2426 398 2439 ¹
412 2428 480 2450 Num.
495 2428 532 2449 12.
542 2440 571 2443 -
581 2427 656 2454 Supra
669 2433 713 2449 vox
722 2426 860 2456 passionem
872 2426 987 2454 significat
999 2425 1178 2455 proprietatem.

391 2466 400 2479 ²
418 2467 486 2489 Eccli.
503 2467 544 2495 34,
564 2467 604 2489 1οι
622 2466 665 2495 Qui
683 2472 729 2489 non
745 2469 780 2489 est
796 2469 905 2494 expertus
927 2472 1001 2495 pauca
1025 2465 1177 2494 recognoscit.

391 2505 400 2518 ³
417 2507 482 2529 Vers.
502 2506 523 2528 4.
541 2506 655 2534 Vulgata:
674 2505 765 2528 inimica
782 2505 832 2527 Dei.

391 2545 400 2558 ⁴
417 2547 483 2569 Vers.
503 2546 540 2568 115.

391 2584 400 2597 ⁵
418 2585 484 2608 Eccli.
502 2586 528 2613 9,
546 2584 588 2607 24:
606 2586 628 2607 ln
646 2591 717 2607 manu
733 2584 847 2607 artificum
865 2591 936 2613 opera
952 2583 1117 2607 laudabuntur.

391 2623 401 2636 θ
418 2625 485 2646 Vers.
503 2624 525 2646 4.

392 2661 400 2674 ⁷
418 2663 451 2685 De
469 2664 541 2685 Arrha
559 2663 650 2685 animae
668 2661 718 2691 (ubi
735 2662 804 2685 etiam
822 2669 871 2692 seq.
888 2662 1004 2685 distinctio
1022 2662 1108 2684 amoris
1126 2662 1180 2684 insi-

330 2705 435 2730 nuatur),
454 2708 479 2724 ex
497 2708 544 2730 qno
561 2702 674 2730 opusculo
691 2702 756 2730 plura
773 2702 856 2724 iisdem
874 2701 952 2724 verbis
969 2701 1083 2724 habentur
1101 2701 1123 2723 in
1140 2700 1179 2723 lib.

330 2741 360 2763 de
376 2741 497 2768 Diligendo
515 2741 562 2763 Deo
585 2740 651 2769 (inter
668 2746 738 2768 opera
756 2740 896 2769 Augustini),
914 2746 932 2762 0.
952 2739 973 2762 4.
991 2740 1033 2762 Pro
1051 2739 1179 2768 Augustino

330 2780 440 2808 allegatur
463 2786 475 2801 a
498 2780 550 2802 Vat.
572 2780 674 2802 Enarrat.
692 2779 715 2801 in
733 2780 769 2802 Ps.
787 2779 824 2802 36.
840 2785 911 2802 serm.
929 2779 950 2801 1.
967 2785 990 2801 0.
1008 2779 1034 2806 2,
1052 2778 1092 2801 ubi
1110 2781 1180 2807 expo-

330 2819 400 2846 nitur,
416 2819 480 2848 quod
498 2819 519 2841 in
541 2819 629 2841 mundo
649 2828 660 2838 1«
672 2819 709 2841 alii
731 2818 790 2841 hene
811 2820 952 2847 operantur,
965 2818 1002 2840 alii
1025 2818 1084 2840 male
1096 2827 1118 2840 π.
1135 2817 1179 2841 Csr.

331 2859 405 2881 Serm.
422 2858 475 2880 385.
494 2858 558 2887 (alias
574 2858 612 2880 38.
629 2858 688 2880 inter
706 2857 735 2880 50
752 2857 845 2885 Homil.)
864 2863 884 2880 c.
902 2857 923 2880 5.
941 2863 965 2879 n.
977 2857 998 2879 6.
1011 2863 1072 2886 seq,
1084 2856 1123 2879 ubi
1137 2857 1179 2879 ait:

332 2897 353 2919 Si
370 2899 447 2920 autem
465 2897 553 2919 deseris
569 2903 623 2919 eum
641 2897 681 2926 qui
699 2899 720 2919 te
737 2896 801 2923 fecit,
812 2898 835 2918 et
845 2902 910 2918 arnas
927 2896 963 2918 illa
979 2901 1040 2924 quae
1058 2896 1122 2924 feeit,
1140 2896 1180 2918 de-

331 2939 392 2958 serto
408 2936 446 2958 1110
469 2936 508 2964 qui
526 2938 548 2958 te
571 2936 634 2964 lecit,
652 2935 742 2958 adulter
762 2942 813 2958 es...
835 2935 929 2962 Anima,
947 2935 1038 2958 deserto
1059 2934 1179 2962 Creatore,

331 2980 412 2997 amans
423 2976 552 2997 creaturam
564 2974 666 2997 adultera
680 2977 726 3002 est;
739 2975 797 2997 illius
809 2975 870 2997 enim
882 2980 962 2997 amore
974 2974 1028 2997 nihil
1040 2974 1125 2997 castius
1136 2977 1179 2997 etc.

1237 2425 1296 2447 Vide
1313 2424 1381 2447 etiam
1404 2424 1479 2446 Serm.
1496 2424 1548 2446 368.
1568 2423 1632 2452 (alias
1649 2423 1685 2445 37.
1708 2423 1767 2445 inter
1785 2423 1814 2446 50
1837 2423 1929 2451 Homil.)
1948 2429 1968 2446 c.
1986 2423 2008 2446 4.
2025 2429 2047 2446 n.
2065 2423 2086 2445 4.

1236 2467 1259 2487 et
1275 2464 1326 2487 XV.
1343 2464 1373 2486 de
1390 2463 1440 2487 civ.
1457 2463 1510 2490 Dei,
1528 2468 1548 2485 0.
1566 2463 1603 2485 22.

1299 2502 1309 2515 ⁸
1325 2503 1430 2531 Aristot,
1447 2503 1475 2525 V.
1494 2502 1563 2524 Ethic.
1581 2508 1601 2524 0.
1623 2502 1644 2524 l:
1663 2502 1771 2531 Sequitur
1793 2504 1870 2524 autem
1892 2502 2043 2531 plerumque,
2061 2504 2087 2524 ut

1236 2544 1255 2566 si
1273 2549 1346 2566 unum
1363 2540 1550 2572 [oppositorum]
1568 2541 1645 2563 multis
1662 2540 1739 2563 modis
1756 2540 1853 2569 dicitur,
1870 2541 1969 2564 alterum
1992 2546 2087 2570 quoque

1237 2583 1338 2610 dicatur,
1355 2585 1380 2605 ut
1397 2581 1415 2605 si
1432 2581 1481 2610 ius,
1498 2581 1567 2604 etiam
1584 2580 1675 2603 iniuria.
1692 2580 1737 2603 Cir.
1754 2580 1769 2602 1.
1788 2580 1869 2608 Topic.
1886 2587 1906 2603 c.
1925 2580 1961 2603 43.
1978 2592 2010 2597 —
2021 2580 2087 2603 Voci-

1237 2622 1282 2645 bus
1298 2624 1320 2646 et
1336 2621 1457 2651 reliquum
1475 2622 1491 2643 Α
1510 2620 1617 2649 praefigit
1634 2619 1708 2643 toties.

1299 2660 1309 2673 ⁹
1326 2661 1393 2684 Vers.
1410 2661 1432 2683 7.

1300 2699 1320 2712 ¹⁰
1337 2699 1383 2723 Cir.
1400 2699 1505 2726 Aristot,
1523 2700 1537 2721 l.
1555 2700 1640 2721 Foster.
1658 2705 1677 2721 c.
1695 2700 1717 2721 2.
1728 2711 1759 2716 —
1771 2698 1876 2721 Subinde
1892 2704 1935 2727 pro
1952 2698 2054 2722 bonitate
2065 2700 2086 2722 el

1237 2739 1335 2762 veritate
1351 2745 1404 2762 cum
1422 2739 1439 2760 B
1449 2738 1465 2761 C
1475 2739 1494 2761 D
1504 2738 1518 2760 F
1536 2737 1697 2760 substituimus
1714 2737 1841 2761 bonitatem
1858 2739 1881 2761 et
1896 2737 2027 2761 veritatem.

1300 2776 1319 2790 ¹¹
1338 2778 1403 2800 Vei-s.
1416 2777 1453 2800 31.
1465 2777 1528 2800 Hanc
1545 2775 1699 2799 obiectionem
1711 2776 1812 2799 insinuat
1822 2776 1890 2799 etiam
1904 2776 2008 2806 Hieron„
2020 2776 2087 2799 Com-

1238 2821 1308 2840 ment.
1327 2818 1351 2839 in
1368 2817 1439 2840 Eecle.
1458 2817 1484 2844 l,
1502 2818 1524 2839 2.

1301 2855 1319 2871 ¹⁹
1336 2856 1399 2879 Libr.
1415 2857 1445 2879 de
1461 2856 1514 2878 Div.
1530 2856 1596 2878 Noni.
1613 2862 1633 2878 c.
1652 2855 1672 2877 4.
1689 2855 1703 2884 S
1721 2855 1742 2877 4.
1760 2855 1798 2878 lo.
1809 2858 1831 2878 et
1843 2856 1885 2883 3l;
1903 2855 1993 2882 noem,
2011 2856 2044 2878 111.
2055 2855 2087 2878 (10

1237 2895 1328 2919 Consol.
1343 2902 1412 2924 prosa
1430 2897 1452 2918 2.
1469 2898 1491 2918 et
1507 2901 1576 2923 prosa
1595 2895 1618 2917 ll
1630 2903 1636 2922 ;
1654 2895 1758 2922 Aristot.¹
1776 2895 1791 2917 l.
1808 2894 1879 2917 Ethic.
1891 2900 1910 2917 c.
1924 2894 1933 2916 l
1945 2911 1951 2921 ‚
1963 2894 2003 2923 qui
2015 2894 2084 2917 etiam

1237 2935 1353 2958 maiorem
1369 2941 1423 2957 cum
1440 2935 1507 2957 allato
1523 2934 1629 2962 exemplo
1646 2934 1756 2962 proponit
1772 2934 1796 2957 ll.
1807 2934 1876 2962 Phys.
1888 2936 1940 2956 text.
1952 2933 1989 2956 62.
2004 2934 2031 2963 (c.
2044 2932 2086 2962 6.),

1237 2974 1284 2997 scil.
1301 2974 1446 2997 balneantem
1465 2980 1492 2996 eo
1510 2974 1566 3001 nne,
1584 2976 1609 2996 ut
1626 2974 1658 2996 sol
1677 2973 1822 2996 obscuretur.

2275 1705 2278 1722 l

2276 1726 2278 1739 ι
