2296 3316
281 688 347 713 1111311..
353 691 384 704 au-

300 712 364 729 cteris.

269 921 345 943 Quaest.
358 918 386 937 in-

292 943 364 961 cidens.

328 1013 385 1036 Resp,

259 1386 331 1404 Divisio
344 1386 363 1404 in
375 1385 386 1403 ⁴2

278 1410 368 1428 membra.

261 1527 286 1545 Ex
290 1526 357 1550 positio
365 1526 393 1544 lit*

291 1550 362 1568 tei-alls.

280 1574 306 1592 De
320 1574 387 1597 primo.

261 1854 303 1872 Alia
316 1853 389 1880 exposi-

309 1880 341 1895 tm.

402 184 459 214 1476

403 265 459 295 est,
481 261 554 289 addi
574 258 859 291 determinationem,
881 257 923 285 vel
946 257 980 285 de
1000 257 1164 285 necessitate
1185 256 1251 285 dicit

403 307 637 344 conformitatem
664 306 696 333 in
724 309 855 337 viatura,
883 312 938 332 non
968 305 1076 331 tantum
1098 303 1129 331 171
1149 303 1251 331 volan-

403 358 479 386 cate;
500 353 574 382 unde
595 352 629 381 de
649 352 760 380 duobus
781 350 943 379 hominibus
965 350 1008 378 vel
1023 349 1170 386 pluribus,
1186 358 1250 378 cum

402 408 461 428 sese
481 399 615 435 diligunt,
637 402 707 426 sunt
728 406 822 425 unum
847 399 923 425 recte
943 396 1062 429 dicitur,
1084 396 1132 424 sed
1152 395 1187 424 de
1201 396 1251 424 ho—

402 447 474 475 mine
499 449 526 474 et
554 446 610 474 Deo
637 452 825 482 nequaquam.
847 443 924 472 Unde
948 450 1060 472 necesse
1088 445 1145 477 est,
1166 442 1188 472 si
1209 443 1251 471 Fi-

403 493 455 521 lius
476 500 541 521 vere
561 492 628 521 dicit
649 491 742 520 Patri:
765 492 825 528 Eyo
839 494 864 519 et
879 494 910 519 tu
925 498 1020 518 unum
1038 498 1161 524 sumas,
1176 490 1251 527 quod

403 539 520 567 habeant
548 538 662 567 eandem
689 540 838 571 naturam;
860 537 882 566 si
907 540 1000 566 autem
1030 536 1123 565 divina
1150 540 1251 565 natura

402 593 455 613 non
475 588 516 613 est
537 584 697 618 divisibiliS‚
720 588 787 613 tunc
808 584 980 621 simpliciter
1002 587 1068 612 sunt
1090 591 1186 612 unum.

480 631 558 668 Quod
579 639 647 668 ergo
667 631 794 668 quaerit,
818 630 982 664 dicendum,
1004 631 1079 668 quod
1100 630 1252 660 similitudo

403 681 445 707 est
465 678 543 706 valde
570 678 735 715 longinqua,
764 678 837 707 sicut
864 677 940 706 ih11:
972 678 1065 706 Estote
1085 678 1252 706 misericor-

403 726 468 759 des,
489 725 565 753 sicat
586 728 611 753 et
633 725 724 753 Pater
738 728 830 753 ves-lei·
851 725 1020 753 misericors
1040 728 1088 753 est.
1111 724 1187 753 Sicut
1201 724 1252 752 mi—

402 771 553 800 sericordia
572 771 666 800 divina
688 771 799 800 excedit
820 771 847 799 in
870 770 1010 799 infinitum
1031 770 1251 799 misericordiam

402 826 507 852 meam,
529 818 567 846 ita
588 818 681 846 unitas
702 818 846 846 unitatem.

481 865 531 894 Sed
555 873 644 902 quare
669 864 784 893 ccclesia
805 865 943 893 malorum
972 872 1027 892 non
1056 863 1120 892 facit
1147 872 1252 898 unum,

403 912 475 941 sicut
496 912 615 941 Ecclesia
635 912 762 940 Christi?

482 959 631 996 Responsio
652 962 708 987 est:
730 958 811 995 quia,
834 958 855 987 si
877 958 941 986 mali
963 957 1128 986 conveniant
1156 957 1183 985 in
1205 958 1254 986 ali-

403 1014 458 1043 qua
480 1006 585 1034 malitia
605 1005 747 1038 exterius,
775 1004 908 1033 differunt
936 1008 1027 1033 tamen
1056 1004 1084 1032 in
1112 1004 1254 1033 voluntate

404 1053 536 1086 interlus‚
558 1052 690 1081 differunt
717 1051 745 1080 in
770 1051 840 1085 fine,
869 1052 935 1088 quia
963 1051 1080 1088 quilibet
1106 1051 1253 1088 proprium

403 1099 513 1137 quaerit
524 1098 731 1132 commodum²;
747 1098 794 1127 sed
809 1098 873 1127 boni
889 1098 1058 1127 conveniunt
1073 1098 1100 1126 in
1116 1098 1253 1134 utrisque.

421 1199 446 1223 In
462 1199 529 1230 perte
546 1199 630 1230 quarta.
647 1199 755 1223 Christus
772 1198 855 1222 eisdem
871 1198 932 1229 petit
947 1198 1127 1229 perpetuitatem
1143 1197 1238 1228 gloriae.

481 1286 528 1315 43.
551 1287 660 1320 Pater,
682 1295 754 1324 quos
775 1286 880 1314 dedisti
900 1284 982 1314 milti.
1005 1286 1110 1322 Quarta
1130 1293 1196 1322 pars
1210 1293 1254 1313 ca-

406 1333 483 1370 pituli
496 1333 506 1350 3
527 1336 584 1367 est,
606 1333 633 1361 in
656 1342 712 1370 qua
733 1333 787 1362 illis
807 1333 912 1370 quibus
932 1333 1012 1370 petiit
1033 1332 1254 1361 conformitatem

404 1380 524 1417 gratiae,
536 1380 607 1417 petit
617 1380 840 1417 perpetuitatem
853 1380 966 1417 yloriae
977 1380 1029 1408 hoc
1040 1380 1146 1408 ordine.
1164 1379 1255 1407 Primo

405 1427 517 1464 ponitur
526 1427 642 1464 peliti0,·
654 1427 785 1461 secundo,
794 1427 943 1464 peticionis
953 1427 1156 1455 exaudiendae
1166 1426 1253 1455 ratio.

483 1474 573 1510 (Vers.
596 1474 664 1509 ἐξω).
682 1474 785 1502 Petilio
800 1477 841 1502 est
855 1474 889 1502 de
904 1474 1011 1511 gloria;
1033 1476 1060 1502 et
1081 1473 1146 1510 quia
1167 1473 1255 1509 gloria

405 1524 446 1550 est
467 1529 517 1557 per
538 1521 672 1549 visionem
694 1521 866 1555 Divinitatis‚
888 1529 972 1557 quam
995 1520 1151 1549 videbimus
1165 1520 1193 1548 in
1208 1528 1255 1556 pa-

407 1568 478 1602 tria3
500 1567 561 1596 ideo
575 1567 659 1596 dicit:
678 1568 783 1601 Pater,
799 1576 871 1605 qaos
886 1567 992 1595 dedisti
1005 1566 1094 1600 mz‘lzz‘,
1111 1574 1160 1603 per
1175 1574 1255 1603 prae-

405 1613 616 1642 destinationem
639 1614 758 1647 scilicet‚
780 1613 859 1647 volo,
876 1617 922 1647 ul,
938 1613 990 1641 abi
1003 1622 1069 1641 sum
1091 1621 1158 1650 eqo,
1174 1616 1199 1641 et
1213 1612 1257 1641 illi

404 1661 503 1694 317114,
533 1668 582 1697 per
603 1661 751 1697 gloriosam
773 1660 1023 1694 cohabitationem;
1046 1668 1132 1696 supra
1152 1659 1256 1688 duode-

406 1708 495 1736 cimo:
522 1719 536 1732 «
551 1708 577 1736 Si
599 1707 662 1744 quis
683 1708 749 1736 mihi
767 1707 921 1741 ministrat,
937 1714 981 1735 me
996 1710 1131 1743 sequatur
1144 1717 1150 1739 ;
1165 1709 1193 1735 et
1207 1706 1255 1734 ubi

405 1762 455 1791 ego
477 1762 554 1788 sum,
577 1754 613 1782 ibi
636 1754 671 1782 sit
692 1757 719 1782 et
741 1754 866 1782 minister
887 1761 967 1782 meus
981 1765 1008 1781 ».
1036 1753 1090 1781 Ubi
1115 1761 1199 1786 sum,
1228 1752 1256 1780 id

405 1804 461 1835 est,
483 1801 576 1830 statim
597 1801 712 1829 futurus
733 1809 795 1829 sum
817 1800 971 1829 secundum
993 1800 1202 1828 humanitatem.
1218 1816 1256 1820 —

406 1848 454 1876 Vel
475 1847 527 1876 ubi
545 1856 613 1876 sam
633 1848 787 1876 secundum
802 1848 993 1881 Divinitatem,
1008 1847 1034 1875 id
1050 1850 1107 1881 est,
1123 1847 1177 1875 sint
1199 1855 1255 1875 me-

407 1901 487 1928 eum,
516 1894 563 1931 qui
592 1894 697 1930 ubique
726 1902 796 1922 sum.
826 1893 1034 1930 Augustinus⁵:
1069 1905 1081 1918 «
1098 1893 1160 1921 Esse
1189 1901 1255 1921 cum

407 1941 453 1969 illo
480 1949 612 1977 magnum
638 1941 741 1969 bonum
762 1944 822 1974 est;
844 1949 908 1968 nam
930 1940 1023 1969 miseri
1045 1948 1104 1969 esse
1126 1942 1255 1976 possunt,

409 1988 459 2016 ubi
482 1990 523 2016 est
550 1988 596 2016 ille
621 1987 669 2024 qui
697 1987 803 2024 ubique
832 1990 881 2015 est.
911 1987 985 2015 Beati
1008 1995 1073 2015 vero
1101 1989 1167 2015 sunt
1188 1994 1255 2014 cum

470 2181 478 2193 ¹
497 2182 552 2204 Luc.
569 2182 596 2209 6,
615 2182 651 2204 36.
670 2194 699 2197 ——
716 2182 812 2204 inferius
829 2188 872 2209 pro
889 2181 1054 2204 misericordia
1074 2180 1166 2209 diurna,
1193 2181 1255 2210 quod

408 2221 494 2243 nabent
511 2222 527 2243 B
545 2224 567 2243 et
583 2221 620 2243 ed.
637 2227 690 2243 cum
708 2221 812 2243 Gorrano
825 2220 858 2250 [hi
870 2221 917 2242 duo
934 2220 1022 2243 addunt
1033 2220 1094 2243 enim
1107 2223 1159 2248 post
1175 2219 1253 2249 sicut]‚

409 2261 446 2282 alii
463 2260 532 2282 codd.
549 2259 714 2283 misericordia
725 2261 775 2287 tua,
788 2262 811 2282 et
822 2259 920 2282 subinde
937 2260 1006 2282 codd.
1023 2260 1176 2282 communiter
1193 2259 1258 2281 omit-

409 2303 458 2322 tunt
474 2299 665 2322 misericordiam
682 2305 767 2322 meam.

471 2337 480 2350 ²³
498 2339 554 2361 Phil.
571 2340 598 2365 2,
616 2340 658 2361 2¹:
676 2338 762 2361 Omnes
779 2338 841 2361 enim
859 2344 919 2367 quae
936 2344 978 2360 sua
995 2340 1049 2360 sunt
1069 2341 1195 2366 quaerunt,
1212 2344 1257 2359 non

410 2383 471 2406 quae
488 2380 540 2400 sunt
556 2378 605 2400 lesu
623 2377 714 2400 Christi.
731 2376 777 2400 Csr.
793 2378 809 2399 1.
827 2378 890 2399 Sent.
902 2377 924 2399 d.
937 2377 974 2399 31.
987 2383 1009 2405 p.
1022 2377 1046 2399 ll.
1058 2382 1079 2398 a.
1092 2377 1112 2398 2.
1125 2382 1148 2404 q.
1160 2377 1181 2398 2.
1194 2376 1223 2398 ad
1236 2377 1257 2398 2.

471 2415 481 2428 ³
498 2416 542 2439 Csr.
560 2423 630 2444 supra
648 2423 671 2439 n.
689 2417 710 2439 l.

472 2455 482 2467 ⁴
499 2456 610 2484 Vulgata,
628 2462 698 2484 quam
716 2457 821 2485 sequitur
837 2456 887 2483 ed,
905 2456 969 2478 addit
985 2461 1085 2478 mecum.
1102 2467 1133 2472 —
1151 2455 1258 2484 Sequitur

410 2496 473 2518 loan.
489 2496 531 2522 ⁴2,
549 2496 586 2517 26.
604 2494 651 2518 Csr.
668 2496 778 2523 August.,
797 2495 818 2517 in
836 2495 896 2517 loan.
914 2495 1000 2522 Evang.
1019 2498 1046 2517 tr.
1064 2495 1184 2516 1111.11.1.
1197 2500 1258 2522 seq.,

411 2533 450 2556 ubi
467 2534 539 2556 verba
557 2540 615 2563 quos
632 2534 717 2557 dedisti
732 2533 792 2557 mihi
807 2534 836 2556 ita
854 2534 964 2562 explicat:
979 2542 990 2553 ιι
1004 2534 1066 2562 Quos
1078 2533 1163 2556 traxisti
1175 2533 1204 2555 ad
1221 2539 1259 2555 me

411 2572 462 2602 [cfr.
479 2579 548 2600 supra
568 2574 593 2601 6,
612 2573 667 2602 44.],
684 2579 791 2602 quosque
811 2580 855 2601 ego
878 2573 937 2601 elegi
955 2579 978 2595 et
995 2572 1080 2602 quibus
1102 2572 1163 2595 daho
1187 2573 1258 2594 vitam

411 2614 526 2633 aeternam
539 2619 561 2639 ⁷›;
574 2611 652 2634 verbis
663 2615 740 2634 autern
752 2611 793 2635 rubi
803 2618 845 2642 eqo
862 2618 917 2635 sum
935 2611 1066 2639 subiungit:
1085 2612 1135 2640 Quo
1152 2611 1260 2638 intellige-

411 2655 501 2676 remus,
518 2650 581 2678 quod
599 2650 644 2672 cito
662 2651 734 2673 suerat
751 2657 888 2673 ascensurus
905 2651 927 2673 in
944 2651 1047 2679 caelum,
1065 2653 1089 2672 ut
1106 2650 1150 2672 iam
1165 2649 1197 2672 ibi
1210 2655 1260 2672 esse

411 2694 435 2710 se
453 2688 550 2717 diceret,
569 2689 609 2711 ubi
626 2690 699 2711 suerat
716 2696 768 2712 mox
785 2691 883 2712 suturuS.

477 2726 486 2738 ⁵
503 2728 526 2749 ln
543 2728 604 2749 loan.
621 2728 709 2756 Evang.
727 2731 752 2750 tr.
773 2729 824 2750 111.
841 2735 865 2751 11.
881 2729 908 2751 2:
928 2737 939 2748 α
952 2728 974 2750 Si
992 2728 1121 2751 secundum
1138 2734 1188 2750 eam
1207 2727 1261 2757 [sor-

412 2772 473 2788 mam
492 2766 545 2795 Dei]
563 2767 662 2789 velimus
684 2767 810 2795 intelligere
827 2768 891 2796 quod
908 2768 996 2790 (lictum
1014 2770 1062 2790 est:
1084 2766 1147 2794 Volo,
1167 2768 1200 2794 ul,
1222 2766 1262 2789 ubi

412 2811 454 2834 eqo
471 2811 539 2833 sum,
557 2807 577 2828 el
595 2805 630 2828 illi
646 2805 695 2828 sint
709 2812 814 2834 mecam,
836 2807 945 2829 abscedat
963 2807 992 2829 ab
1009 2807 1086 2829 animo
1109 2806 1184 2829 omnis
1206 2806 1261 2827 ima—

413 2844 494 2871 ginum
519 2845 674 2872 corporalium
693 2846 824 2873 cogitatio...
843 2846 889 2868 Sed
906 2846 945 2874 qui
964 2846 1013 2868 vult
1030 2851 1143 2874 quaerere
1166 2847 1262 2873 quaerat

413 2883 502 2911 potius,
519 2885 547 2906 ut
562 2889 616 2906 cam
633 2883 674 2906 illo
691 2883 734 2912 sit,
747 2891 792 2906 non
806 2884 900 2913 ubique,
918 2885 977 2907 sicut
994 2885 1041 2912 ille⁷
1059 2884 1101 2906 sed
1118 2883 1261 2912 ubicumque

413 2927 463 2943 esse
479 2922 603 2950 potuerit...
620 2923 674 2944 Esse
691 2923 752 2945 enim
770 2929 824 2946 cum
849 2923 886 2945 illo
909 2929 1020 2951 magnum
1038 2922 1126 2945 bonum
1144 2926 1185 2945 est.
1205 2923 1260 2944 Nam

413 2963 435 2982 et
452 2961 529 2983 miseri
547 2967 597 2983 esse
614 2964 721 2989 possunt,
743 2961 784 2984 ubi
800 2965 834 2984 est
850 2962 898 2990 ille;
916 2962 1025 2990 quoniam
1048 2962 1191 2990 quicumque
1215 2961 1262 2984 ubi-

1003 172 1174 202 COMMENT.
1196 172 1229 201 IN
1249 171 1396 202 IOANNEM
1416 173 1445 202 C.
1468 174 1544 203 xvn.

1307 256 1370 290 illo,
1392 256 1458 293 quia
1479 264 1588 292 semper
1609 256 1726 285 fruendo
1747 256 1785 285 illi
1807 257 1959 286 adhaerent
1974 270 2000 286 ».
2030 257 2061 286 Et
2081 257 2155 295 quod

1307 303 1345 331 ita
1365 303 1588 339 intelligendum,
1610 306 1684 340 patet
1706 311 1755 340 per
1770 304 1822 332 hoc
1848 304 1922 341 quod
1951 305 2093 341 sequitur:
2122 305 2157 334 Ut

1307 350 1427 378 videant
1446 349 1611 378 claritatem
1626 358 1736 384 meam,
1755 359 1843 389 quam
1860 351 1965 380 dedisti
1985 350 2066 380 milti.
2086 352 2156 380 Haec

1307 400 1349 426 est
1369 397 1534 425 excellentia
1554 397 1725 432 Divinitatis;
1748 398 1809 426 ideo
1829 398 1912 426 dicit:
1937 398 2014 433 Quia
2029 398 2158 427 dilexisti

1307 452 1351 472 me
1382 447 1449 472 ame
1478 444 1584 472 mundi
1613 444 1863 477 constitutionem;
1894 452 1980 481 supra
2013 445 2155 481 quinto⁶:

1312 502 1325 516 «ι
1341 491 1420 519 Pater
1432 490 1521 527 diligit
1542 490 1639 519 Filium
1653 493 1681 519 et
1701 491 1793 519 omnia
1806 491 1977 520 demonstrat
1990 491 2029 519 illi
2041 503 2068 519 n.
2084 491 2157 520 Hanc

1307 537 1461 566 claritatem
1482 537 1615 566 videbunt
1636 537 1685 565 soli
1707 537 1787 571 boni;
1811 537 1893 566 Isaiae
1908 537 2039 574 vigesimo
2060 540 2156 566 sexto:

1312 585 1465 613 «Tollatur
1492 584 1611 621 impius,
1639 592 1674 613 ne
1702 584 1793 613 videat
1821 584 1974 613 claritatem
2003 584 2051 613 Dei
2070 596 2098 612 n.
2120 583 2157 614 Ad

1308 632 1379 660 hanc
1401 631 1554 660 claritatem
1574 631 1657 660 modo
1677 631 1884 660 conformamur
1899 639 1948 668 per
1969 631 2100 668 gratiam
2115 638 2158 660 se-

1308 678 1414 707 cundae
1434 678 1470 706 ad
1484 678 1642 707 Corinthios
1657 678 1754 707 tertio:
1781 689 1794 703 «
1809 678 1862 706 Nos
1876 677 1998 707 revelata
2018 677 2087 707 facie
2101 677 2158 714 glo-

1309 725 1378 752 riam
1400 724 1448 752 Dei
1470 724 1659 761 speculantes,
1681 724 1708 752 in
1726 724 1841 753 eandem
1862 724 2008 761 imaginem
2025 724 2158 753 transfor-

1308 779 1418 799 mamur
1439 779 1455 799 a
1476 771 1600 800 claritate
1621 771 1649 799 in
1671 771 1840 805 claritatem,
1862 774 1994 808 tanquam
2016 779 2032 800 a
2050 771 2158 800 Domini

1307 817 1410 854 spiritu
1425 828 1451 844 ».

1387 864 1434 892 44.
1456 864 1546 900 (Vers.
1573 864 1641 900 25).
1658 864 1751 892 Pater
1764 864 1853 897 iuste,
1871 865 2002 893 mundus
2023 867 2073 893 etc.
2089 865 2159 893 Tan-

1309 910 1385 947 gitur
1413 910 1458 938 hic
1491 910 1663 944 secundum,
1696 910 1799 939 scilicet
1831 909 2030 940 exauditionis
2063 911 2158 946 ratio,

1309 965 1397 994 quare
1428 957 1531 985 scilicet
1561 957 1664 986 debent
1695 957 1722 986 hi
1746 957 1839 986 videre
1860 964 1909 993 per
1940 957 2072 994 gloriam,
2095 958 2160 994 quia

1310 1003 1390 1032 modo
1412 1007 1582 1040 cognoscunt
1602 1011 1652 1040 per
1672 1004 1806 1041 gratiam
1829 1003 1892 1032 mali
1915 1011 1982 1032 vero
2001 1004 2084 1033 modo
2104 1012 2159 1033 non

1309 1052 1480 1086 cognoscunt
1510 1057 1559 1078 nec
1580 1052 1647 1079 tunc
1675 1052 1855 1087 cognoscent3
1878 1049 1938 1078 ideo
1965 1050 2046 1079 dicit:
2068 1050 2160 1079 Pater

1310 1097 1401 1130 iuste,
1435 1097 1501 1133 quia
1535 1108 1548 1121 «
1574 1096 1672 1126 reddes
1703 1097 1855 1133 unicuique
1890 1096 2043 1125 secundum
2076 1104 2160 1133 opera

1310 1152 1362 1173 sua
1373 1143 1383 1160 ⁷
1395 1155 1422 1171 n.
1439 1143 1567 1172 Mundus
1581 1147 1606 1172 le
1620 1152 1678 1172 non
1693 1144 1839 1181 coynovit5
1854 1151 1940 1180 supra
1951 1144 2054 1180 primo:
2070 1155 2083 1168 «
2096 1143 2160 1172 Erat

1312 1191 1362 1220 lux
1384 1199 1463 1225 vera,
1485 1198 1557 1228 quae
1578 1190 1715 1219 illuminat
1733 1203 1746 1216 υ
1772 1195 1841 1225 etc.;
1863 1191 1924 1220 ideo
1945 1199 1999 1219 non
2021 1198 2088 1227 rogo
2109 1198 2160 1227 pro

1310 1238 1423 1267 mundo.
1461 1239 1520 1275 Eyo
1552 1241 1650 1266 aulem
1681 1238 1803 1275 cognovi
1833 1242 1874 1272 le,
1904 1242 1931 1266 el
1962 1237 1993 1267 111·
2023 1246 2159 1275 cognoue-

1310 1289 1399 1318 rum,
1421 1285 1493 1322 quia
1514 1288 1546 1313 tu
1574 1293 1618 1313 rme
1639 1284 1763 1318 misisti,
1792 1287 1820 1313 et
1847 1284 1899 1313 hoc
1927 1292 1971 1313 me
1998 1285 2159 1318 revelante;

1311 1332 1372 1361 ideo
1392 1331 1472 1360 dicit:

1390 1379 1436 1408 45.
1455 1379 1545 1415 (Vers.
1561 1379 1629 1415 26).
1646 1380 1681 1407 El
1694 1382 1795 1407 nolam
1809 1377 1868 1415 feci
1880 1378 1921 1406 eis
1942 1386 2046 1407 7107111371
2061 1381 2160 1412 tutum

1311 1426 1473 1455 Psalmus⁸:
1499 1437 1513 1451 «
1529 1426 1652 1454 Narrabo
1673 1434 1773 1454 nomen
1795 1428 1874 1454 tuum
1894 1425 2029 1454 fratribus
2049 1425 2160 1460 meis»;

1312 1472 1439 1501 Matthaei
1461 1472 1622 1500 undecimo:
1648 1483 1662 1497 «
1677 1472 1761 1500 Nemo
1783 1471 1859 1500 novit
1878 1471 1976 1500 Filium
1998 1471 2050 1500 nisi
2071 1471 2161 1505 Pater,

1311 1526 1402 1555 neque
1423 1519 1531 1547 Patrem
1552 1518 1616 1555 quis
1637 1518 1713 1547 novit
1733 1518 1784 1546 nisi
1806 1518 1902 1552 Filius,
1924 1521 1951 1546 et
1976 1518 2019 1547 cui
2043 1518 2162 1547 voluerit

1312 1566 1395 1594 Filius
1416 1565 1541 1594 revelare
1563 1577 1589 1593 n.
1611 1566 1664 1594 Nec
1693 1568 1800 1593 tantum
1829 1564 1894 1594 fecit
1914 1567 2012 1593 notum
2033 1573 2087 1602 per
2115 1573 2160 1599 se,

1312 1612 1359 1641 sed
1380 1612 1501 1649 amplius
1528 1612 1609 1641 faciet
1629 1615 1727 1641 notum
1752 1621 1807 1648 per
1836 1612 1982 1649 Spiritum
2007 1616 2161 1645 sanctum,-

1312 1659 1373 1688 ideo
1394 1659 1474 1687 dicit:
1498 1660 1533 1687 Et
1554 1663 1654 1688 notam
1676 1658 1805 1696 faciam,
1826 1662 1853 1688 et
1875 1659 1927 1688 hoc
1949 1667 1999 1696 per
2027 1659 2160 1695 Spiritum

1313 1709 1453 1739 sanctum,
1474 1706 1522 1742 qui
1539 1708 1580 1734 est
1601 1713 1679 1734 amor
1701 1706 1789 1734 Patris
1810 1708 1838 1734 et
1858 1705 1929 1739 Filii;
1951 1705 2012 1734 ideo
2026 1705 2107 1734 dicit:
2128 1705 2164 1734 Ut

1311 1752 1438 1786 dilectio,
1461 1761 1520 1791 qua
1535 1752 1663 1781 dilexisti
1683 1761 1743 1787 me,
1765 1753 1803 1781 sit
1817 1753 1848 1781 in
1868 1753 1956 1789 ipsis,
1973 1760 2022 1789 per
2043 1752 2163 1789 Spiritus

1313 1799 1398 1827 sancti
1420 1798 1611 1832 donationem}
1637 1798 1669 1827 ad
1698 1799 1833 1827 Romanos
1860 1798 1996 1836 quinto⁹:
2023 1810 2037 1824 «
2057 1798 2163 1826 Caritas

1314 1845 1360 1874 Dei
1382 1845 1481 1874 diffusa
1502 1848 1543 1874 est
1564 1845 1592 1873 in
1613 1845 1744 1874 cordibus
1765 1845 1867 1874 nostris
1882 1853 1931 1882 per
1953 1845 2085 1882 Spiritum
2101 1853 2163 1873 san-

1313 1895 1404 1926 ctum,
1427 1893 1473 1929 qui
1496 1893 1577 1921 datus
1598 1895 1639 1921 est
1660 1892 1739 1921 nobis
1757 1905 1783 1921 ».
1801 1893 1836 1921 Et
1849 1901 1898 1930 eqo
1921 1893 1951 1921 in
1973 1892 2062 1929 ipsis,
2084 1892 2162 1930 quia,

1314 1939 1419 1976 primae
1441 1940 1547 1968 loannis
1568 1943 1669 1976 quarto
1682 1940 1719 1974 1⁰,
1748 1951 1761 1964 «
1776 1940 1824 1976 qui
1845 1943 1938 1968 manet
1958 1940 1985 1968 in
2001 1940 2114 1968 caritate
2135 1939 2162 1967 in

1314 1986 1370 2014 Deo
1390 1989 1495 2020 manet,
1517 1988 1544 2015 et
1565 1987 1639 2015 Deus
1655 1987 1681 2014 in
1704 1995 1736 2015 eo
1751 1998 1782 2021 »3
1799 1989 1825 2015 et
1847 1987 1907 2016 ideo
1922 1987 2023 2015 dicitur
2045 1987 2162 2015 ibidem:

1314 2186 1416 2209 cumque
1434 2181 1524 2208 tuerint,
1542 2183 1576 2202 est
1592 2183 1614 2202 et
1631 2180 1679 2208 ille;
1697 2180 1738 2203 scd
1751 2180 1811 2202 beati
1823 2183 1876 2203 sunt
1893 2186 1947 2203 cum
1964 2180 2014 2207 illO,
2032 2180 2085 2208 quia
2104 2179 2164 2202 beati

1313 2226 1364 2242 esse
1381 2226 1427 2242 non
1444 2222 1552 2247 poterunt
1569 2219 1611 2242 nisi
1629 2225 1656 2242 ex
1674 2220 1742 2241 illo».
1761 2219 1851 2248 Quibus
1867 2218 1946 2241 verbis
1968 2219 2046 2241 Glossa
2069 2217 2164 2242 ordina-

1313 2259 1351 2281 ria
1371 2259 1509 2287 (secundum
1527 2260 1623 2287 August.
1641 2260 1683 2281 loc.
1700 2259 1747 2287 cit.)
1766 2259 1828 2287 apud
1851 2259 1967 2286 Lyranum
1991 2259 2047 2281 haec
2068 2258 2165 2281 subiun-

1314 2298 1359 2325 git:
1378 2297 1437 2321 Cam
1454 2298 1504 2325 illo,
1521 2298 1574 2327 quia
1595 2299 1701 2320 fruuntur
1719 2298 1769 2326 illo,
1787 2298 1867 2320 vident
1884 2297 1954 2325 illum,
1972 2297 2038 2319 sicuti
2054 2300 2096 2319 est.
2114 2297 2163 2319 Mali

1314 2343 1360 2359 non
1377 2340 1431 2359 sunt
1447 2343 1502 2360 cum
1518 2337 1570 2364 illo,
1587 2340 1612 2359 ut
1628 2337 1689 2359 caeci
1708 2338 1729 2359 111
1747 2337 1798 2359 luce
1818 2343 1866 2359 non
1888 2339 1941 2359 sunt
1962 2342 2014 2359 cum
2038 2336 2096 2358 luce.
2118 2336 2164 2358 Nec

1315 2376 1368 2398 boni
1386 2383 1448 2399 nunc
1465 2377 1494 2399 ita
1512 2380 1564 2399 sunt
1581 2383 1634 2399 cum
1655 2383 1694 2405 eo,
1712 2376 1753 2398 etsi
1777 2376 1853 2405 aliquo
1877 2376 1946 2398 modo
1970 2382 2011 2404 per
2028 2376 2098 2398 [idem
2121 2375 2165 2398 sint

1315 2422 1368 2437 cum
1387 2422 1422 2438 co.
1439 2428 1470 2432 —
1487 2415 1560 2438 Codd.
1578 2416 1662 2442 nostri,
1679 2416 1704 2437 B.
1722 2415 1807 2437 Albert.
1826 2415 1925 2441 (Postilla
1939 2415 1962 2437 in
1979 2416 2040 2438 loan.
2057 2415 2099 2443 47,
2117 2414 2163 2442 24.)

1315 2458 1338 2477 et
1355 2456 1472 2477 Gorranus
1489 2458 1540 2483 post
1557 2455 1640 2478 miseri
1656 2460 1705 2478 esse
1718 2455 1855 2477 interserunt
1866 2460 1927 2483 non,
1939 2460 2000 2483 quae
2013 2454 2079 2477 lectio
2091 2454 2165 2476 aliena

1315 2496 1350 2516 est
1367 2499 1379 2515 a
1398 2500 1466 2516 sensu
1484 2494 1613 2521 Augustini.

1378 2531 1387 2544 ⁶
1405 2533 1471 2555 Vers.
1488 2533 1525 2555 20.
1542 2545 1573 2549 —
1591 2533 1723 2561 Sequuntur
1739 2533 1789 2555 lsai.
1806 2533 1848 2559 26,
1867 2533 1908 2559 10,
1928 2532 1966 2555 uhi
1990 2539 2032 2560 pro
2055 2532 2164 2555 Tollatm·

1317 2572 1395 2599 plures
1412 2571 1481 2594 codd.
1494 2571 1606 2599 Tollelur,
1627 2574 1649 2594 et
1666 2578 1709 2600 pro
1726 2571 1859 2595 claritatem.
1877 2572 1979 2594 nonnulli
1997 2571 2065 2594 codd.
2077 2574 2099 2594 et
2110 2572 2165 2594 Gor-

1316 2616 1386 2632 ranus
1408 2610 1512 2639 qloriam
1535 2611 1657 2639 (Vulgataz
1674 2611 1833 2634 Miser-emmo·
1850 2611 1946 2640 impio...
1966 2612 1989 2634 et
2009 2616 2058 2634 71071
2079 2610 2164 2634 vMebit

1316 2648 1420 2678 olor-iam
1437 2649 1554 2677 Domini),
1572 2652 1594 2671 et
1611 2650 1635 2671 ll.
1651 2649 1704 2672 Cor.
1721 2651 1747 2678 3,
1766 2651 1802 2671 18.

1379 2686 1388 2699 ⁷
1406 2689 1434 2711 Ut
1451 2689 1535 2711 dicitur
1552 2689 1628 2711 Matth.
1647 2689 1689 2715 16,
1702 2689 1739 2711 27.
1751 2701 1782 2705 —
1794 2688 1899 2711 Subinde
1910 2689 2020 2717 allegatur
2032 2690 2091 2711 loan.
2106 2689 2113 2710 1
2124 2706 2130 2716 ,
2143 2689 2165 2711 9.

1379 2725 1389 2739 ¹³
1406 2728 1488 2749 Psalm.
1505 2728 1548 2755 21,
1566 2728 1604 2749 23.
1620 2740 1652 2744 —
1669 2728 1777 2756 Sequitur
1794 2728 1870 2750 Metui.
1890 2728 1913 2749 Η
1925 2745 1931 2755 ,
1948 2727 1986 2750 27.

1379 2764 1389 2777 ¹³
1407 2766 1472 2788 Vers.
1489 2766 1511 2789 5.
1528 2778 1559 2783 —
1577 2766 1695 2789 Praedicta
1713 2767 1824 2794 expositio
1841 2769 1876 2789 est
1892 2766 2022 2789 secundum
2043 2766 2166 2794 Theophy-

1318 2806 1381 2833 lact.‚
1393 2805 1414 2827 111
1427 2806 1488 2827 loan.
1502 2805 1541 2832 17,
1553 2805 1595 2833 26,
1608 2806 1647 2834 qui
1660 2806 1764 2834 sequitur
1775 2805 1891 2833 Chrysost.
1904 2808 1926 2827 et
1937 2805 2014 2833 Cyrill.
2030 2805 2165 2832 Alexandr„

1318 2844 1339 2865 in
1358 2844 1459 2866 eundem
1477 2844 1561 2866 locum.
1579 2844 1688 2872 August„
1707 2845 1728 2866 in
1747 2846 1806 2867 toan.
1823 2845 1910 2872 Evang.
1928 2847 1954 2866 tr.
1973 2844 2025 2866 111.
2042 2850 2064 2866 11.
2082 2844 2108 2865 6:
2121 2844 2166 2868 No-

1318 2884 1368 2906 tum
1385 2883 1430 2912 feci
1446 2889 1487 2911 per
1504 2883 1587 2910 fldem,
1604 2885 1688 2906 nolam
1709 2884 1798 2913 faciam
1821 2890 1862 2912 per
1879 2884 1994 2911 speciem:
2015 2884 2100 2906 notum
2121 2883 2167 2913 feci

1319 2928 1372 2945 cum
1391 2922 1436 2944 sine
1453 2922 1667 2951 peregrinantibus,
1682 2924 1767 2946 nolum
1783 2923 1871 2953 faciam
1888 2923 1937 2945 sine
1949 2923 1994 2945 ssne
2006 2921 2165 2950 regnantibus.

1381 2959 1400 2973 ¹⁰
1418 2961 1482 2983 Vers.
1501 2961 1542 2989 16;
1560 2961 1616 2984 ibid.
1633 2968 1657 2984 v.
1673 2962 1711 2984 ⁴3.
1728 2964 1762 2984 est
1778 2968 1828 2991 seq.
1844 2962 1916 2984 locus.

2176 871 2204 891 De
2212 876 2265 892 secun
2283 867 2293 896 ς’
