2296 3316
2 557 5 570 υ
0 386 9 554 ὦπται-φὴ
0 368 4 382 -Αν

0 3178 13 3299 Q

843 479 1293 538 PRAEFATIO.

284 1077 436 1113 Partem
462 1078 626 1125 primam
652 1076 1017 1113 Commentariorum
1045 1077 1235 1125 seraphici
1261 1077 1436 1114 Doctoris
1462 1079 1501 1113 in
1528 1091 1673 1114 sacram
1701 1078 1948 1126 Scripturain,

187 1138 254 1185 qui
280 1137 486 1173 secundam
514 1136 697 1173 Omnium
724 1136 891 1184 Operum
918 1137 1087 1173 eiusdem
1114 1137 1273 1173 classem
1313 1138 1563 1185 constituunt,
1603 1138 1674 1173 hoc
1705 1143 1812 1174 sexto
1846 1144 1949 1174 tomo

187 1197 451 1244 publicamus,
478 1197 637 1232 alteram
663 1201 810 1244 partem
829 1197 992 1244 septimo
1017 1209 1264 1244 reservamus,
1284 1198 1347 1232 eui
1373 1198 1550 1245 copiosus
1567 1198 1765 1246 utriusque
1787 1198 1950 1234 volumi-

187 1257 248 1293 nis
272 1257 389 1292 index
413 1257 538 1292 rel-uin
563 1256 804 1303 adiungetur.

283 1316 607 1352 Comm-entarium
632 1317 671 1351 in
706 1315 963 1363 Evangelium
989 1315 1143 1352 Ioannis
1177 1317 1377 1364 excipiunt
1406 1322 1589 1365 tanquam
1624 1317 1949 1365 complementum

187 1377 387 1424 genuinae,
416 1376 481 1413 sed
507 1376 705 1423 hucusque
730 1388 884 1423 prorsus
908 1377 1063 1423 ignotae
1096 1375 1308 1412 Collationes
1340 1377 1379 1412 in
1410 1376 1591 1423 Ioannem,
1626 1377 1951 1425 praedicatoribus

186 1437 386 1483 imprimis,
414 1440 457 1471 ut
481 1441 671 1483 putamus,
698 1440 829 1482 gratae
856 1440 971 1483 atque
997 1436 1122 1471 utiles.

283 1496 393 1541 Quod
414 1500 545 1531 autem
563 1496 603 1530 in
629 1496 836 1530 editionem
854 1495 1081 1530 Vaticanam
1106 1500 1255 1543 praeter
1275 1496 1350 1531 alia
1368 1509 1482 1544 opera
1506 1497 1635 1543 spuria
1657 1497 1800 1544 recepti
1826 1501 1952 1532 essent

187 1557 302 1592 etiam
329 1555 524 1602 illegitimi
551 1555 833 1602 Commentarii,
861 1556 937 1590 iam
956 1555 1111 1603 pridem
1138 1556 1229 1591 viris
1256 1556 1379 1591 doctis
1404 1569 1480 1591 non
1516 1561 1594 1591 erat
1627 1557 1803 1603 ignotum
1817 1556 1838 1592 ¹.
1864 1556 1952 1603 Ipse

189 1615 230 1651 P.
257 1615 488 1651 Benedictus
514 1615 665 1650 Bonelli
691 1628 760 1662 pro
779 1615 1024 1662 supposititio
1051 1614 1332 1652 Commentario
1350 1617 1390 1650 in
1416 1615 1672 1663 Evangelium
1691 1615 1845 1651 Ioannis
1863 1615 1952 1651 sub-

189 1676 315 1711 stituit
339 1675 569 1721 legitimum,
596 1674 719 1710 multo
746 1675 1058 1721 praestantiorem
1078 1688 1241 1722 eumque
1267 1688 1326 1710 an.
1355 1675 1447 1719 1772
1473 1676 1513 1710 in
1539 1688 1606 1711 suo
1629 1675 1874 1723 Supplemento
1896 1675 1952 1710 di-

188 1735 334 1781 ligente
360 1747 449 1769 cura
474 1734 612 1781 edidit3
651 1739 781 1770 nostra
806 1747 894 1769 vero
933 1739 1054 1769 aetate
1082 1734 1123 1770 P.
1149 1734 1294 1769 Fidelis
1331 1748 1354 1770 a
1378 1734 1534 1770 Fanna2
1559 1736 1599 1770 in
1638 1735 1763 1771 lucem
1790 1735 1952 1782 protulit

188 1794 338 1830 codices
371 1794 652 1841 manuscriptos
691 1793 962 1830 Comnientarii
988 1794 1026 1829 in
1053 1793 1283 1829 Psalterium
1310 1793 1345 1830 S.
1384 1794 1672 1830 Bonaventurae
1699 1795 1953 1829 communiter

188 1854 382 1901 adscripti,
423 1854 490 1901 qui
528 1853 670 1888 exarati
708 1858 815 1888 erant
851 1858 938 1889 ante
965 1853 1129 1888 eundem
1155 1859 1299 1900 natum,
1326 1858 1441 1901 atque
1467 1866 1564 1900 opus
1589 1853 1686 1889 illud
1713 1866 1780 1889 suo
1806 1854 1949 1888 auctori

188 1913 414 1954 vindicavit,
440 1912 619 1948 Miehaeli
644 1912 841 1958 Meldensi,
868 1913 1157 1960 archiepiscopo
1176 1912 1394 1960 Senonensi,
1419 1914 1485 1961 qui
1511 1913 1609 1948 obiit
1633 1926 1693 1948 an.
1722 1913 1823 1948 1199.
1842 1911 1951 1947 Idem

188 1973 280 2009 Rev.
307 1972 420 2008 Pater
444 1972 612 2019 plurima
637 1986 737 2007 nova
762 1972 992 2007 documenta
1016 1973 1056 2006 in
1078 1972 1325 2008 bibliothecis
1350 1973 1576 2008 abscondita
1604 1972 1761 2019 invenit,
1790 1984 1951 2019 quorum

188 2033 264 2068 fide
290 2032 451 2068 iudicari
484 2037 600 2079 atque
637 2032 790 2067 decerni
827 2036 954 2078 potest
980 2032 1026 2066 de
1065 2032 1197 2067 inultis
1231 2032 1316 2067 aliis
1354 2032 1550 2079 opusculis
1588 2036 1626 2066 et
1659 2030 1953 2067 Commentariis

189 2098 272 2128 tum
297 2093 334 2127 in
364 2092 529 2127 editione
555 2091 750 2138 Vaticana,
778 2096 861 2126 tum
886 2091 927 2126 in
953 2096 1160 2126 memorato
1188 2090 1464 2138 Supplemento
1490 2091 1690 2126 contentis.

285 2151 340 2188 Ut
365 2152 483 2198 igitur
508 2151 668 2198 genuini
694 2150 965 2186 Commentarii
992 2154 1255 2197 separarentur
1280 2150 1329 2185 ab
1351 2150 1576 2197 illegitimis,
1604 2150 1790 2197 diligente
1808 2150 1952 2197 disqui-

190 2212 327 2247 sitione
352 2211 512 2258 antiqua
537 2210 756 2246 testimonia
792 2209 985 2245 afferenda
1009 2223 1054 2245 ac
1079 2211 1244 2246 rationes
1269 2223 1317 2245 ex
1354 2215 1514 2257 utraque
1540 2214 1646 2257 parte
1683 2209 1950 2256 ponderandae

190 2274 308 2306 erant.
334 2269 444 2305 Hanc
483 2270 769 2317 inquisitionem
809 2282 878 2317 pro
904 2269 1050 2305 viribus
1089 2274 1126 2304 et
1152 2269 1270 2305 solius
1308 2270 1483 2316 veritatis,
1511 2282 1588 2304 non
1625 2269 1792 2316 partium
1824 2268 1951 2304 studio

189 2330 428 2365 instituimus
454 2330 494 2364 in
512 2329 799 2375 Prolegomenis
821 2329 938 2365 huius
960 2329 1177 2365 voluminis.
1198 2328 1341 2374 Quodsi
1363 2329 1474 2376 plura
1491 2328 1685 2376 opus-cula,
1713 2341 1809 2375 quae
1826 2328 1951 2363 adhuc

190 2389 232 2424 P.
259 2388 410 2424 Bonelli
436 2388 666 2424 videbantur
691 2389 868 2436 genuina,
895 2402 942 2424 ex
969 2389 1143 2435 catalogo
1177 2388 1437 2436 legitimorum
1464 2388 1512 2430 ob
1539 2401 1674 2435 graves
1699 2388 1862 2422 rationes
1888 2400 1952 2422 ex-

191 2448 400 2495 pungenda
425 2448 660 2495 invenimus3
693 2461 769 2483 non
796 2448 1063 2483 haesitandum
1088 2448 1200 2484 nobis
1234 2449 1359 2483 visum
1380 2452 1452 2494 est,
1489 2461 1576 2483 cuin
1611 2447 1733 2494 gloria
1765 2446 1953 2493 seraphici

190 2507 366 2543 Doctoris
392 2507 570 2554 ponenda
594 2508 645 2543 sit
670 2507 709 2542 in
744 2507 885 2542 virtute
911 2521 955 2543 ac
981 2508 1214 2554 praestantia
1245 2520 1412 2554 operum,
1441 2519 1516 2541 non
1551 2507 1590 2541 in
1626 2519 1765 2553 magno
1791 2518 1951 2540 numero

192 2567 420 2613 scriptorum
443 2567 708 2602 mediocrium.

289 2625 449 2662 Silentio
467 2627 670 2673 praeterire
688 2639 757 2662 nos
775 2639 852 2661 non
869 2626 979 2662 decet
993 2629 1164 2673 morte'm,
1184 2639 1298 2674 quam
1317 2626 1506 2672 lugemus,
1534 2625 1664 2660 eximii
1690 2625 1809 2659 nostri
1837 2623 1952 2659 eolla-

193 2685 378 2721 boratoris
416 2698 460 2720 ae
499 2685 684 2721 carissimi
710 2684 911 2722 confratris
945 2685 986 2721 P.
1013 2686 1212 2721 Benedicti
1245 2685 1397 2732 Beehte,
1426 2685 1493 2732 qui
1523 2685 1567 2719 21
1596 2684 1698 2731 Sept.
1729 2683 1819 2719 1892
1847 2684 1950 2718 diem

193 2756 412 2791 supremum
452 2744 585 2780 obivit.
611 2744 733 2780 Natus
759 2750 817 2781 est
853 2745 898 2781 29
924 2746 1016 2792 Apr.
1045 2745 1137 2780 1840
1175 2745 1214 2779 in
1253 2757 1353 2791 pago
1392 2743 1561 2779 Heumar
1598 2756 1716 2790 prope
1755 2742 1953 2778 Coloniam

273 2931 281 2944 ¹
299 2932 343 2955 cfr.
361 2933 390 2955 de
407 2933 451 2955 hoc
469 2933 600 2963 Echardus,
617 2933 747 2962 Scriptores
763 2934 818 2958 Ord.
837 2934 919 2957 Praed.
934 2937 992 2958 tom.
1010 2935 1024 2957 1.
1043 2940 1097 2962 pag.
1116 2933 1161 2956 245
1179 2933 1202 2956 b.

275 2973 284 2987 ²
300 2975 366 2999 Ratio
383 2982 459 2999 novae
476 2975 619 3000 Collectionis
635 2983 734 3006 operum
751 2978 856 3001 omnium
874 2979 966 3006 seraph.
984 2978 1010 3001 D.
1029 2978 1051 3000 S.
1069 2978 1157 3000 Bonav.
1174 2977 1268 3000 Taurini
1287 2976 1350 2999 ‘1374
1367 2982 1422 3005 pag.
1440 2976 1484 2999 ⁴79
1502 2981 1566 3005 seqq.
