2296 3316
290 1128 403 1148 Secundum,

426 161 480 189 [4⁹28

424 236 550 266 Matthaei
572 235 738 264 undecimo:
764 233 893 262 «Discite
913 241 930 262 a
951 241 1009 267 me,
1031 233 1097 270 quia
1118 233 1193 261 mitis
1207 241 1270 261 sum

424 286 451 312 et
471 282 585 311 humilis
605 281 687 310 corde
701 293 728 309 ».
754 281 783 309 Et
803 280 878 317 quod
898 280 926 308 in
954 280 1086 316 operibus
1107 280 1271 309 humilitatis

424 329 459 358 sit
489 328 653 361 imitandus,
678 327 798 356 ostendit
828 327 875 355 tali
907 326 1029 355 ratione:
1056 326 1123 363 quia
1146 334 1201 355 non
1229 329 1271 355 est

424 383 524 405 servus
544 375 632 404 maior
652 374 764 403 domino
785 381 851 403 suo:
872 381 939 411 ergo
960 373 982 402 si
1003 373 1133 402 dominus
1154 381 1208 402 non
1223 373 1270 402 de-

423 423 552 460 dignatur
574 421 729 461 humiliari,
751 421 839 449 multo
860 420 953 449 minus
973 427 1080 448 servus.
1104 419 1135 448 Et
1156 420 1208 448 hoc
1229 423 1271 449 est

423 470 497 507 quod
518 469 599 497 dicit:

502 517 546 543 20.
570 515 656 551 (Vers.
683 514 747 549 16).
770 515 877 547 Amen,
900 522 986 542 amen
1006 514 1070 542 dico
1090 513 1184 547 vobis,
1210 516 1270 542 tan-

424 570 507 599 quam
528 569 627 590 verum
649 564 675 590 et
696 564 817 589 certum:
838 560 902 589 Non
923 564 965 589 esc
983 569 1087 589 servus
1107 560 1205 589 maior
1220 561 1269 589 do-

422 609 500 637 mino
521 617 592 642 suo,
616 616 704 646 neque
724 608 873 645 apostolus
894 608 990 636 maior
1011 611 1053 636 est
1072 616 1103 636 eo
1117 607 1170 645 qui
1188 607 1271 636 misit

423 656 503 684 illum
513 666 523 689 ;
544 655 671 683 Matthaei
693 655 800 683 decimo
812 656 838 683 1;
858 667 871 680 ιι
886 655 945 684 Non
958 658 1000 684 est
1013 655 1167 692 discipulus
1185 662 1270 691 super

422 702 623 739 magistrum»,
638 705 665 740 et
680 701 752 730 infra
762 702 868 730 decimo
879 701 992 739 quinto:
1008 713 1021 727 «
1034 702 1086 730 Nec
1101 708 1199 730 servus
1214 708 1271 729 ma-

422 750 463 778 ior
481 749 593 778 domino
614 757 665 778 suo
680 761 706 777 ».
730 749 761 777 Et
774 749 835 777 ideo
849 756 945 777 omnes
959 748 1031 777 servi
1046 748 1148 776 Christi
1169 747 1271 776 debent

421 795 561 824 conservis
593 795 713 829 servire:
745 795 806 823 ideo
837 794 1008 823 consuetudo
1035 796 1077 822 est
1107 793 1210 829 Papae,
1237 795 1271 821 ut

421 843 525 872 scribat
546 850 574 871 se
599 851 717 871 servam
747 850 901 870 servorum
931 841 988 869 Dei.
1011 840 1087 869 Unde
1107 840 1271 876 Chrysosto-

422 890 522 919 musss:
542 901 555 915 «ι
570 890 619 919 Ubi
635 892 699 918 sunt
714 889 761 926 qui
776 888 932 925 despiciunt
945 889 1113 916 conservos?
1135 886 1184 915 Ubi
1205 889 1272 915 sunt

422 938 469 975 qui
491 938 612 966 honores
632 939 794 973 expetunt?
816 934 965 963 Proditoris
986 934 1069 971 pedes
1090 934 1156 962 lavit
1177 933 1270 962 Domi-

422 993 474 1013 nus
495 988 522 1013 et
543 984 667 1020 sacrilegi
690 986 717 1012 et
744 983 815 1011 furis
843 986 967 1018 tempore
988 981 1167 1018 proditionis3
1189 983 1217 1009 et
1237 984 1270 1009 tu

422 1039 520 1068 magna
541 1031 614 1067 sapis
635 1032 663 1059 et
683 1030 710 1058 in
732 1029 852 1058 sublime
873 1028 989 1065 erigeris
1004 1031 1035 1056 n?

499 1079 545 1106 21.
568 1078 656 1113 (Vers.
684 1077 749 1111 17.).
767 1076 800 1105 Si
813 1075 883 1104 haec
903 1075 985 1104 settis
1005 1079 1056 1104 etc.
1077 1074 1124 1103 Hic
1147 1074 1269 1104 secundo

421 1126 550 1154 hortatur
572 1124 604 1153 ad
626 1124 790 1153 imitandum
812 1123 1031 1152 consideratione
1053 1121 1269 1160 magnitudinis

418 1171 564 1209 praemii:
596 1171 661 1207 quia
693 1170 739 1207 qui
770 1170 821 1198 hoc
843 1170 907 1199 facit
934 1169 1032 1198 beatus
1061 1169 1124 1198 erit.
1154 1169 1269 1205 Propter

421 1218 495 1255 quod
515 1218 595 1246 dicit:
619 1217 652 1246 Sz'
672 1216 741 1246 haee
761 1217 852 1251 scitis,
874 1216 951 1245 beati
969 1216 1068 1250 critis,
1089 1216 1118 1244 si
1140 1215 1269 1252 feceritis

421 1274 471 1299 ea,
493 1273 548 1293 non
570 1265 592 1293 si
614 1268 722 1293 tantum
744 1264 835 1298 scitis,
857 1265 941 1292 immo
961 1264 1043 1293 etiarn
1066 1263 1088 1292 si
1103 1263 1206 1297 facitis3
1230 1263 1269 1291 la-

422 1312 481 1341 cobi
503 1312 629 1349 primo-³⁵:
657 1323 671 1337 «
685 1311 737 1348 Qui
758 1311 845 1340 factor
866 1314 908 1340 est
927 1311 1032 1348 operis,
1055 1310 1099 1339 hic
1121 1310 1220 1339 beatus
1240 1310 1267 1338 in

422 1360 494 1389 sacto
508 1367 559 1388 suo
574 1359 661 1393 erit»;
684 1359 811 1388 Matthaei
827 1359 937 1396 quinto:
957 1370 970 1383 «
985 1358 1036 1394 Qui
1052 1357 1166 1386 solverit
1179 1365 1268 1386 unum

418 1406 453 1435 de
473 1406 609 1435 mandatis
629 1407 688 1435 istis
709 1406 830 1435 minimis
860 1408 888 1434 et
918 1405 1044 1434 docuerit
1065 1405 1103 1433 sic
1125 1404 1266 1439 homines,

421 1454 553 1482 minimus
577 1454 719 1482 vocabitur
750 1453 778 1481 in
800 1461 885 1490 regno
912 1452 1051 1481 caelorum
1067 1463 1094 1479 ι).
1128 1452 1159 1480 Et
1189 1454 1267 1488 post:

425 1512 439 1526 α
453 1501 505 1537 Qui
537 1504 630 1529 autem
651 1500 747 1529 fecerit
767 1502 795 1528 et
818 1500 960 1533 docuerit,
982 1499 1027 1527 hic
1049 1505 1166 1535 magnus
1188 1506 1267 1527 voca-

419 1548 495 1577 bitur
517 1548 544 1576 in
566 1555 651 1584 regno
672 1547 812 1576 caelorum
827 1558 853 1575 n.
876 1547 908 1575 Et
938 1546 1009 1583 quia
1034 1546 1201 1583 promiserat
1228 1546 1267 1574 eis

419 1595 632 1629 beatitudinem;
654 1602 688 1623 ne
709 1594 817 1627 credas,
839 1601 899 1622 eam
926 1593 1061 1630 proditori
1093 1593 1266 1630 promisisse,

420 1641 528 1670 subdit:

498 1689 543 1716 22.
567 1687 655 1724 (Vers.
681 1687 743 1722 18.).
767 1686 833 1715 Non
853 1687 887 1715 de
902 1686 1058 1715 omnibus⁴
1073 1687 1147 1720 dico,
1163 1686 1267 1715 scilicet

419 1734 493 1772 quod
514 1735 585 1763 beati
608 1735 698 1768 eritis,
721 1734 768 1763 sed
789 1734 823 1763 de
844 1734 953 1769 electis;
969 1734 1043 1763 unde
1063 1734 1116 1763 ait:
1134 1735 1193 1771 Eyo
1206 1734 1267 1762 scio

418 1790 489 1820 quos
510 1781 642 1818 elegerim
651 1792 661 1815 ‚·
683 1781 809 1810 Matthaei
832 1781 980 1818 vigesimo:
1006 1792 1019 1805 a
1035 1781 1113 1809 Multi
1134 1782 1200 1809 sunt
1220 1789 1267 1809 vo-

418 1829 486 1863 cati,
513 1829 593 1865 pauci
622 1836 688 1857 vero
716 1828 834 1863 electi»;
863 1828 1001 1857 secundae
1028 1828 1062 1857 ad
1089 1828 1266 1856 Timotheum

419 1876 555 1905 secundo:
589 1876 697 1904 «Novit
727 1875 862 1904 Dominus
890 1875 937 1912 qui
964 1878 1029 1904 sunt
1059 1875 1119 1904 eius
1134 1885 1164 1908 »ς
1193 1874 1267 1903 unde

418 1923 493 1960 quod
514 1923 588 1952 dixi:
616 1934 628 1947 α
643 1923 716 1951 Beati
738 1922 816 1951 eritis
830 1934 858 1956 n,
879 1922 913 1951 de
933 1921 1073 1958 aliquibus
1094 1924 1219 1950 vestrum
1240 1924 1267 1949 et

418 1970 548 2007 pluribus
569 1973 611 1998 est
630 1969 847 2006 intelligendum.
864 1969 919 1998 Sed
940 1972 973 1996 ut
986 1968 1166 2006 impleaturfv
1188 1968 1268 1997 Scri-

415 2020 523 2053 ptura-.-
547 2016 605 2052 Qui
625 2016 786 2045 manducat
799 2024 911 2044 mecum
923 2023 1045 2053 panem,
1067 2015 1095 2044 id
1113 2018 1155 2044 est
1175 2015 1267 2044 socius

481 2205 489 2218 ¹
507 2206 572 2228 Vers.
590 2206 632 2229 24:
650 2207 698 2229 Non
715 2210 748 2229 est
766 2206 894 2235 discipulus
909 2213 980 2235 super
998 2207 1149 2235 magistrum,
1166 2212 1210 2229 nec
1221 2213 1266 2229 ser-

418 2251 462 2267 vus
479 2251 549 2273 super
566 2246 687 2268 dominum
704 2252 781 2268 suum.
799 2247 859 2268 loan.
879 2246 919 2273 15,
937 2246 979 2268 20:
993 2246 1040 2268 Non
1053 2249 1086 2269 est
1097 2246 1265 2268 servusvmaior

419 2284 513 2307 domino
531 2291 581 2307 suo.
599 2298 628 2301 —
645 2285 796 2307 Servavimus
818 2285 938 2308 lectionem
961 2285 1012 2312 ed.;
1030 2285 1099 2308 codd.
1121 2285 1182 2315 epim
1206 2285 1265 2307 duos

419 2325 461 2346 hos
478 2324 541 2347 locos
558 2324 657 2352 allegant
673 2325 708 2347 his
724 2324 803 2347 verbis
820 2324 884 2354 infra
900 2323 988 2348 decimo
1001 2323 1096 2354 quinto,
1109 2324 1195 2347 omisso
1208 2324 1265 2347 Mat*

419 2364 483 2387 lhaei
498 2364 593 2387 decimo.
613 2377 642 2380 —
659 2365 719 2387 loan.
731 2365 859 2393 Diaconus,
871 2366 894 2387 ll.
907 2366 929 2387 S.
942 2365 1047 2393 Gregorii
1059 2365 1134 2392 Magni
1146 2365 1193 2387 vita
1206 2370 1225 2386 c.
1241 2365 1246 2386 1
1258 2371 1264 2386 :

419 2403 509 2426 Primus
530 2405 634 2426 omnium
658 2411 681 2427 se
703 2405 725 2426 in
748 2405 860 2433 principio
883 2405 1030 2433 epistolarum
1054 2410 1148 2427 suarum
1168 2410 1265 2427 servum

419 2448 542 2465 serrorum
562 2443 604 2466 Dei
619 2443 687 2466 scribi
705 2444 760 2467 satis
777 2444 891 2466 humiliter
908 2444 1019 2467 delinivit.
1041 2443 1087 2467 Csr.
1109 2443 1220 2466 Praefatio
1241 2443 1264 2465 in

419 2482 528 2510 epistolas
539 2483 561 2504 S.
574 2483 678 2511 Gregorii
695 2484 782 2511 Magni,
795 2490 816 2505 n.
831 2484 855 2505 Μ
866 2501 872 2510 ‚
885 2483 925 2506 ubi
936 2483 1077 2506 objectiones
1088 2483 1111 2505 in
1123 2483 1264 2506 contrarium

420 2522 492 2543 tactae
513 2522 644 2550 solvuntur,
669 2526 691 2544 et
710 2522 833 2551 probatur,
858 2523 995 2551 Gregorium
1014 2523 1084 2545 fuisse
1097 2522 1205 2552 primum
1223 2522 1265 2545 Ρα-

418 2566 487 2589 pum,
505 2560 544 2588 qui
563 2566 618 2582 usus
635 2561 703 2583 fuerit
720 2562 763 2583 hoc
779 2561 856 2588 titulo,
873 2561 925 2583 licet
947 2561 984 2583 alii
1006 2561 1110 2589 episcopi
1132 2561 1177 2583 iam
1200 2560 1265 2588 prius

418 2597 481 2619 illum
499 2597 657 2626 adhibuerint,
676 2602 700 2621 ut
716 2600 826 2627 August,
844 2600 914 2628 Epist.
929 2600 984 2622 2¹7.
1003 2599 1067 2628 (alias
1085 2599 1160 2628 t⁰7.):
1185 2600 1265 2627 Augu-

418 2636 491 2658 stinus
508 2636 643 2665 episcopus,
660 2643 742 2660 servus
758 2637 841 2661 Christi
858 2641 880 2661 et
897 2645 938 2666 per
955 2639 1032 2667 ipsum
1048 2644 1131 2661 servus
1143 2644 1264 2661 servorum

419 2675 503 2703 ipsius,
521 2676 588 2698 Vitali
607 2677 667 2699 tratri
686 2677 707 2699 in
725 2677 775 2705 ipso
792 2678 898 2700 salutem.

481 2713 490 2726 ²
508 2714 530 2736 ln
548 2716 608 2737 ioan.
626 2716 703 2737 homil.
720 2716 758 2738 71.
775 2716 840 2744 (alias
855 2716 904 2745 70.)
921 2723 944 2739 n.
963 2717 984 2738 4.

481 2751 491 2765 ⁸
508 2754 573 2776 Vers.
591 2755 628 2777 25.
645 2767 676 2771 —
694 2755 743 2777 Duo
759 2762 825 2784 seqq.
842 2756 886 2778 loci
905 2759 959 2778 sunt
980 2756 1056 2778 Matth.
1075 2756 1101 2783 5,
1121 2756 1157 2778 ie.
1174 2768 1205 2772 —
1221 2755 1264 2778 Ali-

417 2796 504 2822 quanto
521 2793 614 2816 interius
631 2800 673 2821 pro
691 2800 719 2817 ne
736 2794 818 2817 credas
836 2795 873 2817 ed.
890 2801 943 2817 cum
961 2802 1007 2818 uno
1030 2796 1149 2824 alteroque
1171 2796 1224 2818 cod.
1241 2799 1264 2818 et

418 2832 521 2854 Gorrano
537 2838 566 2854 ne
583 2832 704 2855 credatur.

481 2869 491 2882 ⁴¹
508 2870 604 2899 Vulgata
622 2872 686 2894 addit
702 2871 773 2895 vobis.
790 2885 821 2889 —
838 2873 971 2902 Sequuntur
988 2874 1064 2896 Matth.
1082 2873 1125 2900 20,
1145 2873 1181 2895 16.
1198 2876 1220 2896 et
1236 2873 1261 2896 ll.

419 2909 479 2931 Tim.
496 2911 523 2937 Ξ,
542 2910 579 2932 -19,

481 2946 491 2960 ⁶
507 2949 606 2977 Vulgata
624 2949 792 2980 adimpleatur.
807 2963 839 2968 ·-
856 2951 932 2974 Verba
949 2952 1031 2975 Psalmi
1050 2952 1092 2979 to,
1111 2952 1146 2974 lo.
1169 2952 1263 2974 inferius

1035 155 1205 184 COMMENT.
1227 155 1260 184 IN
1281 155 1427 184 IOANNEM
1449 155 1476 185 C.
1499 155 1563 184 Xlll.

1328 233 1535 268 commensalis,
1556 233 1661 262 levabit
1681 233 1852 262 calcaneum
1879 242 1968 262 suum
1989 237 2093 264 contra
2112 243 2173 270 me,

1327 280 1356 308 in
1377 280 1498 314 Psal1no;
1521 280 1673 309 secundum
1704 281 1785 309 aliam
1814 281 2037 310 translationem:
2062 293 2076 307 «
2090 282 2175 311 Homo

1328 327 1403 364 pacis
1423 335 1516 362 meae,
1537 327 1565 356 in
1587 336 1643 365 quo
1663 327 1786 364 speravi,
1808 327 1856 365 qui
1877 328 1976 357 edebat
1989 336 2074 365 panes
2087 336 2174 363 meos,

1327 373 1513 410 magnificavit
1543 382 1630 411 super
1666 382 1710 403 me
1741 374 1992 411 supplantationem
2006 386 2034 404 n.
2065 375 2175 404 Levare

1327 424 1419 449 autem
1443 421 1628 455 calcaneum,
1649 424 1682 450 ut
1708 421 1775 449 dicit
1801 420 2017 457 chrysostomus
2027 422 2049 456 ⁶,
2073 424 2116 451 est
2135 422 2174 451 le-

1326 475 1393 496 vare
1414 468 1646 502 celebrationem,
1667 468 1762 496 dolum
1784 470 1812 496 et
1831 467 1958 497 fraudem
1973 470 2001 497 et
2014 468 2175 498 occultatio-

1326 523 1390 544 nem
1411 515 1582 544 insidiarum.
1605 515 1637 543 Et
1658 514 1783 552 loquitur
1797 522 1847 551 per
1861 514 2082 544 similitudinem:
2103 515 2175 545 sicut

1326 562 1422 596 h0m0,
1444 561 1555 599 quando
1576 561 1637 590 vult
1657 562 1820 590 conculcare
1835 569 1907 595 rem,
1928 561 2001 591 levat
2015 562 2174 592 calcaneum

1327 615 1412 644 super
1432 615 1509 642 eam:
1528 608 1569 636 sic
1597 607 1677 636 ludas
1701 608 1873 636 conculcavit
1893 607 2043 637 Christum.
2067 608 2098 638 Et
2122 609 2175 638 hoc

1326 654 1434 683 dicebat
1454 655 1488 683 de
1509 654 1586 689 luda,
1609 663 1664 683 non
1685 662 1749 683 eum
1771 654 1942 689 accusando,
1957 655 2005 684 sed
2025 655 2175 693 discipulos

1326 701 1505 736 instruendo,
1527 710 1562 730 ne
1582 701 1728 730 crederent
1748 709 1813 730 eum
1834 701 1967 731 traditum
1987 706 2020 731 ut
2034 702 2174 731 hominem

1327 756 1439 785 purum.
1464 748 1611 785 Propterea
1632 747 1740 777 subdit:

1405 795 1451 824 23.
1468 795 1557 830 (Vers.
1576 795 1641 831 19.).
1658 795 1771 824 Amodo
1781 795 1791 812 ⁷
1806 795 1870 824 dico
1884 795 1981 830 vobis,
1993 788 2175 834 priusquam

1325 842 1396 880 fiat:
1417 846 1466 877 ut,
1488 851 1556 871 cum
1575 842 1690 879 factum
1710 841 1818 880 fucrit,
1845 843 1989 877 credatis,
2020 843 2093 882 quia
2123 851 2174 881 eyo

1325 898 1406 924 sum,
1427 890 1529 919 scilicet
1552 890 1642 924 Deus,
1663 889 1712 927 qui
1734 889 1790 918 scio
1802 889 1911 924 omnia,
1925 892 2073 927 antequam
2093 890 2173 925 tiant;

1327 936 1505 966 Ecclesiastici
1520 936 1652 973 vigesimo
1666 937 1763 965 tertio:
1782 948 1798 961 <r
1809 936 1925 966 Domino
1938 937 1995 966 Deo
2004 959 2011 972 ,
2025 939 2174 975 antequam

1325 986 1505 1017 crearentur,
1527 983 1620 1011 omnia
1640 986 1706 1012 sunt
1726 983 1818 1020 agnita
1832 995 1845 1009 »
1872 986 1923 1012 etc.
2069 974 2072 977 “

1404 1029 1450 1058 24.
1473 1029 1562 1065 (Vers.
1585 1030 1653 1065 ΞΟ).
1680 1030 1790 1063 Amen,
1812 1038 1898 1058 amen
1924 1029 1989 1059 dico
2016 1029 2105 1059 vobis.
2127 1030 2174 1059 Hic

1325 1076 1407 1105 tertio
1428 1076 1558 1105 hortatur
1579 1076 1613 1105 ad
1632 1076 1798 1105 imitandum
1813 1084 1842 1106 se
1862 1077 1890 1105 in
1905 1076 2011 1106 honore
2025 1084 2172 1106 servorum

1325 1131 1442 1152 suorum
1460 1123 1680 1153 consideratione
1693 1124 1910 1161 maynitudz'nis
1923 1124 2029 1153 meriti.
2044 1124 2172 1162 Magnum

1324 1170 1400 1199 enim
1421 1170 1553 1199 meritum
1574 1170 1658 1199 habet
1678 1170 1726 1208 qui
1748 1171 1896 1200 Dominum
1917 1171 2051 1206 honorat,
2072 1171 2174 1208 etipse

1325 1217 1459 1246 Dominus
1481 1217 1615 1246 honorem
1637 1217 1739 1246 factum
1762 1225 1843 1247 servo
1857 1221 1969 1255 reputat
1983 1225 2079 1252 suum;
2095 1220 2122 1246 et
2136 1217 2173 1246 ita

1324 1273 1455 1302 magnum
1477 1264 1607 1294 meritum
1629 1264 1713 1294 habet
1733 1265 1789 1302 qui·
1804 1265 1922 1294 honorat
1935 1265 2036 1294 Christi
2050 1272 2173 1294 servum.

1325 1312 1474 1349 Propterea
1493 1311 1571 1340 dicit:
1595 1311 1653 1348 Qui
1683 1311 1807 1349 accipit,
1827 1312 1856 1340 εἰ
1881 1320 1965 1350 quem
1985 1311 2107 1345 misero,
2128 1319 2173 1339 me

1324 1359 1449 1396 accipit,
1471 1358 1498 1387 id
1528 1362 1582 1393 est,
1604 1359 1651 1396 qui
1681 1359 1800 1387 honorat
1830 1359 1947 1388 missum
1979 1359 2098 1387 honorat
2128 1366 2173 1387 me

1323 1405 1493 1439 mittentem;
1510 1405 1637 1434 Matthaei
1651 1405 1783 1443 vigesimo
1794 1405 1892 1442 quinto
1903 1405 1930 1434 ⁸:
1946 1417 1960 1431 (ι
1973 1404 2111 1442 Quamdiu
2124 1404 2174 1434 uni

1324 1460 1360 1481 ex
1383 1452 1504 1481 minimis
1519 1452 1587 1481 meis
1601 1452 1713 1486 fecistis,
1729 1453 1796 1481 mihi
1812 1453 1915 1482 fecistis
1926 1464 1953 1481 n.
1980 1453 2012 1481 Ει
2025 1451 2078 1491 qui
2097 1452 2174 1481 acci-

1320 1499 1366 1536 pit
1385 1507 1430 1527 me
1451 1499 1559 1536 accipit
1578 1508 1644 1527 eum
1665 1500 1718 1538 qztz'
1736 1499 1818 1528 misit
1837 1508 1897 1534 me,
1919 1499 1946 1528 id
1968 1502 2025 1533 est,
2053 1499 2100 1536 qui
2123 1499 2172 1527 ho—

1323 1549 1403 1575 norat
1424 1546 1521 1574 Filium
1543 1547 1662 1575 honorat
1683 1547 1807 1580 Patrem,
1828 1547 1876 1584 qui
1899 1546 1974 1576 misit
1998 1554 2082 1581 eum;
2107 1547 2173 1575 Mat-

1324 1594 1396 1622 thaei
1418 1593 1524 1622 decimo
1544 1593 1646 1622 dicitur
1668 1593 1772 1623 simile:
1798 1605 1811 1619 t<
1823 1593 1876 1630 Qui
1890 1601 1939 1623 vos
1950 1593 2052 1630 recipit
2071 1601 2116 1622 me
2130 1601 2174 1622 re-

1323 1641 1404 1678 cipit,
1426 1643 1454 1669 et
1474 1641 1521 1678 qui
1543 1648 1587 1670 me
1610 1641 1707 1677 recipit
1727 1640 1826 1677 recipit
1846 1648 1910 1669 eum
1932 1640 1979 1678 qui
2001 1647 2045 1669 me
2059 1639 2172 1669 misit».

1325 1687 1355 1715 Et
1375 1695 1412 1716 ex
1443 1687 1496 1716 hoc
1523 1687 1668 1724 arguitur,
1694 1687 1768 1724 quod
1796 1687 1869 1716 sicut
1889 1690 1931 1716 est
1949 1694 2050 1724 magna
2074 1689 2173 1715 trans-

1322 1733 1436 1771 9ressi0
1457 1733 1545 1762 Deum
1565 1733 1717 1770 despicere,
1733 1736 1760 1762 et
1774 1742 1906 1771 magnum
1920 1733 2059 1762 meritum
2080 1733 2173 1770 ipsum

1325 1780 1479 1814 honorare;
1501 1780 1540 1809 sic
1561 1780 1643 1808 etiam
1665 1780 1693 1808 in
1715 1780 1803 1809 servis
1824 1780 1881 1809 Dei.

1649 1875 1850 1911 QuAnsrtoNEs.

1402 1970 1448 1997 25.
1470 1969 1580 2005 Quaest.
1603 1969 1620 1997 l.
1643 1969 1694 1998 Sed
1717 1969 1864 2006 quaeritur
1886 1969 1931 1998 hic
1952 1968 2055 2006 primo:
2071 1969 2170 2006 ’quare

1322 2016 1456 2044 Dominus
1476 2016 1550 2045 dedit
1570 2016 1713 2053 discipulis
1740 2016 1799 2045 suis
1826 2016 1913 2054 magis
1934 2015 2097 2052 exemplum
2118 2015 2171 2044 hu-

1321 2207 1386 2229 allata
1404 2210 1457 2230 sunt
1474 2207 1599 2235 Vulgatae,
1616 2213 1716 2236 quorum
1734 2198 1837 2229 ultimam
1855 2209 1945 2235 partem
1962 2206 2067 2234 Hieron.²
2089 2204 2171 2228 Biblio-

1321 2248 1401 2269 thecae
1418 2246 1511 2269 dix-inae
1527 2246 1566 2269 tib.
1584 2247 1740 2273 Psalmorum,
1758 2246 1793 2268 ΡΞ.
1811 2245 1836 2268 Μ
1847 2263 1854 2273 ,
1865 2245 1958 2268 exhibet
1969 2245 2012 2268 ita:
2023 2244 2108 2268 levavit
2119 2249 2172 2268 otm-

1323 2288 1361 2309 tra
1379 2292 1416 2309 me
1429 2286 1554 2315 plantam„
1573 2287 1683 2313 August,
1700 2286 1803 2308 Enerrat.
1819 2285 1843 2307 in
1861 2285 1896 2307 ps.
1909 2284 1946 2307 40.
1957 2290 1981 2307 n.
1993 2284 2018 2306 Η
2030 2283 2173 2314 :ampliavit

1322 2331 1394 2354 super
1411 2330 1448 2347 me
1465 2324 1611 2348 calcaneum.
1628 2336 1659 2341 —
1676 2324 1715 2347 Ed.
1734 2323 1800 2352 legit.
1818 2323 2004 2352 interpunctione
2025 2322 2126 2350 variata,
2145 2321 2171 2345 in

1321 2364 1417 2387 Psalmo
1426 2364 1557 2387 secundum
1568 2363 1643 2386 aliam
1655 2363 1845 2386 translativum.
1857 2362 1906 2386 Nos
1917 2363 2011 2385 autem:
2027 2361 2103 2385 Homo
2114 2364 2170 2390 etc..

1321 2410 1382 2433 quae
1399 2404 1465 2426 lectio
1481 2404 1574 2426 videtur
1589 2409 1617 2425 ex
1635 2404 1658 2425 S.
1675 2403 1764 2425 Thoma
1778 2402 1915 2431 (Comment.
1927 2402 1951 2424 in
1961 2402 2024 2424 ioan.
2036 2401 2072 2424 ⁴3.
2084 2401 2135 2424 lect.
2148 2401 2170 2423 3.

1321 2450 1344 2465 n.
1360 2443 1393 2472 7.)
1413 2446 1504 2465 sumta:
1532 2444 1602 2465 «Hoc
1624 2445 1658 2465 est
1679 2442 1808 2465 secundum
1832 2442 1900 2464 aliam
1920 2441 2107 2469 translationem,
2129 2440 2170 2463 ubi

1321 2488 1364 2505 nos
1382 2481 1508 2504 habemus:
1526 2482 1612 2504 Etenim
1630 2482 1702 2504 homo
1713 2489 1725 2501 »
1745 2484 1787 2503 etc.

1383 2519 1393 2533 ⁶
1409 2521 1432 2543 ln
1450 2522 1511 2543 ioan.
1527 2521 1606 2543 homil.
1622 2521 1661 2543 7⁴.
1680 2521 1743 2549 (alias
1759 2520 1808 2549 70.)
1827 2526 1850 2542 n.
1866 2521 1889 2542 2.
1906 2519 1929 2542 in
1941 2519 1998 2542 fine:
2011 2520 2091 2548 Neque
2100 2518 2170 2541 dixit:

1322 2561 1402 2583 Tradit
1418 2567 1468 2588 me,
1485 2560 1527 2583 sed
1544 2559 1640 2583 Levavit
1654 2566 1726 2589 super
1743 2565 1781 2583 me
1797 2559 1949 2587 calcaneum,
1965 2561 1992 2582 ut
2009 2559 2088 2581 dolum
2100 2560 2124 2581 et
2132 2563 2171 2581 oc-

1321 2600 1394 2622 cultas
1410 2599 1505 2621 insidias
1522 2599 1656 2622 declararet.

1383 2635 1392 2651 ⁷
1409 2638 1483 2662 Codd.
1500 2642 1522 2661 et
1538 2639 1656 2661 Gorrenus
1674 2639 1760 2666 Amen,
1780 2644 1850 2661 amen
1871 2638 1978 2667 (tortasse
1999 2639 2095 2665 propter
2113 2641 2170 2659 con-

1322 2677 1434 2701 fusionem
1451 2684 1505 2700 cum
1522 2684 1591 2701 versu
1609 2677 1676 2707 seq).
1693 2689 1724 2694 —
1741 2678 1849 2707 Sequitur
1867 2677 1932 2700 Eccli.
1950 2677 1993 2703 23,
2011 2676 2048 2698 29.

1383 2715 1393 2729 θ
1411 2717 1476 2739 Vers.
1495 2716 1531 2739 40.
1546 2728 1579 2733 —
1596 2716 1700 2739 Subinde
1721 2721 1766 2745 pro
1788 2716 1818 2739 Et
1839 2715 1882 2746 qm*
1901 2714 1988 2745 accipit
2009 2720 2047 2738 me
2070 2714 2168 2743 Vulgata

1323 2754 1370 2784 Qui
1390 2757 1472 2779 autem
1494 2755 1580 2785 accipit
1595 2762 1639 2779 me.
1657 2756 1766 2785 Sequitur
1783 2756 1859 2778 Matth.
1877 2755 1919 2783 ⁴0,
1937 2754 1973 2777 40.
1990 2766 2022 2771 —
2038 2753 2168 2782 chrysost„

1321 2795 1345 2817 in
1362 2795 1421 2817 ioan.
1440 2795 1518 2817 homil.
1535 2794 1573 2817 72.
1591 2794 1657 2824 (alias
1673 2794 1724 2824 7¹1.)
1742 2800 1764 2817 n.
1783 2794 1809 2816 ⁴:
1827 2794 1884 2822 Quia
1907 2793 1987 2816 exituri
2008 2795 2075 2816 erant
2093 2791 2170 2822 [Apo-
2190 2788 2192 2790 ’

1321 2834 1385 2863 stoli]
1403 2837 1425 2856 et
1443 2832 1611 2862 gravia'multa
1629 2834 1732 2862 passuri,
1749 2833 1843 2856 duobus
1858 2833 1909 2856 illos
1927 2832 2005 2855 modis
2026 2831 2169 2855 consoletur:

1320 2876 1342 2895 et
1359 2879 1372 2895 a
1389 2879 1414 2895 se
1430 2875 1453 2895 et
1468 2873 1498 2895 ab
1515 2873 1588 2895 aliis...
1606 2873 1708 2895 Primum
1731 2879 1787 2895 vero
1809 2872 1960 2901 significavit,
1981 2877 2034 2894 curn
2056 2870 2125 2893 dixit:
2142 2869 2172 2893 Si

1320 2912 1377 2936 haec
1393 2911 1507 2942 feceritis,
1526 2911 1588 2935 beati
1602 2912 1684 2941 eritz's,=
1701 2912 1798 2934 alterurn
1813 2916 1883 2939 vero,
1900 2916 1954 2934 cum
1976 2910 2053 2940 dicit:-
2063 2907 2113 2938 Qui'
2127 2914 2169 2932 vos

1319 2950 1402 2981 recipit
1417 2957 1454 2974 me
1470 2951 1560 2981 recipit.
1576 2951 1686 2974 Omnium
1703 2951 1792 2980 quippe
1809 2950 1892 2973 domos
1909 2950 1965 2978 ipsis
1982 2949 2073 2978 aperuit
2088 2951 2131 2971 etc.
