2296 3316
6 644 10 697 ς

13 632 40 652 De
51 631 107 651 zanio

17 656 100 680 quatuor.

11 1145 104 1165 eumdum.

14 1332 74 1352 *natio
86 1332 104 1351 1.

15 1799 75 1819 «nano
86 1799 104 1819 2.

725 173 895 202 COMMENT.
918 173 950 202 IN
972 173 1116 202 IOANNEM
1138 173 1165 201 C.
1189 174 1276 202 xvttt.

123 253 207 283 etiam
233 253 261 281 in
289 251 464 289 aequinoctio
493 258 578 280 verno
599 251 747 288 aliquando
768 251 928 288 contingere
942 263 969 279 n.

125 301 199 329 Erat
219 303 317 329 autem
337 302 364 327 et
383 299 491 327 Petrus
509 301 592 326 stans
612 301 639 326 et
658 296 833 335 calefaciens
846 306 893 331 se,·
908 305 970 334 per-

123 346 230 376 diderat
244 346 318 375 enim
332 345 411 374 illum
426 345 517 382 Ignem
527 367 534 379 ‚
548 344 582 373 de
597 352 653 381 quo
668 344 757 373 Lucae
771 344 934 373 duodecimo
947 345 969 372 ¹:

128 393 248 431 «Ignem
276 392 338 421 veni
366 392 476 421 mittere
504 392 531 420 in
560 394 706 425 terram»,
737 391 803 428 quia
824 394 969 427 tepuerat;

123 439 213 468 Beda:
238 450 252 464 «ι
267 439 295 467 Ιι]
319 440 425 467 tantum
446 437 576 474 princeps
590 437 783 474 Apostolorum
805 436 908 473 frigore
930 437 970 465 in-

123 486 262 515 fidelitatis
290 484 393 522 tepuit,
422 487 454 513 ut
477 484 511 513 ad
534 492 628 513 vocem
650 483 735 512 unius
756 483 870 512 ancillae
891 483 970 512 Chri-

123 535 197 562 stum
218 531 381 561 formidaret
402 530 526 560 confiteri
542 542 568 558 n.

203 578 249 608 33.
272 577 409 616 Pontifex
430 578 551 606 autem²
572 580 622 606 eto.
647 577 734 606 Posita
756 577 901 614 negatione
923 577 970 606 Pe-

123 626 176 660 tri,
196 625 242 654 hic
270 624 449 661 subiungitur
477 624 657 652 examinatio
685 623 816 657 Christi,·
840 624 875 652 in·
890 624 971 652 cuius

123 671 327 701 examinatione
347 673 469 708 quatuor
484 673 631 704 notantur,
647 670 751 699 scilicet
762 670 911 707 pontilicis
926 670 970 699 in-

113 718 299 757 terrogatio,
323 717 433 747 Christi
445 717 612 754 responsio,
628 717 719 746 illatio
734 717 881 751 iniuriae,
900 726 970 755 sap-

119 766 250 804 portatio
266 765 435 803 patientiae.

202 813 291 849 (Vers.
315 812 381 848 19.).
409 811 560 849 Pontificis
580 819 647 848 ergo
668 812 860 849 interroyatio
882 812 969 849 tangi-

8 851 104 899 }Primum-
122 864 185 895 tur,
207 867 270 889 cum
292 859 413 888 dicitur:
436 857 574 896 Pontifex
602 863 717 892 autem,
738 859 842 888 scilicet
863 860 969 893 Annas,

8 902 9 913 l

122 906 345 945 interrogabam
366 906 463 934 lesam
484 906 518 934 de
539 905 693 943 discipulis
713 906 778 934 suis
792 909 818 934 et
832 906 969 934 doctrina

121 954 201 988 eius,
222 956 269 988 ut,
290 953 356 991 quia
377 961 432 982 non
453 955 562 990 poterat
583 953 687 982 crimen
716 953 850 987 obiicere,
872 953 969 982 saltem

121 1003 233 1039 caperet
252 1001 281 1030 in
302 1008 445 1035 sermone;
466 1008 522 1029 non
543 1003 574 1029 ut
594 1000 725 1034 disceret,
741 1000 788 1029 sed
802 1003 834 1029 ut
848 1004 969 1037 caperet,

121 1048 249 1078 Matthaei
270 1047 403 1085 vigesimo
424 1047 556 1076 secundo.

200 1095 246 1124 34.
269 1094 359 1130 (Vers.
382 1095 450 1130 20).
472 1094 630 1131 Respondit
643 1093 670 1122 ei
683 1094 779 1122 lesus:
794 1094 841 1123 Hic
855 1094 969 1131 ponitur

121 1141 288 1176 seeundum,
309 1134 413 1170 scilicet
433 1140 583 1178 responsio
605 1139 731 1174 Christi,
754 1141 782 1169 in
802 1149 858 1178 qua
877 1141 969 1170 Domi-

121 1197 175 1218 nus
189 1188 313 1217 confutat
333 1187 514 1216 intentionem
534 1187 680 1224 pontificis.
697 1188 818 1216 Habebat
832 1188 906 1216 enim
921 1188 969 1217 do-

121 1235 239 1265 ctrinam
269 1234 371 1263 Christi
402 1237 575 1271 suspectam,
607 1234 668 1263 ideo
698 1234 732 1263 de
759 1242 792 1263 ea
822 1235 883 1263 vult
903 1242 968 1263 eum

121 1282 298 1316 examinare;
319 1284 468 1318 propterea
495 1281 614 1310 ostendit
642 1281 792 1315 Dominus,
814 1281 968 1310 doctrinam

121 1337 201 1358 suam
221 1336 277 1358 non
297 1336 357 1357 esse
378 1330 552 1365 suspectam,
567 1328 633 1365 quia
647 1336 702 1357 non
716 1328 769 1357 fuit
783 1328 967 1363 abscondita,

121 1376 169 1405 sed
196 1375 315 1413 pubIIca.
348 1375 496 1412 Propterea
526 1375 604 1404 dicit:
637 1375 697 1412 Eyo
722 1374 825 1412 palam
855 1375 969 1404 locatas

120 1431 188 1452 sum
208 1422 336 1456 mando,-
357 1425 384 1451 et
405 1422 457 1451 hoc
478 1422 593 1459 probat:
616 1422 676 1458 Eoo
696 1430 809 1459 semper
830 1422 918 1450 docui
937 1423 968 1451 in

120 1477 274 1508 synayoya
294 1471 320 1497 et
339 1468 371 1497 in
392 1468 511 1506 templo,
533 1477 589 1507 qao
618 1477 715 1497 omnes
743 1468 850 1497 Iudaei
869 1477 968 1497 conve-

120 1516 215 1545 niunt.
231 1515 263 1544 Et
277 1516 344 1553 quia
357 1518 449 1553 posset
463 1516 570 1544 dicere:
586 1515 614 1544 in
629 1515 741 1552 publico
754 1515 872 1544 docuisti
888 1523 967 1550 vera,

120 1563 149 1592 in
169 1562 329 1592 abscondito
349 1562 467 1591 docuisti
489 1562 572 1597 falsa;
594 1562 655 1591 ideo
675 1562 709 1591 ad
731 1563 864 1591 maiorem
885 1563 967 1591 certi-

121 1609 245 1639 tudinem
265 1609 346 1638 dicit:
369 1610 405 1637 Et
418 1609 451 1637 in
464 1609 632 1638 abscondito
643 1609 655 1626 4
671 1609 783 1638 locutas
797 1618 864 1638 sam
878 1608 953 1638 nihil
957 1621 968 1644 ;

120 1656 204 1686 Isaiae
224 1656 436 1694 quadragesimo
457 1656 570 1694 quinto:
596 1667 610 1681 α
626 1656 680 1694 Ego
702 1657 849 1691 Dominus,
871 1660 899 1686 et
913 1665 968 1686 non

120 1706 163 1733 est
182 1703 262 1732 alius.
283 1703 341 1732 Non
362 1703 391 1732 in
411 1703 572 1732 abscondito
592 1703 702 1732 locutus
724 1711 786 1732 sum
807 1703 835 1732 in
850 1704 910 1732 loco
929 1707 969 1732 te-

120 1750 240 1779 nebroso
254 1762 280 1778 ».
303 1750 346 1779 Sic
366 1750 470 1779 amovit
496 1750 681 1787 suspicionem
713 1750 747 1779 de
777 1750 904 1779 doctrina
924 1759 969 1779 ra-

121 1797 195 1826 tione
216 1796 417 1826 occultationis
424 1808 435 1831 ;
456 1800 580 1826 removet
600 1797 698 1826 deinde
720 1798 826 1826 ratione
850 1796 968 1835 falsita-

122 1844 176 1878 tis,·
196 1838 270 1873 unde
301 1844 386 1873 mittit
415 1844 449 1873 ad
480 1844 563 1878 alios,
585 1844 681 1873 nolens
702 1844 760 1881 ipse
784 1845 952 1881 respondere
960 1856 967 1880 ;

121 1893 269 1928 propterea
288 1891 370 1920 dicit:

200 1937 246 1967 35.
278 1938 368 1973 (Vers.
396 1939 464 1975 21).
498 1938 576 1974 Quid
606 1947 651 1967 me
681 1939 866 1976 interrogas,
903 1947 967 1968 cum

121 1985 190 2020 mihi
211 1993 265 2014 non
286 1985 383 2015 credas
403 1988 432 2014 et
451 1985 486 2014 ab
506 1986 567 2014 aliis
589 1985 660 2015 scire
681 1986 791 2022 possis?
813 1986 968 2024 Interroya

184 2185 192 2199 ¹
211 2187 277 2209 Vers.
294 2186 332 2209 49.
350 2187 457 2215 Gregor.,
475 2187 499 2209 ll.
516 2187 593 2209 Moral.
610 2193 630 2209 c.
647 2188 669 2210 2.
686 2194 708 2210 n.
726 2189 756 2210 2:
774 2188 830 2211 Hinc
842 2191 887 2216 est,
904 2189 967 2217 quod

121 2225 151 2248 de
167 2228 280 2253 negaturo
300 2226 366 2248 Petro
383 2226 550 2254 praemittitur:
569 2226 631 2254 Quia
647 2227 727 2256 frigas
743 2228 819 2250 erat...
837 2228 883 2250 lam
906 2234 968 2250 nam-

121 2270 167 2293 que
184 2264 244 2287 intus
261 2270 273 2287 a
291 2264 391 2287 caritatis
408 2265 483 2287 calore
500 2267 619 2293 torpuerat
635 2267 658 2287 et
674 2266 704 2288 ad
721 2271 825 2288 amorem
840 2266 968 2294 praesentis

120 2302 194 2330 vitae,
211 2303 278 2332 quasi
294 2303 325 2325 ad
341 2306 517 2332 persecutorum
529 2309 626 2332 prunas,
645 2303 775 2326 infirmitate
792 2307 917 2332 aestuante,
935 2311 968 2327 re-

120 2341 216 2365 calebat.
232 2341 276 2365 Cl'r.
295 2342 412 2369 Bet-nard„
437 2343 512 2365 Serm.
536 2342 559 2364 in
583 2342 670 2365 Cantic.
694 2349 764 2365 serm.
782 2343 818 2365 58.
837 2350 859 2366 n.
877 2343 898 2366 5.
916 2343 967 2372 (Ed.

120 2387 175 2404 cum
191 2381 295 2403 Gorrano
312 2383 365 2409 post
380 2379 437 2410 quia
454 2382 562 2410 tepuerat
573 2381 637 2403 addit
649 2381 673 2404 z'n
686 2380 775 2405 Christi
784 2381 926 2412 dilectione).
937 2395 967 2400 —

120 2419 195 2448 Beda,
217 2419 255 2442 IV.
276 2419 299 2442 in
324 2420 391 2442 Mare.
411 2419 452 2446 ⁴4,
474 2419 519 2442 54:
542 2420 593 2448 Quo
610 2420 696 2448 frigore
716 2423 822 2450 torpens,
839 2422 868 2444 ad
885 2423 966 2444 horam

120 2458 243 2486 Apostolus
267 2458 359 2487 Petrus,
376 2459 443 2487 quasi
460 2459 540 2486 prunis
557 2459 714 2482 ministrorum
731 2459 844 2488 Caiphae,
869 2460 967 2483 calefieri

120 2496 241 2525 cupiebat,
258 2497 313 2526 quia
330 2497 462 2525 temporalis
479 2498 596 2520 commodi
613 2498 720 2521 solatium
737 2499 879 2527 perfidorum
897 2500 967 2522 socie-

121 2538 166 2558 tate
182 2535 309 2564 quaerebat
325 2538 368 2558 etc.
385 2536 408 2558 ln
428 2536 490 2559 loan.
508 2537 549 2565 ¹¹8,
568 2537 605 2559 ⁴7.
622 2537 672 2565 ipse
690 2537 726 2567 (ex
743 2537 847 2567 August,
865 2538 889 2561 in
906 2540 966 2562 loan.

121 2575 209 2603 Evang.
225 2577 252 2597 tr.
271 2575 323 2597 113.
340 2581 363 2597 n.
382 2574 413 2604 2.)
430 2575 476 2597 ait:
494 2576 559 2603 Ecce,
575 2578 610 2598 est
625 2576 662 2598 illa
680 2577 834 2604 promittentis
845 2578 967 2601 audacia...

121 2614 209 2637 Siccine
225 2620 268 2642 pro
286 2614 384 2636 Domino
401 2614 477 2636 anima
494 2614 595 2642 ponitur,
607 2617 640 2642 ut,
652 2616 696 2637 hoc
708 2621 737 2637 ne
748 2615 800 2643 flat,
811 2622 855 2638 vox
871 2617 966 2639 ancillae

121 2653 275 2676 formidetur?
292 2652 337 2676 Cfr.
353 2655 430 2675 tamen
446 2653 537 2681 Haym„
548 2654 632 2676 Homil.
649 2654 678 2676 de
696 2654 824 2683 Tempore,
836 2656 915 2678 homil.
928 2656 966 2678 68.

122 2692 176 2714 feria
198 2694 260 2714 sexta
276 2698 427 2720 parasceves,
444 2692 467 2714 in
483 2698 530 2721 qua
552 2693 630 2720 passio
647 2693 674 2715 D.
691 2693 715 2715 N.
733 2694 748 2716 Ι.
765 2693 819 2716 Chr.
836 2694 965 2717 secundum

120 2731 228 2754 loannem
245 2731 379 2759 explicatur,
394 2734 417 2753 et
433 2731 529 2754 dicitur:
541 2731 643 2755 Stabant
657 2733 738 2755 autem
754 2732 840 2756 servi...
852 2733 909 2763 quia
924 2733 965 2763 sri-

121 2775 166 2799 pus
176 2771 240 2798 erat,
251 2771 274 2792 et
284 2769 452 2799 calefaciebant
461 2776 493 2793 se.
505 2770 587 2798 Frigus
599 2773 647 2793 erat
658 2771 797 2794 infidelitatis
814 2772 838 2794 in
855 2772 965 2795 cordibus

121 2808 210 2831 illorum
227 2808 249 2830 in
266 2811 355 2831 tanturn
372 2809 455 2836 etiam,
472 2811 497 2831 ut
514 2809 550 2831 ille
571 2809 680 2838 princeps
702 2810 864 2838 Apostolorum
890 2812 912 2834 in
937 2818 965 2834 eo

122 2846 207 2875 frigore
224 2848 352 2875 torpescat,
368 2847 424 2876 quia
447 2848 548 2870 necdum
574 2849 650 2871 calore
674 2849 746 2871 sancti
763 2850 862 2877 Spiritus
878 2851 965 2873 inflam-

121 2888 197 2908 matus
212 2886 265 2915 suit,
283 2886 305 2908 in
321 2892 369 2915 quo
379 2893 425 2909 non
437 2887 512 2909 solum
525 2887 574 2915 ipse
585 2887 668 2910 iterum
681 2891 734 2916 post
745 2891 866 2916 acceptum
879 2890 901 2912 S.
914 2890 965 2917 Spi-

120 2923 178 2946 ritus
193 2924 282 2947 donum
299 2931 344 2947 non
361 2925 436 2948 timuit
452 2925 568 2948 Christum
585 2932 664 2948 coram
684 2927 823 2955 imperatore
839 2931 862 2950 et
878 2928 965 2955 populo

121 2961 226 2985 Romano
243 2963 356 2991 confiteri,
373 2964 415 2986 sed
431 2964 500 2987 etiam
516 2964 581 2993 pueri
594 2964 734 2988 imberbes...
745 2965 861 2988 Christum
874 2966 965 2994 publice

1817 175 1874 204 483

1027 259 1074 279 eos
1095 251 1148 289 qui
1167 251 1345 285 audierant,
1368 252 1440 288 quid
1461 252 1574 281 locutus
1598 261 1665 281 sum
1687 253 1727 281 eis
1739 253 1761 286 ⁵,
1783 256 1815 282 ut
1836 254 1875 282 eis

1027 297 1136 332 credas,
1158 298 1239 335 quia,
1271 307 1345 332 ecce,
1368 297 1399 327 hi
1418 299 1531 333 sciunt,
1561 308 1636 337 qaae
1667 299 1793 328 dixerim
1815 309 1872 338 eyo.

1027 344 1256 381 Chrysostomus:
1283 357 1296 370 α
1311 346 1369 374 Non
1389 346 1516 375 audentis
1534 350 1599 375 sunt
1620 346 1720 380 verba,
1742 346 1789 375 sed
1811 355 1874 376 con-

1027 392 1137 421 fidentis
1159 392 1185 420 in
1207 400 1305 421 eorum
1325 401 1397 429 quae
1422 393 1495 421 dicta
1522 396 1601 422 erant
1630 394 1745 422 veritate
1760 405 1787 428 »;
1810 394 1873 422 Pro-

1027 439 1189 467 verbiorum
1211 442 1322 468 octavo:
1343 451 1356 464 a
1372 440 1444 468 Recti
1461 443 1526 468 sunt
1540 448 1636 469 omnes
1650 448 1792 469 sermones
1806 441 1873 476 mei;

1028 493 1082 514 non
1103 488 1144 514 est
1166 485 1192 513 in
1214 486 1254 514 eis
1274 494 1393 522 pravum
1413 486 1480 524 quid
1501 494 1591 524 neque
1613 495 1777 524 perversum
1793 499 1820 515 ».

1107 533 1152 561 36.
1176 533 1265 569 (Vers.
1288 534 1356 569 22).
1385 534 1485 562 Haec⁶
1514 542 1579 562 cum
1607 535 1735 563 dixisset.
1758 535 1805 564 Hic
1826 544 1873 572 po-

1026 578 1103 606 nitur
1125 578 1249 613 tertium,
1271 579 1375 608 scilicet
1402 583 1516 616 propter
1547 581 1753 617 responsionem
1782 582 1874 611 illatio

1027 625 1159 654 iniuriae
1179 625 1250 654 facto
1271 629 1298 654 et
1319 626 1412 655 verbo.
1436 627 1539 655 Facto:
1567 628 1648 656 Unus
1668 629 1807 657 assistens
1820 629 1874 658 mi-

1026 672 1189 700 nistrorum
1212 673 1290 701 dedit
1310 673 1432 710 alapam
1453 674 1533 707 Iesu,·
1555 675 1730 704 Threnorum
1754 676 1836 705 tertio
1849 677 1873 704 ⁷:

1031 730 1044 744 α
1060 718 1141 747 Dabit
1152 719 1317 756 percutienti
1332 728 1361 748 se
1376 720 1517 748 maxillam
1529 731 1556 754 »;
1570 724 1597 749 et
1612 721 1749 750 Michaeae
1763 723 1873 759 quinto:

1032 777 1045 790 ι(
1061 766 1218 794 Percutient
1239 767 1381 795 maxillam
1402 767 1501 796 iudicis
1523 768 1604 797 lsrael
1620 780 1646 796 ».
1669 769 1818 798 Iniuriatus
1833 773 1873 798 est

1026 811 1129 840 verbo:
1154 813 1274 841 Dicens:
1297 813 1345 842 Sic
1376 815 1532 851 respondes
1555 815 1707 851 pontifici?
1729 816 1812 852 Quasi
1833 816 1874 845 di-

1027 863 1083 888 cat:
1105 860 1191 889 stulte
1222 861 1389 897 respondes,
1418 861 1483 898 quia
1514 862 1636 898 pontifici
1669 863 1811 892 humiliter
1832 866 1875 892 est

1027 907 1268 944 respondendum
1290 908 1363 936 unde
1384 908 1518 937 dixerunt
1550 909 1633 937 Paulo
1660 910 1778 938 Actuum
1800 910 1874 947 vige-

1026 954 1096 983 simo
1117 955 1214 983 tertio:
1241 966 1254 979 «
1269 955 1415 983 Summum
1437 956 1606 984 sacerdotem
1629 956 1676 985 Dei
1693 957 1832 986 maledicis
1844 961 1874 987 »ἵ

1105 1001 1151 1029 37.
1173 1001 1263 1037 (Vers.
1279 1001 1346 1037 23).
1370 1002 1525 1039 Respondit
1546 1003 1572 1031 ei
1592 1003 1682 1031 Iesus.
1699 1004 1745 1032 Hic
1760 1007 1872 1034 notatur

1025 1050 1171 1085 quartum,
1194 1048 1297 1077 scilicet
1325 1050 1510 1086 supportatio
1539 1050 1713 1087 patientiae,
1736 1051 1809 1088 quod
1832 1052 1873 1080 in-

1026 1095 1124 1123 nuitur
1145 1095 1173 1123 in
1194 1095 1302 1124 Domini
1325 1096 1518 1133 responsione,
1540 1097 1606 1134 quia
1634 1098 1737 1126 malum
1759 1106 1870 1128 servum

1024 1141 1163 1174 sustinet‚·
1184 1141 1257 1170 unde
1279 1142 1387 1171 subdit:
1411 1143 1443 1171 Si
1463 1143 1538 1172 male
1558 1144 1671 1172 locatus
1685 1153 1769 1179 sum,
1796 1145 1872 1174 testi-

1026 1188 1158 1217 monium
1175 1187 1294 1225 perhibe
1314 1189 1348 1217 de
1369 1189 1464 1223 malo,-
1479 1191 1557 1227 quasi
1572 1190 1657 1219 dicat:
1673 1195 1786 1228 paratus
1810 1200 1871 1221 sum

1025 1236 1163 1265 sustinere
1194 1243 1327 1273 poenam;
1358 1236 1497 1270 instrait;
1518 1237 1591 1266 unde
1618 1238 1698 1267 dicit:
1722 1238 1755 1267 Si
1774 1242 1872 1268 aatem

1026 1282 1101 1317 bene,
1124 1283 1201 1311 cur*3
1223 1291 1266 1311 me
1287 1282 1406 1311 caedis?
1428 1284 1519 1320 quasi:
1543 1292 1731 1321 recognoscas,
1754 1288 1780 1314 te
1802 1286 1873 1315 male

1025 1329 1123 1358 facere.
1147 1329 1175 1357 ln
1197 1337 1253 1366 quo
1275 1329 1345 1358 mira
1365 1330 1520 1367 benIgnitas
1533 1330 1635 1359 Christi
1650 1335 1779 1366 notatur,
1798 1333 1872 1369 quod

1024 1384 1080 1404 non
1113 1376 1204 1405 solum
1231 1376 1408 1410 sustinebat,
1440 1377 1487 1405 sed
1518 1377 1600 1406 etiam
1632 1378 1798 1413 erudiebat,
1831 1387 1872 1408 se-

1024 1422 1146 1451 cundum
1174 1422 1241 1451 illud
1271 1423 1382 1451 Levitici
1410 1423 1517 1452 decimo
1545 1424 1658 1452 nono⁹=
1694 1436 1707 1450 α
1723 1425 1761 1454 Ne
1781 1425 1874 1455 oderis

1023 1469 1138 1498 fratrem
1160 1472 1256 1504 tuum,
1279 1469 1327 1498 sed
1357 1470 1468 1507 publice
1498 1478 1585 1507 argue
1612 1478 1691 1505 eum,
1713 1479 1747 1500 ne
1768 1472 1870 1502 habeas

1024 1525 1109 1554 super
1130 1516 1176 1545 illo
1197 1520 1380 1553 peccatum».

1346 1611 1549 1648 Quaasnoues.

1104 1703 1149 1731 38.
1172 1703 1282 1739 Quaest.
1305 1704 1323 1732 I.
1345 1704 1397 1733 Sed
1418 1704 1564 1741 quaeritur
1586 1704 1631 1733 hic
1656 1705 1746 1742 primo
1763 1705 1797 1734 de
1820 1706 1872 1735 hoc

1025 1750 1099 1787 quod
1119 1750 1222 1779 dicitur
1243 1751 1370 1780 Matthaei
1398 1751 1528 1788 vigesimo
1550 1754 1630 1780 sexto
1642 1752 1673 1786 ¹⁰,
1695 1753 1769 1789 quod
1791 1753 1873 1781 mini—

1025 1797 1075 1825 stri
1104 1800 1229 1825 tenentes
1249 1797 1339 1826 lesum
1360 1798 1509 1826 duxerunt
1530 1799 1571 1827 ad
1592 1798 1735 1836 Caipham
1759 1800 1871 1836 princi-

1023 1853 1088 1882 pem
1108 1845 1312 1878 sacerdotum,·
1333 1845 1471 1882 quomodo
1497 1846 1615 1876 ,loannes
1640 1846 1719 1880 dicit,
1741 1847 1815 1884 quod
1837 1847 1871 1876 ad

1026 1891 1168 1921 Annam?

1104 1941 1130 1968 2.
1153 1940 1235 1974 Item,
1257 1947 1321 1969 cum
1336 1940 1426 1969 Annas
1440 1948 1494 1969 non
1509 1943 1581 1969 esset
1595 1941 1718 1978 pontifex
1731 1942 1763 1975 ¹¹,
1785 1950 1872 1978 quare

1024 1986 1058 2015 ad
1079 1986 1171 2023 ipsum
1192 1987 1294 2016 ductus
1314 1981 1377 2016 est?

1025 2189 1053 2211 ad
1067 2192 1164 2211 mortem
1176 2188 1368 2212 confitebantur...
1379 2195 1450 2218 quem
1466 2190 1568 2218 claviger
1579 2192 1635 2213 caeli
1647 2191 1749 2214 confiteri
1761 2192 1789 2214 ad
1803 2192 1871 2215 unius

1024 2227 1119 2249 ancillae
1137 2233 1219 2249 vocem
1237 2227 1377 2249 formidavit.

1087 2264 1096 2277 ²
1114 2266 1212 2293 Vulgata
1229 2272 1294 2295 erqo.
1311 2265 1356 2289 Cfr.
1373 2272 1442 2294 supra
1460 2274 1481 2289 n.
1500 2268 1538 2289 26.

1088 2303 1097 2317 ⁸
1114 2306 1212 2333 Vulgata
1235 2305 1401 2335 interrogavit,
1424 2313 1484 2335 quae
1508 2307 1576 2329 etiam
1602 2307 1701 2330 subinde
1726 2308 1824 2332 vocibus
1849 2311 1872 2333 el

1024 2343 1133 2367 doctrina
1150 2345 1262 2367 interserit
1279 2344 1313 2367 de.
1324 2357 1355 2361 —
1367 2345 1474 2374 Sequitur
1492 2346 1567 2368 Matth.
1584 2347 1626 2373 22,
1644 2347 1685 2369 15:
1703 2347 1769 2370 Tunc
1786 2348 1871 2370 abeun-

1025 2386 1058 2406 tes
1076 2384 1190 2406 Pharisaei
1208 2384 1328 2406 consilium
1347 2384 1457 2411 inierunt,
1475 2387 1499 2407 ut
1516 2388 1625 2413 caperent
1642 2392 1695 2408 eum
1713 2386 1737 2408 iu
1753 2392 1869 2409 sermone.

1023 2434 1054 2439 —
1072 2423 1095 2444 Β.
1118 2422 1214 2449 Albert.,
1236 2422 1325 2445 Postilla
1350 2423 1374 2445 in
1400 2424 1459 2445 loan.
1479 2424 1520 2450 ts,
1539 2424 1580 2445 49:
1598 2424 1709 2453 Pontifeoe
1733 2431 1801 2454 erqo,
1824 2432 1870 2448 non

1024 2461 1078 2483 anni
1094 2461 1155 2483 illius
1171 2460 1231 2490 [scil.
1247 2460 1360 2489 Caiphas;
1377 2462 1418 2484 cfr.
1429 2468 1452 2484 v.
1469 2461 1528 2491 l3.],
1546 2462 1586 2484 sed
1604 2463 1643 2491 qui
1661 2465 1798 2490 potestatem
1816 2470 1868 2487 cum

1023 2499 1110 2528 Caiplia
1135 2502 1222 2522 emerat
1239 2499 1334 2529 [nempe
1355 2500 1446 2529 Annas;
1464 2501 1504 2523 cfr.
1520 2501 1577 2523 infra
1594 2507 1617 2523 n.
1634 2501 1672 2524 38.
1692 2505 1715 2524 et
1732 2502 1795 2531 43.];
1814 2503 1869 2526 vide

1023 2539 1091 2562 etiam
1110 2538 1212 2566 Calmetl,
1230 2539 1251 2561 in
1269 2539 1368 2561 eunden]
1386 2539 1427 2561 loc.

1086 2577 1096 2590 ⁴
1113 2578 1211 2606 Vulgata
1233 2577 1332 2601 occulto.
1348 2590 1379 2595 —
1396 2577 1499 2601 Subinde
1520 2579 1632 2607 allegatur
1654 2580 1704 2602 lsai.
1722 2580 1764 2607 45,
1781 2581 1804 2603 6.
1820 2587 1868 2610 seq.

1023 2617 1068 2640 Cfr.
1086 2618 1142 2639 infra
1160 2624 1182 2639 n.
1200 2617 1237 2639 44.

1085 2655 1095 2668 ⁵
1112 2656 1211 2684 Vulgata
1223 2655 1315 2679 locatus
1326 2662 1381 2679 sum
1397 2655 1462 2686 ipsis.
1473 2669 1504 2673 —
1516 2657 1630 2679 Sententia
1642 2657 1759 2685 chrysost.
1772 2658 1869 2681 habetur

1022 2695 1045 2717 in
1063 2695 1124 2717 loan.
1137 2695 1215 2717 homil.
1227 2695 1265 2717 83.
1278 2695 1342 2721 (alias
1359 2695 1406 2723 82)
1423 2701 1447 2717 n.
1464 2696 1485 2717 3.
1503 2695 1612 2724 Sequitur
1628 2696 1712 2719 deinde
1729 2697 1796 2719 Prov.
1809 2698 1834 2726 8,
1847 2698 1869 2720 8.

1084 2732 1094 2746 ⁶
1112 2734 1209 2761 Vulgata
1227 2734 1289 2757 Haec
1305 2734 1393 2756 autem.

1085 2771 1094 2785 ⁷
1111 2773 1176 2795 Vers.
1194 2773 1230 2794 30.
1247 2785 1278 2789 —
1295 2773 1428 2801 Sequuntur
1444 2773 1510 2795 Micb.
1529 2773 1554 2801 5,
1573 2773 1593 2796 1.
1610 2776 1632 2796 et
1649 2775 1697 2797 Act.
1716 2775 1757 2803 23,
1776 2775 1796 2797 4.

1084 2810 1094 2823 Β
1112 2812 1208 2839 Vulgata
1226 2810 1288 2840 qaid.
1307 2823 1337 2827 —
1354 2812 1424 2833 Paulo
1441 2812 1549 2840 superius
1560 2811 1633 2835 verbo
1651 2812 1748 2837 instruit
1764 2813 1801 2836 ed.
1813 2820 1867 2836 cuni

1021 2851 1124 2873 Gorrano
1142 2850 1249 2878 praefigit
1265 2850 1295 2873 Et
1310 2849 1345 2873 sic
1361 2856 1423 2873 eum.

1084 2887 1094 2900 ⁹
1112 2889 1176 2911 Vers.
1196 2889 1231 2911 47.

1086 2926 1106 2940 ¹⁰
1123 2928 1187 2950 Vers.
1206 2928 1244 2950 57.

1086 2965 1104 2978 ¹¹
1122 2966 1167 2989 Csr.
1185 2972 1254 2994 supra
1274 2972 1295 2988 v.
1317 2967 1352 2989 13.

1891 541 1983 560 Tertium.

1889 1009 1988 1033 Quartum.
