2296 3316
33 1572 117 1591 Tertium.

759 131 928 160 COMMENT.
951 131 984 160 IN
1005 130 1152 160 IOANNEM
1173 131 1201 159 C.
1224 130 1265 159 [X.

135 212 209 250 quod
229 219 328 249 opera,
351 218 423 248 quae
442 210 506 239 fecit
526 209 615 243 Deus,
637 211 816 246 perseverant
836 208 864 236 in
892 210 980 236 aeter-

135 266 201 288 num
217 270 230 284 n
249 261 300 287 etc.
316 257 378 286 Ideo
392 256 426 285 ad
440 255 686 285 manifestationem
701 262 800 284 caecus
820 256 902 283 natus
922 256 980 288 est,

134 305 199 343 quia
220 312 249 333 se
268 304 350 332 offert
370 302 563 340 opportunitas
582 300 789 335 manifestandi;
811 300 886 329 unde
899 299 979 328 dicit:

211 352 237 380 4.
259 351 348 388 (Vers.
370 350 419 384 4.).
435 349 478 378 Me
491 352 601 386 oporiet
614 348 735 385 operari
749 355 839 385 opera
852 347 915 376 eius
929 346 982 385 qui

134 398 213 428 misit
232 406 284 426 me.
300 397 370 425 Haec
383 398 449 425 sunt
466 403 551 432 opera
564 394 745 428 miraculosa,
767 401 839 431 quae
853 393 925 422 Patri
940 395 981 422 at-

134 445 243 478 tribuit,
265 443 331 481 quia
345 442 396 472 sibi
420 441 617 479 appropriatur
632 440 765 478 potentia;
782 440 855 469 infra
874 439 981 469 decimo

134 492 268 529 quart01:
295 489 398 518 «Pater
419 489 448 517 in
470 495 514 517 me
539 495 664 522 manens,
685 487 743 524 ipse
767 487 831 516 facit
851 494 980 524 opera»;

134 545 219 574 supra
232 536 343 574 quinto:
370 547 384 560 α
395 535 498 572 Opera,
513 541 585 571 quae
598 534 672 563 dedit
687 533 754 562 mihi
770 534 857 568 Pater,
872 535 904 562 ut
918 541 981 570 per-

134 583 223 613 ficiam
244 590 291 617 ea,
313 583 373 619 ipsa
393 589 493 619 opera,
514 588 586 618 quae
613 588 663 618 ego
684 580 768 614 facio,
791 579 979 609 testimonium

134 630 280 669 perhibent
310 629 344 659 de
364 636 424 663 me,
449 628 515 665 quia
542 628 621 656 Pater
651 627 727 656 misit
756 634 800 656 me
821 638 847 654 ».
873 626 980 663 Oppor-

134 678 237 707 tunitas
257 676 372 705 faciendi
401 676 468 705 haec
489 683 574 712 opera
600 674 699 709 durat,
726 674 815 703 donee
841 673 903 702 dies
923 676 980 706 est;

133 724 244 754 veniet²
272 731 347 757 uox,
379 722 497 761 quaudo
527 730 609 750 nemo
634 724 724 758 potest
745 720 866 757 operari
872 730 882 753 ;
913 722 980 748 tunc

133 770 205 799 enim
220 771 309 798 cessat
328 768 533 805 opportunitas;
552 767 726 804 Apocalypsis
739 766 845 795 decimo
866 768 978 803 quarto:

138 827 151 841 «
166 815 266 844 Amodo
287 815 341 844 iam
361 815 428 844 dicit
448 814 579 851 Spiritus,
601 816 633 842 ut
654 813 830 850 requiescant
843 821 859 841 a
879 812 980 843 labori-

133 863 186 892 bus
207 862 279 896 suis;
301 869 385 899 opera
413 861 485 890 enim
507 861 619 889 illorum
641 862 798 897 sequuntur
826 859 887 887 illos
901 869 932 893 »;
953 861 981 887 et

135 909 310 939 Ecclesiastae
331 917 418 937 nono:
445 919 458 933 α
473 907 673 944 Quodcumque
689 910 777 944 potest
797 914 896 935 manus
918 908 978 940 tua,

133 958 267 986 instanter
287 963 418 993 operare,
440 955 505 993 quia
532 962 582 983 nec
603 962 673 991 opus
694 961 744 982 nec
772 953 842 982 ratio
866 960 916 981 nec
937 960 979 981 sa-

134 1005 235 1042 pientia
256 1012 305 1033 nec
327 1003 441 1032 scientia
461 1005 544 1031 erunt
558 1001 631 1038 apud
653 1000 771 1035 inferos,
787 1009 843 1038 quo
864 1003 894 1029 tu
916 1008 980 1037 pro-

134 1058 214 1088 peras
228 1062 254 1078 ».
277 1050 344 1087 Quis
359 1050 394 1078 sit
414 1052 506 1078 autem
522 1049 573 1077 iste
593 1048 667 1082 dies,
683 1047 727 1076 hic
748 1047 884 1084 explicat;
906 1046 980 1075 unde

133 1097 215 1126 dicit:

213 1145 237 1172 5.
258 1143 346 1178 (Vers.
370 1143 417 1178 5.).
449 1141 599 1178 Quamdiu
619 1150 686 1169 sum.
714 1141 745 1169 z'fn
772 1141 899 1174 mundo,
928 1140 979 1169 lux

133 1199 200 1219 sum
221 1189 332 1218 muudi.
362 1189 438 1218 Sicut
459 1189 543 1226 igitur
571 1188 629 1217 dies
649 1196 704 1217 non
725 1191 766 1217 est
794 1187 868 1216 aliud
896 1195 979 1224 quam

135 1237 288 1275 praesentia
308 1236 377 1265 lucis
398 1236 425 1264 in
448 1239 538 1269 terra,
560 1235 598 1264 sic
618 1235 676 1264 dies
697 1235 747 1264 iste
768 1243 822 1263 non
844 1238 885 1263 est
905 1234 979 1262 aliud

134 1290 217 1320 quam
248 1282 403 1319 praesentia
423 1281 524 1310 Christi
556 1281 582 1310 in
607 1281 725 1315 mund0;
759 1281 906 1310 Malachiae
937 1281 979 1309 ul-

134 1329 237 1358 timos:
264 1340 277 1353 ιι
292 1328 405 1357 Orietur
429 1328 507 1357 vobis
539 1328 697 1357 timentibus
721 1328 809 1356 Deum
838 1328 877 1356 sol
902 1327 980 1356 iusti-

135 1376 224 1405 tiae».
247 1375 307 1404 {deo
328 1375 460 1404 Dominus
481 1375 546 1404 dicit
567 1374 639 1403 infra
652 1374 827 1403 duodecimo:
853 1374 981 1402 «Ambu-

135 1422 203 1456 late‚
225 1422 292 1451 dum
314 1422 402 1450 lucem
418 1421 540 1455 habetis,
563 1424 594 1450 ut
614 1421 744 1450 tenebrae
765 1429 814 1450 vos
831 1429 884 1449 non
906 1429 979 1449 com-

135 1469 307 1506 prehendant
321 1481 347 1496 ».

214 1516 239 1544 6.
262 1515 350 1552 (Vers.
374 1515 421 1551 6.).
444 1515 521 1544 Haec
542 1523 610 1543 eum
630 1515 758 1544 dixisset.
781 1515 914 1552 Tangitur
936 1515 980 1544 hic

135 1563 263 1597 tertium,
285 1563 388 1592 scilicet
408 1562 515 1592 divinae
535 1562 654 1590 virtutis
677 1562 824 1590 mirabilis
852 1562 980 1599 operatio

135 1610 162 1639 in
183 1610 251 1644 hoc,
274 1609 348 1647 quod
369 1613 450 1646 sputo
471 1612 499 1638 et
518 1609 577 1638 luto
598 1617 683 1646 opaco
698 1610 791 1638 lumen
813 1609 902 1638 reddit
922 1609 980 1638 solo

135 1658 258 1694 imperio.
275 1657 336 1686 Ideo
355 1657 434 1686 dicit:
456 1656 534 1685 Haec
549 1665 617 1685 cum
637 1656 770 1691 dixisset,
792 1656 895 1685 scilicet
909 1664 980 1693 quac

136 1703 275 1741 praedicta
296 1707 376 1738 sunt;
391 1703 506 1740 exspuit
527 1703 683 1731 interram
704 1706 730 1731 et
749 1702 817 1740 fecit
838 1703 932 1731 lutum
945 1711 979 1730 ex

136 1754 220 1787 sputo
239 1753 265 1778 el
285 1750 379 1778 linivit
400 1750 493 1778 lutum
507 1758 596 1787 super
610 1749 707 1778 oeulos
721 1750 798 1782 etum
819 1749 882 1778 fecit
901 1749 980 1786 quasi

136 1797 281 1833 collyrium
302 1797 335 1825 ad
357 1796 508 1825 sanandum
530 1796 640 1830 oculos,
661 1796 835 1833 Apocalypsis
857 1795 938 1824 tertio
952 1796 979 1823 ⁴¹:

141 1855 154 1868 «
167 1844 285 1880 Collyrio
306 1844 407 1881 inunge
428 1843 523 1872 oculos
544 1846 621 1877 tuos,
644 1845 675 1871 nt
697 1842 787 1871 videas
801 1854 827 1870 ».

200 2016 205 2028 ¹
226 2017 290 2039 Vers.
309 2017 353 2043 ·lO;
371 2023 420 2046 seq.
436 2017 500 2039 loeus
517 2020 551 2039 est
568 2018 594 2044 5,
612 2017 648 2039 36.
666 2029 697 2033 —
714 2017 746 2039 De
767 2017 923 2045 appropriatis
940 2018 980 2040 csr.

137 2057 150 2078 Ι.
170 2057 229 2079 Sent.
247 2057 270 2079 (1.
288 2056 325 2079 34.
344 2063 365 2085 q.
385 2057 405 2079 3.
423 2059 446 2079 et
462 2057 582 2085 Breviloq:
597 2063 619 2085 p.
638 2057 651 2079 1.
670 2063 688 2079 c.
707 2057 728 2079 6.

198 2093 207 2107 ²
226 2095 322 2123 Vulgata
348 2095 416 2118 venit.
433 2107 464 2112 —
481 2096 614 2124 Sequuntur
638 2096 709 2124 Apoc.
733 2096 773 2123 44,
798 2096 833 2118 13.
857 2095 919 2123 (vide
943 2096 979 2118 lV.

137 2135 198 2156 Seni.
216 2134 238 2156 d.
256 2135 292 2157 20.
310 2140 332 2162 p.
350 2135 363 2156 1.
382 2141 404 2163 q.
423 2135 443 2156 l.
462 2134 491 2156 ad
515 2135 544 2163 ἸΙ.)
568 2138 590 2157 et
615 2135 687 2157 Eccle.
706 2136 730 2161 9,
753 2135 789 2162 lO,
812 2136 841 2158 de
866 2141 913 2164 qno
938 2137 978 2158 cfr.

137 2178 206 2200 supra
223 2172 353 2195 Comment.

199 2210 208 2223 ³
226 2212 291 2234 Vers.
308 2213 330 2234 2.
348 2224 377 2228 —-
394 2213 446 2241 Seq.
465 2213 528 2235 locus
545 2215 578 2235 est
595 2213 655 2235 loan.
669 2213 710 2240 ¹12,
729 2212 765 2235 35.
785 2225 813 2228 —
831 2213 930 2241 Ariston,
944 2213 980 2235 Vl.

137 2251 215 2279 Topic.
234 2257 253 2273 c.
272 2252 294 2273 3.
312 2251 341 2280 (c.
360 2251 404 2280 4.):
424 2251 477 2274 Dies
498 2254 533 2273 est
554 2251 608 2274 solis
625 2252 678 2273 latio
696 2257 766 2279 super
783 2254 875 2274 terram.
893 2264 924 2268 —
942 2252 981 2274 Su-

137 2291 214 2318 perius
233 2296 274 2318 pro
292 2290 390 2318 Christi,
409 2290 473 2319 qnod
490 2290 560 2313 habet
577 2291 606 2318 Β,
624 2290 660 2312 alii
677 2291 747 2313 codd.
766 2293 788 2312 et
804 2291 841 2313 ed.
861 2290 927 2314 lucis.

198 2328 208 2341 ¹
226 2330 292 2352 Vers.
310 2329 347 2351 48.
364 2328 409 2352 Csr.
428 2329 534 2357 August„
551 2329 573 2351 in
591 2330 651 2352 loan.
669 2330 757 2357 Evang.
774 2332 802 2352 tr.
819 2330 841 2352 2.
861 2336 885 2352 n.
903 2330 938 2351 16.

199 2367 208 2379 ⁵
227 2369 325 2396 Vulgata
343 2368 425 2391 omittit
441 2370 470 2391 el.
484 2381 515 2385 —
527 2368 654 2396 Descriptio
666 2367 729 2391 siloe
747 2362 844 2391 habetur
862 2369 884 2390 in
902 2369 980 2391 Glossa

137 2406 262 2430 ordinaria
278 2407 341 2435 apud
366 2408 482 2435 Lyranum
505 2409 585 2436 estque
603 2413 630 2429 ex
647 2407 747 2434 Hieron„
764 2408 796 2430 111.
813 2407 941 2430 Comment.
958 2407 980 2429 in

137 2446 187 2469 lsai.
204 2447 231 2473 8,
249 2447 269 2468 5.
288 2452 361 2475 seqq,
380 2446 401 2468 in
420 2452 466 2475 quo
483 2449 544 2469 textu
561 2446 654 2474 plurimi
671 2446 740 2469 codd.
755 2446 905 2474 postmontis
917 2447 981 2469 omit-

137 2487 186 2507 tunt
203 2484 269 2508 Sion.
286 2484 329 2507 Cir.
348 2488 403 2507 tom.
422 2485 449 2508 V.
466 2491 520 2513 pag.
538 2485 595 2514 413,
612 2488 665 2508 nota
683 2486 704 2507 9.

198 2522 208 2535 ⁶
226 2525 248 2546 ln
271 2525 331 2547 loan.
349 2524 428 2547 homil.
445 2524 483 2547 57.
501 2524 566 2552 (alias
589 2524 636 2553 56.)
660 2531 680 2547 η.
700 2525 726 2546 ¹¹:
744 2525 823 2553 Neque
847 2525 907 2547 enim
933 2530 981 2547 me-

137 2563 249 2585 tuendum
272 2566 331 2591 erat,
349 2569 378 2585 ne
400 2564 450 2586 sacti
477 2564 549 2591 gloria
570 2564 630 2586 siloe
654 2565 784 2586 referretur.
801 2564 864 2586 Multi
880 2569 981 2593 namque

137 2601 186 2624 istic
203 2602 281 2624 oculos
298 2603 412 2629 laverant,
429 2603 468 2631 qui
491 2602 545 2625 nihil
569 2603 621 2625 inde
643 2602 697 2625 boni
721 2605 774 2625 sunt
799 2602 923 2625 consecuti.
940 2602 981 2625 Hic

137 2639 199 2662 enim
221 2640 295 2663 virtus
316 2639 399 2663 Christi
421 2641 498 2663 omnia
515 2644 637 2669 operatum
654 2641 754 2670 ideoque
770 2641 980 2669 interpretationem

138 2677 174 2700 hie
190 2678 267 2701 adiicit
284 2679 436 2707 Evangelista.
454 2676 512 2702 Cum
524 2671 617 2702 dixisset
634 2679 695 2702 enim
711 2679 736 2702 iu
753 2679 827 2707 Siloe,
840 2679 923 2702 adiecit
938 2679 981 2703 hoc

138 2718 171 2740 esl
187 2716 285 2745 Missus,
306 2720 330 2740 ut
346 2717 470 2745 intelligas,
486 2718 531 2740 illic
548 2724 561 2740 a
578 2717 667 2740 Christo
685 2721 791 2740 curatum
808 2724 859 2740 esse
875 2721 917 2741 etc.

199 2755 207 2767 '¹
227 2757 323 2784 Vulgata
336 2756 397 2780 Abiit
413 2763 478 2787 erqo.
495 2769 525 2774 —
542 2757 655 2780 Sententia
681 2757 798 2785 Chrysost.
823 2757 920 2780 liabetur
938 2758 980 2780 loc.

139 2795 161 2817 in
178 2795 286 2822 praeced.
305 2798 357 2818 nota
375 2796 411 2818 cit.

200 2831 209 2845 ⁸
227 2834 291 2857 Vers.
304 2834 326 2856 5.
337 2847 368 2851 —
380 2835 483 2863 Cragon,
501 2836 516 2857 l.
528 2835 611 2858 Homil.
631 2835 652 2857 in
671 2836 750 2857 Ezech.
764 2835 841 2858 homil.
854 2835 890 2857 10,
903 2841 926 2858 n.
938 2836 979 2857 20:

139 2873 214 2895 Saliva
231 2872 299 2895 nobis
315 2876 350 2896 est
364 2880 391 2896 ex
408 2880 449 2896 ore
471 2874 632 2902 Redemptoris
654 2876 747 2902 accepta
769 2874 881 2902 sapientia
899 2874 919 2896 in
938 2874 980 2897 elo-

139 2911 193 2939 quio
210 2911 296 2934 divino.
316 2912 389 2934 Saliva
407 2912 495 2941 quippe
512 2918 538 2935 ex
555 2912 629 2940 capite
646 2913 725 2935 defluit
742 2913 764 2934 in
782 2919 828 2935 ore.

1832 130 1889 160 373

1118 209 1144 235 7.
1167 207 1256 244 (Vers.
1279 207 1327 244 7.).
1350 208 1386 236 Ec
1406 207 1482 236 dizit
1495 206 1537 236 ei:
1555 207 1631 236 Vade
1644 207 1692 236 οἰδ
1707 207 1776 236 lava
1790 208 1822 236 ‘ln
1835 217 1890 237 ua-

1039 253 1149 282 latoria
1164 253 1246 282 Siloe.
1267 265 1281 279 (ι
1291 253 1362 283 Siloe
1376 256 1418 283 est
1431 254 1492 283 fons
1506 253 1540 282 ad
1556 253 1675 283 radicem
1694 254 1796 283 montis
1810 255 1889 289 Sion,

1038 300 1087 337 qui
1101 307 1156 328 non
1170 299 1282 336 iugibus
1302 300 1397 337 aquis,
1419 300 1510 330 sedin
1531 300 1614 329 certis
1628 300 1707 329 horis
1726 301 1824 330 ebullit
1839 309 1889 339 per

1038 353 1158 375 concava
1179 348 1320 375 terrarum
1334 358 1361 375 n.
1383 347 1416 376 Et
1436 347 1502 384 qnia
1523 347 1575 375 hoc
1596 354 1651 375 non
1673 346 1732 376 sine
1758 348 1889 384 mysterio

1038 394 1219 429 praeceptum
1232 394 1288 427 est,
1310 393 1404 422 subdit
1425 393 1596 431 Evangelista
1610 393 1730 422 nominis
1751 393 1889 430 interpre-

1039 439 1169 468 tationem
1190 439 1302 468 dicens:
1326 440 1410 476 Quod
1429 440 1641 478 inim-pretatur
1661 440 1778 469 Missus.
1801 440 1888 477 Chry-

1038 486 1214 515 sostomus⁶:
1241 497 1255 511 «
1269 486 1303 515 Ut
1323 487 1424 521 discas,
1445 487 1577 524 quoniam
1597 487 1652 516 illic
1667 487 1757 516 virtus
1778 487 1889 516 mitten-

1039 533 1074 561 tis
1094 536 1227 570 operatur
1241 545 1267 561 υ.
1284 533 1316 562 Et
1336 534 1427 563 virtus
1444 534 1613 571 exprimitur
1634 534 1662 562 in
1683 534 1799 568 effectu;
1815 534 1889 563 unde

1039 579 1147 608 subdit:
1170 580 1205 607 Et
1225 579 1298 608 abiit
1313 580 1323 597 ⁷
1344 584 1370 608 et
1398 580 1469 609 lavit
1495 583 1520 609 el
1540 580 1618 609 venit
1637 580 1755 614 vidam
1776 580 1804 610 in
1833 588 1890 617 quo

1038 628 1151 655 notatur
1182 626 1296 655 effectus
1323 627 1435 656 virtutis
1459 630 1487 656 et
1517 627 1672 656 obedientia
1702 628 1784 656 caeci.
1813 628 1889 656 Unde

1038 672 1266 709 chrysostomus:
1293 685 1307 698 «
1321 673 1389 702 Vide
1413 674 1486 702 caeci
1508 676 1628 702 mentem
1649 674 1682 702 ad
1712 674 1804 703 omnia
1824 675 1889 703 obe-

1038 719 1173 754 dientem;
1194 728 1249 748 non
1271 721 1344 749 enim
1366 720 1394 749 in
1415 721 1509 757 aliquo
1539 721 1715 758 angustiatur
1736 729 1888 758 quaerens,

1038 766 1081 795 vel
1112 766 1314 795 scandalizatur
1337 766 1446 795 dicens:
1479 767 1551 804 Quid
1570 775 1641 804 opus
1672 771 1714 797 est
1741 768 1815 802 lut0,
1841 776 1889 798 cu-

1038 813 1082 842 ius
1102 814 1191 850 gratia
1211 813 1362 848 inunxisti,
1385 814 1465 843 cuius
1486 814 1575 851 gratia
1599 814 1685 843 lavari
1706 815 1889 852 praecepisti?

1038 860 1090 889 Sed
1117 860 1186 889 nihil
1207 861 1309 889 horum
1340 861 1495 898 reputavit,
1525 861 1571 890 sed
1602 861 1636 890 ad
1667 862 1758 890 omnia
1788 869 1889 892 suasus

1038 907 1199 936 obedivit».

1117 955 1143 982 8.
1166 954 1322 983 Secundum
1351 955 1540 993 allegoriam:
1561 955 1658 984 saliva
1679 956 1736 985 sive
1757 959 1887 993 sputum,

1038 1001 1112 1039 quod
1133 1009 1169 1030 ex
1190 1009 1239 1030 ore
1259 1001 1395 1038 procedit,
1417 1002 1491 1039 quod
1506 1002 1587 1031 etiam
1610 1003 1712 1032 salsum
1728 1006 1782 1037 est,
1805 1003 1888 1040 signi-

1038 1048 1102 1077 ficat
1122 1047 1170 1076 Dei
1202 1047 1378 1084 sapientiam,
1410 1048 1443 1077 de
1468 1056 1524 1085 qua
1555 1048 1734 1078 Ecclesiastici
1756 1049 1888 1086 vigesimo

1038 1096 1139 1132 quarto
1153 1094 1180 1122 ⁸:
1206 1095 1263 1131 Eyo
1295 1103 1329 1123 ea:
1360 1102 1410 1123 ore
1440 1094 1586 1123 Allissimi
1611 1095 1714 1132 proclii
1741 1096 1887 1134 primoye-

1037 1141 1101 1170 uita
1115 1144 1166 1170 etc.
1183 1158 1221 1161 —
1241 1141 1348 1175 Terra,
1367 1149 1432 1170 caro
1447 1141 1582 1179 Virginis;
1604 1142 1728 1171 Psalmus
1739 1143 1765 1171 ⁹:
1795 1144 1887 1172 Terra

1037 1192 1141 1217 uoslra
1152 1187 1233 1216 (labii
1242 1186 1377 1225 fructum
1387 1197 1485 1218 suum.
1496 1205 1536 1209 —-
1547 1189 1649 1217 Saliva
1660 1193 1756 1218 terrae
1766 1191 1832 1219 coui
1836 1200 1887 1219 uu-

1037 1235 1135 1273 9itur,
1158 1234 1268 1272 qnando
1289 1235 1337 1264 Dei
1359 1235 1442 1264 Filius
1463 1243 1500 1264 ex
1521 1235 1632 1273 Virgine
1651 1237 1787 1272 nascitur,
1809 1241 1836 1266 et
1856 1238 1891 1266 fit

1039 1281 1150 1316 lutum,
1172 1289 1236 1310 cum
1265 1281 1388 1310 Verbum
1408 1290 1479 1310 caro
1506 1281 1622 1319 factum
1642 1286 1699 1317 est,
1728 1287 1755 1312 et
1776 1284 1828 1313 hoc
1853 1284 1887 1313 ad

1039 1331 1162 1357 nostram
1190 1328 1429 1363 reformationem,
1465 1329 1620 1358 secundum
1647 1330 1831 1367 Augustinum
1855 1331 1885 1359 ¹⁰.

1044 1387 1057 1400 «
1073 1375 1149 1404 Sicut
1169 1375 1243 1404 Deus
1268 1375 1407 1404 hominem
1428 1375 1463 1404 de
1484 1376 1549 1404 limo
1571 1378 1662 1405 terrae
1683 1376 1828 1412 formavit,
1850 1378 1887 1407 ita

1039 1430 1089 1460 per
1110 1422 1182 1451 idem
1196 1430 1284 1459 genus
1299 1422 1350 1451 luti
1366 1423 1521 1451 humanum
1543 1430 1631 1460 genus
1652 1424 1833 1460 reparavit».
1848 1441 1887 1445 -—

1039 1470 1093 1498 Hoc
1114 1470 1172 1498 luto
1194 1469 1382 1507 inunguntur
1403 1469 1481 1498 oculi
1493 1470 1604 1504 nostri,
1619 1470 1687 1499 dum
1701 1470 1729 1499 in
1744 1470 1887 1500 Christum

1039 1516 1182 1545 credentes
1212 1516 1406 1545 illuminantur
1436 1516 1568 1545 unctione
1588 1516 1675 1545 sancti
1697 1517 1831 1554 Spiritus,
1853 1517 1887 1547 de

1039 1571 1095 1600 qua
1115 1563 1221 1600 primae
1243 1563 1350 1592 Ioannis
1370 1563 1493 1592 secundo
1505 1564 1544 1591 ¹¹:
1571 1563 1671 1592 Unelio
1699 1564 1810 1593 docebit
1835 1573 1886 1593 vos

1038 1610 1072 1638 cle
1086 1609 1228 1638 omnibus.
1240 1626 1279 1630 —
1294 1610 1325 1638 Et
1339 1610 1479 1639 lavamur
1493 1610 1525 1639 iu
1539 1610 1626 1649 aquis
1641 1610 1731 1645 Siloe,
1747 1611 1774 1640 id
1789 1614 1830 1640 est
1844 1619 1887 1640 saf-

1038 1664 1101 1685 crae
1123 1656 1297 1693 Scripturae,
1312 1663 1472 1693 quaecum
1492 1657 1604 1685 silentio
1617 1656 1731 1694 fluunt,
1747 1658 1813 1695 quia
1831 1666 1886 1687 non

1038 1703 1156 1740 strepitu
1177 1704 1328 1732 verborum
1354 1704 1510 1733 mundanae
1535 1704 1725 1741 philosophiae
1755 1705 1885 1734 fucantur

1039 1750 1079 1779 vel
1109 1750 1284 1784 colorantur,
1313 1753 1341 1779 et
1368 1751 1395 1778 in
1426 1750 1580 1779 humilibus
1605 1751 1785 1788 requiescunt
1804 1755 1832 1781 et
1852 1752 1886 1781 de

1038 1796 1179 1825 montibus
1199 1796 1386 1831 descendunt;
1402 1797 1485 1825 Isaiae
1499 1799 1596 1826 octavo
1609 1798 1646 1825 ¹2:
1669 1798 1772 1836 Aquas
1794 1798 1884 1832 Silae,

1038 1851 1113 1881 quae
1132 1842 1231 1880 fluunt
1251 1851 1319 1872 cum
1339 1843 1459 1872 silentio.

1100 2015 1110 2029 ⁹
1127 2017 1210 2040 Psalm.
1228 2017 1269 2046 84,
1289 2018 1324 2040 13.
1342 2018 1447 2046 August„
1472 2017 1493 2039 in
1516 2018 1576 2040 loun.
1600 2018 1688 2045 Evang.
1710 2020 1737 2040 tr.
1755 2018 1792 2040 27.
1814 2024 1836 2040 n.
1855 2018 1883 2040 4:

1037 2057 1106 2079 Filius
1122 2057 1183 2079 enim
1202 2056 1300 2079 hominis
1316 2056 1419 2079 Christus
1435 2063 1462 2079 ex
1480 2056 1575 2085 Virgine
1592 2056 1667 2079 Maria.
1684 2057 1743 2084 Ergo
1760 2057 1828 2080 Filius
1846 2058 1885 2080 ho-

1037 2096 1105 2118 minis
1123 2095 1159 2118 liic
1176 2096 1251 2124 coepit
1271 2102 1322 2118 esse
1343 2096 1364 2118 in
1387 2098 1459 2123 terra,
1477 2095 1518 2118 ubi
1535 2102 1629 2118 carnem
1647 2096 1756 2118 assumsit
1772 2102 1798 2119 ex
1816 2099 1883 2119 terra.

1037 2134 1102 2157 Unde
1120 2135 1255 2163 prophetice
1267 2135 1354 2157 dietum
1367 2137 1426 2157 erat:
1441 2134 1533 2157 Veritas
1544 2134 1572 2157 de
1584 2136 1650 2158 terra
1662 2136 1716 2157 orta
1727 2136 1762 2158 esc
1778 2134 1828 2164 [Ps.
1842 2135 1883 2162 84,

1038 2174 1080 2200 42;
1098 2173 1159 2195 idem
1177 2173 1232 2196 dicit
1250 2174 1272 2195 in
1290 2174 1391 2196 Enarrat.
1408 2173 1477 2196 huius
1494 2173 1537 2196 loci
1554 2180 1575 2196 n.
1594 2174 1650 2202 ⁴3.].

1101 2211 1120 2224 ¹⁰
1137 2213 1160 2235 ln
1184 2213 1242 2235 ioan.
1260 2213 1349 2240 Evang.
1367 2214 1395 2235 tr.
1411 2212 1448 2235 44.
1471 2219 1494 2234 n.
1514 2213 1542 2234 2:
1561 2211 1665 2241 Eoespuii
1685 2211 1710 2234 in
1731 2213 1834 2241 terram,
1855 2213 1884 2235 de

1038 2251 1108 2273 saliva
1131 2257 1172 2273 sua
1195 2250 1272 2274 lulum
1293 2250 1359 2280 fecit,
1377 2251 1431 2279 quia
1453 2249 1554 2273 Verbum
1574 2256 1631 2273 caro
1647 2250 1739 2280 factum
1755 2252 1789 2274 est
1807 2250 1883 2280 [loan.

1039 2290 1060 2318 1,
1073 2289 1144 2318 14]...
1158 2289 1226 2318 Quod
1243 2289 1414 2319 interpretatur
1426 2289 1522 2313 Missus.
1534 2290 1580 2311 lam
1598 2289 1651 2319 quis
1662 2290 1691 2312 sit
1702 2290 1797 2319 missus,
1815 2296 1885 2318 agno-

1038 2328 1114 2357 scitis;
1131 2329 1174 2351 nisi
1196 2329 1258 2351 enim
1280 2329 1316 2351 ille
1339 2329 1418 2351 ruisset
1435 2329 1531 2355 missus,
1548 2334 1618 2351 nemo
1644 2331 1749 2351 nostrum
1773 2332 1834 2352 esset
1854 2329 1884 2352 ab

1039 2367 1157 2396 iniquitate
1174 2367 1334 2390 dimissus.—
1345 2368 1425 2390 Glossa
1442 2366 1568 2390 ordinaria
1585 2368 1608 2390 in
1625 2368 1686 2390 loan.
1704 2368 1729 2395 9,
1747 2368 1760 2390 6
1771 2376 1776 2390 :
1788 2368 1819 2391 Et
1831 2368 1886 2398 fecit

1039 2406 1124 2430 lulum.
1142 2407 1204 2429 Sicut
1220 2407 1322 2434 primum
1348 2407 1466 2429 hominem
1491 2407 1521 2429 de
1546 2407 1601 2429 limo
1626 2409 1700 2430 terrae
1717 2407 1835 2436 formavit,
1853 2408 1883 2430 ita

1038 2452 1079 2474 per
1092 2446 1153 2468 idem
1166 2452 1241 2474 genus
1251 2446 1290 2468 luti
1303 2451 1377 2474 genus
1392 2447 1520 2468 humanum
1537 2446 1671 2469 reformavit
1688 2445 1740 2476 [cfr.
1753 2446 1869 2475 Chrysost.
1878 2464 1883 2474 ,

1038 2484 1113 2512 Cyrill.
1131 2484 1251 2506 Alexandr.
1268 2486 1291 2506 et
1307 2484 1472 2512 Theophylact.
1488 2484 1512 2506 in
1529 2485 1591 2507 hunc
1608 2484 1704 2514 locum}
1716 2485 1750 2507 De
1761 2485 1833 2508 saliva
1850 2485 1883 2508 lw

1038 2526 1090 2547 tum
1101 2523 1165 2553 fecit,
1183 2524 1238 2552 quia
1258 2522 1361 2546 Verbum
1372 2529 1430 2546 caro
1446 2524 1538 2553 factum
1555 2525 1596 2547 est.
1614 2524 1690 2546 Saliva
1707 2527 1742 2547 est
1758 2524 1883 2553 sapientia,

1038 2568 1099 2592 quae
1110 2569 1137 2585 ex
1150 2568 1190 2585 ore
1202 2562 1310 2585 Altissimi
1322 2562 1415 2590 prodiit.
1427 2563 1497 2585 Terra
1509 2564 1544 2585 est
1555 2568 1609 2585 caro
1620 2562 1713 2586 Christi.
1725 2563 1771 2586 Cir.
1782 2566 1837 2586 tom.
1855 2564 1884 2586 V.

1038 2608 1091 2630 pag.
1110 2601 1169 2630 413,
1184 2603 1238 2623 nota
1257 2601 1294 2623 10.

1101 2639 1118 2652 ¹¹
1137 2640 1203 2662 Vers.
1220 2640 1259 2662 27.
1274 2639 1320 2662 Ctr.
1337 2639 1550 2669 August.‚in10an.
1566 2641 1652 2669 Evang.
1669 2643 1697 2663 tr.
1710 2641 1748 2663 44.
1764 2647 1785 2663 n.
1799 2642 1825 2668 2,
1843 2640 1883 2663 uhi

1037 2679 1172 2702 unctionem
1194 2679 1288 2707 intelligi
1310 2679 1360 2701 vult
1381 2679 1411 2702 de
1432 2680 1611 2707 catechumeno,
1628 2682 1651 2702 et
1668 2679 1779 2703 lotionem
1796 2680 1825 2702 de
1843 2679 1884 2702 ba-

1038 2718 1129 2746 ptizato.

1101 2755 1121 2769 ¹²
1138 2758 1204 2780 Vers.
1221 2758 1243 2779 6.
1260 2757 1306 2780 Csr.
1323 2764 1394 2786 supra
1416 2763 1470 2786 pag.
1495 2758 1553 2785 290,
1576 2761 1628 2781 nota
1652 2759 1689 2780 13.
1706 2758 1729 2780 in
1752 2758 1804 2780 fine.
1823 2758 1882 2781 Vide

1037 2796 1106 2819 etiam
1131 2796 1209 2819 Collat.
1232 2796 1254 2818 in
1277 2796 1384 2819 Hexaem.
1408 2797 1482 2819 collat.
1502 2797 1539 2820 47.
1559 2803 1580 2819 n.
1606 2796 1643 2824 27,
1666 2796 1707 2819 ubl
1732 2798 1788 2819 haec
1810 2796 1881 2819 verba

1037 2835 1107 2857 isaiae
1132 2835 1215 2857 eodem
1241 2835 1311 2858 modo
1337 2838 1489 2864 exponuntur,
1511 2838 1534 2857 et
1555 2835 1658 2858 Glossam
1684 2834 1834 2858 ordimriam
1859 2834 1881 2856 in

1037 2875 1097 2897 ioan.
1114 2874 1140 2901 9,
1156 2873 1178 2896 7.
1197 2874 1260 2902 apud
1277 2875 1400 2902 Lyranum.
1419 2887 1448 2890 —
1466 2874 1577 2903 Superius
1593 2880 1636 2902 pro
1653 2873 1695 2897 sed
1710 2873 1735 2896 iu
1751 2872 1880 2896 humilibus

1037 2912 1198 2935 substituimus
1215 2918 1268 2935 curn
1286 2912 1354 2935 codd.
1372 2915 1394 2936 et
1410 2913 1514 2935 Gorrano
1531 2914 1553 2936 et
1568 2912 1594 2936 iu
1610 2911 1746 2935 humilibus.

1905 962 1931 981 Ex
1934 962 2001 986 positio
2008 963 2037 981 al-

1925 986 2013 1010 legorica.
