2296 3316
302 494 358 517 Resp.
373 493 390 511 1.

306 540 361 564 Resp.
374 539 392 558 2.

265 773 357 795 Secundo,
367 772 391 792 de

276 796 333 815 oblati
348 801 392 815 exa-

284 820 386 839 minatione

293 845 379 867 quatuor.

412 179 468 208 488

488 257 534 284 60.
557 255 666 290 Quaest.
691 252 731 284 lV.
751 252 818 280 Item
838 250 985 287 quaeritur
1006 249 1040 278 de
1054 250 1107 278 hoc
1127 248 1202 286 quod
1215 248 1256 277 di-

410 304 462 332 cit:
485 301 573 330 Nobis
593 308 652 328 non
674 299 737 327 licet
750 297 911 334 interficere
931 304 1116 335 qilemquam.
1133 311 1169 317 —-
1184 295 1256 324 Dici-

410 353 457 378 tur
478 348 550 377 enim
574 346 658 375 Exodi
680 345 812 381 vigesimo
841 343 962 372 secundo
978 344 1003 371 ¹:
1026 341 1171 378 Maleficos
1198 350 1257 370 non

406 395 532 433 patieris
552 393 665 425 vivere,⁸
686 395 713 420 et
736 392 791 420 Lex
815 389 954 418 multoties
975 388 1109 418 concedit.

487 440 640 477 Respondet
672 437 887 475 Augustinus⁹z
924 435 1166 472 «Intelligendum
1199 437 1256 469 est,

409 496 456 517 eos
477 488 530 516 hoc
549 486 654 515 dixisse
676 487 790 522 propter
805 483 856 512 diei
879 482 939 511 festi
962 482 1151 516 sanctitatem,
1174 489 1257 519 quem

410 535 463 563 iam
484 533 625 563 celebrare
651 534 799 569 coeperant
813 542 840 559 ν,
866 547 904 552 ——-
928 530 977 559 Vel
997 529 1161 563 dicendum,
1182 529 1258 566 quod

409 583 461 610 boc
481 581 578 609 dicunt
602 581 717 617 propter
739 578 887 615 imperium
916 577 1119 610 Romanorum,
1141 576 1190 613 qni
1218 576 1258 605 eis

408 628 580 657 abstulerant
612 628 773 663 potestatem
806 623 963 657 occidendi,
994 631 1011 651 a
1041 623 1145 660 quibus
1174 622 1258 652 etiam

408 675 535 705 emebant
556 673 741 703 sacerdotium
752 672 772 700 ³.

488 723 533 750 61,
557 720 692 750 Introivit
711 728 780 757 erqo
802 719 907 748 iterum
929 721 981 747 etc.
1001 717 1090 747 Posita
1111 717 1259 746 traditione

407 769 522 803 Christi,
537 776 593 805 qua
614 767 704 796 Iudaei
719 767 811 803 ipsum
833 765 1008 794 tradiderunt
1026 764 1123 799 Pilato,
1145 764 1259 801 ponitur

408 816 453 845 hic
475 815 535 844 eius
556 813 737 843 examinatio
758 812 841 850 facta
866 820 885 840 a
907 811 1004 840 Pilato
1014 811 1037 845 ⁴,
1059 811 1087 839 in
1113 819 1169 848 qua
1190 819 1259 848 qua-

408 866 472 892 tuor
493 863 666 891 innuuntur:
689 860 791 897 primo,
810 858 979 897 inquisitio,-
1000 858 1112 892 deinde,
1135 857 1258 896 inquisi-

409 910 495 938 tionis
522 908 623 946 origo,-
651 907 749 941 tertio,
777 906 819 935 ad
846 905 1062 944 inquisitionem
1090 904 1258 941 responsio,-

408 960 521 994 quarto,
542 954 740 992 responsionis·
760 953 913 982 discussic.

487 1003 576 1039 (Vers.
602 1001 670 1036 33).
696 1000 787 1028 Primo
811 1007 878 1036 ergo
908 1001 1022 1027 notatur
1043 998 1110 1035 ipsa
1135 997 1258 1036 inquisi-

264 1052 398 1077 Exrositioflb
408 1051 462 1084 tio3
484 1052 597 1087 propter
629 1047 704 1085 quod
725 1047 809 1076 dicit:
845 1045 980 1074 Introivit
1010 1053 1078 1082 erqo
1100 1045 1204 1073 iterum
1227 1044 1258 1072 in

293 1078 364 1096 taralis.

302 1101 390 1120 Primum.

277 1526 392 1546 Secundum.

300 2093 391 2113 Tertium.

404 1096 591 1136 praetorium
615 1094 747 1128 Pilatus;
767 1094 835 1131 quia
856 1100 985 1130 egressus
1005 1092 1097 1121 fuerat
1118 1091 1152 1120 ad
1173 1099 1258 1128 quae-

408 1144 526 1174 rendum
548 1150 658 1172 causam
681 1150 696 1170 a
719 1140 825 1170 ludaeis
839 1142 867 1169 et
885 1148 940 1168 non
955 1139 1112 1172 invenerat,
1136 1141 1258 1167 reverte-

408 1192 491 1221 batur
512 1191 547 1220 ad
564 1189 761 1227 inquirendum
783 1196 843 1217 eam
865 1195 881 1216 a
895 1195 959 1221 reo;
981 1190 1005 1215 et
1026 1186 1139 1215 vocavit
1164 1186 1259 1214 lesum

408 1243 433 1268 et
454 1239 530 1267 dixit
549 1238 591 1267 ei.-
621 1238 663 1266 Tu
683 1245 713 1265 es
733 1245 786 1264 recc
803 1234 1004 1264 ludaeorum?
1026 1234 1097 1263 Vere
1119 1233 1177 1271 ipse
1193 1241 1265 1268 rex,-

409 1287 475 1324 quia
489 1286 560 1323 ipse,
575 1285 608 1314 de
629 1292 686 1322 quo
707 1283 837 1313 Ieremiae
855 1282 987 1320 vigesimo
1001 1282 1084 1310 tertio
1096 1281 1121 1309 ⁵:
1142 1293 1155 1307 «
1167 1281 1259 1310 Susci-

409 1333 473 1362 tabo
494 1332 580 1361 David
601 1339 716 1369 germen
737 1331 856 1363 iustum,
879 1332 906 1358 et
932 1329 1059 1366 regnabit
1080 1336 1132 1357 rex
1148 1340 1174 1356 ιι.
1198 1328 1259 1357 ideo

409 1380 443 1409 de
463 1380 517 1409 hoc
538 1379 659 1408 maxime
672 1378 799 1415 quaerit,
820 1377 887 1415 quia
901 1377 954 1406 hoc
974 1376 1091 1405 dicendo
1112 1375 1259 1404 videbatur

411 1427 599 1457 contradicere
620 1426 741 1459 caesari,
763 1425 810 1462 qui
833 1427 899 1453 tunc
918 1423 1116 1452 dominabatur
1143 1422 1258 1452 ludaeis.

492 1475 537 1502 69..
561 1473 650 1510 (Vers.
674 1472 744 1507 34).
770 1471 926 1508 Respondit
950 1470 1029 1498 Iesus
1050 1472 1101 1498 etc.
1125 1469 1259 1506 Tangitur

412 1520 579 1554 secundum,
601 1519 704 1548 scilicet
717 1518 917 1557 inquisitionis
938 1517 1039 1554 ori90‚·
1058 1519 1088 1545 et
1102 1519 1134 1544 ut
1155 1516 1259 1544 sciatur

410 1568 501 1605 origo,
521 1567 632 1605 quaerit
658 1566 793 1594 Dominus
813 1574 829 1594 a
856 1565 956 1593 Pilato:
987 1565 1010 1592 A
1035 1563 1179 1600 temetipso
1206 1562 1260 1591 lzoc

410 1616 498 1649 dieis,
527 1623 568 1643 an
589 1614 643 1642 alii
664 1613 716 1642 tibi
742 1613 882 1641 dixerunt
902 1612 936 1640 de
963 1611 1028 1639 me?
1053 1611 1111 1639 Non
1133 1610 1258 1647 quaerit,

410 1662 475 1699 quia
495 1661 618 1694 dubitet;
634 1660 682 1689 sed
703 1663 734 1688 ut
748 1667 798 1696 per
820 1659 880 1687 eius
899 1657 1105 1694 responsionem
1127 1656 1258 1685 malitiam

409 1708 518 1745 detegat
538 1706 739 1738 ludaeorum⁶;
762 1708 789 1734 et
810 1705 862 1733 hoc
880 1704 993 1741 quidem
1014 1703 1045 1732 fit
1066 1703 1095 1732 in
1117 1703 1193 1731 Pilati
1216 1710 1259 1731 re-

408 1755 570 1792 sponsione;
591 1753 682 1782 unde:

486 1801 533 1830 63.
556 1801 645 1837 (Vers.
666 1800 735 1831 350.
766 1799 923 1836 Respondit
952 1798 1085 1826 Pilatus:
1115 1796 1258 1835 Nunquid

408 1857 458 1886 eqo
473 1849 603 1877 Iudaeus
623 1847 711 1876 sum?
732 1847 811 1884 quasi
826 1846 911 1874 dicat:
934 1846 986 1874 hoc
1002 1853 1052 1881 ego
1072 1852 1126 1873 non
1147 1844 1259 1880 impono

407 1895 472 1929 tibi3
486 1903 557 1933 =qens
572 1899 625 1923 tua
642 1898 667 1922 et
679 1893 829 1931 pontifices
845 1893 890 1921 tui
901 1893 911 1909 ⁷
928 1892 1118 1920 tradiderunt
1132 1894 1156 1919 te
1171 1889 1259 1923 milii,-

408 1943 487 1980 quasi
509 1942 596 1971 dicat:
618 1942 671 1970 hoc
698 1941 734 1970 ab
755 1941 794 1969 eis
817 1939 927 1976 accepi:
951 1939 1030 1975 Quid
1057 1946 1125 1976 erqo
1146 1937 1258 1975 fecisti,

408 1993 522 2027 propter
544 1989 619 2026 quod
639 1989 677 2017 ita
698 1991 725 2017 te
745 1989 897 2016 accusant?

488 2037 533 2065 64.
556 2036 645 2073 (Vers.
673 2035 740 2070 36.).
770 2033 927 2071 Respondit
948 2034 1038 2062 Iesus.
1068 2033 1115 2062 Hic
1142 2032 1257 2069 ponitur

409 2084 537 2117 tertium,
559 2083 663 2112 scilicet
680 2082 798 2111 Domini
817 2081 982 2118 responsio,
1004 2081 1031 2108 in
1046 2088 1102 2117 qua
1123 2079 1259 2108 Dominus

407 2132 466 2169 ipse
487 2131 610 2160 confutat
632 2138 746 2167 pravam
768 2129 947 2158 intentionem
967 2128 1142 2157 ludaeorum.
1169 2127 1259 2155 Inten—

407 2179 509 2208 debant
523 2178 597 2207 enim
618 2177 710 2206 Iudaei
725 2185 775 2214 per
793 2177 846 2205 hoc
861 2176 978 2204 Pilatum
993 2178 1021 2204 et
1038 2182 1178 2203 caesarem
1194 2181 1259 2202 con-

408 2229 451 2255 tra
472 2226 564 2262 ipsum
585 2232 753 2262 provocare,
779 2223 858 2261 quasi
879 2222 964 2251 nollet
992 2222 1019 2250 in
1042 2229 1128 2259 regno
1154 2221 1260 2250 habere

408 2273 556 2310 collegam;
572 2272 633 2301 ideo
647 2271 782 2300 Dominus
796 2271 849 2299 hoc
863 2269 989 2299 excludit
1003 2269 1110 2298 dicens:
1126 2269 1259 2306 Reynum

471 2457 480 2471 ¹
498 2458 564 2480 Vers.
582 2458 620 2480 118.
637 2457 682 2481 Cn.
699 2458 766 2480 Num.
784 2457 827 2484 35,
846 2457 888 2484 493
905 2457 972 2479 Dent.
992 2456 1032 2483 13,
1050 2456 1073 2478 5.
1090 2458 1112 2478 et
1129 2455 1172 2482 ts,
1189 2455 1227 2477 20.

472 2496 481 2509 ²
498 2498 522 2520 ln
540 2498 600 2519 ioan.
617 2497 704 2525 Evang.
722 2499 750 2519 tr.
768 2496 821 2518 tit.
838 2502 862 2518 n.
880 2495 901 2518 4.

472 2534 482 2548 ³
498 2537 593 2564 Rupert.
614 2536 689 2559 abbas
711 2536 834 2563 Tuitiens⁸⁷
850 2535 875 2557 in
898 2536 960 2557 hunc
982 2535 1074 2557 locum:
1094 2534 1260 2556 Verumtamen

409 2576 536 2599 iudicatum
553 2576 688 2604 quempiam
705 2581 751 2598 non
769 2575 852 2597 licebat
874 2575 991 2603 occidere,
1010 2574 1051 2597 nisi
1069 2574 1175 2596 Romano
1193 2579 1260 2601 prae-

408 2616 459 2638 side
475 2615 638 2637 iudicationem
656 2615 816 2637 confirmante.
833 2614 878 2637 Cir.
894 2620 965 2642 supra
983 2620 1038 2642 pag.
1055 2613 1113 2641 484,
1130 2615 1185 2635 nota
1203 2613 1226 2635 2.

472 2653 482 2666 ὅ
499 2653 543 2677 Cir.
561 2660 631 2682 supra
650 2660 672 2676 n.
689 2654 727 2676 si.

472 2692 482 2705 ⁵
499 2693 566 2715 Ver-s.
583 2693 603 2716 5.
621 2706 651 2709 -
668 2693 763 2715 Inferius
786 2693 820 2715 ed.
845 2693 928 2715 omittit
950 2692 992 2722 qui
1008 2693 1066 2715 tunc
1088 2690 1260 2714 doniinabatur

410 2731 512 2755 Iudaeis.

471 2770 482 2783 θ
499 2771 629 2798 chrysost„
646 2772 668 2793 in
684 2771 747 2793 loan.
764 2771 843 2793 homil.
860 2771 897 2793 83.
916 2770 982 2799 (alias
999 2770 1046 2799 82.)
1063 2776 1087 2792 n.
1105 2769 1131 2792 4:
1152 2769 1199 2792 Cur
1215 2770 1259 2791 hoc

409 2810 514 2833 Christus
536 2810 678 2838 interrogat?
700 2811 727 2832 Ut
749 2816 849 2838 pravum
873 2810 1009 2833 ludaeorum
1032 2809 1137 2832 animum
1158 2809 1260 2836 detegat.

410 2850 515 2878 August„
527 2850 550 2872 in
562 2851 622 2872 ioan.
635 2850 723 2878 evang.
734 2853 761 2872 tr.
775 2850 828 2872 iis.
838 2856 861 2872 n.
874 2850 882 2872 l
895 2858 900 2871 z
913 2850 959 2872 Sed
971 2852 1047 2872 tamen
1060 2849 1107 2871 dici
1118 2848 1202 2875 voluit,
1211 2854 1258 2870 non

410 2891 435 2911 ut
452 2888 500 2917 ipse
516 2888 596 2916 sciret,
614 2888 654 2910 sed
672 2892 696 2910 ut
713 2888 859 2915 scriberetur,
870 2888 934 2917 quod
945 2894 989 2911 nos
1001 2888 1086 2915 voluit,
1102 2889 1127 2910 ut
1137 2887 1257 2910 sciremus.

472 2926 481 2939 ⁷
499 2928 598 2956 Vulgata
615 2928 698 2950 omittit
715 2927 755 2950 tui.
773 2940 804 2944 ——
821 2928 931 2956 August„
949 2927 971 2949 in
988 2928 1050 2950 ioan.
1063 2927 1151 2954 Evang.
1163 2929 1190 2948 tr.
1206 2926 1257 2948 115.

410 2973 434 2989 n.
455 2967 477 2988 l:
495 2966 593 2989 Abstulit
610 2973 621 2989 a
640 2973 664 2989 se
680 2967 861 2994 suspicionem...
878 2967 901 2989 id
918 2973 944 2989 se
960 2973 973 2989 a
990 2966 1080 2989 iudaeis
1102 2965 1195 2988 audisse
1217 2965 1257 2988 de-

1011 171 1180 200 COMMENT.
1205 171 1236 200 lN
1258 170 1403 199 IOANNEM
1425 170 1453 199 C.
1475 170 1563 199 XVlll.

1313 256 1410 276 meum
1430 256 1490 276 non
1510 251 1551 276 est
1571 248 1606 276 de
1633 247 1685 276 lzoc
1705 248 1824 277 maimo.
1847 248 2055 286 Augustinus³:
2080 261 2095 276 α
2110 250 2163 280 Au—

1312 294 1382 328 dite,
1405 294 1495 323 ludaei
1517 297 1544 323 et
1565 297 1677 332 gentes:
1707 295 1839 332 Reynum
1858 303 1956 324 meum
1984 305 2042 325 non
2062 300 2105 326 est
2130 297 2164 326 de

1313 340 1367 370 hoc
1385 341 1514 375 muna'o,·
1535 349 1590 370 non
1612 341 1733 378 impedio
1752 342 1967 372 dominationem
1991 346 2114 373 vestram
2134 344 2163 374 in

1314 387 1366 416 hoc
1386 387 1499 416 mundo.
1522 387 1593 424 Quid
1622 388 1706 417 vultis
1726 388 1846 425 amplius
1859 392 1898 418 »t
1920 405 1956 411 —-
1976 389 2007 418 Et
2028 390 2164 420 rationem

1314 434 1416 469 reddit,
1438 434 1513 472 quod
1528 443 1645 472 regnum
1668 435 1729 464 eius
1744 444 1798 465 non
1820 438 1862 465 est
1881 436 1916 465 de
1931 437 1983 466 hoc
2003 437 2121 473 mundo;
2138 441 2164 467 et

1313 484 1355 511 est
1376 482 1447 511 ratio
1468 490 1519 511 sua
1533 482 1610 512 talis:
1625 491 1678 520 pro
1692 491 1757 520 rege
1779 485 1871 512 terrae
1884 484 2003 513 ministri
2025 487 2132 515 certant
2143 485 2164 520 ⁹,

1315 536 1349 557 ne
1369 528 1497 558 tradatur
1516 529 1552 558 ad
1578 532 1709 565 morte1n;
1731 538 1783 567 pro
1810 538 1855 559 me
1876 538 1943 559 vero
1964 531 2082 560 ministri
2110 532 2163 561 mei

1314 583 1369 603 non
1390 575 1547 604 decertant:
1570 583 1637 612 ergo
1657 583 1708 613 ego
1729 584 1784 605 non
1812 584 1874 605 sum
1899 585 1950 606 rex
1973 581 2111 608 terrenus.
2133 579 2166 608 Et

1314 622 1392 659 ponit
1419 622 1563 651 maiorem
1593 622 1678 651 huius
1700 623 1830 652 rationis:
1853 624 1886 653 Si
1907 632 1941 653 ex
1972 623 2024 654 lioc
2053 626 2165 655 mundo

1315 671 1384 697 esset
1405 677 1530 706 regnum
1550 677 1665 703 meum,
1686 669 1820 699 ministri
1839 671 1896 700 mei
1915 671 2015 710 ulique
2037 672 2165 701 decerta-

1315 718 1393 749 rent,
1415 719 1449 744 ut
1469 724 1528 744 non
1548 716 1684 745 traderer
1708 717 1843 751 ludaeis,·
1863 726 1943 747 nunc
1970 723 2090 753 aulem5
2116 728 2165 757 ap-

1315 764 1407 799 paret,
1432 762 1550 799 supple;
1580 763 1648 792 haec
1672 767 1715 793 est
1746 765 1905 800 conclusio;
1934 765 2008 803 quod
2042 775 2164 804 regnum

1314 817 1411 837 meum
1433 818 1492 837 non
1518 813 1560 838 esc
1580 808 1661 845 ltine,
1693 811 1758 848 quia
1783 811 1878 841 nullus
1909 821 1953 842 me
1977 813 2105 843 defendit.
2134 814 2166 843 Et

1316 855 1377 884 ideo
1391 863 1510 893 regnum
1525 856 1586 885 eius
1600 865 1655 885 non
1669 860 1711 886 est
1725 857 1759 886 de
1774 858 1826 887 hoc
1846 859 1951 888 mundo
1965 876 2003 881 —-
2014 860 2093 898 quia,
2114 860 2165 890 sic-

1316 905 1347 931 ut
1368 902 1471 931 dicitur
1492 902 1598 939 primae
1619 903 1727 933 loannis
1747 904 1846 933 ultimo
1859 905 1897 939 ¹⁰,
1920 917 1934 931 «
1947 906 2071 936 mundus
2090 910 2166 936 totus

1315 949 1344 977 in
1365 949 1486 986 maligno
1514 949 1621 986 positus
1641 953 1683 978 est
1697 960 1729 984 »ς
1751 950 1813 979 ideo
1840 952 1976 988 petimus:
2003 964 2017 978 «
2035 953 2167 983 Adveniet

1316 1004 1433 1033 regnum
1456 999 1536 1025 tuum
1553 1008 1566 1022 »
1589 1013 1627 1017 —-
1641 996 1690 1025 sed
1712 997 1739 1025 in
1761 997 1844 1026 caelis
1864 1000 1921 1033 est;
1943 999 2017 1028 unde
2038 1000 2167 1029 Matthaei

1315 1043 1429 1080 quinto:
1456 1043 1534 1080 «Qui
1555 1043 1652 1072 fecerit
1672 1046 1700 1072 et
1721 1043 1859 1079 docuerit,
1882 1044 1927 1074 hic
1948 1053 2066 1083 magnus
2087 1054 2166 1075 voca-

1315 1090 1392 1119 bitur
1412 1090 1440 1119 in
1464 1098 1550 1127 regno
1570 1090 1711 1119 caelorum
1725 1102 1740 1116 »
1765 1094 1817 1119 etc.

1396 1138 1441 1166 65.
1464 1137 1553 1174 (Vers.
1570 1137 1638 1173 37.).
1657 1137 1738 1166 Ducit
1759 1138 1857 1176 itaque
1871 1138 1898 1167 ei
1911 1138 2037 1167 Pilatus.
2057 1139 2104 1168 Hic
2117 1147 2167 1177 po—

1315 1184 1392 1214 nitur
1425 1187 1571 1222 quartum,
1594 1185 1698 1214 scilicet
1724 1185 1924 1223 responsionis
1951 1186 2105 1215 discussio.
2136 1187 2167 1216 Et

1314 1232 1382 1270 quia
1402 1232 1538 1261 Dominus
1552 1232 1675 1267 dixerat,
1697 1240 1726 1262 se
1741 1241 1859 1271 regnum
1881 1233 2000 1269 habere;
2018 1234 2111 1271 arguit
2126 1234 2167 1263 Pi-

1316 1280 1388 1308 latus
1402 1287 1439 1308 ex
1461 1279 1640 1317 responsione
1654 1280 1777 1314 Domini,
1799 1280 1878 1317 quasi
1893 1280 2049 1310 admirans:
2074 1282 2165 1319 Ergo,

1316 1327 1419 1364 inquit,
1442 1336 1494 1355 rea·
1525 1335 1554 1355 es
1575 1326 1629 1356 tu?
1650 1327 1730 1364 quasi
1761 1327 1849 1357 dicat:
1875 1335 1912 1357 ex
1944 1336 2000 1365 quo
2021 1336 2115 1365 regem
2139 1331 2167 1357 te

1317 1381 1376 1403 esse
1397 1374 1504 1408 fateris,
1527 1374 1637 1403 videtur
1658 1382 1693 1403 ex
1715 1374 1808 1404 verbis
1823 1375 1892 1410 tuis,
1913 1377 1941 1404 te
1955 1375 2025 1404 velle
2040 1382 2165 1412 regnare.

1317 1421 1348 1450 Et
1369 1421 1504 1450 Dominus
1518 1421 1630 1458 quidem
1644 1422 1810 1459 respondet,
1828 1422 2034 1451 conclusionem
2046 1423 2069 1440 ¹¹
2091 1422 2166 1451 Pilati

1316 1468 1490 1497 concedendo
1511 1471 1538 1497 et
1562 1468 1706 1497 intentioni
1732 1468 1932 1498 satisfaciendo.
1956 1469 2088 1498 Concedit
2102 1477 2167 1498 con-

1317 1516 1468 1544 clusionem
1493 1515 1584 1550 Pilati,
1613 1523 1677 1545 cum
1708 1516 1789 1545 dicit:
1824 1516 1868 1545 Tu
1895 1516 1986 1551 dicis,
2014 1516 2087 1555 quia
2114 1524 2167 1546 reax

1315 1571 1383 1591 sum
1404 1571 1471 1600 eyo;
1492 1563 1572 1600 quasi
1592 1563 1678 1592 dicat:
1700 1571 1751 1600 ego
1772 1572 1827 1592 non
1848 1571 1919 1601 nego
1932 1563 2008 1601 quod
2029 1566 2061 1592 tu
2081 1563 2166 1598 dicis;

1316 1608 1364 1638 sed
1385 1611 1477 1637 tamen
1497 1617 1554 1637 non
1574 1609 1609 1637 ad
1630 1610 1803 1646 regnandum
1825 1610 2014 1647 temporaliter
2036 1610 2114 1645 veni,
2134 1612 2167 1639 ut

1317 1655 1422 1690 credis;
1444 1655 1518 1684 unde
1539 1656 1649 1685 subdit:
1675 1657 1733 1694 Eyo
1754 1656 1785 1685 in
1806 1655 1859 1685 lzoc
1878 1660 1969 1686 natus
1988 1666 2056 1686 sum
2077 1660 2104 1686 et
2127 1658 2168 1686 ad

1317 1702 1369 1731 hoc
1389 1703 1456 1731 veni
1482 1703 1514 1731 in
1535 1703 1694 1737 mundum,
1724 1707 1757 1731 ut
1784 1703 1980 1732 testimonium
1998 1703 2167 1741 perhibeam

1316 1750 1441 1778 veritati.
1466 1749 1576 1784 Natus,
1597 1750 1701 1779 scilicet
1721 1750 1864 1780 nativitate
1879 1750 2041 1788 temporali,
2063 1759 2118 1779 non
2131 1750 2165 1779 ad

1315 1796 1530 1831 dominandum,
1557 1796 1606 1826 sed
1637 1797 1669 1825 ad
1702 1797 1847 1826 veritatem
1879 1797 2049 1832 docendum3
2083 1797 2166 1827 Isaiae

1316 1843 1547 1880 quinquagesimo
1568 1843 1666 1880 quinto
1679 1844 1717 1872 ¹²:
1740 1854 1754 1869 «
1768 1844 1852 1878 Ecce,
1868 1846 1965 1873 testem
1980 1843 2090 1881 populis
2104 1843 2165 1873 dedi

1316 1897 1396 1923 eum,
1418 1889 1517 1918 ducem
1538 1898 1571 1919 ac
1592 1893 1801 1927 praeceptorem
1822 1891 1952 1928 gentibus
1970 1902 1999 1919 n.
2022 1890 2053 1919 Et
2074 1890 2168 1920 subdit

1316 1937 1402 1966 huius
1430 1937 1554 1974 signum:
1579 1937 1697 1972 Omnis,
1726 1937 1779 1976 qui
1798 1941 1839 1966 est
1860 1946 1895 1967 ex
1919 1938 2053 1972 veritate,
2081 1937 2169 1967 audit

1314 1992 1412 2012 ‘vocem
1432 1992 1544 2018 naeam‚·
1558 1992 1645 2021 supra
1665 1987 1777 2014 octavo:
1797 1997 1810 2010 «
1824 1985 1874 2022 Qui
1896 1993 1933 2014 ex
1947 1985 2004 2014 Deo
2025 1988 2066 2014 est
2080 1984 2167 2014 verba

1316 2031 1365 2059 Dei
1386 2030 1505 2059 audit».
1528 2031 1559 2059 Et
1580 2031 1647 2068 quia
1667 2032 1770 2060 Pilatus
1785 2040 1839 2060 uon
1860 2032 1952 2060 adhuc
1966 2031 2047 2068 plene
2067 2031 2168 2060 intelli-

1315 2078 1412 2115 gebat,
1434 2078 1495 2107 ideo
1515 2078 1608 2107 adhuc
1629 2078 1754 2115 quaerit3
1777 2078 1851 2107 unde
1872 2078 2015 2116 sequitur:

1395 2126 1442 2154 66.
1464 2125 1555 2159 (Vers.
1578 2124 1647 2161 38.).
1672 2125 1747 2154 Dicit
1768 2125 1795 2154 ei
1815 2125 1949 2154 Pilatus:
1970 2125 2048 2161 Quid
2068 2128 2110 2153 est
2122 2133 2168 2153 ve-

1315 2172 1412 2201 ritas?
1428 2172 1514 2201 Huius
1535 2172 1705 2209 quaestionis
1719 2180 1774 2201 non
1789 2172 1895 2202 audivit
1908 2172 2088 2206 solutionem,
2103 2172 2169 2209 quia

1316 2228 1371 2248 non
1386 2219 1568 2256 exspectavit.
1585 2219 1622 2248 Ad
1644 2219 1697 2248 hoc
1711 2219 1793 2248 solvit
1810 2219 1945 2248 Dominus
1959 2227 2045 2256 supra
2061 2218 2168 2248 decimo

1317 2267 1470 2304 quartoffl:
1498 2266 1577 2303 «Ego
1599 2274 1661 2295 sum
1683 2266 1741 2301 via,
1762 2266 1866 2295 veritas
1887 2269 1914 2295 et
1935 2266 2028 2295 vita».

1316 2456 1456 2476 monstrans.
1473 2452 1560 2475 Deinde
1577 2452 1689 2475 dicendo:
1708 2451 1771 2480 Quid
1786 2451 1878 2482 fecisti?
1890 2451 1945 2474 satis
1957 2451 2068 2479 ostendit,
2080 2450 2137 2473 illud
2147 2450 2168 2473 ei

1316 2499 1360 2521 pro
1377 2493 1475 2515 crimine
1496 2492 1627 2522 obiectum,
1645 2494 1755 2520 tanquam
1778 2491 1877 2514 diceret:
1896 2491 1919 2513 Si
1941 2496 2022 2519 regem
2038 2492 2061 2513 te
2082 2496 2168 2518 negas,

1317 2532 1373 2561 quid
1391 2532 1476 2558 fecisti,
1492 2534 1518 2554 ut
1534 2531 1659 2554 tradereris
1676 2531 1752 2553 mihi?

1380 2569 1390 2584 ⁸
1407 2572 1431 2594 tn
1449 2572 1509 2593 loun.
1527 2571 1616 2598 evang.
1633 2572 1660 2593 tr.
1678 2570 1731 2593 415.
1748 2576 1771 2593 n.
1790 2571 1811 2593 2.
1825 2570 1910 2593 Textus
1922 2569 2040 2598 originalis
2052 2569 2104 2592 hine
2116 2568 2169 2591 inde

1317 2612 1384 2640 plura
1402 2611 1522 2633 interserit.

1380 2649 1390 2662 ⁹
1407 2650 1446 2673 Ed.
1459 2657 1512 2673 cum
1525 2650 1639 2673 nonnullis
1649 2650 1718 2673 codd.
1730 2649 1866 2678 decertant‚·
1878 2649 1948 2677 paulo
1960 2648 2055 2671 insci-ius
2065 2653 2109 2676 pro
2120 2652 2168 2670 non

1318 2689 1440 2713 decertant
1455 2690 1474 2711 H
1490 2695 1538 2712 non
1556 2691 1655 2713 certant.

1382 2727 1402 2740 ¹⁰
1419 2729 1485 2751 Vers.
1504 2729 1541 2750 19.
1562 2741 1594 2746 -
1614 2727 1719 2751 Subinde
1741 2728 1868 2755 allegantur
1889 2727 1967 2749 Mauri.
1985 2726 2012 2753 6,
2030 2725 2073 2748 ⁴0:
2095 2723 2170 2749 Adve-

1316 2767 1368 2790 nial
1384 2770 1435 2794 etc.,
1454 2770 1476 2790 et
1493 2767 1518 2795 5,
1538 2768 1574 2789 ⁴9.

1380 2805 1398 2818 ¹¹
1417 2806 1457 2828 Ed.
1475 2812 1529 2828 cum
1551 2806 1667 2829 nonnullis
1688 2805 1758 2828 codd.
1779 2808 1802 2827 et
1818 2805 1922 2827 Gorrano
1939 2801 2087 2827 conclusioni
2090 2810 2100 2831 ,·
2117 2804 2170 2830 post

1317 2845 1390 2868 Pilati
1399 2845 1436 2867 ed.
1449 2845 1514 2867 addit
1524 2844 1651 2874 Respondit
1666 2845 1745 2873 Iesus,
1761 2843 1850 2867 scilicet
1864 2842 1909 2873 [ita
1925 2841 2045 2872 Vulgata]
2062 2843 2085 2864 et
2101 2841 2170 2869 paulo

1317 2884 1411 2909 inferius
1428 2887 1481 2912 post
1498 2885 1525 2907 ut
1540 2883 1616 2907 credis
1633 2883 1753 2912 subiungit
1769 2882 1811 2907 sed
1825 2881 1992 2912 spiritualiter.

1380 2922 1399 2936 ¹²
1418 2925 1482 2946 Vers.
1501 2923 1522 2946 4.
1539 2936 1571 2941 —
1586 2924 1696 2952 Sequitur
1713 2924 1774 2946 ioan.
1793 2923 1819 2951 8,
1837 2922 1874 2945 67.

1381 2961 1401 2975 ¹⁹
1418 2963 1485 2986 Vers.
1502 2963 1523 2985 6.

2181 394 2269 419 Reciditur,

2225 419 2257 440 tio.
2272 427 2274 436 ¹

2183 1141 2264 1165 Quartum
