2296 3316
258 665 354 689 Exposiiio
362 665 391 684 111-

308 384 387 403 Divisio.

290 689 360 707 tei-alis.

270 712 341 733 Primo,
355 712 387 731 be-

258 735 344 754 neficium
356 741 386 759 ge-

258 759 330 778 nei-ale.

287 1604 372 1622 Secundo
379 1619 383 1625 ‚

257 1627 292 1645 tria
314 1628 385 1646 beneti-

256 1651 285 1669 cia

256 1675 288 1692 lia.

311 1652 384 1674 specia-

291 1792 382 1810 Primum.

408 161 461 189 176

491 236 521 260 De
537 236 652 260 beneflciis
669 235 761 259 conatis
778 235 818 259 uni
833 235 914 267 populo
930 234 1011 265 agitur
1027 235 1162 267 tripliciter.

484 331 562 359 Haec
579 331 722 368 populum
743 331 864 359 iustam.
891 331 1038 368 Postquam
1066 331 1185 360 ostendit
1206 331 1253 360 be-

404 378 502 407 neficia
522 378 671 414 sapientiae
702 378 801 407 collata
830 378 1019 415 singularibus
1046 379 1185 415 personis,
1208 378 1253 407 hic

404 424 522 453 ostendit
552 424 717 453 beneficium
749 425 851 454 factum
880 425 935 454 ani
963 424 1086 462 popaloe
1107 428 1135 454 et
1163 425 1252 462 primo

404 472 527 509 tangitur
548 471 715 508 beneficiam
734 472 884 509 yenerate,
906 472 1028 501 secundo
1042 472 1181 510 speciale.-
1205 472 1252 500 [η-

404 518 495 546 ῑναυίί
514 521 582 552 ete,
612 518 693 547 tertio
712 518 886 555 ,oratiarum
918 519 993 547 aetio
1025 527 1076 556 pro
1104 519 1250 556 utrisque:

404 565 470 593 Ideo
491 565 562 593 iusti
582 568 633 594 ete.

483 612 571 647 (Vers.
597 613 661 647 15.).
684 612 776 646 Haec,
803 613 907 641 scilicet
938 613 1086 650 sapientia,
1106 612 1251 650 populum

403 659 528 692 iustum,
548 670 561 683 «
576 659 680 687 scilicet
694 659 829 695 populum
846 660 1025 688 Israeliticum
1041 660 1048 675 ¹
1061 672 1088 694 ι»,
1104 667 1153 697 per
1168 659 1249 688 fidem

403 705 597 739 iustificatum,
626 706 780 734 secundum
808 706 875 735 illud
906 706 940 735 ad
972 708 1107 736 Romanos
1137 706 1250 743 quinto:

407 764 421 777 α
437 752 576 781 iustificati
608 760 644 781 ex
676 753 770 784 siden:
801 753 858 782 vel:
880 754 1006 788 iustum,
1038 762 1088 791 per
1115 753 1252 790 operatio-

404 807 466 828 nem
489 799 571 833 boni;
593 803 619 828 et
637 808 733 828 semen
745 800 809 828 sine
823 801 957 838 ‹laet-ela,
980 801 1083 830 scilicet
1104 809 1154 838 per
1168 800 1252 829 decli-

403 846 541 875 nationem
564 847 640 881 mali;
661 855 771 881 semen,
792 859 805 872 «
820 848 923 877 scilicet
941 848 1165 876 Patriarcharum
1178 859 1205 881 n,
1220 850 1252 876 ut

402 893 468 922 dicit
488 893 596 927 Glossa;
620 894 685 922 item
705 894 805 923 Tobiae
827 894 960 923 secundo:
987 906 1000 919 «
1015 895 1072 923 Filii
1088 895 1251 923 Sanctorum

403 949 501 970 sumus
515 951 542 975 »ς
571 940 705 969 liberavit
725 944 776 970 etc.
806 941 892 970 Huius
915 941 1085 970 liberationis
1110 941 1253 978 praemisit

402 989 539 1025 duplicem
562 996 686 1022 causam,
708 988 811 1017 scilicet
832 988 927 1025 populi
948 988 1112 1023 bonitatem,
1134 997 1197 1017 cum
1212 988 1252 1017 di-

403 1036 454 1064 cit:
478 1035 625 1072 Populum
642 1035 769 1067 institnz;
785 1035 920 1068 secundo,
938 1036 1048 1064 Patrum
1065 1036 1251 1070 sanctitatem,

403 1091 466 1111 cum
487 1082 564 1111 dicit:
590 1083 624 1110 Et
643 1091 738 1110 semen
759 1082 821 1110 sine
841 1082 957 1120 querela
984 1082 1119 1111 liberavit
1148 1091 1168 1111 a
1198 1092 1252 1111 na-

403 1129 546 1163 tionibus,
574 1141 587 1154 «ι
602 1129 628 1157 111
649 1133 691 1158 est
711 1130 746 1158 ab
768 1129 904 1166 Aegyptiis
920 1141 947 1163 »,
969 1130 996 1158 in
1018 1130 1084 1158 vitio
1103 1130 1253 1160 nativitatis

402 1186 468 1206 suae
490 1177 724 1214 permanentibus
748 1177 829 1212 Qnae
859 1176 943 1205 illam
963 1177 1167 1214 opprimebant
1182 1178 1203 1212 2,
1226 1178 1252 1206 id

402 1227 459 1258 est,
482 1224 636 1258 vexabant,
663 1235 676 1248 «
692 1224 795 1253 scilicet
816 1224 844 1252 in
873 1224 932 1252 luto
956 1228 983 1253 et
1011 1225 1097 1253 latere
1112 1237 1125 1250 »
1151 1228 1178 1253 et
1205 1233 1252 1262 pa-

402 1270 467 1304 leis,
489 1273 520 1298 ut
541 1273 615 1307 patet
638 1270 722 1299 Exodi
745 1270 844 1307 primo.
867 1271 898 1299 Et
919 1274 998 1305 nota,
1020 1271 1094 1308 quod
1116 1279 1166 1308 per
1181 1272 1252 1300 hanc

402 1317 607 1354 oppressionem
637 1318 679 1346 vel
708 1318 882 1346 vexationem
908 1321 998 1355 potest
1025 1318 1138 1355 intelligi
1167 1327 1252 1347 vexa-

403 1364 440 1392 tio
460 1364 573 1398 diaboli,
596 1372 652 1401 qua
673 1368 756 1393 vexat
787 1372 882 1393 servos
910 1373 976 1394 suos
998 1365 1024 1393 in
1046 1365 1178 1402 operibus
1200 1366 1250 1394 luti

402 1411 533 1440 luxuriae
554 1414 581 1439 et
609 1411 702 1440 lateris
722 1412 854 1440 avaritiae
875 1414 902 1440 et
922 1412 1065 1448 palearum
1087 1411 1250 1448 superbiae;

403 1458 489 1487 Exodi
525 1458 653 1487 tertio-⁹¹:
691 1470 704 1483 «
723 1458 824 1487 Videns
855 1459 910 1487 vidi
945 1459 1120 1488 afflictionem
1156 1459 1250 1496 populi

402 1505 455 1533 mei
470 1516 484 1530 n
510 1508 561 1534 etc.

484 1552 609 1581 Intravit
643 1556 694 1581 etc.
728 1553 774 1581 Hic
806 1553 892 1590 tangit
925 1553 1067 1590 specialia
1102 1553 1250 1587 beneficia,

402 1599 492 1636 primo
513 1599 584 1628 facta
614 1600 641 1628 in
673 1601 808 1637 Aegypto;
831 1600 967 1634 secundo,
989 1603 1051 1636 post
1082 1600 1190 1628 exitum
1217 1600 1251 1628 de

401 1648 533 1683 Aegypto:
553 1648 584 1675 Et
599 1647 727 1676 reddidit
733 1657 743 1680 ;
755 1647 845 1681 tertio,
858 1647 884 1675 in
900 1647 960 1684 ipso
972 1647 1064 1676 exitu:
1084 1648 1115 1675 Et
1126 1647 1137 1664 ⁴
1153 1650 1251 1675 trans-

402 1693 468 1722 tulit
488 1696 538 1722 etc.

480 1741 568 1777 (Vers.
595 1741 659 1777 16.).
683 1741 827 1775 Intravit,
849 1741 876 1769 id
897 1744 938 1770 est
969 1741 1028 1778 ipsa
1049 1742 1198 1778 sapientia,
1219 1742 1251 1770 in

401 1788 535 1816 animam
555 1788 635 1816 servi
656 1788 708 1816 Dei
714 1798 724 1821 ,·
745 1788 878 1817 Glossa5:
905 1788 961 1817 «Id
982 1791 1024 1817 est
1055 1789 1182 1825 Moysi»,
1204 1796 1250 1817 su-

400 1834 600 1872 pra'septimo:
627 1835 706 1863 «Per
733 1835 858 1864 nationes
889 1835 917 1863 in
948 1835 1054 1864 animas
1085 1838 1193 1864 sanctas
1221 1843 1250 1865 se

400 1882 573 1915 transfert»;
595 1882 661 1910 item
693 1882 779 1910 Exodi
810 1885 927 1920 quartog
954 1882 1038 1919 «Ego
1066 1891 1114 1911 ero
1145 1883 1172 1911 in
1202 1891 1250 1911 ore

400 1932 448 1957 tuo
469 1932 496 1957 et
516 1928 620 1957 docebo
641 1932 683 1963 te,
704 1928 772 1966 quid
793 1929 916 1966 loquaris
931 1941 957 1957 ».
983 1930 1018 1958 Et
1036 1929 1124 1963 stetit,
1147 1929 1251 1958 scilicet

400 1978 572 2010 constanter;
595 1976 668 2004 unde
690 1975 775 2004 Exodi
798 1984 882 2004 nono:
908 1976 1013 2004 «Stetit
1035 1977 1140 2013 Moyses
1155 1984 1248 2005 coram

400 2022 541 2051 Pharaone
556 2033 583 2056 ”3
598 2022 682 2057 stetit,
698 2023 824 2060 inquam,
846 2026 950 2051 contra
968 2031 1049 2060 reyes
1070 2022 1249 2051 horrendos.-

1005 158 1175 188 COMMENT.
1199 159 1231 188 ΙΝ
1252 159 1443 188 SAPIENTIAM
1465 159 1493 188 C.
1515 159 1546 188 X.

1309 237 1441 266 Glossass:
1469 249 1482 262 α
1498 237 1668 270 Pharaonem
1689 240 1717 267 et
1736 238 1805 268 alios
1835 239 1974 276 principes
1989 250 2016 274 1·;
2038 240 2069 269 in
2087 249 2156 278 por-

1309 284 1406 318 tentis,
1428 283 1455 312 id
1476 287 1517 313 est
1539 284 1566 312 in
1588 284 1740 313 maioribus
1760 285 1914 320 miraculis,
1936 289 1966 314 et
1981 286 2090 324 siqnis,
2106 288 2157 316 mi-

1309 331 1440 365 noribus,
1467 339 1566 368 «quae
1587 331 1651 360 fecit
1672 331 1699 360 in
1731 332 1851 368 Aegypto
1866 343 1893 366 »;
1916 332 1989 361 unde
2011 333 2097 362 Exodi
2118 341 2156 362 se-

1308 378 1411 414 ptimo:
1438 389 1451 402 «
1467 378 1652 414 Multiplicabo
1673 378 1751 415 signa
1772 381 1799 407 et
1819 381 1926 407 ostenta
1947 386 2009 408 mea
2028 379 2056 408 in
2083 382 2158 409 terra

1309 424 1420 461 Aegypti
1437 435 1463 459 »3
1487 424 1665 454 Ecclesiastici
1693 425 1905 462 quadragesimo
1932 425 2047 462 quinto:
2074 438 2088 451 «
2102 427 2156 456 Ma-

1308 471 1448 509 gnifieavit
1475 480 1539 500 eum
1562 472 1589 500 in
1604 475 1753 508 conspectu
1775 480 1873 509 regum
1889 483 1915 507 »3
1937 480 2023 510 supra
2044 476 2155 503 octavo:

1312 530 1326 544 α
1341 519 1489 548 Timebunt
1510 527 1554 547 me
1575 527 1654 555 reges
1677 519 1808 548 horrendi
1824 531 1850 547 ι».
2014 540 2016 544 y

1387 566 1475 601 (Vers.
1495 567 1559 601 17.).
1578 566 1612 594 Et
1626 565 1755 594 reddidit
1768 565 1854 594 iustis
1861 577 1872 600 ;
1885 566 2018 595 Glossa⁷:
2039 568 2156 605 «Populi

1308 612 1398 641 Israeli
1404 612 1446 640 tici
1456 623 1482 646 »3
1493 613 1651 641 mercedem
1662 612 1797 641 laborum
1804 621 1928 641 suoram
1934 624 1944 647 ,·
1951 613 2058 643 Glossa:
2071 626 2085 640 ι(
2093 616 2156 644 Ter-

1308 666 1367 687 ram
1388 659 1620 695 promissionis»,
1641 667 1726 696 quam
1748 659 1787 688 eis
1809 659 1887 696 prius
1908 660 2085 696 promiserat;
2106 661 2156 690 Ge-

1307 706 1380 734 nesis
1401 706 1578 734 duodecimo:
1606 718 1619 731 «
1634 706 1735 735 Semini
1757 709 1806 735 tuo
1825 706 1897 735 dabo
1919 710 2021 736 terram
2043 708 2114 737 hanc
2128 721 2155 737 ».

1309 754 1343 782 Et
1363 753 1485 781 deduxit
1505 752 1585 787 illos,
1608 753 1711 782 scilicet
1731 753 1765 782 ad
1787 756 1890 783 terrain
1919 755 2103 792 praedictam,
2125 757 2157 785 in

1308 801 1358 829 via
1378 800 1512 829 mirabili
1519 810 1528 833 ,·
1549 800 1655 829 Glossa:
1682 812 1695 826 «
1711 801 1761 830 Per
1782 801 1924 830 desertum
1939 813 1965 837 »;
1987 802 2014 831 in
2037 803 2155 832 Psalmo:

1312 858 1325 872 α
1342 847 1369 875 ln
1391 850 1467 875 terra
1486 846 1596 875 deserta
1620 850 1647 876 et
1668 847 1742 876 invia
1761 850 1789 877 et
1810 848 1943 886 inaquosa
1958 861 1984 878 ι».
2007 850 2076 879 Haec
2107 858 2157 879 au-

1308 897 1362 923 tem
1384 894 1428 923 via
1442 894 1494 923 fuit
1509 894 1671 929 mirabilis,
1693 895 1759 933 quia
1780 896 1856 924 nullo
1877 896 1958 925 modo
1972 897 2067 934 pervia
2082 899 2157 935 tanto

1308 941 1446 970 exercitui
1461 941 1519 970 sine
1530 941 1625 970 multis
1641 942 1791 971 miraculis.
1808 943 1882 972 Unde
1893 943 2036 980 sequitur:
2050 945 2085 972 Et
2097 943 2157 982 fuit

1308 988 1366 1017 illis
1388 988 1418 1017 in
1440 988 1597 1017 velamento
1619 988 1686 1023 diei,
1702 989 1729 1017 id
1750 992 1791 1018 est
1811 992 1905 1019 aestus
1925 990 2032 1025 diurni,
2054 991 2157 1021 scilicet

1313 1047 1326 1061 (ι
1342 1043 1391 1072 per
1412 1036 1570 1064 columnam
1591 1036 1674 1065 nubis
1689 1047 1716 1070 »;
1738 1039 1764 1065 et
1784 1037 1816 1065 in
1841 1037 1902 1065 luce
1929 1036 2081 1066 stellarum
2102 1046 2156 1075 per

1308 1086 1427 1117 noctem,
1449 1083 1477 1111 id
1498 1085 1539 1112 est
1560 1083 1620 1112 loco
1641 1083 1711 1112 lucis
1733 1084 1892 1118 stellarum,
1907 1087 1934 1113 et
1950 1084 2002 1113 hoc
2021 1093 2096 1122 aper
2110 1093 2156 1114 co-

1308 1130 1431 1158 lumnam
1460 1130 1531 1167 ignis
1550 1142 1577 1164 »,
1603 1133 1634 1158 ut
1668 1130 1733 1159 dicit
1760 1130 1856 1159 Glossa
1874 1130 1902 1165 ε“;
1932 1130 2018 1159 Exodi
2051 1131 2156 1160 decimo

1309 1177 1403 1205 tertio:
1430 1177 1602 1214 «Nunquam
1623 1177 1711 1205 defuit
1736 1177 1865 1205 columna
1893 1177 1976 1206 nubis
2006 1185 2056 1214 per
2083 1178 2154 1207 diem

1308 1232 1398 1261 neque
1433 1224 1563 1252 columna
1594 1223 1664 1260 ignis
1695 1231 1744 1260 per
1779 1226 1888 1252 noctem
1907 1234 1940 1258 »;
1972 1224 2037 1253 item
2073 1225 2156 1254 Isaiae

1308 1274 1424 1308 quarto:
1444 1282 1458 1296 α
1473 1270 1583 1299 Creabit
1598 1271 1732 1300 Dominus
1746 1278 1831 1307 super
1846 1278 1957 1299 omnem
1972 1271 2063 1300 locum
2079 1280 2156 1301 mon-

1309 1318 1343 1346 tis
1364 1318 1427 1346 Sion
1449 1321 1511 1352 etc„
1532 1318 1635 1346 nubem
1658 1326 1707 1354 per
1728 1318 1799 1346 diem
1817 1329 1830 1342 »
1855 1320 1906 1346 etc.

1371 1365 1475 1398 ·(Vers.
1501 1365 1566 1399 18.).
1590 1364 1646 1393 Et⁹
1669 1364 1821 1393 transtulit
1840 1364 1904 1393 illos
1925 1367 1990 1399 etc„
2005 1365 2108 1394 scilicet
2129 1365 2156 1394 in

1307 1411 1387 1440 exitu
1407 1411 1441 1440 de
1462 1412 1597 1448 Aegypto,
1617 1420 1671 1448 per
1691 1420 1775 1440 mare
1789 1410 1935 1445 rabrum;
1950 1412 2036 1441 Exodi
2050 1412 2156 1441 decimo

1307 1461 1408 1495 quarto
1421 1459 1456 1487 ¹⁰:
1489 1458 1610 1487 «Divisa
1640 1461 1681 1487 est
1708 1466 1796 1495 aqua,
1829 1461 1856 1487 et
1884 1458 2000 1496 ingressi
2021 1462 2087 1488 sunt
2108 1460 2155 1489 filii

1308 1506 1389 1535 lsrael
1411 1514 1460 1542 per
1481 1505 1603 1534 medium
1618 1506 1681 1534 sicci
1699 1506 1783 1534 maris
1798 1518 1824 1534 n.
1840 1506 1948 1535 Dicitur
1962 1509 2055 1536 autem
2073 1516 2157 1537 mare

1307 1552 1435 1581 rubrum
1455 1561 1471 1581 a
1492 1552 1599 1586 colore,
1621 1560 1705 1589 quem
1728 1553 1813 1581 trahit
1834 1561 1870 1582 ex
1892 1556 1968 1582 terra
1982 1553 2069 1583 rubra
2083 1554 2156 1583 adia-

1307 1602 1394 1628 cente.
1418 1600 1454 1627 Et
1474 1599 1636 1628 transvexit
1656 1599 1720 1628 illos
1732 1608 1786 1636 per
1800 1608 1911 1638 aquam
1926 1600 2068 1636 nimiam,
2084 1601 2156 1630 scili-

1307 1649 1350 1676 cet
1370 1647 1457 1683 ipsius
1479 1646 1576 1680 maris,
1598 1646 1679 1675 cutus
1706 1655 1795 1684 aquae
1826 1650 1907 1676 erant
1927 1647 1966 1677 eis
1995 1656 2047 1685 pro
2074 1657 2156 1678 muro

1306 1702 1322 1722 a
1343 1693 1467 1722 dexteris
1481 1696 1508 1722 et
1523 1701 1539 1721 a
1553 1693 1688 1727 sinistris,
1711 1693 1820 1722 ibidem.
1844 1694 1875 1722 Et
1896 1697 1973 1729 nota,
1996 1695 2071 1732 quod
2091 1695 2157 1724 dicit

1304 1749 1357 1777 per
1379 1749 1462 1769 mare
1493 1740 1621 1769 rubrum
1648 1741 1739 1778 quoad
1764 1741 1940 1778 qualitatem,
1962 1750 2017 1779 per
2044 1750 2155 1781 aquam

1305 1787 1431 1816 nimiam
1452 1787 1544 1824 quoad
1565 1788 1756 1825 quantitatem.

1385 1835 1474 1871 (Vers.
1499 1830 1564 1870 139).
1592 1835 1730 1863 Inimicos
1761 1839 1860 1864 autem
1892 1835 2024 1870 illorum,
2053 1837 2156 1866 scilicet

1306 1882 1460 1919 Aegyptios,
1475 1882 1612 1910 demersit
1626 1882 1657 1910 in
1671 1891 1770 1915 mare,·
1788 1883 1871 1911 Exodi
1887 1883 1993 1912 decimo
2007 1884 2105 1921 quinto
2118 1886 2136 1901 ¹¹
2149 1896 2155 1913 :

1311 1928 1447 1957 «Currus
1478 1929 1627 1958 Pharaonis
1654 1932 1682 1957 et
1713 1929 1868 1958 exercitum
1894 1930 1954 1959 eius
1985 1930 2101 1967 proiecit
2128 1931 2154 1959 in

1306 1983 1382 2003 mare
1397 1986 1424 2009 ”3
1441 1975 1522 2004 item:
1542 1987 1555 2000 «
1571 1976 1712 2005 Submersi
1733 1980 1798 2005 sunt
1816 1977 1895 2013 quasi
1917 1977 2062 2014 plumbum
2074 1990 2088 2004 »
2103 1981 2154 2007 etc.

1308 2023 1343 2051 Et
1373 2022 1410 2051 ab
1438 2022 1605 2057 altitudine,
1628 2023 1654 2051 id
1685 2026 1726 2052 est
1747 2023 1950 2060 profunditate,
1972 2023 2155 2062 inferorum,

462 2182 469 2195 ¹
489 2184 622 2206 Secundum
645 2184 749 2207 Glossam
770 2184 948 2207 interlinearem
970 2191 997 2207 ex
1020 2185 1127 2213 Rabano,
1145 2186 1185 2214 qui
1203 2185 1248 2207 ait:

399 2222 519 2252 Populum
548 2222 638 2246 iustum
663 2225 684 2246 et
709 2229 788 2246 semen
813 2223 863 2246 sine
889 2223 984 2253 querela
1010 2225 1109 2252 appellat
1134 2225 1248 2252 populum

399 2262 560 2288 israeliticum,
577 2262 629 2290 qui,
647 2262 676 2284 de
693 2262 781 2284 semine
803 2262 987 2284 Patriarcharum
1008 2263 1163 2290 descendens,
1181 2263 1249 2286 unius

399 2301 438 2323 Dei
457 2302 530 2323 cultor
547 2301 641 2328 exstitit,
659 2301 699 2323 sed
718 2301 747 2323 ab
765 2302 885 2329 Aegyptiis
908 2308 934 2324 ac
956 2302 1038 2324 ceteris
1060 2302 1191 2325 nationibus
1208 2309 1249 2331 op-

398 2340 550 2368 primebatur,
568 2346 610 2368 per
627 2340 736 2363 ducatum
751 2341 834 2368 Moysis
851 2344 873 2363 et
890 2341 965 2363 Aaron
978 2341 1031 2364 inde
1042 2341 1152 2364 liberatus
1163 2344 1206 2364 etc.
1219 2355 1248 2358 --

399 2379 501 2402 Subinde
513 2380 639 2407 allegantur
650 2380 718 2402 Rom.
731 2380 752 2408 5,
766 2380 773 2401 l
786 2387 790 2407 ;
803 2380 882 2402 Glossa
895 2379 1055 2403 interlinearis
1067 2383 1089 2403 et
1101 2380 1159 2403 Tob.
1172 2381 1197 2408 2,
1211 2382 1218 2403 11
1227 2382 1248 2403 8.

461 2417 470 2430 ²
488 2419 517 2441 lta
535 2419 604 2441 etiam
622 2419 685 2441 card.
703 2420 770 2447 Hugo
788 2422 809 2442 et
826 2420 945 2447 Lyranus,
962 2420 1061 2448 Vulgata
1079 2419 1248 2449 deprimebant.

398 2471 428 2474 —-
440 2458 510 2481 Exod.
529 2459 549 2485 1,
570 2458 609 2485 14,
626 2458 666 2480 ubi
683 2458 774 2485 dicitur,
791 2459 855 2487 quod
873 2459 979 2487 Aegyptii
999 2459 1053 2481 «ad
1069 2460 1247 2482 amaritudinem

398 2496 557 2525 perducebant
573 2497 645 2519 vitam
662 2503 743 2519 eorum
761 2497 872 2525 operibus
889 2498 954 2520 duris
976 2498 1015 2520 luti
1033 2501 1054 2520 et
1072 2499 1148 2520 lateris
1161 2507 1171 2518 n
1191 2501 1247 2527 etc.;

398 2535 454 2557 ibid.
472 2536 498 2562 5,
516 2535 543 2558 7:
562 2536 713 2565 Nequaquam
730 2536 789 2558 ultra
812 2536 897 2559 dabitis
922 2537 1000 2565 paleas
1026 2538 1112 2565 populo
1130 2538 1160 2560 ad
1177 2538 1248 2560 conn-

398 2575 491 2597 ciendos
509 2575 602 2602 lateres,
620 2575 679 2598 sicut
696 2575 772 2603 prius,
790 2576 831 2598 sed
848 2576 892 2604 ipsi
910 2576 996 2598 vadant
1012 2579 1034 2599 et
1051 2577 1158 2605 colligant
1177 2577 1248 2605 stipu-

398 2613 437 2635 las.
455 2626 485 2629 —
503 2613 579 2636 Verba
598 2613 621 2636 id
637 2615 671 2637 est
686 2614 716 2637 ab
734 2614 860 2644 Aegyptiis,
879 2617 901 2637 et
917 2614 1006 2638 scilice!
1022 2615 1046 2638 in
1064 2615 1114 2638 luto
1131 2617 1154 2638 et
1174 2615 1247 2638 latere

398 2656 452 2675 sunt
469 2659 495 2675 ex
513 2653 592 2675 Glossa
610 2653 766 2676 interlineari.

461 2690 470 2703 ⁸
488 2692 554 2714 Vers.
566 2692 588 2714 7.
604 2705 636 2709 -
653 2693 731 2715 Glossa
744 2692 870 2716 ordinarat
887 2693 909 2715 in
928 2693 998 2716 Exod.
1020 2694 1038 2720 l,
1059 2693 1092 2716 14.
1112 2693 1147 2722 (ex
1160 2694 1246 2722 lsidor.,

398 2731 440 2759 Qq.
460 2731 481 2752 in
499 2731 572 2759 Exod„
586 2737 606 2753 c.
623 2731 668 2759 3.)z
687 2731 762 2754 lsrael
779 2732 894 2760 populum
912 2732 1075 2761 christianum,
1088 2732 1184 2756 Pharao
1201 2733 1247 2755 dia-

398 2770 477 2793 bolum
503 2771 630 2799 significat,
646 2771 687 2800 qui
710 2770 755 2793 luti
776 2773 797 2794 et
818 2771 900 2794 lateris
919 2772 1016 2800 imponit
1033 2772 1197 2800 gravissimum
1215 2773 1247 2795 iu-

398 2815 468 2836 gum,
485 2809 619 2831 servitutem
643 2810 729 2831 seilicet
754 2810 838 2832 terreni
860 2813 882 2832 et
904 2811 1007 2833 lutulenti
1030 2811 1122 2839 operis;
1140 2811 1246 2833 admixtis

394 2847 482 2877 pateis,
509 2848 532 2871 id
554 2851 588 2870 est
610 2847 700 2870 levibus
725 2851 746 2870 et
772 2848 966 2872 irrationabilibus
992 2850 1067 2877 tactis,
1090 2852 1115 2872 ut
1137 2849 1246 2872 omnibus

397 2893 467 2910 onere
484 2891 632 2915 peccatorum
655 2888 786 2916 oppressis,
804 2894 873 2910 nemo
896 2889 924 2911 sit
946 2889 987 2917 qui
1010 2895 1108 2917 regnum
1131 2889 1181 2911 eius
1203 2889 1247 2912 dis-

397 2926 479 2954 perdat
496 2929 535 2949 aut
552 2927 637 2949 n'ncat.

459 2964 469 2977 ⁴³
488 2965 585 2993 Vulgata
602 2966 686 2988 omittit
698 2965 739 2993 Et,
752 2967 816 2994 quod
827 2966 891 2989 card.
903 2967 970 2994 Hugo
982 2969 1004 2989 et
1016 2968 1120 2995 Lyranus
1130 2966 1246 2990 exhibent.

1369 2184 1379 2197 ⁶
1396 2186 1483 2213 Nempe
1501 2184 1670 2208 interlinearis.
1682 2198 1712 2201 —
1724 2186 1857 2214 Sequuntur
1875 2186 1928 2214 Sap.
1946 2186 1968 2213 7,
1985 2186 2027 2214 27;
2044 2186 2114 2209 Exod.
2128 2186 2155 2213 4,

1308 2225 1344 2247 12.
1356 2227 1378 2247 et
1389 2225 1410 2252 9,
1425 2224 1460 2252 to,
1473 2224 1513 2246 ubi
1531 2224 1560 2246 de
1578 2225 1654 2252 Moyse
1671 2227 1693 2246 et
1710 2225 1798 2247 Aaron:
1811 2226 1927 2247 Steterunt
1938 2231 2016 2247 coram
2029 2225 2155 2247 Pharaone.

1368 2262 1378 2275 ⁴³
1396 2263 1486 2286 Scilicet
1502 2262 1674 2291 interlinearis,
1693 2269 1719 2286 ex
1736 2269 1782 2292 qua
1808 2264 1877 2286 etiam
1902 2263 1974 2286 verba
2000 2264 2095 2286 inferius
2117 2270 2157 2292 po-

1305 2303 1363 2325 sita:
1384 2309 1467 2331 «quae
1488 2303 1540 2324 fecit
1562 2303 1583 2325 in
1606 2303 1712 2331 Aegypto
1724 2312 1745 2325 a.
1764 2315 1794 2318 —
1812 2302 1915 2325 Subinde
1937 2303 2064 2331 allegantur
2085 2303 2156 2326 Exod.

1305 2342 1328 2369 7,
1346 2342 1371 2368 3;
1390 2342 1457 2364 Eccli.
1474 2341 1516 2369 45,
1534 2342 1561 2364 3:
1578 2341 1718 2364 Gloriticavit
1735 2342 1798 2364 illum
1816 2344 1872 2370 ete.;
1890 2342 1944 2370 Sep.
1963 2342 1989 2369 8,
2008 2341 2044 2364 115.

1367 2379 1376 2393 ⁷
1395 2381 1481 2409 Nempe
1504 2380 1678 2404 interlinearis:
1696 2380 1780 2409 lustis,
1801 2381 1918 2408 israelitis,
1940 2380 2071 2405 mercedem
2094 2380 2155 2404 labo-

1304 2425 1361 2442 rum
1378 2425 1493 2447 suorum,
1507 2422 1590 2441 terram
1609 2419 1782 2447 promissionis,
1799 2420 1821 2442 et
1837 2418 1938 2442 deduoeit
1953 2425 2005 2447 eos,
2021 2425 2063 2447 per
2080 2419 2156 2442 deser-

1305 2461 1366 2487 tum,
1384 2458 1409 2481 in
1426 2458 1464 2481 via
1481 2457 1594 2481 mirabili.
1609 2471 1641 2475 -
1652 2458 1702 2480 Duo
1714 2464 1780 2487 seqq.
1797 2458 1839 2480 loci
1857 2461 1910 2480 sunt
1926 2458 1983 2480 Gen.
2002 2458 2043 2485 12,
2060 2458 2082 2481 7.
2100 2457 2152 2487 (cfr.

1309 2497 1605 2526 15,18.)ρ,11>5.62,3.

1367 2534 1376 2548 Β
1395 2536 1484 2559 Scilicet
1500 2535 1673 2559 interlinearis:
1692 2536 1723 2559 Et
1736 2535 1783 2565 fuit
1799 2535 1845 2558 illis
1863 2535 1887 2558 in
1904 2535 2034 2559 velamento
2055 2535 2113 2563 diei,
2132 2535 2154 2557 in

1303 2576 1378 2604 nube,
1395 2577 1416 2599 et
1433 2575 1457 2598 in
1475 2575 1525 2599 lnce
1542 2575 1666 2598 stellarum
1682 2581 1726 2604 pei·
1743 2576 1846 2603 noctem,
1865 2575 1886 2597 in
1908 2575 2015 2597 columna
2037 2574 2107 2603 ignis.
2122 2585 2155 2591 ·—

1305 2616 1355 2637 Duo
1372 2621 1437 2644 seqq.
1455 2615 1497 2637 loci
1515 2617 1568 2637 sunt
1585 2615 1653 2637 Exod.
1674 2615 1715 2642 13,
1736 2615 1774 2637 22.
1791 2617 1813 2637 et
1830 2614 1880 2636 lsai.
1898 2614 1924 2643 4,
1943 2614 1965 2636 5.

1367 2652 1377 2665 ⁹
1394 2654 1439 2676 Cir.
1456 2660 1527 2681 supra
1546 2656 1597 2676 nota
1617 2653 1638 2676 4.

1368 2691 1387 2704 ¹⁰
1404 2693 1470 2715 Vers.
1488 2693 1525 2715 24.
1542 2695 1564 2715 et
1581 2693 1623 2720 22;
1642 2692 1697 2714 ibid.
1714 2692 1783 2715 etiam
1800 2695 1834 2715 est
1851 2699 1900 2721 seq.
1925 2693 2001 2714 locus:
2019 2692 2072 2714 Erat
2092 2691 2152 2714 enim

1303 2738 1364 2760 aqua
1381 2732 1448 2760 quasi
1465 2738 1547 2754 murus
1565 2738 1577 2754 a
1592 2732 1685 2754 dextera
1703 2737 1784 2754 eorum
1803 2734 1827 2754 et
1850 2732 1921 2753 laeva.
1939 2743 1971 2748 —
1987 2730 2080 2758 isidor„
2097 2730 2155 2753 Xlll.

1304 2771 1434 2799 Etymolog.
1449 2777 1469 2793 c.
1488 2770 1525 2793 117.
1542 2777 1565 2792 11.
1582 2771 1609 2792 2;
1626 2769 1736 2793 Rubrum
1746 2772 1824 2792 autem
1837 2775 1901 2792 mare
1915 2771 2037 2797 vocatum,
2049 2775 2077 2791 eo
2089 2769 2153 2797 quod

1304 2809 1332 2832 sit
1349 2810 1422 2831 roseis
1443 2809 1512 2832 undis
1534 2809 1655 2837 infectum,
1673 2815 1718 2831 non
1743 2811 1820 2831 tamen
1845 2808 1913 2830 talem
1939 2810 2045 2830 naturam
2072 2806 2154 2833 habet,

1304 2849 1396 2878 qualem
1415 2849 1506 2871 videtur
1517 2849 1652 2876 ostendere,
1668 2848 1710 2870 sed
1727 2848 1810 2871 vicinis
1827 2847 1940 2870 littoribus
1957 2847 2050 2869 vitiatur
2067 2852 2153 2874 gurges

1304 2892 1374 2917 atque
1390 2888 1503 2915 inficitur,
1520 2888 1574 2917 quia
1591 2888 1668 2910 omnis
1686 2890 1758 2915 terra,
1776 2893 1836 2916 quae
1853 2886 1986 2909 circumstat
2003 2886 2098 2914 pelago,
2114 2891 2153 2907 ru—

1304 2927 1346 2950 bra
1363 2929 1398 2950 est
1414 2929 1437 2950 et
1453 2927 1581 2955 sanguineo
1598 2927 1670 2949 colori
1687 2926 1792 2954 proxima
1809 2928 1853 2948 etc.

1367 2965 1385 2978 ¹¹
1403 2966 1469 2989 Vers.
1488 2966 1512 2994 4;
1530 2965 1588 2988 ibid.
1605 2972 1628 2988 v.
1646 2966 1683 2988 110.
1701 2967 1735 2987 est
1751 2971 1801 2994 seq.
1817 2965 1889 2987 locus.

2173 575 2272 597 Secundini

2173 1372 2262 1392 Tertium.
