2296 3316
55 347 111 371 neap.

28 393 81 414 natio
93 393 109 412 i.

28 580 81 600 Ratio
92 579 109 598 2.

0 917 109 1111 *3223*ss

0 1118 13 1146 li

2 538 11 581 {i

1 586 9 615 2

0 620 17 709 5

0 1802 110 1839 ’ἶιῗιῗέιίῖἶὲἶ

0 1897 3 1909 ι
11 1890 107 1909 volendum.

742 115 912 144 COMMENT.
934 115 966 145 IN
988 116 1134 145 ΙΟΑΝΝΕΜ
1155 116 1183 145 C.
1206 116 1270 145 XIII.

129 197 252 228 militatis
278 203 362 233 quam
393 195 511 224 alicuius
537 194 654 223 alterius
680 193 806 228 virtutis,
834 201 898 222 cum
920 193 975 222 sint

127 244 196 273 aliae
216 243 334 272 virtutes
354 241 530 271 excellentes.

205 289 357 319 Dicendum
366 312 374 323 ‚
395 288 469 325 quod
484 287 619 316 Dominus
633 293 718 323 super
732 286 825 315 omnia
839 294 975 315 commen-

127 337 203 366 davit
221 336 364 372 discipulis
384 335 443 364 suis
463 334 610 368 unitatem;
633 336 660 362 et
671 333 740 370 quia
754 333 884 370 superbia
899 335 973 362 recte

127 383 229 420 frangit
249 383 396 416 unitatem,
418 381 484 418 quia
504 381 580 409 inter
607 380 747 417 superbos
773 388 885 417 semper
904 383 974 408 sunt

127 430 230 467 iurgia
242 430 262 463 ¹,
283 432 311 458 et
330 428 456 465 discipuli
483 427 699 461 contendebant,
721 426 787 465 quis
808 434 910 455 eorum
930 427 974 456 vi-

127 476 245 504 deretur
264 483 323 503 esse
342 474 459 507 maiam
480 473 554 508 ideo,
575 481 610 502 ne
638 481 688 510 per
715 473 791 501 illam
821 473 974 502 contentio-

127 530 190 551 nem
212 521 304 550 unitas
324 520 459 549 Ecclesiae
490 523 688 557 rumperetur,
716 519 791 548 dedit
811 520 972 556 exemplum

127 567 307 601 humilitatis,
328 570 360 596 ut
380 567 497 604 quilibet
517 566 596 595 alteri
617 566 790 595 subiiciatur.
807 582 844 587 —-
857 567 915 595 Alia
929 573 973 595 ra-

127 616 165 645 tio
183 617 242 649 est,
263 614 343 652 quia,
357 606 429 643 sicut
442 614 581 642 danmatio
604 616 699 642 ortum
721 614 819 642 habuit
839 622 856 642 a
875 621 974 650 super—

126 662 187 697 bia,
208 662 246 691 ita
265 662 342 690 salus
362 661 396 690 ab
418 661 573 689 humilitate
585 661 605 689 ².
968 676 970 684 ι

205 710 251 738 26.
274 709 384 745 Quaest.
407 708 436 736 ll.
459 708 510 737 Sed
531 708 678 745 quaeritur
698 708 732 737 de
753 708 806 737 hoc
827 708 901 745 quod
931 707 973 737 di—

127 756 178 786 cit:
201 755 264 784 Non
280 755 314 783 de
328 754 462 783 omnibus
476 755 559 788 dieo;
572 763 624 792 eqo
644 755 719 789 scio,
734 763 806 793 quos
829 755 971 793 eleyerim.

204 803 333 832 CONTRA:
355 803 445 839 Supra
469 802 572 831 sext0³
599 802 717 831 dicitur.-
746 802 847 831 Nonne
866 803 974 832 duode—

126 850 183 880 cim
203 858 253 878 vos
273 849 364 887 elegi?
385 849 410 878 Si
433 849 515 886 elegit
535 849 697 884 duodecim,
719 850 799 878 Iudas
829 853 889 878 erat
917 850 973 879 ele-

126 901 203 932 ctus,
224 897 311 926 cuius.
325 896 496 926 contrarium
518 896 584 925 dicit
607 896 694 925 modo.

205 944 382 973 Ruspounuo:
397 943 566 977 Dicendum,
587 943 662 980 quod
683 945 724 972 est
745 943 806 981 eligi
831 943 867 972 ad
885 952 973 980 prae—

125 994 231 1020 sentem
250 991 440 1028 diynitatem;
460 993 488 1018 et
514 990 553 1018 sic
582 990 661 1018 ludas
689 990 741 1018 fuit
761 991 879 1024 electus,
900 991 973 1019 sicut

125 1038 267 1075 eliguntur
287 1037 351 1066 mali
373 1036 492 1074 episcopi
514 1039 542 1065 et
562 1037 693 1073 praelati,
714 1043 769 1065 non
791 1044 903 1071 errore,
923 1037 973 1065 sed

124 1084 244 1114 mirabili
265 1083 476 1120 dispensatione.
500 1083 545 1112 Est
568 1083 665 1111 electio
688 1083 729 1112 att
759 1087 910 1112 aeternam
927 1091 973 1112 so*

126 1132 314 1164 tantilitatem,-
330 1133 356 1159 et
378 1130 430 1158 hoc
452 1129 533 1158 modo
548 1130 628 1158 Iudas
643 1137 697 1158 non
712 1130 764 1158 fuit
779 1131 892 1165 electus,
907 1130 973 1167 quia

125 1179 193 1208 haec
213 1179 334 1216 pertinet
354 1177 388 1206 ad
410 1177 529 1206 finaliter
550 1177 638 1206 bonos
648 1178 668 1205 4.

204 1227 250 1255 27.
271 1226 382 1262 Quaest.
405 1225 444 1253 111.
469 1225 532 1253 [tem
554 1224 701 1261 quaeritur
722 1225 755 1253 de
776 1225 829 1253 hoe
843 1225 918 1262 quod
932 1225 973 1253 di-

126 1273 212 1302 citur:
233 1273 294 1309 Qui
313 1271 431 1309 recipit,
452 1272 480 1300 si
499 1280 583 1310 quem
603 1272 728 1305 misero,
750 1280 794 1300 me
814 1272 925 1309 recipit.

207 1321 230 1348 1.
252 1319 409 1348 Secundum
434 1319 487 1347 hoc
512 1318 560 1356 qui
589 1319 708 1347 honorat
734 1318 864 1347 nuntium
887 1319 973 1347 hono-

126 1369 170 1395 rat
191 1366 360 1395 mittentem:
382 1373 448 1403 ergo
463 1366 535 1394 sicut
553 1377 567 1390 «
579 1365 668 1394 honor
688 1365 830 1402 imayz'nis
851 1365 972 1394 refertur

126 1414 160 1443 ad
181 1416 359 1451 prototypum
372 1413 383 1430 ⁵
398 1424 425 1447 »,
440 1413 478 1441 sic
500 1412 599 1441 nuntii
619 1412 651 1441 ad
674 1413 840 1441 Dominum:
863 1420 929 1449 ergo
950 1412 971 1442 si

125 1461 271 1498 imaginem
285 1460 386 1489 Christi
402 1460 535 1489 debemus
548 1459 665 1488 adorare
680 1459 789 1493 latria,
805 1459 844 1488 sic
858 1462 885 1488 et
899 1467 972 1488 nun-

125 1507 178 1536 tios
197 1507 308 1536 Christi.

203 1555 230 1583 2.
252 1554 306 1582 Hoc
326 1553 417 1590 ipsum
446 1553 556 1582 videtur
584 1561 634 1590 per
660 1553 780 1582 litteram
795 1553 815 1587 ⁶,
837 1553 904 1590 quia
923 1561 972 1590 ap-

125 1600 202 1638 ponit
222 1608 273 1637 pro
294 1600 391 1634 simili,
413 1600 487 1637 quod
508 1599 560 1638 qui
580 1598 705 1628 honorat
726 1600 822 1637 ipsum
846 1598 973 1628 honorat

125 1648 260 1681 Patrem,
282 1647 334 1685 qai
352 1647 433 1676 misit
452 1655 536 1680 eum,·
557 1647 605 1676 sed
630 1647 725 1676 eodem
755 1647 860 1676 honore
882 1648 968 1676 hono-

125 1693 229 1722 randus
250 1697 292 1722 est
312 1697 440 1731 uterque.

202 1741 380 1769 Rnsrounao:
401 1740 570 1775 Dicendum,
591 1740 666 1778 quod
687 1741 821 1770 honorem
849 1741 948 1770 referri
961 1741 970 1758 ⁷

124 1786 159 1815 ad
188 1787 308 1823 aliquem
336 1790 378 1816 est
408 1787 567 1824 dupliciter:
589 1790 638 1816 aut
659 1788 731 1816 sicut
761 1787 795 1816 ad
817 1787 971 1822 obiectum,

124 1836 172 1862 aut
193 1833 265 1862 sicut
284 1833 318 1862 ad
338 1833 434 1870 finem.
456 1834 522 1863 Dico
536 1842 615 1871 ergo,
638 1834 712 1872 quod
727 1835 816 1863 honor
830 1835 972 1872 imaginis

124 1880 246 1909 refertur
266 1880 301 1909 ad
322 1883 500 1918 prototypum
522 1881 594 1910 sicut
611 1881 645 1910 ad
667 1881 821 1916 obiectum,
836 1882 903 1919 quia
916 1890 971 1911 non

124 1928 278 1956 honoratur
299 1928 383 1964 lapis,
406 1928 453 1957 sed
474 1928 556 1957 Deus.
579 1928 631 1957 Sed
646 1929 735 1957 honor
750 1929 836 1957 missi
850 1929 971 1958 refertur

124 1973 158 2002 ad
178 1974 334 2002 mittentem>
355 1974 426 2003 sicut
456 1975 490 2003 ad
521 1975 662 2004 motivum
683 1977 708 2003 et
732 1974 837 2012 finem,·
858 1978 885 2004 et
906 1976 972 2013 quia

125 2020 208 2049 homo
228 2028 282 2049 non
310 2021 428 2049 honorat
454 2021 578 2050 missum
600 2021 652 2050 nisi
677 2025 792 2058 propter
816 2022 971 2051 mittentem

125 2069 153 2096 et
179 2075 214 2096 ex
246 2068 440 2105 consequenti,
462 2076 516 2097 non
548 2068 638 2105 primo
669 2068 741 2097 sicut
761 2068 794 2097 ad
815 2068 970 2103 obiectum;

1823 117 1880 146 429

1030 194 1096 231 quia
1110 201 1146 223 ex
1162 195 1214 223 hoc
1228 195 1303 223 Deus
1325 196 1436 231 reputat
1450 201 1481 223 se
1494 194 1678 229 honoratum,
1701 195 1743 224 vel
1758 195 1881 225 dehono-

1029 242 1137 269 ratum:
1159 240 1220 270 ideo
1241 241 1330 278 imago
1344 244 1386 270 est
1402 240 1542 270 adoranda
1563 241 1671 276 latria,
1693 241 1741 271 sed
1762 242 1879 272 nuntius

1031 287 1115 316 dulia
1124 287 1146 315 ⁸.

1110 335 1135 362 Ξ,
1158 334 1237 370 Quod
1267 335 1398 364 obiicitur
1427 335 1462 364 de
1492 335 1590 370 simili,
1617 335 1782 370 dicendum,
1804 336 1880 373 quod

1029 387 1085 408 non
1106 384 1147 409 est
1168 380 1281 410 omnino
1300 382 1405 416 simile;
1427 382 1493 419 quia
1514 382 1551 411 ibi
1572 385 1615 411 est
1635 382 1813 411 conformitas
1825 390 1881 411 na-

1031 431 1132 461 turae,
1155 427 1201 456 hic
1222 431 1315 457 autem
1335 429 1462 465 gratiae.

1110 474 1156 502 28.
1180 474 1254 502 Cum
1275 473 1345 503 ltaec
1362 475 1500 510 dixisset,
1515 475 1652 505 turbatus
1666 480 1714 505 est.
1731 477 1879 514 Postquam
1896 483 1976 525 Ιτέτιῑο,
1990 483 2014 502 de

1030 520 1190 557 exemplum
1212 521 1386 557 propositum
1408 525 1461 557 est,
1483 526 1511 551 et
1531 523 1636 552 inducti
1665 526 1730 552 sunt
1750 522 1878 561 discipuli
1905 511 2016 549 ῗοῗῖἰιὲιῗ

1030 566 1064 595 ad
1085 566 1269 602 imitandum;
1299 568 1344 597 hic
1365 568 1461 605 incipit
1481 570 1564 598 tertia
1585 577 1651 607 pars
1671 570 1784 607 capituli
1797 571 1824 606 ⁹,
1852 571 1879 600 in
1909 555 1996 577 quanm

1030 622 1086 650 qua
1107 614 1241 643 Dominus
1259 615 1480 652 perversitatem
1506 617 1598 645 Iudae
1625 617 1744 646 ostendit
1771 618 1806 646 ad
1833 618 1881 647 de-

1029 660 1180 695 viandum;
1202 664 1230 690 et
1250 662 1303 690 hoc
1324 662 1435 699 quidem
1457 663 1522 691 facit
1543 664 1595 692 hoc
1615 664 1721 693 ordine.
1745 665 1835 693 Primo
1849 665 1880 693 fit

1030 707 1062 735 in
1088 707 1220 744 generati
1243 708 1408 745 proditoris
1435 709 1619 744 insinuatio;
1647 711 1768 740 secundo
1797 719 1879 746 vero,

1029 754 1246 792 discipulorum
1267 754 1418 784 haesitans
1445 756 1617 794 inquisitio;
1642 757 1740 792 tertio,
1764 758 1882 787 Domini

1029 805 1139 830 secreta
1166 803 1338 839 respon-sim
1365 806 1467 840 quarto
1495 811 1577 838 vero,
1607 804 1770 841 proditoris
1801 813 1880 833 acce-

1032 848 1145 877 leratio.

1109 896 1198 931 (Vers.
1221 898 1289 933 21).
1313 898 1403 930 Primo
1425 898 1510 936 igitur
1532 899 1563 927 sit
1583 899 1761 937 ingenerati
1777 899 1880 937 procti-
1893 904 2027 946 Exigggffilite

1030 943 1103 972 toris
1124 944 1304 979 insinuatio,
1326 948 1353 974 et
1375 946 1437 974 licet
1458 946 1486 974 in
1507 946 1645 983 generali,
1667 955 1722 975 non
1744 947 1879 976 tamenin
1897 941 1993 970 Primum-⁸

1028 990 1130 1025 dubio,
1150 991 1199 1020 sed
1220 991 1247 1020 in
1269 992 1444 1021 certitudine.
1468 993 1498 1021 Et
1520 994 1572 1022 hoc
1594 994 1750 1023 manifestat
1776 994 1880 1024 Christi

1029 1037 1169 1072 turbatio;
1192 1041 1306 1076 propter
1328 1040 1403 1076 quod
1423 1040 1505 1069 dicit:
1530 1041 1603 1070 Cum
1618 1040 1688 1070 haec
1701 1042 1823 1071 dixisset
1837 1043 1880 1071 Ie-

1028 1091 1097 1118 sus,
1118 1092 1190 1121 quae
1210 1085 1314 1114 scilicet
1335 1087 1496 1123 spectabant
1508 1087 1543 1115 ad
1557 1087 1758 1125 discipulorum
1775 1088 1880 1117 instro»

1029 1131 1167 1165 ctionem;
1197 1132 1334 1161 turbatas
1357 1136 1398 1161 est
1418 1134 1544 1170 spim'tu,
1571 1135 1598 1163 id
1618 1138 1661 1164 est
1682 1136 1824 1165 voluntate
1837 1136 1878 1171 10;

1030 1181 1054 1205 et
1074 1181 1253 1214 protestatus
1273 1183 1314 1207 est
1333 1183 1359 1208 et
1379 1180 1471 1214 dimit,
1486 1182 1552 1218 quia
1567 1182 1719 1211 certissime
1739 1183 1878 1212 asseruit:

1031 1224 1139 1258 Amen,
1168 1233 1253 1253 anien
1274 1225 1338 1253 dico
1357 1226 1456 1260 bobis,
1477 1227 1550 1264 quia
1571 1235 1651 1256 unus
1671 1237 1706 1256 ex
1727 1227 1807 1257 vobis
1835 1238 1879 1258 me

1030 1271 1145 1305 tractet,·
1166 1272 1211 1300 ille
1231 1272 1344 1309 scilicet¹
1362 1281 1437 1302 unus
1464 1277 1524 1302 erat
1551 1282 1616 1303 eum
1645 1275 1817 1309 traditurus,
1846 1273 1879 1305 de

1030 1325 1086 1354 quo
1106 1326 1193 1354 supra
1213 1321 1313 1347 sexto:
1339 1319 1444 1348 «Unus
1465 1328 1502 1348 ex
1523 1321 1601 1350 vobis
1621 1321 1748 1350 diabolus
1769 1325 1851 1350 est».

1109 1366 1155 1393 ⁹29.
1178 1365 1267 1400 (Vers.
1291 1367 1359 1402 22).
1387 1367 1577 1404 Aspiciebant
1595 1375 1664 1404 erqo
1685 1368 1727 1396 act
1746 1368 1878 1398 invicem.

1029 1411 1163 1448 Tangitur
1186 1412 1230 1441 hic
1251 1412 1420 1447 secundum,
1436 1413 1540 1442 scilicet
1553 1414 1768 1455 discipulorum
1783 1415 1879 1454 inqui—

1028 1459 1117 1493 sitio;
1138 1462 1165 1488 et
1185 1459 1277 1496 primo
1297 1463 1450 1497 coeperunt
1477 1460 1635 1495 dubitare,·
1662 1465 1777 1499 propter
1802 1463 1880 1500 quod

1028 1506 1112 1535 dicit:
1136 1507 1324 1544 Aspiciebant
1344 1516 1412 1545 erqo
1433 1507 1474 1536 ad
1494 1509 1618 1537 invicem
1632 1509 1788 1547 discipuli,
1809 1509 1876 1539 liae-

1028 1554 1165 1588 sitantes,
1186 1554 1220 1582 de
1240 1562 1297 1592 quo
1318 1555 1531 1588 dicerem-,ideo
1557 1556 1592 1585 ad
1620 1556 1737 1585 invicem
1763 1557 1878 1594 aspicie—

1028 1600 1110 1635 bant,
1132 1601 1199 1638 quia
1218 1609 1293 1631 unus
1314 1602 1348 1631 de
1368 1602 1456 1631 altero
1477 1603 1629 1639 dubitabat.
1652 1604 1876 1641 Augustinusss:

1033 1657 1047 1671 «τ
1063 1648 1106 1677 Sic
1127 1648 1154 1676 in
1175 1648 1215 1677 eis
1235 1656 1302 1685 erga
1322 1649 1484 1686 Magistrum
1505 1658 1589 1679 suum
1610 1654 1670 1679 erat
1691 1651 1735 1687 pia
1760 1651 1876 1687 caritas,

1029 1697 1062 1722 nt
1083 1697 1174 1723 tamen
1196 1694 1269 1723 inter
1289 1703 1336 1723 eos
1358 1695 1480 1724 humana
1494 1696 1614 1725 alterum
1628 1697 1662 1726 de
1675 1698 1763 1726 altero
1778 1698 1877 1727 stimu—

1029 1741 1099 1770 laret
1119 1742 1268 1770 infirmitas
1283 1754 1309 1770 ι).
1332 1742 1363 1770 Et
1383 1743 1449 1780 quia
1469 1743 1605 1772 dubitatio
1632 1744 1709 1773 ducit
1736 1745 1764 1773 in
1785 1745 1877 1782 inquiu

1028 1788 1171 1822 sitionem,
1193 1792 1220 1817 et
1241 1789 1383 1826 inquisitio
1410 1790 1530 1827 requirit
1557 1790 1788 1826 familiaritatem;
1817 1792 1878 1821 ideo

1028 1835 1183 1864 ostenditur
1204 1836 1375 1865 familiaritas
1397 1837 1518 1872 loannis,
1540 1841 1572 1866 ut
1591 1846 1642 1875 per
1662 1838 1753 1875 ipsum
1781 1838 1877 1877 inqui—

1028 1882 1096 1911 sitio
1116 1882 1178 1919 fiat.
1201 1883 1263 1912 Ideo
1283 1883 1339 1912 ait:

1108 1929 1154 1958 30.
1178 1930 1267 1965 (Vers.
1290 1930 1358 1966 23).
1382 1931 1456 1960 Erat
1476 1939 1544 1969 erqo
1564 1940 1644 1960 anus
1664 1940 1699 1961 ex
1723 1932 1878 1970 discipulis

1028 1976 1091 2004 eius
1111 1976 1282 2005 recumbens
1302 1977 1334 2006 in
1353 1977 1423 2007 sinu
1444 1979 1527 2013 Iesu,
1550 1982 1681 2016 tanquam
1697 1979 1877 2008 familiarissi-

1028 2030 1092 2051 mus
1112 2022 1184 2051 inter
1205 2023 1288 2058 alios,
1310 2028 1337 2053 et
1358 2025 1410 2053 hoc
1425 2025 1537 2062 quidem
1551 2029 1665 2062 propter
1680 2026 1783 2055 amoris
1797 2028 1878 2063 prae*

1028 2070 1200 2107 rogativam3
1221 2079 1306 2109 quem
1326 2071 1464 2109 ditiyebat
1485 2073 1575 2101 lesus.
1592 2073 1644 2101 Iste
1657 2072 1812 2110 discipulus
1825 2073 1877 2101 fuit

1896 1372 2012 1392 Secundum.

188 2279 196 2293 ¹
214 2281 281 2303 Prov.
300 2282 341 2309 43,
359 2282 396 2304 to.
413 2294 443 2299 -
461 2282 569 2312 Sequitur
590 2282 645 2306 Luc.
666 2284 710 2310 22,
733 2284 770 2306 24.
792 2283 924 2312 Chrysost.,
946 2284 970 2307 in

125 2319 184 2342 ioan.
202 2320 279 2343 homil.
296 2321 335 2344 71.
353 2321 417 2349 (alias
433 2322 481 2351 70.)
498 2327 521 2344 n.
539 2322 559 2344 i.
577 2328 638 2351 seq.:
655 2322 701 2345 Cur
717 2326 795 2345 autem
813 2324 856 2346 hoc
867 2329 928 2346 nunc
939 2324 971 2346 fe-

125 2358 171 2381 cit?
187 2360 302 2381 Honorem
325 2361 471 2383 consecuturi
493 2363 568 2389 erant,
586 2361 623 2383 alii
646 2362 771 2389 maiorem,
788 2362 825 2384 alii
848 2362 970 2385 minorem.

125 2397 157 2420 Ne
172 2397 243 2425 igitur
258 2404 310 2420 sese
326 2398 439 2421 adversus
453 2399 511 2422 alios
527 2400 659 2422 extollerent
673 2400 833 2429 dicerentque,
850 2403 875 2423 ut
891 2403 970 2423 antea:

127 2435 184 2464 Quis
200 2436 279 2460 maior
290 2439 340 2461 est?
352 2444 429 2467 neque
440 2439 477 2460 alii
489 2438 602 2462 adversus
612 2439 670 2462 alios
682 2439 864 2469 indignarentur,
875 2446 969 2463 omnem

124 2474 154 2497 ab
171 2475 228 2503 ipsis
244 2476 300 2498 tollit
316 2477 437 2499 elationem
456 2480 499 2499 etc.

187 2512 196 2526 ²
213 2514 260 2537 cfr.
277 2515 301 2537 ΙΙ.
318 2515 380 2538 Sent.
398 2515 420 2538 d.
438 2516 459 2538 5.
477 2521 497 2538 a.
516 2517 537 2539 t.
554 2522 576 2545 q.
595 2516 620 2544 i;
638 2517 660 2539 d.
678 2517 717 2539 22.
733 2524 753 2539 a.
773 2518 793 2540 t.
815 2524 838 2547 q.
857 2518 878 2540 t.
896 2517 971 2546 (prae-

124 2553 192 2581 cipue
209 2554 232 2576 in
250 2554 304 2583 fine)
321 2557 344 2577 et
360 2556 383 2577 2.

186 2591 196 2604 ⁸
213 2594 277 2616 Vers.
295 2594 333 2616 7⁴.

184 2630 196 2644 ⁶
211 2631 257 2655 Cir.
274 2638 343 2661 supra
362 2638 383 2661 c.
399 2633 422 2655 6.
441 2639 464 2656 n.
483 2634 534 2656 ⁴00.
553 2645 582 2650 -
599 2635 711 2662 Superius
733 2639 776 2663 pro
797 2635 971 2659 solemnitatem

124 2670 160 2693 ed.
178 2670 336 2694 hereditatem.

183 2708 195 2721 ³
212 2711 240 2732 Ut
257 2710 311 2733 dicit
329 2711 447 2738 Damaso„
464 2712 501 2734 lv.
513 2711 542 2734 de
554 2712 608 2734 Fide
620 2712 710 2735 orthod.
722 2718 743 2735 c.
756 2713 792 2734 46.
805 2712 852 2736 Cir.
864 2714 896 2736 ill.
908 2714 969 2736 Sent.

124 2748 148 2771 d.
164 2750 185 2771 9.
203 2755 224 2771 a.
243 2750 264 2771 t.
281 2756 304 2778 q.
322 2750 342 2772 5.
360 2751 389 2773 ad
406 2751 506 2779 opposit.
524 2752 551 2778 6,
568 2751 607 2773 ubi
625 2752 706 2774 eadem
726 2753 855 2780 propositio
876 2753 971 2776 adhibe-

124 2790 160 2810 tur
177 2789 207 2811 ad
224 2789 385 2817 probandum,
403 2790 507 2812 membru
524 2790 606 2813 Christi
623 2791 740 2814 adoranda
762 2798 814 2814 esse
836 2792 971 2814 adoratione

124 2827 214 2856 latriae;
226 2829 249 2850 et
259 2834 282 2856 q.
293 2829 315 2850 2.
333 2829 436 2851 tundam.
456 2829 481 2856 t,
500 2828 538 2851 uhi
555 2835 581 2852 ex
597 2835 624 2851 ea
642 2830 777 2858 ostenditur,
794 2831 858 2859 quod
876 2830 970 2858 imagini

126 2863 328 2889 Christi'exhiberi
346 2867 430 2890 debeat
446 2868 520 2890 cultus
536 2868 625 2896 latriae;
645 2875 691 2891 non
707 2868 825 2897 absolute,
847 2869 898 2892 sive
914 2876 970 2899 qna-

124 2907 191 2928 tenus
209 2906 229 2928 in
248 2912 273 2929 se
290 2907 456 2934 consideratur,
473 2908 514 2930 sed
530 2908 657 2937 respective
674 2908 703 2930 ad
721 2908 845 2931 Christum.

1091 2283 1101 2297 ⁴³
1116 2286 1190 2313 Supra
1208 2285 1234 2313 ὃ,
1253 2287 1294 2308 23:
1312 2286 1356 2315 Qui
1373 2292 1419 2309 non
1437 2285 1573 2309 honorificat
1598 2287 1678 2309 Filium
1701 2292 1747 2310 non
1769 2288 1877 2310 honorifi-

1027 2328 1063 2347 cat
1080 2325 1169 2347 Patrem
1188 2329 1232 2348 ele.

1089 2361 1098 2375 '¹
1116 2364 1146 2386 lta
1165 2364 1237 2386 maior
1254 2370 1307 2392 pars
1325 2365 1394 2387 codd.
1411 2370 1464 2387 cum
1482 2365 1597 2392 Gor-rano,
1614 2365 1652 2388 ed.
1668 2363 1766 2395 referre.

1090 2400 1099 2414 ⁸
1116 2402 1162 2425 Cir.
1179 2403 1212 2425 111.
1228 2404 1290 2425 Sent.
1306 2403 1329 2426 d.
1346 2403 1368 2425 9.
1386 2409 1406 2426 a.
1425 2404 1446 2425 t.
1463 2410 1486 2432 q.
1507 2401 1555 2426 2-5.
1575 2415 1607 2421 —
1628 2403 1740 2432 Superius
1762 2410 1805 2433 pro
1818 2410 1877 2428 -non

1027 2441 1130 2464 honorat
1145 2441 1246 2464 missum
1262 2441 1310 2465 nisi
1325 2442 1344 2464 M
1358 2442 1374 2464 N
1392 2442 1495 2465 honorat
1509 2442 1623 2471 missum,
1635 2446 1657 2465 et
1668 2443 1767 2467 subinde
1779 2443 1877 2467 vocibus

1027 2485 1058 2503 eat
1077 2480 1230 2509 consequenti
1250 2480 1350 2503 secunda
1374 2486 1457 2503 manus
1479 2480 1501 2503 in
1519 2480 1535 2503 Β
1552 2481 1657 2509 praefixit
1678 2481 1754 2505 honor
1771 2483 1876 2512 refertur

1027 2518 1060 2541 ad
1075 2518 1203 2541 mittentem
1210 2527 1219 2547 ,⁴
1236 2519 1332 2541 demum
1349 2525 1393 2547 pro
1409 2519 1536 2542 adoranda
1551 2519 1568 2542 C
1586 2518 1729 2544 honoranda
1736 2529 1746 2549 ;
1770 2521 1826 2549 sed,
1853 2526 1877 2544 ut

1028 2563 1098 2585 supra
1117 2561 1169 2580 nota
1187 2557 1210 2580 5.
1227 2558 1341 2585 diximus,
1359 2560 1382 2580 et
1399 2558 1421 2580 in
1438 2564 1498 2586 resp.
1518 2558 1577 2581 bene
1594 2558 1731 2583 declaratur.
1747 2562 1809 2583 recte
1821 2566 1877 2583 crux

1028 2597 1112 2619 dicitur
1128 2597 1261 2620 odoranda.

1091 2634 1101 2647 ⁹
1118 2635 1163 2658 Csr.
1180 2642 1250 2664 supra
1268 2643 1289 2658 n.
1308 2637 1329 2658 t.

1091 2673 1111 2686 ¹⁰
1130 2674 1188 2697 Vide
1205 2680 1274 2702 supra
1292 2681 1312 2697 c.
1331 2674 1368 2697 tt.
1393 2681 1414 2697 n.
1437 2674 1480 2704 56,
1498 2679 1519 2698 et
1536 2675 1640 2705 August,
1658 2676 1680 2699 in
1701 2679 1763 2700 ioan.
1787 2677 1875 2705 Evang.

1027 2716 1055 2736 tr.
1075 2713 1112 2735 60.
1130 2719 1151 2735 n.
1170 2713 1191 2735 t.
1214 2719 1280 2742 seqq.
1296 2726 1327 2730 —
1345 2713 1448 2737 Subinde
1472 2716 1583 2743 allegatur
1608 2717 1670 2738 loun.
1687 2716 1712 2743 6,
1729 2716 1768 2739 Ἠ.
1785 2729 1816 2733 -
1833 2716 1873 2739 Ed.

1027 2758 1081 2775 cum
1099 2752 1215 2775 nonnuliis
1231 2753 1301 2775 codd.
1317 2755 1340 2776 et
1356 2754 1459 2776 Gorrano
1476 2754 1619 2778 voluntarie.

1091 2790 1109 2803 ¹¹
1128 2793 1150 2814 tn
1168 2792 1229 2814 toan.
1247 2792 1332 2820 Evang.
1351 2793 1378 2815 tr.
1395 2793 1433 2815 61,
1450 2797 1472 2815 n.
1485 2794 1505 2822 3,
1523 2791 1562 2816 ubi
1575 2797 1649 2817 textus
1660 2791 1779 2823 originalis
1791 2794 1874 2817 omittit

1027 2829 1097 2853 inter.
1113 2841 1144 2847 —
1162 2830 1257 2853 interius
1274 2835 1317 2859 pro
1342 2831 1455 2861 requirit,
1483 2833 1547 2861 quod
1565 2833 1635 2855 habet
1651 2834 1677 2861 A,
1695 2831 1732 2855 ed.
1749 2838 1802 2855 cum
1820 2834 1874 2855 Gor-

1027 2875 1083 2892 rano
1099 2869 1125 2892 in
1141 2869 1248 2899 [supplet
1266 2870 1342 2900 ducit]
1352 2879 1357 2897 ;
1369 2870 1405 2893 alli
1418 2871 1487 2894 codd.
1498 2872 1578 2900 legunt
1594 2872 1616 2895 el
1632 2871 1752 2902 inquisitio
1768 2871 1874 2902 familia—

1027 2908 1062 2932 ris
1079 2909 1198 2932 annuitur
1216 2909 1245 2938 (Μ
1263 2909 1387 2939 innuitur,
1408 2911 1509 2934 nonnulli
1527 2909 1681 2939 admittitur),
1699 2911 1748 2935 ideo
1766 2915 1809 2934 etc.
