2296 3316
71 263 129 286 Resp.

71 1106 128 1130 Resp.

66 1578 96 1597 Ad
108 1578 126 1597 2.

765 129 934 158 COMMENT.
958 129 989 157 ΙΝ
1012 128 1156 157 ΙΟΑΝΝΕΜ
1178 129 1205 156 C.
1228 129 1267 157 111,

226 210 406 238 RESPONneo:
430 209 596 242 Dicendum,
619 208 691 245 quod
714 210 755 236 est
769 208 923 244 baptismus
936 206 992 243 lla-

146 257 251 290 minis,
272 256 404 292 flaminis
425 259 452 284 et
472 256 638 293 saizyaiiiis.
660 255 811 283 Dicendum
827 262 901 291 ergo,
917 254 991 291 quod

146 303 298 332 secundum
321 304 407 340 legem
429 311 603 331 communem
629 310 724 330 omnes
747 305 876 330 tenentur
904 301 992 338 hapti-

146 350 218 384 zari,
240 350 306 387 quia
332 353 518 386 praeceptam
539 352 588 378 est.
611 349 637 377 Si
659 352 750 377 autem
774 348 921 376 intervenit
942 348 992 376 im-

145 397 326 434 possibilitas3
349 400 396 425 aut
417 396 493 425 adest
514 396 602 433 gratia
623 396 680 424 sive
699 395 852 432 baptismus
873 395 992 423 flaminis

146 444 189 472 vel
217 443 373 480 sanguinis,
395 446 444 471 aut
465 451 537 477 non;
560 443 581 471 si
604 443 652 476 sic,
674 442 784 479 supplet
806 442 883 470 illum
904 441 992 478 bapti-

146 498 254 524 smum,
276 489 386 527 quaudo
400 498 454 518 non
474 493 516 518 est
537 490 710 526 possibilitas.
733 489 758 517 51
782 497 848 517 vero
869 497 923 517 non
944 489 992 517 ad-

146 540 199 571 est,
221 536 426 573 impossibilitas
450 544 504 564 non
536 539 652 564 excusat
673 544 723 564 nec
744 536 823 569 facit,
840 532 877 564 'ut
905 535 992 572 salve:

146 585 208 618 tur,
223 591 277 612 non
293 586 406 619 propter
428 583 674 619 transgressionem
687 582 849 619 praeeepli,
866 582 912 611 sed
930 590 991 619 pro-

145 633 207 667 pter
234 629 383 658 maculam
404 629 575 666 oriqinalis,
598 638 669 666 quae
690 629 779 658 deleta
804 637 858 657 non
880 632 921 658 est
943 637 992 665 per

145 677 270 714 gratiam.
288 693 325 697 —-
340 677 372 704 Et
392 676 431 705 sic
450 680 539 713 patet,
561 676 635 713 quod
657 676 693 705 illi
716 676 764 714 qui
786 677 889 705 habent
910 676 991 704 fidem

146 724 307 758 formatam,
330 724 481 758 salvantur,
503 732 568 753 cum
589 727 677 753 morte
701 724 919 761 praeveniuntur
934 725 950 751 ¹.

227 773 270 800 19.
293 772 402 808 Quaest.
426 772 454 800 ll.
478 772 542 800 item
565 772 727 809 quaeritur,
750 774 845 799 utrum
868 779 904 799 ex
926 774 992 799 tuuc

145 818 230 848 fuerit
250 819 437 847 necessarium
459 819 600 855 baptizari.
622 835 660 838 —
682 818 761 855 Quod
781 818 839 850 sie,
863 817 990 846 videtur:

228 866 250 893 1.
273 865 341 901 Quia
364 868 429 894 tunc
462 866 635 902 promulgata
665 865 718 893 fuit
745 865 895 899 sententia,
917 864 992 901 quod

146 912 204 941 sine
225 912 277 940 hoc
298 920 351 940 non
374 915 433 941 erat
455 913 538 941 salus.

225 961 251 988 2.
274 960 355 993 Item,
378 960 399 988 si
431 963 496 988 tunc
525 968 579 988 non
611 960 663 988 fuit
695 960 852 993 institutus,
881 959 992 997 quando

145 1013 212 1043 ergo
232 1006 284 1034 fuit
305 1006 448 1035 institutus
469 1006 644 1043 baptismus?

225 1053 378 1090 Respondet
400 1054 529 1090 magister
551 1054 649 1091 Hug02
671 1057 698 1082 et
722 1053 866 1090 distinguit
887 1053 991 1090 triplex

145 1102 255 1137 tempus
275 1100 394 1137 gratiae:
416 1100 567 1137 quoddam,
589 1100 616 1129 in
645 1109 701 1137 quo
722 1100 848 1129 cucurrit
873 1100 992 1129 circum—

146 1146 212 1176 cisio
233 1149 355 1181 tantum,
377 1150 408 1175 ut
428 1152 491 1176 ante
519 1147 668 1176 adventum
695 1147 813 1181 Christi;
836 1147 991 1184 quoddam,

145 1193 174 1221 in
194 1201 250 1230 quo
272 1193 425 1230 baptismus
446 1196 569 1228 tantum,
591 1198 623 1222 ut
653 1197 715 1231 post
745 1193 991 1222 manifestationem

145 1241 298 1278 Evangelii3
320 1241 472 1278 quoddam,
494 1242 522 1270 in
549 1250 606 1278 quo
631 1244 784 1278 utrumque
812 1241 939 1275 mixtim,
961 1244 993 1269 ut

145 1289 269 1324 tempore
307 1287 412 1322 medio,
443 1291 470 1317 et
501 1291 567 1317 tunc
599 1288 719 1317 habehat
749 1288 876 1316 effectum
909 1295 992 1316 suum

145 1334 334 1369 circumcisio,
355 1338 383 1363 et
403 1343 454 1371 pro
475 1338 599 1372 tempore
620 1335 666 1364 illo
694 1343 748 1363 non
777 1338 836 1363 erat
867 1342 992 1363 necessa-

145 1381 219 1410 rium
239 1381 388 1418 baptizari,
410 1390 460 1410 nec
481 1382 616 1411 Dominus
641 1383 686 1411 hic
707 1382 906 1411 sententialiter
928 1389 992 1418 pro-

144 1429 278 1465 mulgavit
308 1429 523 1465 regenerationis
551 1430 757 1463 necessitatem,
780 1429 827 1457 sed
858 1429 933 1466 quod
953 1428 993 1457 fa-

145 1478 243 1504 cturus
263 1479 323 1503 erat
344 1476 476 1504 revelavit
496 1476 584 1505 amico
596 1477 615 1504 3.

224 1523 249 1551 2.
272 1522 350 1559 Quod
371 1523 532 1560 quaeritur:
552 1524 663 1561 quando
678 1524 822 1552 institutus
837 1523 889 1552 fuit
904 1524 992 1560 bapti-

145 1572 241 1598 smus?
261 1569 424 1605 dicendum,
446 1571 520 1608 quod
541 1571 751 1610 materialiter,
773 1579 837 1599 cum
869 1571 989 1608 baptiza-

145 1619 190 1646 tus
221 1616 273 1645 fuit
304 1617 445 1651 Christus;
474 1616 657 1654 formaliter,
687 1626 751 1646 cum
780 1618 938 1647 resurrexit
965 1621 993 1646 et

145 1663 261 1692 formam
282 1664 369 1699 dedit,
391 1665 518 1693 Matthaei
540 1665 675 1699 ultimo4;
698 1664 836 1702 effective,
852 1673 915 1693 cum
931 1673 992 1701 pas-

145 1719 193 1740 sus
213 1711 281 1746 fuit,
302 1712 368 1748 quia
388 1712 452 1740 inde
480 1712 578 1740 habuit
609 1712 758 1745 virtutem3
781 1712 828 1740 sed
849 1711 991 1747 finaliter,

145 1766 208 1787 cum
230 1759 290 1787 eius
321 1759 511 1788 necessitatem
543 1759 682 1796 praedixit
713 1762 741 1787 et
771 1759 938 1794 utilitatem,
961 1762 993 1788 ut

145 1805 205 1834 hic:
228 1805 295 1834 Nisi
314 1806 380 1844 qais
401 1810 523 1835 renatas
550 1805 643 1843 faerit
672 1815 707 1835 ecc
729 1815 809 1845 aqaa
830 1810 856 1835 et
877 1806 992 1844 Spiritu

144 1856 245 1882 saneto
266 1856 317 1882 etc.
422 1851 425 1856 ⁴

225 1901 270 1928 20.
293 1900 402 1937 Quaest.
426 1901 465 1929 111.
488 1901 553 1929 Item
575 1901 721 1938 quaeritur
742 1901 775 1930 de
797 1902 849 1930 hoc
864 1902 992 1938 1111011(Ιί-

145 1947 197 1976 cit:
221 1947 304 1983 Quod
324 1952 427 1976 italum
449 1952 489 1976 est
510 1957 544 1976 ex
565 1957 655 1977 carne
676 1957 746 1977 caro
767 1953 816 1977 est.

227 1995 250 2022 1.
275 1994 343 2031 Ergo
364 1999 390 2023 et
410 1995 488 2033 quod
507 1999 612 2023 natum
633 2000 674 2023 est
694 2004 728 2023 ea:
746 1996 854 2033 spirita
868 1996 993 2033 spiritus

145 2044 205 2069 est:
233 2049 299 2078 ergo
327 2042 400 2079 quod
422 2042 544 2070 nascitur
566 2050 602 2071 ex
623 2046 733 2076 sancte,
759 2046 904 2071 sanctum:
927 2051 993 2080 ergo

146 2091 258 2117 sanctus
285 2088 367 2117 homo
398 2092 512 2126 generat
543 2092 667 2118 sanctum
700 2090 858 2124 hominem,
890 2090 994 2119 scilicet

145 2134 249 2169 filium;
264 2135 339 2172 quod
354 2136 497 2165 manifeste
510 2136 609 2165 falsum
624 2140 674 2171 est,
690 2137 773 2165 immo
784 2137 795 2154 ⁵
811 2140 991 2174 peccatorem.

1836 132 1889 160 281

1128 208 1153 234 2.
1177 207 1259 241 Item,
1281 207 1302 235 si
1325 207 1399 244 quod
1421 207 1544 236 nascitur
1569 216 1605 236 ex
1627 208 1727 245 spiritu
1748 212 1787 237 est
1814 210 1894 246 spiri-

1049 257 1109 287 tus,
1141 262 1207 290 ergo
1235 254 1308 291 quod
1340 255 1463 283 nascitur
1495 263 1531 283 ex
1563 255 1619 284 Deo
1652 256 1725 285 Deus
1757 260 1815 291 est3
1847 257 1893 286 sed

1048 308 1145 329 omnes
1165 308 1262 329 sumus
1277 309 1313 329 ex
1328 302 1384 330 Deo
1405 302 1474 335 nati,
1490 302 1561 330 sicut
1582 302 1683 331 dicitur
1699 304 1804 340 primae
1819 304 1894 332 Ioan-

1049 347 1091 376 nis
1112 348 1244 384 quint0⁶:
1267 356 1333 385 ergo
1354 356 1449 377 omnes
1470 356 1568 377 sumus
1589 349 1634 377 dii.

1128 395 1307 423 Risspommoz
1330 395 1497 429 Dicendum,
1519 396 1593 432 quod
1625 397 1692 425 haec
1721 397 1895 435 intelligenda
1912 401 1968 425 Resp-

1049 444 1090 470 est
1108 450 1161 478 per
1182 450 1227 470 se.-
1250 442 1324 478 quod
1345 442 1469 470 nascitur
1491 450 1527 471 ex
1548 451 1630 472 carne
1657 448 1821 480 generante,
1843 446 1894 474 sci-

1049 488 1111 517 licet
1133 488 1285 517 secundum
1307 488 1381 525 quod
1402 497 1482 523 caro,
1504 493 1545 518 est
1567 490 1705 523 carnale,-
1720 492 1846 520 similiter
1860 492 1894 521 de

1049 534 1163 571 spiritu,
1185 537 1226 563 est
1247 535 1410 571 spirituale.

1130 583 1154 610 1.
1177 581 1255 618 Quod
1286 581 1379 610 obiicit
1404 582 1437 611 de
1469 583 1528 611 viro
1557 587 1666 617 sancto,
1695 585 1894 621 respondetur,
1912 589 1941 607 Ad
1955 589 1972 607 1-

1049 628 1123 665 quod
1144 629 1291 657 carnaliter
1313 632 1438 666 generat,
1455 629 1514 658 ideo
1530 633 1643 666 generat
1657 632 1803 660 carnalem.
1821 633 1894 661 Unde

1049 676 1099 705 etsi
1128 676 1163 705 sit
1184 678 1319 713 purgatus
1347 676 1500 705 secundum
1525 677 1599 714 quod
1617 686 1762 715 persona,
1782 688 1836 708 non
1856 683 1895 708 ta-

1048 731 1128 758 men,
1150 724 1303 752 secundum
1329 724 1403 761 quod
1424 728 1465 753 est
1485 725 1682 761 yeizerationis
1700 726 1892 763 principiam.

1050 770 1214 807 Exemplum
1243 771 1410 808 Augustini⁷
1432 775 1473 799 est
1500 771 1534 800 de
1563 780 1649 808 grano
1676 772 1795 807 mundo,
1820 773 1894 810 quod

1049 821 1162 855 generat
1183 826 1300 855 granum
1324 818 1349 846 in
1373 819 1466 855 paleis.

1128 866 1154 893 2.
1177 865 1254 901 Quod
1276 865 1341 894 dicit
1361 866 1394 894 de
1416 866 1529 902 spiritu,
1551 866 1618 895 illud
1640 867 1741 895 dicitur
1771 875 1823 895 non
1846 875 1895 904 per
1913 869 1970 888 ‘³⁴12-

1049 912 1218 945 essentiam,
1241 912 1287 940 sed
1310 921 1358 949 per
1380 912 1613 949 conformitatem
1628 917 1655 942 et
1670 914 1894 948 adhaerentiam,

1049 959 1154 994 primae
1182 959 1215 986 ad
1243 959 1399 987 Corinthios
1428 960 1546 988 sextos:
1581 960 1638 996 Qai
1668 960 1808 989 adhaeret
1841 961 1895 989 Deo

1049 1013 1128 1033 unas
1148 1006 1273 1043 spiritus
1294 1011 1342 1034 est.

1129 1054 1173 1081 21.
1196 1053 1305 1089 Quaest.
1330 1054 1370 1081 [V.
1400 1054 1550 1090 Quaeritur
1577 1055 1610 1084 de
1633 1056 1684 1084 hoc
1712 1056 1785 1092 quod
1813 1056 1895 1084 dicit:

1050 1099 1179 1136 Spiritus
1202 1100 1252 1128 ubi
1278 1101 1340 1129 vall
1359 1101 1472 1137 spirat,
1495 1105 1519 1129 et
1547 1102 1655 1136 nesci-5,
1685 1103 1761 1131 uncle
1789 1103 1894 1131 ‘ueniat

1051 1164 1086 1167 —-
1114 1147 1236 1175 Contra.-
1260 1147 1415 1176 Bernardus
1438 1148 1463 1176 in
1486 1149 1625 1178 Canticis⁹
1646 1149 1727 1183 dicit,
1755 1150 1827 1186 quod
1850 1150 1897 1179 de-

1048 1193 1094 1222 het
1116 1194 1198 1221 homo
1219 1201 1383 1230 cognoscere
1405 1198 1513 1231 tempus
1535 1196 1696 1224 visitationis
1717 1197 1876 1233 spiritualis.

1127 1240 1341 1276 Chrysostomus
1358 1241 1379 1257 ²0
1400 1242 1563 1278 respondet,
1584 1243 1658 1279 quod
1687 1243 1739 1271 hoc
1766 1244 1837 1272 dixit
1864 1244 1897 1273 de
1915 1245 1971 1269 *³⁹⁵⁹-
1986 1245 2002 1264 ⁴·

1049 1290 1144 1320 vento,
1167 1287 1232 1324 quia
1247 1288 1329 1315 homo
1344 1296 1398 1316 non
1421 1288 1504 1316 hahet
1517 1289 1578 1317 eius
1598 1290 1794 1326 cognitionem,
1810 1291 1897 1319 multo

1050 1334 1141 1362 minus
1156 1334 1308 1370 spiritualis
1323 1335 1480 1363 nativitatis.
1494 1351 1530 1355 —-
1543 1335 1594 1364 Sed
1605 1336 1803 1372 Augustinus¹¹
1817 1337 1897 1366 istam
1915 1339 1971 1363 Ressp·
1984 1339 2002 1358 2-

1049 1380 1249 1417 expositionem
1279 1382 1400 1418 respuit,
1429 1382 1495 1418 quia
1523 1382 1592 1411 hene
1618 1382 1668 1411 scit
1697 1383 1794 1417 homo,
1823 1383 1898 1420 quod

1049 1431 1143 1456 auster
1166 1428 1240 1456 venit
1268 1436 1284 1456 a
1307 1428 1420 1457 meridie
1449 1432 1475 1457 et
1504 1429 1590 1457 tendit
1612 1430 1638 1457 in
1665 1430 1897 1466 septentrionem;

1050 1475 1110 1504 ideo
1131 1476 1246 1512 exponit
1266 1475 1300 1504 de
1315 1476 1419 1512 Spiritu
1441 1480 1543 1504 sancto.

1128 1523 1206 1559 Quod
1228 1531 1294 1560 ergo
1320 1523 1438 1551 dicitur:
1469 1523 1584 1557 Nescis,
1614 1524 1690 1553 unde
1718 1525 1831 1559 veniat,
1860 1525 1899 1553 fa-
1916 1526 2011 1568 Exliggssfflffl

1050 1569 1145 1598 cienda
1166 1572 1208 1598 est
1228 1570 1269 1598 vis
1290 1570 1316 1598 in
1346 1570 1439 1598 verbo.
1462 1571 1519 1599 Non
1541 1570 1625 1599 dicit:
1655 1572 1758 1605 neseis,
1780 1572 1898 1609 quamlo

1050 1617 1154 1651 veniat,
1176 1617 1241 1653 quia
1263 1617 1331 1645 liene
1350 1620 1439 1654 potest
1461 1618 1531 1646 scire
1553 1626 1601 1655 per
1623 1618 1760 1647 servorem
1776 1622 1803 1647 et
1824 1622 1899 1656 tepo-

1050 1671 1124 1697 rem,
1146 1664 1264 1702 qaamlo
1285 1665 1370 1698 venit;
1393 1665 1439 1693 sed
1455 1665 1556 1699 nescis,
1578 1665 1655 1694 uncle
1668 1666 1780 1700 veniat,
1802 1670 1898 1695 utrum

1050 1711 1153 1739 scilicet
1183 1711 1216 1739 ad
1249 1711 1459 1740 retribuendum
1482 1712 1508 1740 in
1542 1713 1677 1749 praesenti
1712 1713 1794 1747 hona,
1826 1721 1897 1750 quae

1050 1759 1132 1786 homo
1153 1758 1249 1795 gessit,
1272 1759 1314 1787 vel
1335 1758 1369 1786 ad
1384 1759 1509 1796 augenda
1530 1760 1640 1793 merita;
1657 1760 1758 1794 nescis,
1777 1769 1832 1798 quo
1848 1769 1898 1789 va-

1050 1806 1115 1840 dat,
1137 1808 1234 1834 utrum
1255 1805 1348 1843 lonye,
1371 1815 1515 1843 nunquam
1532 1814 1712 1842 reversurus,
1729 1808 1770 1836 vel
1790 1817 1896 1845 prope,

1050 1852 1122 1881 illico
1144 1852 1294 1882 rediturus.
1316 1853 1377 1881 Ideo
1398 1853 1463 1881 dicit
1478 1853 1675 1888 Bernardus12‚
1691 1854 1764 1891 quod
1787 1863 1896 1892 semper

1050 1899 1218 1928 timendum:
1245 1911 1258 1924 «
1273 1900 1349 1929 Time
1369 1912 1396 1934 »,
1419 1900 1517 1937 inquit,
1543 1913 1556 1925 «
1572 1909 1634 1929 eum
1657 1902 1797 1936 arriserit,
1820 1903 1895 1937 time,

1050 1955 1112 1975 cum
1135 1947 1245 1981 abierit,
1268 1950 1294 1975 et
1315 1955 1378 1976 cum
1400 1947 1491 1976 denuo
1513 1951 1670 1977 revertetur
1685 1961 1711 1977 ».

1129 1995 1174 2023 22.
1197 1995 1306 2031 Quaest.
1330 1995 1359 2022 V.
1383 1995 1448 2023 ltem
1470 1996 1615 2032 quaeritur
1635 1996 1669 2024 de
1692 1996 1743 2024 hoc
1761 1996 1835 2033 quod
1856 1996 1896 2025 di-

1050 2042 1104 2070 cit:
1128 2042 1160 2071 Si
1180 2046 1296 2071 terrena
1317 2042 1382 2070 (lixi
1401 2042 1481 2071 vobis
1501 2047 1569 2071 etc.-
1591 2051 1663 2080 quae
1684 2047 1749 2072 sunt
1770 2044 1822 2073 ista
1842 2047 1896 2072 ter-

1049 2089 1143 2117 rena?
1164 2089 1229 2126 quia
1251 2092 1340 2118 totum
1361 2093 1402 2118 est
1424 2089 1583 2126 spirituale,
1605 2090 1679 2127 quod
1702 2091 1811 2119 locutus
1838 2094 1896 2124 est,

1050 2137 1118 2165 nihil
1141 2139 1292 2165 terrenum.

209 2375 216 2388 ¹
234 2375 280 2399 Cfr.
296 2376 333 2399 IV.
352 2378 412 2399 Sent.
431 2377 454 2399 d.
472 2377 492 2400 4.
511 2384 534 2405 p.
551 2378 575 2400 11.
591 2384 611 2400 a.
634 2378 653 2400 1.
669 2385 692 2407 q.
711 2379 733 2401 1.
750 2381 772 2401 et
789 2379 811 2401 2.

207 2414 217 2427 ²
234 2415 296 2438 Libr.
315 2416 338 2438 11.
357 2416 386 2438 de
403 2416 505 2438 Sacram.
524 2423 547 2445 p.
564 2417 602 2440 Vi.
621 2423 641 2440 c.
664 2417 685 2440 4.
707 2417 752 2441 Csr.
774 2419 810 2441 lV.
834 2419 896 2441 Sent.
921 2419 943 2441 d.
968 2419 989 2441 3.

146 2460 169 2482 p.
188 2455 211 2477 11.
228 2461 247 2477 a.
266 2455 287 2476 3.
305 2461 328 2483 q.
348 2456 369 2477 2.

208 2491 217 2505 ³
234 2494 301 2521 nugo
318 2499 330 2515 3
349 2494 371 2516 S.
391 2494 460 2521 Vict.‚
478 2495 521 2517 loc.
537 2495 574 2517 cit.
591 2501 611 2517 c.
629 2495 655 2518 5:
678 2496 776 2524 Quando
799 2496 867 2524 igitur
889 2496 993 2519 Christus

146 2531 271 2554 Nicodemo
283 2534 350 2554 noete
362 2532 389 2555 ad
402 2538 427 2555 se
439 2533 539 2555 venienti
552 2533 607 2556 dixit
618 2533 691 2563 [loan.
704 2535 730 2561 3,
742 2535 764 2557 3.
776 2537 799 2557 et
809 2534 853 2564 5.]:
871 2535 925 2559 Nisi
941 2535 993 2565 quis

145 2572 243 2594 renatus
259 2571 332 2600 fuerit
348 2577 379 2594 ex
395 2578 459 2601 aqua
476 2573 497 2595 el
514 2572 606 2602 Spiritu
617 2575 711 2601 sancto,
723 2580 771 2596 non
779 2575 858 2603 potest
868 2574 946 2598 videre
957 2581 994 2598 re-

146 2615 221 2639 ymtm
237 2609 291 2637 Dei,
309 2610 383 2633 amico
400 2611 527 2633 revelatum
545 2614 579 2634 est
596 2612 723 2635 consilium.
737 2613 834 2641 Quando
845 2620 902 2636 vero
914 2617 993 2642 postea

146 2649 202 2671 dixit
219 2648 307 2678 [Matth.
327 2650 369 2678 28,
389 2650 450 2680 19.];
468 2651 512 2678 Ite,
534 2650 611 2674 docete
630 2658 711 2675 omues
733 2654 824 2682 gentes,
848 2652 993 2683 baptizantes

146 2694 184 2711 eos
201 2688 226 2711 in
242 2689 337 2712 nomine
353 2689 433 2712 Patris
451 2690 472 2712 el
488 2689 545 2713 Filii
565 2691 586 2713 el
602 2690 708 2720 Spiritus
730 2692 820 2719 sancti,
843 2692 994 2715 informandis

147 2727 255 2750 omnibus
278 2728 407 2756 expositum
428 2731 462 2751 est
478 2732 637 2757 praeceptum.
654 2729 699 2752 Csr.
718 2731 753 2752 lV.
771 2732 832 2753 Sent.
850 2731 874 2753 d.
891 2732 911 2753 3.
930 2738 953 2759 p.
970 2732 994 2754 11.

146 2766 204 2789 dub.
222 2767 242 2789 1.

209 2805 219 2817 ⁴
236 2806 302 2829 Vers.
324 2807 356 2829 19.
373 2819 404 2823 —
421 2807 466 2830 Cl'r.
484 2808 520 2829 1V.
538 2808 601 2830 Sent.
618 2808 640 2830 d.
659 2809 679 2830 3.
700 2815 720 2836 p.
735 2809 757 2831 11,
771 2815 791 2831 3.
805 2810 824 2831 vl.
837 2816 860 2838 q.
874 2810 930 2831 >1.111
941 2810 995 2832 fine.

209 2843 219 2856 ⁵
236 2845 288 2873 Ed„
306 2845 517 2868 contradicentibus
534 2846 615 2873 codd,
633 2853 755 2875 perperam
774 2848 838 2870 addit
849 2848 993 2877 frequenter.

210 2882 219 2895 ὃ
237 2884 301 2906 Vers.
316 2885 336 2906 rl.
349 2891 426 2913 seqq.:
438 2885 529 2913 Omnisy
542 2886 581 2914 qui
594 2886 678 2914 credit,
690 2887 799 2914 quoniam
814 2887 874 2909 lesus
886 2890 920 2909 est
931 2887 996 2910 Chri-

148 2924 208 2948 stus,
224 2928 251 2944 ex
269 2922 315 2944 Deo
333 2925 399 2945 natus
415 2926 449 2945 est
466 2925 508 2945 etc.

242 2968 268 2991 S.
285 2969 374 2992 Bonav.
385 2981 416 2986 —
429 2970 497 2992 Tom.
515 2970 552 2992 Vl.

1110 2377 1118 2391 ⁷
1137 2378 1198 2401 Libr.
1215 2379 1246 2401 111.
1270 2379 1300 2401 de
1322 2379 1436 2401 Peccator.
1459 2379 1546 2401 meritis
1568 2381 1591 2401 et
1612 2379 1749 2401 remissione
1771 2382 1813 2401 etc.
1837 2385 1857 2401 c.
1875 2380 1897 2401 8.

1048 2425 1071 2441 n.
1089 2418 1131 2445 16,
1149 2418 1188 2440 ubi
1206 2418 1236 2440 ad
1253 2418 1388 2440 refellendos
1404 2424 1445 2440 eos
1467 2418 1507 2446 qui
1524 2418 1615 2445 dicunt,
1641 2418 1699 2440 filios
1715 2424 1742 2440 ex
1764 2417 1898 2446 parentibus

1048 2457 1156 2480 fidelibus
1173 2457 1222 2479 sive
1240 2456 1359 2485 baptizatis
1381 2463 1426 2479 non
1449 2462 1499 2479 esse
1522 2456 1684 2485 baptizandos,
1706 2457 1770 2479 varia
1793 2458 1897 2485 exempla

1049 2496 1078 2518 ab
1096 2496 1151 2524 ipsis
1167 2496 1301 2524 explicanda
1319 2496 1422 2524 exhibet,
1440 2496 1497 2518 inter
1514 2502 1575 2525 quae
1597 2499 1630 2518 est
1648 2496 1716 2518 etiam
1740 2496 1795 2519 illud
1813 2497 1842 2519 de
1856 2502 1898 2526 pa-

1050 2535 1099 2558 lea:
1117 2535 1272 2564 Vicissimque
1289 2535 1468 2563 interrogarem,
1487 2538 1534 2557 ut...
1545 2535 1589 2563 ipsi
1602 2535 1765 2563 explicarent...
1777 2536 1896 2564 quomodo

1050 2576 1118 2598 etiam
1136 2576 1213 2603 palea,
1231 2581 1292 2604 quae
1308 2581 1379 2603 opere
1396 2576 1497 2597 humano
1510 2577 1571 2597 tanta
1583 2575 1699 2603 diligentia
1713 2578 1839 2603 separatur,
1852 2582 1898 2598 ma-

1050 2616 1102 2637 neat
1127 2614 1148 2636 in
1174 2615 1260 2641 fructu,
1285 2614 1326 2642 qui
1343 2614 1373 2636 de
1389 2616 1490 2641 purgato
1507 2614 1580 2636 tritico
1597 2614 1706 2636 nascitur.
1731 2613 1775 2637 Csr.
1794 2615 1818 2637 11.
1836 2615 1898 2637 58111.

1050 2654 1073 2676 d.
1091 2654 1129 2676 32.
1149 2660 1169 2676 a.
1191 2655 1209 2676 l.
1225 2660 1249 2682 q.
1266 2654 1287 2676 2.
1304 2656 1327 2676 et
1344 2654 1381 2675 1V.
1398 2654 1459 2675 Sent.
1477 2653 1500 2675 d.
1519 2653 1540 2676 4.
1557 2659 1580 2681 p.
1598 2654 1614 2676 1.
1631 2660 1651 2676 a.
1670 2654 1689 2675 1.
1707 2661 1730 2683 q.
1748 2655 1770 2676 2.
1792 2654 1814 2676 111
1831 2660 1895 2682 corp.

1113 2690 1122 2704 Β
1140 2693 1204 2715 Vers.
1224 2692 1265 2714 ⁴7:
1283 2692 1326 2721 Qui
1344 2695 1420 2714 autem
1438 2692 1548 2715 adhaeret
1564 2692 1663 2715 Domino
1679 2695 1723 2715 etc.
1740 2692 1786 2715 Csr.
1804 2694 1817 2715 1.
1837 2693 1897 2715 58111.

1050 2732 1073 2754 d.
1092 2732 1129 2754 31.
1149 2738 1172 2759 p.
1190 2732 1213 2754 11.
1231 2737 1251 2753 a.
1270 2732 1291 2753 2.
1309 2738 1332 2760 q.
1353 2732 1372 2753 1.

1113 2769 1122 2782 ⁹
1140 2772 1213 2793 Serm.
1231 2770 1266 2793 57.
1285 2777 1307 2792 n.
1327 2771 1346 2793 1.
1364 2777 1429 2799 seqq.

1113 2809 1133 2822 ³⁰
1150 2811 1173 2833 ln
1190 2811 1249 2832 loon.
1267 2810 1346 2833 homil.
1364 2811 1401 2832 26.
1419 2810 1485 2839 (alias
1501 2811 1548 2839 25.)
1568 2817 1590 2833 n.
1608 2812 1629 2833 2.

1114 2848 1133 2861 ¹¹
1151 2850 1172 2871 ln
1191 2850 1251 2871 ioan.
1270 2850 1357 2878 Evang.
1374 2853 1401 2872 tr.
1420 2851 1456 2872 12.
1479 2857 1501 2872 n.
1519 2850 1539 2872 5.
1557 2853 1579 2873 et
1596 2850 1617 2873 7.
1635 2850 1681 2873 Csr.
1699 2851 1712 2873 Ι.
1732 2851 1792 2873 sent.
1815 2851 1837 2873 d.
1856 2851 1894 2874 27.

1051 2894 1075 2916 p.
1092 2889 1117 2910 11.
1134 2894 1156 2916 q.
1174 2889 1197 2910 2.
1213 2888 1241 2910 311
1261 2888 1282 2910 4.

1114 2925 1133 2939 ¹²
1151 2927 1224 2949 Serm.
1242 2927 1265 2949 in
1282 2927 1368 2950 cantic.
1384 2934 1453 2950 serm.
1471 2928 1509 2951 54.
1526 2935 1549 2951 n.
1566 2929 1587 2951 9.

1771 2976 1799 2998 36
