2296 3316
7 1264 9 1283 1

7 1322 9 1336 i

7 1401 10 1459 l

7 1463 9 1492 1

12 1134 13 1137 .
24 1122 105 1141 necundo

12 1151 13 1160 1
22 1146 64 1165 tria.

16 1403 99 1423 Primum.

734 125 914 178 COMMENT.v
929 150 959 178 IN
981 149 1126 179 IOANNEM
1147 151 1175 179 C.
1197 151 1262 181 XVI.

122 227 226 257 dicitur
247 227 375 256 Matthaei
397 227 529 264 vigesimo
550 227 657 263 primo:
682 227 822 262 «Omnia,
836 235 909 264 quae
924 235 970 264 pe-

123 275 223 304 tieritis
243 275 271 303 in
292 274 418 304 oratione
438 274 598 308 credentes,
618 274 796 310 accipietis».
813 274 883 311 Quia
904 282 970 311 ergo

122 322 293 357 credidistis,
315 322 458 351 meremini
481 321 618 350 exaudiri.
640 321 692 349 Sed
714 329 804 358 usque
825 324 892 350 tunc
912 321 970 350 suf-

122 369 226 398 fecerat
246 369 375 403 credere,
391 368 465 405 quod
479 368 595 396 eaeiz‘ssec
614 376 631 396 a
651 368 723 402 Deo;
745 368 873 404 deinceps
887 376 970 405 opor-

123 416 198 445 tebat
218 416 348 450 credere,
369 414 444 452 quod
465 414 574 443 rediret
587 414 621 443 ad
635 414 733 443 Deum.
750 414 825 443 Unde
839 414 873 442 ad
886 414 969 443 fidem

122 471 220 492 eorum
241 462 437 500 perficiendam
457 461 564 491 subdit:

200 510 247 538 42.
270 509 359 546 (Vers.
382 509 450 544 28).
473 507 562 537 Exivi
575 516 595 536 a
612 508 701 537 Patre
715 511 741 536 et
753 508 820 536 verti
840 508 871 536 iri
886 516 970 536 inun-

122 557 210 586 dum:
232 556 325 590 exivi,
347 564 397 593 per
418 559 558 585 aeternam
580 555 801 592 generationem,
822 555 904 589 veni,
919 562 969 591 per

120 604 354 637 incarnationem,
375 606 403 632 et
423 603 476 632 hoc
497 603 666 637 credidistis,
682 603 755 631 unde
775 610 862 639 supra
883 602 969 631 unde-

121 651 192 680 cimo
204 652 230 679 ¹:
256 662 270 681 (ς
285 651 327 679 Tu
341 658 370 680 es
384 651 525 685 Christus,
540 650 624 679 Filius
639 650 685 679 Dei
702 649 773 684 vivi,
787 649 835 686 qui
851 649 878 677 in
893 649 968 678 hunc

120 698 257 727 mundum
277 698 375 727 venisti
391 709 417 725 υ.
439 698 552 726 Iterum
583 697 715 735 relinquo
735 697 896 730 mundum,
918 704 968 733 per

120 746 291 783 passionem,
312 748 337 773 et
356 745 433 773 vado
454 745 495 773 ad
516 745 652 778 Patrem,
675 752 725 781 per
754 744 901 780 gloriosam
924 752 968 772 re-

119 793 332 822 surrectionem.
354 792 429 821 Unde
450 799 514 821 cum
536 791 709 825 resurrexit,
730 791 805 819 misit
825 790 968 827 discipulis

118 840 178 869 suis
197 840 290 868 dicere
310 847 360 876 per
381 839 510 872 Mariam,
531 838 604 867 infra
624 838 756 874 vigesimo
768 837 794 866 ²:
822 849 835 862 «
850 837 898 866 Dic
912 837 968 865 fra-

119 886 210 916 tribus
230 886 314 915 meis:
336 886 458 915 Ascendo
485 885 520 914 ad
548 886 655 914 Patrem
684 892 778 914 meum
806 887 833 913 et
859 885 967 913 Patrem

118 936 260 968 vestrum,
282 933 370 962 Deum
393 940 486 962 meum
507 935 535 961 et
557 933 646 961 Deum
672 935 796 961 vestrum
813 943 839 960 ».
862 932 901 960 De
924 931 966 961 his

118 980 228 1009 duobus
248 979 351 1009 dicitur
372 979 400 1008 in
423 979 543 1008 Psalmo:
570 990 583 1004 «
596 979 614 1008 Α
629 987 740 1008 5111111110
754 979 829 1007 caelo
844 975 966 1015 egressio

116 1027 193 1061 eius,
214 1029 243 1056 et
263 1034 399 1055 occursus
419 1026 480 1055 eius
505 1034 595 1063 usque
615 1026 650 1054 ad
672 1033 815 1054 summum
836 1026 896 1054 eius
911 1037 937 1053 ».

155 1100 159 1106 ,
197 1074 243 1103 43.
267 1074 375 1102 Dicunt
394 1073 421 1101 ei
441 1073 581 1110 discipuli
607 1073 678 1101 eius.
709 1073 856 1110 Postquam
877 1073 966 1109 posita

119 1123 161 1150 est
180 1120 282 1149 Christi
303 1120 467 1157 promissio,
488 1119 602 1156 ponitur
630 1119 844 1156 discipulorum
866 1128 965 1147 coriso-

116 1167 187 1196 latio
199 1168 220 1202 ⁵,
242 1175 314 1205 quae
335 1167 503 1196 describitur
525 1167 577 1196 hoc
605 1166 710 1195 ordine.
733 1166 824 1195 Primo
852 1169 965 1195 notatur

117 1214 293 1247 consolatio,-
311 1214 429 1249 deinde,
451 1214 517 1251 quia
537 1214 763 1251 decipiebantur,
785 1213 898 1250 ponitur
919 1213 964 1242 in-

115 1261 257 1296 structio;
289 1261 386 1296 tertio,
413 1262 479 1298 quia
507 1261 686 1294 vacillabant,
715 1261 829 1297 ponitur
857 1260 964 1297 confir-

115 1308 215 1338 matio.

195 1356 284 1392 (Vers.
307 1355 375 1391 29).
398 1355 489 1384 Primo
510 1355 595 1391 igitur
620 1354 779 1383 insinuatur
806 1354 964 1390 discipulo-

116 1411 187 1432 rum
207 1402 381 1436 consolatio,
403 1410 488 1439 quam
509 1401 648 1431 habebant
669 1401 702 1430 de
724 1401 817 1430 verbis
838 1401 962 1435 Domini,

116 1457 188 1487 quae
209 1449 263 1478 iam
284 1449 492 1483 intellexerant,
514 1451 541 1477 et
562 1449 616 1477 iam
640 1451 748 1485 tempus
769 1448 964 1477 consolationis

109 1497 283 1536 ‘promissum
305 1495 578 1525 adesse'credebant.
602 1496 716 1532 Propter
742 1496 794 1524 hoc
815 1496 917 1524 dicunt
938 1495 964 1524 ei

116 1543 255 1581 discipuli
274 1543 352 1572 eius.-
376 1544 462 1577 Ecce,
484 1551 563 1571 minc
583 1542 686 1580 palam
700 1542 827 1581 loqueris
848 1545 873 1571 et
891 1551 962 1579 pro-

115 1590 247 1619 verbium
267 1589 382 1619 wallum
403 1590 494 1623 dicis,-
515 1592 543 1618 et
563 1589 600 1618 ita
622 1589 696 1618 veuit
712 1592 836 1626 tempUS,
858 1589 892 1618 de
907 1598 963 1627 quo

114 1637 220 1666 dicis4:
248 1637 356 1665 «Venit
386 1637 472 1671 hora,
494 1644 558 1665 cum
590 1637 644 1665 iam
676 1644 731 1665 non
758 1637 785 1665 111
805 1636 962 1673 proverbiis

115 1684 214 1722 loquar
235 1684 325 1718 vohis,
348 1684 395 1713 sed
416 1684 507 1721 palam
528 1684 737 1712 annuntiabo».

193 1732 240 1760 44.
262 1731 351 1768 (Vers.
368 1731 435 1766 30.).
453 1730 538 1759 Nune
552 1731 672 1764 seimus,
687 1731 759 1768 quia
773 1730 831 1758 seis
846 1730 961 1764 omnia,

115 1782 141 1807 et
159 1787 218 1807 ηοη
239 1787 312 1815 opas
333 1781 373 1806 est
393 1778 460 1812 tibi,
482 1781 514 1806 ut
535 1778 601 1815 quis
627 1781 651 1805 ce
683 1778 848 1814 iwrterroyet.
872 1778 903 1805 Et
925 1778 962 1805 ita

114 1826 190 1855 venit
210 1826 294 1860 hora,
316 1825 349 1854 de
370 1833 426 1863 qua
446 1825 541 1854 dixisti
563 1825 686 1861 supra5:
714 1836 727 1850 «
743 1825 770 1853 [n
791 1825 837 1853 illo
858 1824 902 1853 die
917 1833 961 1853 me

114 1882 168 1902 non
190 1873 322 1910 rogabitis
350 1872 503 1910 quidquam
515 1884 540 1900 n.
564 1873 599 1900 Iu
627 1871 679 1900 lzoe
703 1872 867 1906 credimus,
890 1872 961 1910 quia

114 1929 134 1949 a
157 1921 212 1949 Deo
233 1920 334 1954 existi,
356 1919 422 1957 quia
435 1919 539 1948 scilicet
553 1919 646 1947 onmia
661 1919 748 1953 nosti;
764 1927 850 1955 supra
864 1921 960 1948 sexto:

118 1978 133 1992 «
147 1967 200 1996 Nos
221 1966 389 1995 credidimus
415 1969 443 1995 et
471 1966 665 2003 cognovimus,
688 1966 754 2003 quia
779 1969 810 1994 tu
832 1973 861 1994 es
881 1966 960 1994 Chri*

114 2017 183 2048 stus,
204 2014 288 2042 Filius
309 2014 386 2042 Dei»
412 2016 463 2042 etc.
486 2013 576 2042 Solius
597 2014 670 2042 enim
692 2013 739 2042 Dei
761 2016 802 2042 est
823 2013 894 2042 scire
915 2021 960 2042 oc-

114 2061 203 2096 culta;
226 2061 356 2089 Ieremiae
386 2060 492 2089 decimo
521 2061 652 2097 septimo:
679 2072 692 2085 «
709 2061 827 2089 Pravum
850 2064 891 2089 est
912 2068 960 2089 cor

114 2108 232 2137 hominis
253 2110 280 2137 et
301 2108 494 2141 inscrutabile,
516 2110 543 2136 et
557 2108 620 2144 quis
641 2111 787 2145 cognoscet
801 2108 887 2136 illud?
907 2108 961 2144 Ego

114 2154 248 2183 Dominus
269 2156 397 2183 scrutans
418 2154 501 2183 corda
522 2157 549 2183 et
570 2154 691 2191 probans
713 2162 831 2183 renes».

192 2201 238 2229 45.
261 2201 350 2238 (Vers.
373 2201 440 2237 31.).
464 2201 619 2238 Respondit
648 2202 737 2229 lesos.
760 2202 894 2238 Tangitur
916 2201 961 2230 hic

114 2248 279 2282 secundum,
295 2248 398 2277 scilicet
413 2248 627 2284 discipulorum
642 2248 776 2277 eruditio.
792 2249 863 2284 Quia
877 2248 960 2283 enirn,

113 2303 149 2324 ex
171 2303 298 2324 sermone
322 2295 431 2323 Domini
459 2295 620 2329 confortati,
643 2295 792 2324 credebant
814 2303 842 2324 56
864 2303 960 2324 conso-

113 2343 183 2371 latos
203 2345 230 2372 et
251 2343 277 2371 in
299 2342 353 2371 fide
373 2342 523 2379 perfectos;
545 2342 624 2371 docet
645 2350 691 2371 eos
712 2343 847 2371 Dominus
868 2343 960 2371 humi-

113 2389 149 2417 lia
170 2397 282 2426 sapere,
305 2389 376 2417 sicut
398 2397 483 2425 supra
504 2388 568 2417 fecit
583 2389 674 2423 Petro,
691 2389 751 2417 ideo
766 2389 883 2418 resumit
898 2397 960 2418 ver-

1817 153 1873 182 465

1028 227 1094 257 bum
1116 236 1231 264 eorum,
1251 232 1284 258 ut
1305 230 1434 267 corrigat.
1457 231 1605 267 Propterea
1625 231 1702 260 dicit:
1719 232 1873 268 Respondit

1027 274 1068 304 eis
1100 275 1197 304 lesus:
1219 276 1302 305 Modo
1332 277 1450 306 creditis
1461 277 1483 312 Β,
1505 277 1532 306 id
1553 280 1609 312 est,
1633 277 1738 307 iactatis
1770 286 1819 307 vos
1839 278 1872 307 (16

1028 321 1096 356 hoc,
1118 322 1191 359 quod
1213 323 1334 352 creditis.

1105 370 1151 398 46.
1175 370 1263 405 (Vers.
1287 370 1355 406 32).
1380 372 1465 405 Ecce,
1487 371 1563 400 venit
1592 370 1667 400 liora
1694 375 1720 400 et
1745 372 1806 400 iam
1827 381 1872 401 ve-

1026 416 1083 450 nit,
1106 416 1133 445 id
1153 419 1207 450 est,
1230 417 1411 454 propinquat3
1433 422 1464 446 ut
1485 418 1700 455 dispergamini
1713 420 1872 457 unusquis-

1026 471 1080 500 que
1100 462 1132 491 in
1151 463 1290 499 propria,
1312 463 1339 491 id
1360 467 1416 498 est,
1439 467 1470 492 ut
1490 464 1720 502 disperyamz‘m‘,
1742 465 1780 494 ita
1798 466 1870 503 quod

1026 509 1221 546 unusquisque
1241 510 1273 538 in
1291 510 1435 547 propria,
1456 511 1522 548 quia
1543 520 1616 540 unus
1630 520 1693 540 cum
1715 512 1803 541 altero
1817 521 1870 541 non

1026 556 1159 586 remansit
1189 564 1240 585 nec
1268 557 1322 585 fide
1352 565 1402 586 nec
1433 566 1565 595 corpore;
1591 559 1740 588 Zachariae
1763 559 1871 588 decimo

1026 603 1148 632 tertio⁷z
1183 615 1195 628 «
1211 604 1325 632 Percute
1347 607 1502 641 pastorem,
1530 608 1558 634 et
1584 605 1779 643 dispergentur
1806 615 1871 635 oves

1025 651 1117 687 gregis
1132 662 1159 679 ».
1184 652 1217 679 Et
1237 659 1282 679 me
1308 651 1402 680 solum
1434 651 1622 689 7·elinquatis;
1651 653 1734 681 Isaiae
1756 661 1870 690 sexage-

1024 698 1096 727 simo
1118 698 1214 727 tertio:
1241 698 1400 727 «Torcular
1422 698 1524 727 calcavi
1547 699 1637 734 solus,
1653 700 1727 729 etde
1742 701 1870 737 gentibus

1025 753 1079 774 non
1101 748 1143 774 est
1175 745 1216 774 vir
1248 752 1356 774 mecum
1372 756 1398 773 ».
1421 745 1473 773 Sed
1495 746 1562 775 haec
1593 746 1711 775 solitudo
1736 755 1789 776 non
1811 752 1871 776 erat

1026 800 1075 829 per
1095 792 1233 821 defectum
1248 792 1334 820 divini
1355 792 1470 826 auxilii,
1491 792 1538 821 sed
1560 793 1687 827 humani;
1709 793 1769 822 ideo
1789 794 1869 823 dicit:

1024 839 1081 868 Sed
1101 839 1181 868 nort²3
1202 848 1269 868 sum
1290 839 1384 873 solua,
1406 840 1478 878 quia
1502 840 1590 868 Pater
1610 848 1723 869 mecum
1744 844 1802 874 est;
1824 849 1870 870 su-

1025 894 1075 923 pra
1096 889 1208 915 octavo:
1234 898 1248 911 «
1264 886 1315 923 Qui
1339 894 1382 915 me
1409 887 1484 916 misit
1511 895 1619 916 mecum
1642 890 1683 916 est
1703 890 1731 916 et
1752 896 1806 916 non
1827 896 1870 916 re-

1024 933 1105 970 liquit
1126 941 1171 962 me
1192 933 1322 962 solum».
1345 934 1398 963 Nec
1419 936 1461 963 est
1481 934 1652 963 contrarium
1675 934 1748 971 quod
1769 934 1870 963 dicitur

1024 980 1051 1008 in
1073 980 1190 1009 Psalmo:
1217 981 1279 1010 «Ut
1300 981 1368 1018 quid
1395 988 1439 1009 me
1469 980 1641 1018 dereliquisti
1657 984 1689 1009 n?
1710 981 1776 1018 quia
1796 981 1868 1009 istud

1022 1027 1186 1064 intelligitur
1207 1027 1241 1056 de
1261 1028 1435 1064 expositione
1455 1027 1489 1057 ad
1507 1036 1632 1064 poenam.

1101 1075 1148 1103 47.
1169 1075 1258 1111 (Vers.
1282 1074 1349 1110 33).
1372 1075 1451 1104 Haec
1472 1075 1586 1104 locutus
1606 1084 1674 1103 sum
1694 1075 1782 1104 vobis.
1799 1076 1869 1104 Tan-

1023 1122 1098 1158 gitur
1114 1122 1158 1150 hic
1174 1122 1305 1156 tertium,
1320 1122 1424 1151 scilicet
1438 1122 1652 1159 discipulorum
1673 1122 1867 1159 confirmatio.

1022 1169 1092 1205 Quia
1123 1168 1301 1205 praedixerat
1331 1168 1530 1205 dispersionem
1557 1169 1694 1203 suturam,
1727 1169 1869 1206 subiungit

1022 1215 1267 1249 confortationem,
1289 1215 1355 1252 quia
1376 1216 1428 1244 hoc
1458 1224 1513 1244 non
1541 1216 1666 1250 dixerat,
1688 1219 1720 1244 ut
1740 1216 1868 1253 despera—

1023 1265 1100 1296 rent,
1121 1262 1169 1291 sed
1190 1266 1222 1291 ut
1243 1270 1292 1299 per
1314 1262 1506 1291 confidentiam
1530 1270 1624 1299 pacem
1640 1263 1782 1292 haherent.
1805 1264 1868 1291 Pro-

1022 1312 1117 1346 pterea
1143 1309 1224 1338 dicit:
1258 1309 1335 1338 Haec
1366 1309 1479 1338 locutas
1506 1318 1573 1337 sum
1602 1309 1697 1343 vobis,
1719 1313 1752 1338 ut
1772 1310 1804 1338 iri
1824 1319 1868 1338 me

1020 1365 1122 1393 pacem
1143 1355 1291 1389 lzabeatis‚·
1305 1356 1339 1385 de
1360 1364 1416 1393 qua
1438 1356 1520 1385 Isaiae
1536 1356 1671 1385 ultimo⁹:
1693 1368 1706 1381 «
1721 1356 1867 1386 Declinabo

1021 1411 1106 1440 super
1127 1411 1188 1432 eam
1209 1403 1288 1440 quasi
1310 1403 1414 1432 flumen
1437 1403 1511 1440 pacis
1523 1415 1548 1431 ».
1564 1403 1602 1431 Ad
1617 1403 1688 1431 hanc
1703 1411 1797 1440 pacem
1813 1412 1865 1432 non

1021 1451 1132 1479 venitur
1161 1450 1212 1479 nisi
1244 1458 1294 1487 per
1322 1458 1483 1487 pressuras;
1505 1449 1566 1478 ideo
1592 1450 1674 1479 dicit:
1702 1450 1737 1478 In
1757 1451 1867 1479 mundo

1017 1506 1193 1535 pressuram
1216 1496 1373 1531 habehim,-
1395 1498 1512 1526 Actuum
1533 1497 1639 1525 decimo
1654 1500 1768 1534 quarto:
1789 1509 1802 1522 «
1817 1498 1866 1526 Per

1020 1545 1122 1573 multas
1143 1544 1336 1573 tribulationes
1357 1547 1466 1581 oportet
1497 1552 1546 1573 nos
1574 1544 1680 1572 intrare
1701 1544 1728 1572 in
1750 1551 1866 1581 regnum

1020 1591 1068 1620 Dei
1081 1604 1106 1619 ».
1120 1592 1148 1620 In
1164 1591 1207 1620 his
1222 1592 1361 1628 pressuris
1372 1600 1426 1620 non
1438 1594 1479 1620 est
1490 1591 1710 1628 desperandum,
1726 1591 1787 1620 ideo
1802 1591 1867 1620 sub—

1019 1638 1074 1666 dit:
1098 1638 1153 1667 Sea
1180 1638 1327 1675 considite,
1348 1647 1399 1676 690
1429 1638 1487 1667 vici
1516 1638 1677 1672 mundum,-
1698 1638 1805 1675 primae
1833 1638 1865 1666 ad

1019 1685 1176 1714 Corinthios
1190 1685 1296 1713 decimo
1311 1685 1408 1721 quinto
1422 1685 1458 1710 ¹⁰:
1486 1697 1499 1710 α
1514 1685 1621 1713 Gratias
1642 1685 1713 1719 Deo,
1729 1685 1777 1722 qui
1792 1685 1865 1713 dedit

1020 1732 1098 1760 nohis
1119 1732 1261 1760 victoriam
1293 1739 1343 1768 per
1374 1732 1463 1760 lesum
1484 1732 1625 1760 Christum
1649 1732 1795 1760 Dominum
1818 1740 1866 1759 no-

1019 1782 1152 1807 strum».
1176 1779 1248 1807 Hanc
1271 1778 1422 1807 vvictoriam
1455 1778 1646 1815 adipiscuntur
1675 1779 1817 1807 credentes
1838 1779 1864 1806 in

1019 1826 1176 1859 Christum;
1199 1826 1305 1863 primae
1327 1825 1433 1854 Ioannis
1455 1826 1567 1862 quinto:
1594 1837 1607 1850 «
1619 1826 1688 1854 Haec
1719 1829 1759 1854 est
1781 1826 1865 1854 victo—

1020 1873 1073 1907 ria,
1095 1881 1167 1909 quae
1189 1873 1273 1901 vincit
1295 1872 1447 1907 mundum,
1468 1872 1536 1901 fides
1558 1875 1652 1901 nostra
1667 1884 1693 1900 ».

1340 1966 1543 2002 Quaesrioives.

1097 2061 1143 2089 48.
1165 2061 1275 2097 Quaest.
1300 2061 1316 2088 l.
1339 2060 1389 2089 Sed
1411 2060 1558 2098 quaeritur
1580 2060 1624 2089 hic
1646 2060 1735 2097 primo
1757 2060 1790 2089 de
1812 2061 1862 2089 hoc

1018 2107 1092 2144 quod
1113 2108 1194 2136 dicit:
1217 2108 1251 2136 Si
1281 2108 1351 2145 quid
1378 2107 1520 2144 petieritis
1549 2107 1668 2135 Patrem
1697 2107 1727 2135 iu
1749 2107 1864 2135 nomine

1018 2163 1095 2188 meo,
1117 2155 1199 2183 dabit
1219 2155 1307 2183 vohis.

1100 2203 1123 2230 1.
1145 2202 1308 2238 Quaeritur:
1330 2203 1400 2230 cum‘
1417 2201 1484 2230 illud
1506 2201 1576 2229 idem
1599 2201 1702 2229 dixerit
1717 2209 1801 2237 supra
1816 2200 1863 2229 de-

1004 2248 1089 2277 ,cimo
1110 2252 1211 2286 quarto
1224 2250 1246 2265 ¹¹
1267 2252 1294 2277 et
1314 2248 1420 2277 decimo
1441 2248 1547 2285 quinto,
1564 2251 1594 2276 ut
1609 2248 1676 2284 quid
1691 2255 1765 2276 nunc
1781 2248 1861 2276 iterat

1016 2296 1124 2324 decimo
1151 2298 1252 2324 sexto?
1281 2312 1318 2316 ——
1340 2295 1455 2323 Videtur
1475 2294 1677 2332 superfluum:
1700 2302 1765 2331 ergo
1791 2294 1812 2322 si
1835 2294 1860 2322 in

1017 2342 1109 2371 verbis
1137 2342 1238 2371 Christi
1267 2342 1335 2370 nihil
1363 2342 1415 2370 fuit
1443 2341 1635 2378 superfluum,
1668 2349 1755 2377 quare
1783 2341 1863 2369 toties

1016 2390 1105 2418 dicit?

176 2513 184 2526 ¹
202 2515 267 2537 Vers.
284 2514 322 2537 27.
338 2514 412 2537 Codd.
423 2517 446 2537 et
457 2515 574 2537 Gorranus
590 2515 689 2543 allegant
705 2516 842 2544 Malta-116,
864 2517 902 2545 16,
921 2516 959 2539 ubi

113 2555 201 2576 tantum
217 2554 291 2582 prima
309 2560 363 2582 pars
379 2553 507 2576 verborum
524 2555 638 2577 occurrit:
659 2555 717 2577 Tu...
733 2555 786 2578 vivi.

175 2591 184 2605 ²
202 2593 267 2615 Vers.
287 2592 323 2615 ⁴7.
340 2605 371 2609 —
388 2593 496 2622 Sequitur
512 2594 548 2615 Ps.
567 2594 608 2621 48,
625 2593 647 2616 7.

175 2630 185 2644 ⁸
202 2632 247 2656 Cir.
264 2639 333 2660 supra
351 2639 373 2655 11.
391 2633 429 2655 37.

175 2670 185 2683 ⁴
203 2672 276 2699 Supra
293 2678 315 2694 v.
333 2672 371 2694 25.
387 2684 418 2688 ——
435 2672 557 2701 Aliquanto
579 2673 686 2701 superius
708 2679 751 2701 pro
768 2679 828 2703 quae
846 2673 894 2696 iam
911 2675 959 2702 plu-

112 2716 150 2733 res
166 2710 235 2733 codd.
252 2710 309 2740 quia
325 2710 381 2733 iam.

176 2748 185 2761 ⁶
202 2750 269 2772 Vers.
286 2748 374 2772 23.’-
390 2751 440 2773 Duo
463 2757 529 2780 seqq.
551 2751 593 2773 loci
619 2754 671 2773 sunt
696 2753 756 2774 toan.
779 2752 805 2779 6,
823 2752 861 2774 70.
878 2755 900 2774 et
918 2754 958 2774 ler.

115 2788 151 2816 47,
169 2789 190 2811 9.
208 2796 256 2818 seq.

175 2826 185 2840 ⁶
203 2828 299 2856 Vulgata
324 2829 502 2857 interrogative:
519 2829 588 2852 Modo
606 2829 718 2852 credilis?
735 2829 781 2853 Csr.
800 2831 821 2852 S.
843 2831 956 2858 Thomas,

113 2867 241 2890 Comment.
266 2868 287 2890 in
309 2869 371 2890 hunc
395 2869 484 2896 locum,
501 2870 551 2891 lect.
570 2870 591 2891 8.
609 2876 630 2891 n.
648 2870 676 2891 2:
695 2869 762 2897 Quod
788 2870 806 2891 si
831 2870 958 2898 accipiatur

113 2905 293 2935 interrogative,
311 2909 345 2929 est
361 2907 507 2934 exprobratio
525 2908 636 2930 tarditatis
653 2914 733 2930 eorum
751 2908 779 2930 ad
802 2908 958 2935 credendum,

113 2945 179 2973 quasi
204 2944 304 2967 diceret:
321 2945 399 2974 Usque
424 2946 494 2968 modo
520 2946 638 2968 distulistis
655 2946 769 2968 credere?
787 2947 811 2969 Si
828 2953 884 2968 vcro
902 2947 958 2969 ucci-

207 2990 233 3014 S.
250 2991 339 3014 Bonae.
350 3004 381 3008 —
394 2992 462 3014 Tom.
479 2993 517 3014 Vl.

1018 2517 1093 2544 piatur
1110 2516 1232 2539 remissive
1249 2515 1302 2545 [cfr.
1321 2521 1390 2543 supra
1404 2521 1458 2543 pag.
1471 2514 1529 2541 266,
1547 2517 1598 2537 nota
1613 2513 1659 2544 9.],
1672 2513 1795 2541 exprobrat
1806 2513 1860 2536 fidei

1017 2556 1121 2583 ipsorum
1148 2555 1331 2581 instabilitatem,
1349 2554 1414 2583 quasi
1432 2554 1532 2576 diceret:
1552 2554 1637 2575 Verum
1655 2556 1701 2580 651,
1718 2553 1781 2581 quod
1800 2558 1861 2575 nunc

1016 2595 1121 2621 creditis,
1139 2594 1179 2616 sed
1201 2594 1290 2620 statim,
1308 2593 1402 2622 quando
1425 2592 1508 2620 tradar,
1531 2591 1649 2614 dimittetis
1667 2597 1705 2613 me
1721 2594 1764 2613 etc.
1780 2604 1811 2607 ——
1829 2591 1860 2613 De

1016 2634 1086 2656 Petro
1104 2634 1157 2655 vide
1174 2639 1244 2661 supra
1267 2633 1305 2659 13,
1322 2632 1386 2654 6-11.
1404 2634 1425 2654 et
1442 2632 1478 2653 37.
1498 2637 1546 2659 seq.

1079 2671 1087 2684 ⁷
1108 2673 1172 2694 Vers.
1188 2672 1210 2694 7.
1227 2684 1258 2688 —-
1276 2671 1383 2700 Sequitur
1401 2671 1448 2693 lsai.
1465 2671 1508 2697 63,
1525 2671 1547 2692 3.

1079 2710 1088 2723 ⁵⁵
1106 2712 1203 2739 Vulgata
1222 2711 1252 2734 Et
1267 2716 1323 2733 ozon.
1339 2723 1370 2727 —-
1387 2711 1437 2732 Duo
1454 2716 1519 2738 seqq.
1536 2710 1578 2731 loci
1596 2712 1649 2731 sunt
1666 2710 1725 2731 loan.
1739 2710 1765 2737 8,
1782 2709 1819 2731 29.
1839 2712 1858 2731 et

1016 2751 1050 2773 Ps.
1070 2751 1107 2777 21,
1126 2752 1147 2772 2.
1164 2750 1209 2772 Cir.
1226 2756 1296 2777 supra
1314 2756 1334 2771 c.
1351 2750 1373 2771 8.
1390 2756 1412 2771 n.
1432 2749 1468 2771 44.

1078 2788 1088 2800 ¹³
1107 2790 1170 2811 Vers.
1192 2789 1225 2810 12.
1243 2801 1273 2804 —
1290 2788 1398 2816 Sequitur
1414 2788 1463 2809 Act.
1485 2787 1523 2814 14,
1541 2788 1577 2809 21.

1080 2827 1098 2840 ¹⁰
1117 2828 1182 2849 Vers.
1200 2828 1237 2850 57.
1254 2840 1285 2843 —
1303 2826 1406 2849 Subinde
1423 2827 1533 2854 allegatur
1551 2827 1565 2848 l.
1583 2827 1643 2848 10311.
1661 2827 1687 2854 5,
1706 2826 1727 2848 4.

1079 2866 1096 2878 ¹¹
1116 2868 1180 2888 Vrrs.
1203 2867 1240 2888 w.
1264 2872 1312 2894 seq.
1338 2869 1359 2888 et
1381 2866 1419 2892 15,
1441 2866 1474 2887 111.
1493 2877 1522 2881 -
1539 2865 1637 2893 Aristot.,
1658 2866 1671 2887 l.
1695 2866 1724 2887 de
1749 2865 1815 2888 Caelo
1839 2869 1857 2887 61

1016 2907 1116 2932 mundo,
1135 2909 1185 2928 text.
1204 2906 1240 2927 132.
1260 2906 1287 2931 (c.
1308 2906 1351 2934 si.):
1370 2906 1429 2927 Deus
1454 2907 1530 2927 autem
1555 2908 1578 2927 et
1602 2908 1681 2927 natura
1704 2905 1758 2926 nihil
1778 2906 1858 2927 trustra

1016 2946 1108 2968 l'uriunt.

1735 2991 1764 3012 330

1886 1079 1976 1098 Tertium.

1886 1406 2000 1425 Notandum.
