2296 3316
73 753 143 772 Aliter.

7 1143 9 1150 .
26 1116 142 1149 abscondita

18 1153 149 1177 relinquenda.

15 1633 104 1652 Sublimia
110 1639 147 1652 non

25 1657 144 1681 inquirenda.

11 3242 13 3251 ἓ
4 3176 9 3183 Α,
0 3067 10 3169 «μᾷ-,φρ
0 3046 4 3061 -
3 3021 6 3032 -

80 1964 140 1982 hatto.

731 151 901 181 COMMENT.
924 152 956 180 IN
979 152 1215 185 ECCLESIASTEN
1236 155 1264 183 C:
1287 156 1340 184 VII.
1886 161 1923 190 53

164 231 242 270 quod
265 230 387 268 cupias,
416 230 444 259 id
464 233 505 260 est
533 234 698 267 cognoscere
719 230 819 264 vitam,
841 238 925 267 quam
944 230 1015 259 desi-

163 279 259 313 deras;
281 286 372 317 quam
395 278 564 307 desiderare
583 278 661 316 quod
680 277 812 311 nescias,
835 277 862 306 id
883 280 924 306 est
945 277 1015 306 velle

163 326 228 355 illuc
243 325 388 360 pervenire
402 325 577 362 ignoranter;
599 327 626 366 et
646 323 708 353 ideo
721 327 831 361 oportet
852 324 926 353 circa
940 324 1014 353 illam

163 372 409 402 considerationem
423 379 502 401 suam
517 379 633 408 ponere;
649 371 863 400 Proverbiorum
879 375 980 409 quarto
990 372 1013 399 ¹:

168 419 273 449 «Oculi
295 419 335 448 tui
358 421 433 448 recta
453 418 579 453 videant,
601 422 628 447 et
649 419 797 456 palpebrae
815 422 880 447 tuae
901 427 1013 456 praece-

162 467 228 496 dant
248 474 361 504 gressus
376 469 475 495 tuos».
498 466 530 494 Et
550 466 603 495 hoc
617 466 729 503 quidem
751 468 793 495 est
806 466 910 494 bonum
928 466 1013 501 scire,

162 513 210 542 sed
230 513 388 542 desiderare
408 513 483 550 quod
504 513 606 548 nescit,
621 513 747 542 stultum.
770 513 832 541 Ideo
852 513 1012 550 subiungit:

163 561 218 590 Sed
238 564 264 589 et
284 559 335 589 hoe
355 560 474 588 vanitas
494 563 520 588 et
537 560 721 597 praesumtio
745 560 886 597 spiritus,
909 560 1013 589 scilicet

161 607 319 637 desiderare
339 607 414 644 quod
435 607 520 636 homo
536 607 636 642 nescit,
658 607 731 636 sicut
752 607 866 636 lacobus
887 611 914 636 et
936 608 1012 636 Ioan-

162 663 210 684 nes
230 654 424 684 desiderabant
443 657 471 683 et
491 654 622 691 petebant
641 655 738 684 sedere
756 656 790 684 ad
804 656 963 690 dexteram,
985 658 1012 684 et

161 705 372 739 praesumtuose
393 702 583 739 quaerebant;
612 702 673 731 ideo
694 702 797 732 dicitur
818 703 858 732 eis
883 703 1010 732 Matthaei

161 749 304 786 vigesimo:
332 749 484 783 «Nescitis,
505 749 573 785 quid
593 749 692 786 petatis
717 761 744 777 ».
760 765 798 770 —
818 750 908 779 Potest
928 750 1011 778 etiam

160 795 262 833 exponi
284 796 317 824 ad
345 796 610 825 commendationem
633 796 795 833 cognitionis
823 796 951 831 utilium,
979 799 1011 825 ut

160 843 195 872 sit
216 851 329 877 sensus,
351 843 425 880 quod
446 844 546 873 melius
567 846 608 872 est
629 851 794 880 cognoscere
819 843 1011 872 desiderabilia

160 893 187 919 et
207 890 286 919 utilia
299 898 383 927 quam
401 890 558 920 desiderare
572 890 648 919 seire
669 890 850 925 abscondita,
872 899 944 928 quae
958 891 1011 920 sci-

160 938 223 967 licet
242 937 372 974 prohibet
392 937 579 972 considerare,
601 938 667 975 quia
692 938 744 967 hoc
771 941 813 967 est
840 938 1011 975 praesumtio

159 985 289 1022 spiritus,
311 985 381 1014 velle
402 984 506 1014 scilicet
527 992 692 1022 cognoscere
713 992 784 1022 quae
809 985 884 1014 Deus
905 985 932 1013 in
961 993 1011 1014 sua

159 1032 330 1069 providentia
352 1032 495 1069 disposuit.

239 1079 328 1116 (Vers
358 1080 401 1108 10.
430 1079 496 1113 11).
522 1080 554 1108 Et
581 1079 633 1109 hoc
661 1080 773 1117 quidem
797 1080 927 1117 prohibet
947 1088 1010 1117 per-

159 1126 292 1161 scrutari,
314 1129 516 1164 consequenter
537 1126 646 1156 dicens:
671 1127 729 1163 Qui
748 1126 874 1164 futurus
895 1131 936 1156 eet
956 1130 1008 1156 etc.

159 1174 206 1203 Hic
220 1176 331 1203 revocat
345 1181 361 1202 a
373 1174 589 1211 perserutando
604 1173 789 1208 abseemffla,
811 1177 843 1203 ut
857 1177 899 1203 est
919 1174 1010 1212 dispo-

159 1221 221 1250 sitio
241 1221 348 1255 divina;
370 1221 406 1249 ob
427 1229 512 1257 quam
533 1221 614 1250 dicit:
638 1221 696 1257 Qut
714 1220 840 1258 futurus
868 1225 922 1256 est,
948 1222 1010 1250 iam

158 1271 292 1297 vocatum
313 1271 355 1296 est
374 1277 478 1297 nomen
491 1268 571 1302 etus,
593 1271 730 1306 quantum
745 1268 779 1297 ad
799 1272 940 1298 aeternam
956 1269 1011 1298 ele-

159 1315 292 1350 ctionem;
313 1315 348 1344 ad
369 1316 504 1344 Romanos
525 1318 626 1353 quarto
638 1316 665 1343 2:
685 1327 699 1341 α
713 1316 765 1352 Qui
787 1319 867 1345 vocat
888 1324 920 1345 ea
938 1324 1010 1353 quae

159 1362 212 1391 non
234 1365 315 1396 sunt,
337 1365 469 1399 tanquam
490 1370 522 1391 ea
536 1370 609 1400 quae
629 1365 694 1391 sunt
709 1374 735 1391 υ.
760 1363 795 1391 Et
814 1363 918 1397 scitur,
934 1363 1012 1402 quod

1072 230 1156 261 homo
1176 233 1227 267 sit,
1250 237 1385 271 quantum
1407 235 1441 264 ad
1463 236 1626 273 parvitatem
1653 238 1809 267 durationis
1831 239 1921 274 vitae;

1072 278 1184 308 Genesis
1206 280 1303 309 tertio:
1329 292 1343 306 a
1359 282 1450 311 Pulvis
1471 291 1513 317 es,
1535 286 1562 311 et
1583 284 1610 312 in
1632 285 1777 320 pulverem
1800 289 1923 315 reverte-

1072 325 1111 354 ris
1125 337 1152 353 ».
1176 327 1211 354 Et
1231 335 1290 355 non
1307 328 1402 364 possit
1422 333 1525 358 eontra
1539 330 1691 367 fortiorem
1712 340 1742 360 se
1760 332 1791 360 in
1812 333 1922 361 iudicio

1071 373 1255 407 contendere,
1271 378 1407 411 quantum
1428 376 1461 404 ad
1480 376 1663 406 conditionem
1684 378 1820 411 iustitiae:
1842 387 1922 408 nemo

1071 419 1145 448 enini
1166 422 1208 448 est
1228 420 1296 449 adeo
1317 422 1420 456 iustus,
1443 423 1490 460 qui
1513 424 1599 460 possit
1616 432 1645 453 se
1665 425 1816 454 iustificare
1838 426 1865 454 in
1880 427 1922 455 iu-

1070 466 1141 495 dIcio
1162 475 1226 496 cum
1247 468 1319 502 Deo;
1342 469 1388 497 Iob
1409 478 1482 498 nono
1497 471 1520 498 ³:
1548 483 1561 495 «
1576 471 1649 505 Scio,
1671 472 1745 509 quod
1767 481 1821 501 non
1843 473 1921 502 iusti—

1071 513 1171 542 fleatur
1192 514 1275 542 homo
1304 519 1481 552 comparatus
1509 517 1573 545 Deo.
1596 518 1622 545 Si
1639 518 1758 547 voluerit
1780 527 1844 547 cum
1866 520 1921 548 Deo

1070 561 1249 595 contendere,
1278 570 1332 590 non
1364 564 1466 599 poterit
1496 564 1519 592 ei
1551 565 1719 601 respondere
1751 574 1839 594 unum
1870 574 1922 603 pro

1069 607 1143 636 mille
1158 619 1188 641 »;
1211 608 1272 637 ideo
1293 608 1401 638 dicebat
1422 610 1482 639 lob:
1511 623 1524 635 «
1539 611 1665 647 Quantus
1686 620 1752 649 ergo
1774 621 1837 641 sum
1857 621 1920 650 egO,

1069 657 1101 683 ut
1122 656 1303 692 respondeam
1325 656 1349 685 ei
1365 668 1396 691 »;
1419 660 1446 686 et
1467 658 1527 687 ideo
1549 659 1692 687 subditur:
1716 660 1782 697 quia
1798 659 1921 697 sortior,-

1069 702 1143 731 unde
1164 702 1210 731 Iob
1230 711 1318 732 nono:
1346 715 1360 729 «
1374 704 1400 732 Si
1421 704 1554 733 fortitudo
1571 707 1734 743 quaeritur,
1761 707 1921 736 robustissi—

1068 757 1131 778 mus
1152 753 1208 784 est;
1238 750 1259 779 si
1291 751 1416 788 aequitas
1447 752 1554 787 iudicii,
1581 761 1662 782 nemo
1690 754 1773 782 audet
1804 762 1856 791 pro
1876 763 1920 783 me

1068 797 1257 826 testimonium
1275 798 1367 827 dicere
1381 810 1408 827 ».
1431 799 1504 828 Hanc
1523 800 1607 837 igitur
1621 801 1808 829 absconditam
1829 801 1921 838 dispo-

1068 844 1195 873 sitionem
1220 844 1322 874 dicitur
1343 845 1423 874 nobis
1444 854 1499 875 non
1521 854 1580 875 esse
1595 847 1839 884 perscrutandam;
1855 848 1921 885 quia

1068 891 1096 920 in
1123 892 1226 921 nostris
1250 892 1343 921 verbis
1371 901 1459 929 pauca
1487 893 1628 922 invenitur
1653 894 1770 928 veritas,
1798 895 1919 924 maxime

1068 938 1180 976 quando
1193 939 1325 969 volumus
1339 948 1372 969 ea
1382 940 1531 975 disserere,
1544 949 1615 978 quae
1630 950 1679 970 nos
1691 942 1790 970 latent.
1807 959 1845 963 —-
1859 942 1920 971 Ideo

1068 985 1177 1014 subdit:
1205 985 1296 1014 Verba
1316 990 1385 1015 sant
1403 987 1554 1023 plurima,
1576 988 1603 1016 id
1617 991 1667 1022 est,
1683 997 1771 1025 pauca
1792 992 1857 1017 sunt
1875 997 1920 1017 co-

1068 1032 1159 1069 gnita;
1181 1033 1253 1061 infra
1273 1033 1419 1062 decimo4:
1446 1046 1459 1059 «
1474 1035 1581 1064 Stultus
1602 1036 1687 1064 verba
1707 1036 1873 1073 multiplicat
1891 1047 1917 1064 ».

1068 1079 1247 1119 Multamque
1274 1080 1306 1109 in
1334 1081 1512 1118 disputando
1534 1082 1691 1110 vanitatem
1715 1081 1864 1116 habentia,
1892 1087 1919 1111 et

1068 1135 1185 1164 paucam
1207 1128 1367 1162 veritatem,
1389 1136 1475 1165 supra
1497 1129 1593 1158 tertio:
1622 1141 1635 1154 «
1654 1129 1786 1158 Mundum
1808 1130 1919 1158 tradidit

1067 1174 1246 1211 disputationi
1261 1183 1375 1209 eorum,
1397 1178 1429 1204 ut
1443 1184 1498 1204 non
1513 1176 1635 1205 inveniat
1650 1176 1731 1205 homo
1746 1184 1829 1213 opus,
1845 1176 1919 1213 quod

1068 1225 1200 1259 operatus
1220 1225 1262 1251 est
1283 1222 1357 1251 Deus
1371 1222 1406 1251 ab
1421 1222 1499 1251 initio
1520 1231 1610 1260 usque
1625 1224 1651 1252 in
1669 1224 1751 1252 tinem
1766 1234 1797 1257 »;
1813 1226 1840 1252 et
1855 1231 1919 1261 pro-

1068 1272 1164 1306 pterea
1175 1269 1223 1306 qui
1235 1269 1332 1298 volunt
1343 1269 1377 1298 de
1389 1270 1432 1299 his
1441 1271 1611 1307 perscrutari
1624 1274 1805 1305 evanescunt,
1821 1278 1919 1299 secun-

1068 1316 1135 1345 dum
1148 1316 1216 1345 illud
1228 1317 1347 1354 Apostoli
1363 1317 1468 1354 primae
1483 1317 1517 1346 ad
1531 1318 1688 1347 Corinthios
1703 1318 1799 1346 tertio:
1820 1329 1833 1343 <1
1845 1318 1919 1347 Deus

1068 1363 1145 1392 novit
1165 1364 1343 1401 cogitationes
1365 1364 1545 1401 sapientium,
1568 1364 1633 1401 quia
1655 1373 1740 1393 vanae
1762 1368 1865 1393 sunt».

920 1473 1082 1502 CAPITULUM
1104 1474 1126 1501 V
1129 1474 1157 1502 II.

237 1584 326 1621 (Vers.
352 1584 397 1621 1.).
421 1584 499 1620 Quid
518 1592 629 1613 neeesse
650 1583 711 1612 est?
733 1583 779 1613 Hic
794 1586 905 1613 revocat
927 1584 1009 1613 tertio

157 1640 173 1661 a
189 1631 406 1670 perscrutando
427 1631 568 1660 sublimia
582 1634 609 1660 et
623 1631 803 1668 inquirendo,
818 1633 846 1660 et
864 1631 928 1666 hoc,
944 1639 1009 1660 cum

158 1679 257 1708 habeat
277 1678 343 1707 satis
361 1678 451 1707 facere
465 1678 499 1707 de
514 1678 702 1715 cognoscendo
724 1686 775 1707 sua
788 1678 902 1715 propria
923 1678 1008 1712 mala,

158 1727 201 1756 vel
221 1725 387 1755 communia.
410 1725 471 1754 Ideo
492 1725 576 1754 dicit:
601 1725 678 1761 Quid
699 1733 810 1754 neeesse
830 1729 872 1753 est
897 1724 1010 1754 ltomz'm'

155 1773 276 1802 maiora
296 1781 325 1801 se
346 1771 508 1811 quaerere?
529 1772 608 1809 quasi
624 1772 712 1807 dicat,
738 1780 792 1801 non
814 1775 856 1801 est
877 1780 1007 1807 necesse;

158 1820 336 1850 Ecclesiastici
366 1819 489 1848 tertio-*³2
516 1819 647 1848 «Altiora
677 1822 704 1848 te
725 1827 760 1848 ne
785 1819 953 1856 quaesieris,
982 1823 1009 1848 et

156 1869 272 1897 fortiora
293 1871 319 1896 te
339 1875 374 1896 ne
395 1870 538 1896 scrutatus
558 1867 645 1896 fueris
656 1878 686 1901 »;
705 1870 737 1902 ,et
750 1867 785 1896 ad
806 1868 943 1896 Romanos
956 1875 1008 1896 un-

157 1915 278 1945 decimo:
306 1927 319 1939 «
334 1914 392 1943 Noli
413 1914 500 1943 altum
515 1921 625 1951 sapere,
647 1914 695 1943 sed
710 1914 775 1943 time
790 1926 817 1942 ».
841 1914 872 1942 Et
893 1914 1008 1943 subiun-

158 1963 197 2000 git
218 1962 369 1996 rationem,
401 1968 489 1999 quare
520 1969 576 1990 non
607 1960 688 1990 dehet
719 1969 857 1999 quaerere
887 1961 1007 1990 maiora:

161 2009 235 2044 Cum
255 2009 384 2047 ignoret,
406 2008 478 2047 quid
499 2008 644 2037 conducat
663 2008 721 2037 sihi
745 2008 776 2037 z'n
796 2008 858 2037 vita
885 2017 960 2043 etta,
982 2008 1009 2037 id

158 2060 215 2092 est,
237 2056 304 2094 quid
325 2056 376 2086 sibi
398 2056 434 2085 sit
462 2056 544 2090 utiIe;
567 2055 721 2092 Sapientiae
742 2064 833 2084 nono:
861 2067 874 2081 a
893 2055 1009 2084 Difficile

158 2104 336 2134 aestimamus
350 2111 422 2141 quae
443 2103 470 2132 in
493 2105 569 2132 terra
583 2106 661 2137 sunt,
680 2105 707 2132 et
724 2102 838 2140 quae-in
859 2105 1009 2140 prospectu

158 2155 224 2182 sunt
250 2151 407 2181 invenimus
427 2159 493 2180 cum
520 2150 623 2179 labore.
652 2150 727 2187 Quae
755 2153 848 2179 autem
870 2150 898 2179 in
926 2150 1009 2179 caelis

158 2203 240 2234 sunt,
261 2199 324 2236 quis
345 2197 520 2235 investigabit
540 2200 575 2239 a?
604 2198 713 2235 Ignorat
739 2198 853 2235 utique,
878 2197 946 2234 quid
973 2197 1008 2226 sit

158 2246 225 2275 utile
246 2246 274 2274 in
296 2245 348 2274 hac
368 2245 425 2274 vita
446 2247 637 2273 momentanea
645 2255 651 2279 ;
673 2244 748 2273 unde
768 2244 929 2281 subiungit:
946 2243 1008 2272 Nu-

157 2301 237 2322 mero
258 2292 372 2321 dierum
384 2291 634 2329 peregrinationis
654 2300 741 2325 suam
755 2291 868 2320 Genesis
888 2291 1008 2328 quadra-

158 2339 263 2377 gesimo
283 2338 438 2376 septim0⁶:
465 2350 478 2363 «
492 2338 557 2367 Dies
580 2338 811 2376 peregrinationis
832 2338 903 2367 vitae
931 2346 1008 2367 meae

158 2387 237 2425 parvi
258 2391 285 2416 et
306 2386 369 2415 mali
391 2389 457 2415 sunt
472 2397 503 2421 »;
525 2386 662 2415 secundae
676 2386 711 2415 ad
724 2386 881 2415 Corinthios
895 2386 1007 2424 quinto:

163 2446 177 2460 «ι
190 2434 328 2471 Quamdiu
350 2442 448 2464 sumus
473 2434 501 2462 In
523 2434 575 2463 hoc
603 2441 732 2470 corpore,
760 2433 973 2471 peregrinamur
992 2442 1009 2462 a

159 2481 275 2510 Domino
290 2493 316 2509 ».
334 2482 369 2510 Et
383 2485 521 2518 tempore,
536 2480 614 2519 quod
627 2480 704 2509 velut
718 2480 825 2509 umbra
837 2480 1009 2518 praeteriit,-

1065 1584 1147 1621 primi
1171 1584 1395 1621 Paralipomenon
1417 1585 1531 1613 ultImo:
1559 1597 1571 1610 «
1587 1586 1726 1623 Peregrini
1749 1594 1846 1615 sumus
1874 1594 1919 1615 co-

1065 1639 1125 1660 ram
1147 1634 1173 1660 te
1195 1634 1222 1660 et
1244 1632 1378 1666 advenae,
1403 1632 1475 1661 sicut
1499 1640 1595 1661 omnes
1619 1636 1712 1669 patres
1737 1633 1832 1662 nostri.
1855 1633 1919 1662 Dies

1065 1679 1152 1708 nostri
1189 1679 1267 1716 quasi
1303 1679 1404 1708 umbra
1439 1687 1524 1716 super
1559 1682 1678 1713 terram,
1711 1682 1737 1708 et
1768 1680 1845 1708 nulla
1876 1683 1917 1709 est

1065 1734 1144 1755 mora
1155 1738 1181 1754 ».
1198 1726 1230 1755 Et
1244 1726 1282 1754 ita
1296 1734 1347 1763 per
1362 1734 1391 1755 se
1406 1734 1461 1755 non
1475 1729 1566 1763 potest
1586 1727 1745 1764 inquirere;
1763 1735 1813 1756 nec
1834 1727 1916 1756 etiam

1065 1773 1100 1802 ab
1121 1773 1174 1801 alio
1195 1773 1352 1807 addiscere;
1374 1776 1522 1810 propterea
1543 1773 1701 1810 subiungit:
1724 1774 1785 1802 Aut
1805 1774 1871 1812 quis
1892 1774 1919 1802 ei

1062 1820 1170 1858 poterit
1190 1820 1335 1855 indicare,
1357 1820 1429 1859 quid
1446 1824 1512 1858 post
1532 1829 1598 1849 eum
1619 1824 1775 1849 venturum
1797 1821 1835 1849 sit
1862 1821 1916 1849 sub

1065 1868 1143 1896 sole?
1165 1868 1223 1897 Non
1244 1868 1318 1897 enim
1339 1868 1422 1897 homo
1450 1868 1501 1897 scit
1522 1868 1633 1903 sutura,
1655 1868 1707 1897 nisi
1735 1869 1851 1897 Donnno
1873 1877 1917 1898 re-

1066 1915 1174 1943 velante
1194 1922 1244 1952 per
1265 1914 1391 1952 gratiam.
1414 1914 1476 1944 Ideo
1507 1915 1540 1943 ad
1562 1915 1614 1944 hoc
1646 1924 1700 1944 non
1722 1915 1803 1944 debet
1834 1916 1916 1944 homo

1066 1961 1217 1991 extendere
1232 1962 1437 1999 cogitationem;
1460 1962 1543 1991 Isaiae
1558 1962 1769 1999 quadragesimo
1783 1965 1880 1991 octavo
1892 1963 1916 1990 ⁷:

1071 2021 1084 2034 α
1099 2010 1166 2038 Ante
1187 2009 1260 2038 diem
1278 2017 1334 2038 non
1355 2009 1455 2038 audisti
1470 2017 1517 2043 ea,
1539 2017 1574 2038 ne
1595 2009 1665 2038 sorte
1680 2009 1766 2038 dicas:
1789 2010 1856 2038 Ecce
1871 2017 1916 2038 co-

1066 2056 1148 2093 gnovi
1169 2064 1210 2084 ea.
1232 2056 1326 2093 Neque
1347 2056 1447 2085 audisti
1469 2064 1559 2093 neque
1580 2056 1747 2093 cognovisti,
1768 2064 1858 2093 neque
1880 2064 1917 2085 ex

1066 2106 1133 2132 tunc
1153 2106 1249 2140 aperta
1270 2106 1312 2132 est
1332 2103 1409 2132 auris
1430 2106 1478 2132 tua
1493 2114 1526 2137 »3
1548 2103 1620 2131 infra
1640 2106 1752 2132 octavo:
1780 2115 1793 2128 «
1809 2104 1917 2140 Ignorat

1066 2150 1148 2179 honio
1170 2150 1320 2187 praeterita
1334 2153 1361 2179 et
1381 2150 1477 2179 sutura
1492 2150 1569 2179 nullo
1590 2153 1680 2187 potest
1694 2151 1765 2180 scire
1780 2151 1915 2179 nuntio».

1065 2197 1141 2226 Unde
1163 2197 1238 2226 solus
1260 2198 1334 2226 Deus
1354 2197 1450 2226 sutura
1471 2198 1611 2234 cognoscit
1632 2201 1659 2226 et
1681 2198 1792 2226 revelat,

1389 2292 1590 2328 QUAESHONES.

1126 2386 1143 2415 I.
1157 2386 1208 2416 Sed
1220 2386 1367 2424 quaeritur
1377 2386 1411 2415 de
1423 2387 1475 2416 hoc
1483 2386 1557 2424 quod
1565 2386 1630 2415 dicit
1640 2398 1645 2415 ;
1659 2386 1760 2415 Melias
1771 2390 1812 2415 est
1822 2387 1917 2415 videre

1066 2434 1144 2472 quod
1154 2434 1269 2471 cupias,
1281 2442 1372 2472 quam
1383 2434 1551 2462 desiderare
1562 2434 1639 2472 quod
1646 2434 1768 2462 nescias.
1782 2434 1852 2471 Ergo
1863 2442 1917 2462 non

1066 2481 1204 2518 implicat,
1227 2480 1302 2518 quod
1320 2480 1421 2518 aliquis
1442 2483 1532 2517 potest
1551 2480 1708 2509 desiderare
1730 2480 1803 2517 quod
1822 2481 1916 2509 nescit.

223 2682 231 2695 ¹
249 2683 315 2706 Vers.
332 2683 370 2706 25.
387 2696 418 2700 —
434 2684 487 2713 Seq.
505 2685 569 2706 Iocus
585 2687 620 2706 est
636 2684 713 2706 Matth.
730 2684 774 2711 20,
791 2685 829 2706 22.

222 2720 231 2734 ⁹
249 2723 316 2745 Vers.
333 2722 371 2745 47.
387 2735 419 2740 —
435 2723 544 2752 Sequitur
559 2724 616 2746 Gen.
633 2724 660 2750 3,
677 2724 716 2746 49.

222 2760 232 2774 ³
249 2762 316 2785 Vei-s.
332 2763 354 2785 2.
373 2765 396 2784 et
412 2763 439 2790 3,
456 2762 497 2785 ubi
514 2769 557 2791 pro
573 2764 727 2793 comparatus
740 2763 838 2791 Vulgata
851 2763 1010 2793 compositus,·

161 2801 217 2824 ibid.
234 2808 258 2824 v.
275 2801 312 2824 44.
329 2804 352 2824 et
370 2802 406 2824 19.
423 2805 476 2825 sunt
493 2802 540 2825 duo
558 2803 601 2825 Ioci
618 2808 683 2831 seqq.
701 2815 732 2819 —
750 2802 859 2831 Gregor.‚
876 2803 915 2825 IX.
931 2803 1010 2826 Morai.

160 2846 181 2863 c.
192 2841 215 2863 2.
226 2846 248 2863 n.
262 2841 376 2863 2:·IIomo
389 2841 476 2870 quippo
489 2841 537 2863 Deo
547 2841 685 2871 suppositus
696 2841 805 2864 iustitiam
823 2842 933 2870 percipit,
950 2847 1010 2865 com-

157 2878 250 2909 positus
273 2880 367 2907 amittit,
389 2880 444 2909 quia
467 2880 574 2909 quisquis
595 2886 620 2902 se
639 2880 727 2903 auctori
745 2880 859 2903 bonorum
878 2883 1010 2909 comparat,

161 2917 223 2940 bono
239 2924 276 2945 se,
292 2919 359 2947 quod
373 2921 506 2947 acceperat,
524 2919 601 2947 privat
617 2922 661 2942 etc.

223 2956 232 2969 ⁴
250 2958 315 2980 Vers.
333 2958 376 2985 44;
394 2958 450 2981 ibid.
468 2960 495 2986 3,
511 2959 550 2981 Μ.
567 2965 615 2988 seq.
633 2959 708 2986 Iocus;
727 2959 806 2982 tertius
823 2959 837 2981 I.
854 2959 906 2982 Cor.
924 2960 949 2987 3,
967 2960 1009 2981 20:

1067 2685 1180 2707 Dominus
1196 2685 1286 2707 novit...
1297 2684 1407 2713 quoniam
1420 2690 1494 2706 vanae
1506 2687 1556 2705 sunt
1571 2684 1648 2711 (codd.
1661 2684 1721 2705 Deus
1734 2684 1791 2705 sunt
1802 2682 1843 2711 [Cx
1856 2683 1917 2705 Deus

1065 2723 1124 2754 scit]
1143 2723 1295 2754 cogitationes
1312 2723 1374 2751 etc.).

1129 2762 1139 2775 ⁶
1157 2764 1223 2786 Vers.
1240 2764 1277 2785 22.
1295 2775 1326 2780 —
1342 2764 1475 2791 Sequuntur
1491 2763 1559 2784 Rom.
1578 2762 1614 2789 II,
1631 2762 1668 2783 20.
1685 2764 1706 2783 el
1724 2762 1778 2788 Sap.
1795 2761 1822 2788 9,
1840 2761 1878 2782 116.

1129 2801 1139 2815 ⁶
1156 2803 1222 2825 Vers.
1238 2803 1266 2825 9:
1283 2802 1336 2825 Dies
1353 2801 1543 2830 peregrinationis
1561 2807 1626 2823 meae
1637 2804 1729 2823 centum
1742 2800 1833 2828 triginta
1846 2806 1917 2821 anno-

1066 2847 1118 2863 rum
1136 2844 1200 2869 sunt,
1218 2841 1284 2869 parvi
1301 2843 1324 2863 et
1340 2840 1403 2863 mali.
1421 2853 1452 2859 -—
1469 2839 1572 2863 Subinde
1589 2840 1716 2867 allegantur
1733 2839 1756 2861 II.
1778 2839 1829 2861 Cor.
1847 2838 1872 2865 5,
1890 2839 1916 2860 fi:

1067 2881 1126 2903 Dum
1144 2887 1226 2903 sumus
1243 2881 1264 2902 in
1282 2886 1379 2908 corpore
1398 2879 1449 2909 [BC
1460 2880 1477 2902 D
1494 2879 1593 2908 mundo]
1611 2882 1666 2907 εἴας
1685 2880 1700 2901 Ι.
1718 2879 1813 2906 ParaIIp.
1826 2878 1867 2904 29,
1879 2878 1916 2900 45.

1129 2916 1138 2931 ⁷
1157 2920 1221 2942 Vers.
1239 2919 1262 2942 7.
1279 2920 1305 2941 8:
1324 2920 1387 2942 Nunc
1409 2922 1488 2941 creata
1502 2922 1563 2946 sunt,
1580 2921 1602 2940 et
1619 2925 1663 2941 non
1686 2924 1713 2940 ex
1738 2921 1803 2944 tnnc,
1820 2920 1842 2939 et.
1864 2919 1916 2938 ante

1067 2959 1138 2986 diem,
1154 2963 1177 2981 et
1194 2965 1239 2981 non
1256 2959 1340 2981 audisti
1357 2962 1400 2981 etc.
1418 2971 1448 2975 —
1465 2958 1574 2987 Sequitur
1592 2958 1664 2980 Ecctc.
1682 2958 1708 2984 8,
1726 2957 1748 2979 7.

1931 2447 1967 2465 Pro
1976 2446 1993 2465 Ι,
2001 2449 2063 2470 parte„
