2296 3316
411 153 467 182 372

408 229 510 259 dicitur
528 228 722 267 personaliter
749 228 777 256 in
803 227 936 257 relatione
963 226 996 255 ad
1022 227 1135 261 Filium,
1160 229 1188 256 et
1215 226 1255 255 sic

409 284 464 305 non
492 277 696 313 cognoverunt,
723 276 756 303 ut
782 273 848 302 dicit
872 273 1042 310 Augustinus
1058 274 1077 307 ²,
1105 272 1177 302 sicut
1204 280 1255 302 nec

409 322 515 351 Filium.

487 368 534 397 87.
554 368 664 405 Quaest.
687 367 729 396 lv.
744 367 809 396 item
824 366 969 404 quaeritur
983 366 1017 395 de
1031 366 1098 400 hoc,
1113 365 1188 403 quod
1202 366 1255 394 Do-

409 415 503 444 minus
527 422 556 444 se
583 413 734 443 abscondit.
760 429 796 434 —
821 413 949 447 Videtur,
974 413 1049 451 quod
1076 413 1201 442 timuerit
1227 415 1256 441 et

409 461 588 499 imperfectus
608 461 706 496 fuerit,
727 460 793 498 quia
806 460 1032 498 imperfectorum
1054 463 1096 490 est
1116 460 1216 489 timere
1228 462 1255 489 et

408 508 512 545 fugere.

486 555 659 583 Resposnsso:
681 554 827 583 Abscondit
841 553 916 582 sein
929 553 1063 591 siqnum,
1085 553 1159 591 quod
1182 565 1195 578 «ι
1210 561 1256 582 ve-

334 609 391 634 nesp.
409 601 490 635 ritas,
512 601 622 638 quando
637 609 691 629 non
712 600 817 630 invenit
834 600 967 630 humilem
989 603 1125 635 mentem,
1145 600 1217 637 fugit
1229 612 1255 634 n,

265 657 319 676 nau-0
330 656 403 680 triplex.
409 650 442 676 ut
454 647 519 676 dicit
533 647 683 685 Gregorius
691 648 710 676 Β,
726 648 764 676 In
776 648 935 685 ercemptum
943 671 951 682 ‚
968 659 982 673 «
994 650 1034 682 ut,
1049 647 1130 677 etiam
1146 647 1256 685 quando

409 694 538 724 resistere
552 702 712 732 possumus,
728 694 798 723 iram
813 695 1033 732 superbientium
1047 694 1218 723 declinemus
1229 706 1256 729 ι»,

409 741 481 770 sicut
501 741 583 770 etiam
604 741 670 770 dicit
689 740 847 778 Gregorius.
863 741 911 770 Ad
932 745 1044 778 tempus
1058 745 1254 779 opportunum

1032 149 1202 179 COMMENT.
1225 149 1257 178 lN
1277 149 1423 179 IOANNEM
1445 149 1475 178 C.
1499 150 1539 178 [Χ.

1311 227 1493 256 servandum
1519 226 1663 256 abscondit
1683 234 1727 260 se,
1749 226 1797 263 qui
1825 226 1941 255 inferius
1961 227 2160 263 persecutioni-

1311 273 1365 302 bus
1385 281 1414 302 se
1446 273 1561 307 obtulit,
1583 276 1615 302 ut
1642 272 1800 302 ostenderet
1826 279 1856 301 se
1883 272 2022 301 hominem
2045 281 2158 303 verum:

1312 319 1386 349 unde
1406 320 1611 357 Augustinus³z
1638 331 1653 345 «
1666 320 1808 356 Tanquam
1823 319 1906 348 bomo
1926 327 1943 348 a
1960 319 2097 356 lapidibus
2117 320 2160 350 fu-

1311 367 1366 404 git,
1387 366 1435 396 sed
1456 374 1506 396 vae
1527 366 1595 396 illis!
1617 375 1634 395 a
1654 373 1775 404 quorum
1798 365 1910 403 lapideis
1935 366 2066 396 cordibus
2086 367 2160 397 Deus

1311 413 1383 450 fugit
1395 425 1422 442 ι».

1391 460 1437 488 88.
1459 460 1570 496 Quaest.
1593 460 1623 488 V.
1646 460 1712 489 ltem
1730 459 1875 496 quaeritur
1890 459 1923 488 de
1945 459 1997 488 hoc
2022 459 2096 496 quod
2119 460 2159 489 di-

1313 507 1365 535 cit:
1388 507 1439 535 Est
1459 506 1511 544 qui
1530 510 1654 545 quaerat
1674 509 1700 535 et
1719 505 1833 534 iudicet.
1859 521 1898 526 -—
1924 506 2048 534 Contra:
2070 506 2160 544 Supra

1313 553 1450 590 quinto⁴:
1472 553 1563 581 Pater
1583 561 1641 581 non
1662 552 1775 581 iudicat
1795 560 1987 590 quemquam,
2008 552 2058 581 sed
2079 561 2160 582 omne

1313 599 1458 628 iudicium
1478 599 1557 628 dertit
1577 599 1661 629 Filio.

1399 646 1580 675 Resposnso:
1612 646 1659 674 Est
1689 645 1821 674 iudicium
1852 645 2099 674 condemnationis
2133 648 2160 675 et

1313 693 1511 725 ‹liscretioni85
1539 692 1573 721 de
1600 691 1691 729 primo
1719 700 1805 728 supra
1819 691 1840 726 ⁵,
1867 691 1901 721 de
1929 691 2050 721 secundo
2076 692 2159 722 habe-

1314 743 1359 769 tur
1381 740 1433 769 hic.

1174 838 1337 867 Camarum
1360 838 1400 865 lx.

483 936 598 967 Secundo,
615 935 690 960 Filius
706 935 745 959 Dei
763 942 786 959 se
803 934 903 958 ostendit
919 934 991 958 lucem
1008 934 1031 958 et
1048 934 1182 959 directorem

703 973 812 998 miraculo
828 973 953 1004 potentiae.

491 1079 514 1105 1.
541 1078 573 1105 Et
591 1076 770 1114 praeteriens
785 1077 866 1105 Iesus
885 1076 958 1104 vidit
972 1075 1115 1104 hominem
1137 1084 1256 1104 caecum

410 1134 430 1154 a
443 1124 603 1153 nativitate.
626 1123 806 1152 Manifestavit
820 1123 954 1152 Dominus
975 1122 1002 1151 in
1017 1122 1127 1152 duobus
1145 1130 1255 1160 praece-

410 1171 539 1200 dentibus
554 1170 681 1207 capitulis
701 1178 730 1199 se
744 1170 909 1199 directorem
927 1170 1013 1199 verbo
1031 1169 1192 1207 sapientiae,
1211 1169 1256 1198 hic

410 1218 528 1248 ostendit
548 1217 622 1247 istud
642 1217 714 1246 idem
734 1217 880 1246 miraculo
898 1217 1050 1254 potentiae.
1076 1216 1257 1245 llluminando

410 1265 484 1294 enim
505 1264 685 1301 corporaliter
706 1263 853 1301 significat,
875 1271 904 1293 se
926 1263 1084 1292 illuminare
1106 1262 1257 1300 spirituali-

411 1316 469 1346 ter,
491 1314 518 1340 et
539 1311 590 1340 hoc
608 1310 720 1348 quidem
740 1310 804 1339 facit
824 1310 851 1339 in
873 1310 1010 1347 praesenti
1032 1310 1160 1347 capitulo.
1183 1309 1257 1338 Divi-

411 1358 486 1387 ditur
500 1361 593 1386 autem
615 1365 745 1394 praesens
760 1357 912 1394 capitulum
934 1357 961 1385 in
976 1360 1033 1386 tres
1050 1359 1150 1393 partes.
1167 1356 1257 1384 Primo

411 1405 484 1434 enim
515 1405 672 1434 insinuatur
702 1404 849 1433 mirabilis
880 1404 959 1433 caeci
988 1403 1184 1437 illuminatt'o;
1215 1411 1256 1432 se-

412 1452 514 1487 cundo,
537 1451 771 1480 Pharisaeorum
789 1451 957 1488 disceptatio
972 1451 1029 1479 sive
1049 1450 1255 1484 calumniatio,

411 1498 447 1527 ibi
463 1499 489 1526 ⁶:
513 1499 547 1527 Et
567 1498 706 1527 dixerunt
725 1498 764 1527 ei.-
791 1498 845 1526 Ubi
857 1501 898 1526 est
917 1497 963 1526 ille
983 1500 1047 1531 etc.;
1064 1497 1158 1531 tertio,
1179 1505 1257 1526 occa-

411 1545 487 1575 sione
507 1545 581 1574 illius
600 1545 803 1582 disceptationis
823 1544 991 1582 spiritualis
1010 1545 1090 1573 caeci
1108 1544 1257 1573 illumina—

413 1592 464 1627 tio,
486 1593 539 1621 ibi:
561 1592 683 1621 Audivit
704 1596 802 1621 autem
824 1592 904 1620 Iesus
925 1595 976 1621 etc.

472 1692 498 1715 In
514 1692 581 1723 parte
597 1692 670 1723 prima
686 1692 821 1716 insinuatur
838 1692 951 1716 mirabilis
968 1692 1029 1716 caeci
1046 1691 1193 1715 illuminatio.

489 1779 517 1807 In
538 1779 629 1816 prlma
649 1779 734 1816 igitur
755 1782 833 1816 parte
854 1779 909 1808 duo
930 1779 1139 1808 describuntur:
1166 1779 1256 1816 priino

316 1835 393 1854 Divisio.
410 1824 556 1853 mirabilis
579 1825 659 1854 caeci
685 1825 861 1854 illuminatio
869 1836 879 1859 ‚·
906 1825 1027 1854 secundo
1054 1833 1133 1859 vero,
1163 1825 1257 1863 ipsius

408 1871 584 1909 publicatio,
606 1872 682 1900 ibi⁷:
704 1872 805 1910 Itaque
825 1872 917 1900 vicini
936 1875 987 1901 etc.

490 1918 718 1947 Illuminationis
739 1918 824 1955 igitur
844 1917 1026 1947 miraculum
1046 1918 1177 1947 describit
1205 1918 1256 1946 hoc

1312 934 1455 964 hominem
1476 943 1594 963 caecum
1609 943 1629 963 a
1649 933 1819 966 nativitate,-
1832 933 1922 967 vidit,
1938 933 2063 971 inquam,
2080 934 2161 963 oculo

1312 982 1532 1016 misericordiae,
1555 981 1707 1011 secundum
1733 980 1801 1009 illud
1825 981 2001 1010 Threnorum
2029 981 2119 1018 primo
2133 981 2159 1009 ⁸:

1317 1040 1330 1054 «
1342 1029 1421 1064 Vide,
1437 1028 1564 1063 Domine,
1577 1028 1706 1066 quoniam
1722 1027 1840 1056 tribulor
1853 1039 1879 1055 n.
1896 1027 1956 1056 Vel:
1971 1027 2057 1062 vidit,
2077 1039 2091 1053 «
2103 1030 2160 1057 stu-

1312 1076 1387 1105 diose
1408 1076 1547 1113 respexit,
1570 1079 1600 1104 ut
1627 1075 1769 1112 discipulis
1790 1082 1901 1103 sensum
1927 1074 2087 1112 inspiciendi
2112 1075 2161 1103 tri-

1313 1123 1453 1157 bueret»,
1479 1126 1511 1151 ut
1537 1122 1603 1151 dicit
1630 1122 1884 1159 Ciirysostomus⁰;
1913 1124 1940 1150 et
1968 1124 2081 1159 propter
2109 1122 2160 1151 hoc

1313 1169 1556 1207 interrogaverunt
1575 1169 1711 1206 discipuli.

1393 1217 1418 1245 ᾖ.
1442 1216 1530 1252 (Vers.
1553 1216 1601 1252 2).
1619 1217 1653 1244 Et
1667 1216 1922 1254 interroyaocrunt
1944 1224 2009 1244 eum
2024 1216 2163 1253 discipuli

1314 1262 1384 1291 eius.
1407 1262 1541 1299 Tangitur
1556 1262 1601 1291 hic
1620 1262 1785 1296 secundum,
1808 1262 1911 1291 scilicet
1924 1261 2032 1290 divinae
2046 1261 2161 1298 sapien-

1314 1309 1371 1338 tiae
1391 1308 1582 1346 dispensatio,
1608 1317 1693 1346 quam
1714 1309 1836 1338 volentes
1857 1309 1983 1345 discipuli
2012 1308 2098 1342 scire,
2120 1308 2161 1337 in-

1315 1359 1527 1393 terrogaverunt
1548 1364 1627 1384 eum:
1651 1355 1756 1389 Rabbi,
1778 1356 1844 1394 quis
1855 1356 2002 1393 peccavit,
2024 1355 2087 1390 hic,
2109 1359 2162 1384 aut

1310 1406 1447 1440 parentes
1477 1402 1556 1436 eius,
1588 1406 1621 1430 ut
1641 1411 1744 1431 caecus
1775 1402 1967 1431 nasceretur?
1999 1403 2161 1439 Supponen-

1314 1453 1367 1484 tes,
1389 1449 1463 1487 quod
1490 1449 1582 1478 divina
1603 1449 1736 1486 sapientia
1764 1458 1818 1478 non
1841 1449 1939 1486 infligit
1966 1457 2082 1486 poenam
2103 1449 2162 1478 sine

1313 1497 1407 1533 culpa,
1429 1499 1584 1533 quaerunt,
1613 1496 1641 1524 in
1669 1504 1725 1533 quo
1746 1496 1830 1525 fuerit
1855 1496 1943 1533 culpa.
1967 1496 2021 1525 Hoc
2049 1495 2161 1533 quidem

1313 1543 1464 1572 didicerant
1485 1551 1521 1572 ex
1537 1543 1679 1572 curatione
1693 1542 1852 1580 paralytici,
1867 1542 1911 1571 cui
1926 1543 2030 1571 dictum
2046 1542 2098 1571 fuit
2115 1550 2161 1571 su-

1313 1598 1364 1627 pra
1388 1590 1485 1627 quinto
1498 1590 1535 1617 ¹⁰:
1562 1601 1575 1614 «
1591 1590 1674 1623 Ecce,
1696 1597 1780 1618 sanus
1801 1589 1889 1618 factus
1910 1597 1955 1623 es,
1975 1590 2028 1618 iam
2043 1589 2161 1626 amplius

1313 1637 1368 1666 noli
1384 1644 1510 1674 peccare,
1525 1645 1559 1665 ne
1573 1636 1697 1665 deterius
1712 1636 1759 1665 tibi
1775 1636 1878 1673 aliquid
1893 1636 2070 1673 contingat».
2090 1636 2162 1665 Scie-

1313 1684 1392 1719 bant,
1414 1684 1548 1721 scriptum
1563 1691 1623 1712 esse
1638 1683 1723 1712 Exodi
1739 1684 1886 1720 vigesimo:
1908 1695 1921 1708 a
1935 1683 1989 1721 Ego
2010 1691 2072 1712 sum
2088 1683 2162 1712 Deus

1313 1730 1406 1765 fortis,
1429 1731 1544 1765 zelotes,
1566 1730 1707 1759 vindicans
1728 1730 1901 1768 iniquitatem
1922 1734 2033 1768 patrum
2049 1730 2076 1759 in
2091 1730 2162 1759 filios

1314 1778 1341 1806 in
1362 1778 1472 1806 tertiam
1494 1780 1521 1806 et
1542 1780 1670 1815 quartam
1692 1778 1896 1815 generationem
1912 1789 1937 1805 ».
1960 1777 1992 1806 Et
2013 1777 2079 1814 quia
2093 1777 2161 1806 bene

1314 1824 1505 1858 intendebant,
1528 1824 1574 1853 sed
1602 1825 1673 1853 male
1694 1824 1880 1862 quaerebant;
1909 1824 2042 1864 Dominus
2069 1824 2097 1852 in
2118 1831 2162 1853 re-

1314 1871 1459 1909 sponsione
1480 1879 1531 1900 sua
1552 1871 1671 1900 destruit
1692 1871 1897 1908 quaestionem,
1919 1879 1983 1900 cum
2005 1871 2088 1900 dicit:

1392 1918 1417 1947 3.
1441 1918 1528 1955 (Vers.
1552 1918 1600 1954 3.).
1623 1918 1778 1955 Respondit
1799 1919 1897 1946 Iesus:
1917 1918 2013 1956 Neque
2033 1917 2079 1947 htc
2096 1926 2161 1955 pec—

2186 653 2240 678 Resp.
2253 625 2269 673 c¹

2177 676 2261 696 distincti«

2266 692 2276 730 ὅ.

2178 1221 2263 1240 Secunda
2270 1225 2271 1230 ¹

299 1966 515 2002 psimodsordine.
538 1966 629 1994 Primo
656 1968 770 1994 notatur
797 1965 905 1994 divinae
927 1965 1063 1994 bonitatis
1090 1965 1256 1999 miseratio,

268 1999 545 2047 {i‘lfiffimssiissecunum
567 2013 674 2042 divinae
695 2013 856 2050 sapientiae
877 2012 1072 2049 dispensatio,-
1100 2012 1195 2046 tertio,
1216 2011 1257 2040 di-

268 2050 301 2069 W
314 2047 356 2064 ²¹¹³*
412 2060 490 2089 vinae
508 2060 652 2097 potentiae
672 2058 820 2088 mirabilis
839 2059 976 2096 operatio.

491 2107 578 2143 (Vers.
605 2108 649 2143 1.).
672 2106 784 2135 Divinae
800 2105 984 2143 benignitatis
998 2105 1149 2134 miseratio
1170 2105 1257 2142 tangi-

269 2161 402 2185 Expositiolit-
412 2156 458 2181 tur
480 2153 508 2181 in
529 2154 596 2187 hoc,
625 2153 699 2190 quod
719 2153 852 2181 Dominus
879 2152 959 2181 oculo
989 2151 1193 2180 misericordiae
1214 2159 1257 2180 re-

301 2185 395 2226 ιιῗῖῗιιιῖῗηι.
413 2200 505 2237 spexit
525 2208 652 2234 caecum3
674 2199 748 2229 unde
768 2199 848 2228 dicit:
872 2199 1056 2228 Praeterieris
1084 2199 1165 2227 Iesus
1186 2198 1258 2227 vidit

1313 1965 1390 1994 eavit
1406 1973 1493 2003 neque
1503 1969 1642 2002 parentes
1655 1965 1718 1994 etus
1731 1966 1768 1999 11;
1782 1969 1809 1994 et
1823 1968 1914 1994 tamen
1930 1965 2060 1994 satisfacit
2077 1973 2161 2003 quae-

1314 2012 1455 2040 rentibus:
1479 2012 1533 2040 Sed
1554 2015 1586 2040 ut
1607 2011 1832 2049 manifestentur
1854 2020 1943 2049 opera
1971 2012 2024 2040 Dei
2044 2012 2075 2040 in
2096 2011 2161 2045 illo,-

1313 2058 1374 2087 ideo
1395 2058 1497 2087 scilicet
1518 2066 1617 2087 caecus
1638 2061 1719 2087 natus
1740 2061 1789 2087 est.
1812 2058 1903 2095 Opera
1916 2058 1964 2087 Dei
1986 2058 2161 2087 manifestan-

1315 2107 1373 2138 tur,
1389 2104 1499 2141 quando
1521 2105 1594 2133 Deus
1609 2105 1636 2133 in
1658 2105 1715 2133 suis
1730 2104 1862 2141 operibus
1876 2104 2076 2133 manifestatur.
2091 2104 2161 2133 Haec

1314 2155 1379 2180 sunt
1400 2159 1484 2188 opera
1505 2152 1685 2186 miraculosa;
1711 2160 1797 2188 supra
1818 2151 1938 2180 secundo
1954 2152 1990 2179 ¹²:
2017 2163 2029 2176 «
2051 2151 2161 2180 Manife-

1315 2199 1396 2227 stavit
1420 2199 1535 2236 gloriam
1557 2207 1635 2227 suam
1654 2210 1685 2233 »3
1711 2199 1888 2228 Ecclesiastae
1913 2198 2006 2227 tertio:
2036 2198 2159 2231 «Didici,

476 2345 483 2357 ¹
502 2346 526 2367 ln
543 2345 603 2367 loun.
620 2346 706 2373 Exang.
725 2348 751 2368 tr.
770 2345 807 2367 43.
824 2352 846 2368 n.
865 2345 901 2368 45.

475 2382 485 2396 ²
501 2384 562 2406 Libr.
579 2384 593 2406 1.
611 2384 694 2406 Homil.
712 2385 735 2407 in
751 2385 838 2412 Evang.
855 2384 934 2407 homil.
952 2384 988 2406 Ἰ18.
1006 2390 1029 2406 n.
1048 2384 1069 2406 5.
1088 2383 1143 2406 ibid.
1156 2390 1178 2406 n.
1191 2384 1210 2406 4.
1224 2386 1258 2406 est

415 2429 464 2452 seq.
480 2424 602 2446 sententia:
619 2424 679 2452 Quid
696 2426 773 2447 autem
790 2423 858 2446 nobis
874 2425 917 2446 hoc
929 2423 1034 2451 exemplo
1046 2423 1154 2452 loquitur,
1165 2423 1208 2445 nisi
1221 2426 1256 2451 ut,

415 2462 483 2484 etiam
500 2468 553 2484 cuin
570 2462 675 2485 resistere
697 2468 835 2491 possumus,
857 2463 913 2485 iram
936 2462 1119 2490 superbientium
1142 2462 1257 2484 humiliter

414 2500 570 2523 declinemus?
588 2513 618 2517 —
634 2501 677 2523 Pro
695 2507 825 2530 possumus
846 2501 884 2523 ed.
905 2507 959 2523 cum
982 2501 1097 2523 nonnullis
1118 2500 1186 2523 codd.
1209 2506 1257 2523 non

412 2544 548 2568 possumus.

476 2576 485 2589 ³
503 2579 526 2600 ln
543 2578 602 2601 loun.
620 2579 707 2606 Evang.
725 2582 753 2601 tr.
771 2579 809 2601 43.
824 2585 847 2602 n.
865 2580 902 2602 18.
920 2591 952 2596 -
968 2579 1080 2607 Superius
1102 2578 1200 2601 vocibus
1216 2578 1257 2601 ab·

414 2616 505 2639 scondit
520 2623 556 2644 se,
575 2617 616 2646 qui
631 2617 730 2647 inferius
751 2617 779 2647 [e.
798 2618 840 2646 18,
858 2617 891 2648 4.]
914 2617 1116 2648 persecutionibus
1134 2617 1164 2647 [N
1179 2623 1257 2647 perse-

414 2654 543 2684 cutoribus]
562 2656 625 2678 multi
642 2656 711 2679 codd.
727 2657 858 2685 praefigunt
874 2656 935 2680 unda
952 2657 1109 2686 A'uqztstt'nus.

477 2692 487 2705 ⁴
503 2694 567 2716 Vers.
585 2695 622 2716 22.

477 2730 486 2743 ⁵
504 2732 593 2755 Scilicet
610 2733 636 2761 5,
654 2734 696 2761 22;
714 2735 754 2756 cfr.
770 2734 826 2757 ibid.
843 2741 866 2757 n.
883 2735 920 2757 55.
942 2741 1019 2764 seqq.;
1037 2735 1120 2757 eadem
1141 2735 1257 2758 distinctio

415 2771 507 2794 affertur
524 2777 537 2793 a
555 2772 633 2794 Glossa
651 2772 774 2795 ordinaria
793 2773 814 2795 in
831 2774 891 2796 loan.
908 2774 934 2800 8,
952 2774 990 2796 50.

477 2807 493 2839 ⁰.
505 2809 570 2832 Vers.
589 2810 630 2837 112;
648 2809 704 2833 ibid.
721 2817 744 2833 v.
761 2811 798 2833 35.
815 2813 850 2833 est
865 2817 913 2840 seq.
930 2812 1007 2834 locus:
1019 2811 1114 2835 Audiuit
1131 2813 1196 2835 Iesus
1213 2815 1257 2834 etc.

478 2845 486 2858 ⁷
505 2847 570 2870 Vers.
588 2848 609 2870 8.

478 2885 487 2898 Β
505 2887 569 2909 Vers.
579 2888 617 2909 20.
626 2900 656 2914 —.
666 2889 776 2915 Superius
789 2895 830 2916 pro
843 2888 991 2918 beniqnitatis
1004 2890 1020 2912 C
1029 2890 1070 2912 EF
1081 2891 1099 2912 M
1109 2890 1126 2912 N
1140 2889 1255 2913 bonitatis.

478 2924 487 2937 ⁹
505 2926 528 2948 ln
550 2926 609 2948 loan.
631 2927 709 2949 homss.
726 2927 763 2949 56.
781 2927 845 2955 (alias
862 2928 909 2957 55.)
927 2935 948 2951 n.
967 2929 993 2951 t:
1009 2929 1041 2951 Ac
1063 2929 1127 2958 quod
1149 2935 1257 2957 egressus

1315 2352 1328 2368 e
1345 2346 1431 2373 templo
1448 2346 1479 2368 ad
1495 2347 1539 2368 hoc
1557 2345 1695 2375 [sanandum
1712 2344 1817 2374 caecum]
1836 2345 1889 2367 data
1906 2350 1976 2372 opera
1994 2344 2093 2372 venerit,
2108 2344 2161 2366 inde

1315 2385 1391 2413 palam
1409 2387 1454 2412 est,
1472 2385 1536 2414 quod
1559 2385 1608 2413 ipse
1629 2390 1725 2407 caecum
1748 2384 1844 2411 viderit,
1861 2389 1944 2406 caecus
1963 2389 2019 2406 vero
2036 2382 2066 2405 ad
2083 2382 2160 2411 ipsum

1314 2429 1360 2445 non
1377 2424 1473 2446 venerit.
1491 2424 1516 2445 Et
1533 2426 1579 2445 tam
1602 2423 1723 2451 diligenter
1746 2423 1807 2445 illum
1833 2422 1926 2444 intuitus
1950 2424 1996 2450 est,
2015 2424 2038 2444 ut
2055 2421 2079 2444 id
2095 2421 2161 2444 disci-

1314 2461 1362 2489 puli
1388 2462 1534 2484 adverterent
1556 2464 1578 2484 et
1600 2462 1630 2484 ad
1655 2461 1843 2489 interrogandum
1860 2460 2033 2483 inducerentur.
2050 2459 2159 2482 Videntes

1314 2501 1374 2523 enim
1392 2507 1446 2523 eum
1462 2501 1565 2523 studiose
1581 2500 1774 2529 conspicientem,
1792 2500 2002 2529 interroqacerunt
2018 2505 2087 2522 cum:
2102 2498 2159 2526 Quis

1310 2539 1418 2569 peccavit
1435 2542 1479 2562 etc.

1377 2578 1396 2591 ¹⁰
1414 2579 1480 2601 Vers.
1498 2580 1505 2600 1
1514 2579 1534 2601 sk.
1546 2591 1578 2595 —
1589 2579 1698 2608 Sequitur
1716 2578 1783 2601 Exod.
1797 2579 1837 2606 20,
1850 2578 1877 2606 5,
1889 2578 1919 2600 de
1930 2584 1976 2606 quo
1990 2577 2043 2600 vide
2061 2578 2084 2600 11.
2098 2577 2157 2599 Seni.

1313 2618 1336 2640 d.
1354 2618 1393 2640 33.
1409 2624 1429 2640 a.
1448 2618 1468 2639 l.
1486 2624 1510 2646 q.
1531 2619 1556 2645 11;
1575 2617 1629 2640 ibid.
1646 2618 1669 2640 d.
1687 2618 1724 2640 36.
1742 2624 1762 2640 a.
1780 2618 1802 2639 2.
1819 2619 1841 2639 et
1858 2617 1881 2639 3.
1900 2617 1976 2645 agitur
1998 2616 2027 2639 de
2051 2616 2159 2638 relatione

1313 2662 1402 2685 poenae
1418 2657 1448 2679 ad
1465 2657 1573 2685 culpam;
1590 2658 1630 2679 cfr.
1647 2657 1716 2679 etiam
1733 2656 1848 2684 Breviloq.
1865 2662 1889 2683 p.
1907 2656 1939 2678 111.
1956 2662 1975 2678 c.
1994 2655 2015 2677 5.

1377 2694 1394 2707 ¹¹
1413 2695 1454 2718 Ed.
1465 2695 1543 2718 addit:
1556 2701 1605 2718 non
1621 2695 1678 2725 quia
1689 2701 1737 2718 non
1746 2695 1917 2724 peccaverunt,
1929 2693 1971 2717 sed
1985 2692 2041 2723 quia
2058 2692 2158 2716 caecitas

1312 2740 1362 2757 non
1386 2735 1438 2757 erat
1458 2740 1536 2764 poena
1559 2733 1665 2763 peccati;
1683 2735 1724 2756 cfr.
1745 2734 1802 2756 infra
1824 2740 1846 2755 v.
1865 2733 1901 2756 Μ.
1925 2735 2014 2761 quaest.
2031 2732 2054 2754 ll.
2076 2738 2098 2754 n.
2117 2731 2158 2759 ⁴5,

1314 2772 1355 2795 ubi
1371 2773 1401 2795 de
1417 2774 1460 2795 hac
1476 2779 1501 2795 re
1518 2773 1624 2801 specialis
1640 2773 1764 2795 instituitur
1781 2772 1892 2802 quaestio.
1910 2771 2004 2794 iuferius
2020 2777 2063 2799 pro
2080 2770 2158 2800 Opera

1313 2811 1356 2834 Dei
1372 2811 1564 2841 manifestantur,
1582 2811 1676 2841 quando
1693 2811 1775 2834 eadem
1796 2811 1840 2838 ed„
1858 2810 2041 2838 interpunctione
2057 2809 2157 2836 variata,

1313 2850 1382 2878 legit:
1400 2852 1427 2873 ut
1442 2856 1515 2880 opera
1532 2850 1575 2873 Det
1590 2850 1781 2880 manifestentur,
1800 2849 1921 2879 quoniam.

1377 2888 1395 2901 ¹²
1413 2890 1478 2912 Vers.
1497 2890 1534 2911 ll.
1553 2902 1584 2906 —
1601 2889 1705 2912 Subinde
1722 2889 1832 2917 allegatur
1854 2889 1927 2911 Eccle.
1950 2888 1976 2915 3,
1995 2887 2037 2914 44,
2059 2887 2088 2910 de
2110 2893 2157 2916 quo

1314 2929 1367 2951 vide
1379 2934 1449 2957 supra
1461 2928 1590 2952 Comment.
1600 2942 1628 2945 -
1638 2929 1750 2957 Superius
1763 2931 1814 2957 post
1826 2928 1888 2951 Haec
1899 2928 1936 2951 ed.
1948 2927 2013 2951 addit
2021 2927 2156 2957 praecipue.
