2296 3316
320 461 416 489 Expositlo

312 485 422 509 spiritualis.

291 1397 367 1421 Triplex
382 1397 420 1421 gla-

330 1421 380 1440 dius.

303 1444 377 1464 Primus
391 1445 421 1464 est

323 1468 401 1492 triplex.

324 1539 343 1557 ln
356 1538 420 1558 corde.

348 1679 368 1698 In
380 1684 421 1698 ore.

323 1961 343 1979 ln
356 1965 421 1984 opere.

296 2381 342 2401 item
354 2387 420 2401 seeun-

338 2405 380 2424 dus.

323 2428 419 2448 Doctrina.

290 2522 417 2543 uorufieano.

442 192 498 220 61⁴2

444 280 459 293 «
473 271 628 305 posuerunt
659 268 747 296 lesum
763 278 790 294 ».
822 282 860 287 —
891 265 919 294 ln
948 265 1030 294 horto
1056 263 1109 293 fuit
1135 263 1285 296 inventus,-

440 314 513 343 unde
534 317 561 343 et
582 314 680 347 Maria,
696 312 806 350 quando
820 312 910 349 primo
927 311 996 340 vidit
1009 310 1173 343 Dominum,
1187 309 1284 338 existi-

440 361 540 395 mavit,
556 369 619 390 eum
643 360 823 389 hortulanum
839 366 914 393 esse,
929 358 1036 387 Ioannis
1056 357 1205 394 vigesimo,
1219 356 1286 393 quia

440 408 542 438 scilicet
563 407 590 436 in
612 407 694 436 horto
715 407 858 435 invenerat
877 413 950 434 eum.
967 420 1004 426 —
1020 405 1070 433 Per
1092 406 1143 434 hoc
1165 403 1286 440 intellige

439 454 636 492 spiritualiter
657 453 792 490 triplicem
825 452 956 485 hortum,
983 451 1097 480 hortum
1119 450 1236 484 scilicet,
1256 449 1285 478 in

440 509 497 539 quo
517 500 645 529 Christus
664 498 891 536 persecutionem
908 497 1034 535 patitur.
1057 497 1104 526 Hic
1124 499 1166 526 est
1187 497 1287 526 hortus

439 548 610 576 mundanae
624 545 890 582 concupiscentiae,-
904 544 938 573 de
952 552 1009 582 quo
1023 544 1098 573 tertii
1119 544 1224 580 Regum
1246 543 1286 572 vi-

438 594 542 632 gesimo
556 594 647 631 primo
659 593 685 620 ¹:
705 604 718 617 «
730 592 771 620 Ait
786 591 877 621 Achab
891 591 926 620 ad
940 591 1047 620 Naboth
1058 602 1086 625 υ,
1102 590 1128 620 id
1142 593 1185 620 est
1195 590 1286 619 diabo-

439 640 483 669 lus
503 639 536 668 ad
559 639 711 668 hominem:
738 649 751 663 «
767 638 807 666 Da
827 637 895 667 mihi
911 637 1018 667 vineam
1034 640 1127 671 tuam,
1143 639 1175 666 ut
1187 636 1285 666 faciam

441 686 507 715 mihi
529 685 643 714 hortum
663 685 772 714 olerum
787 696 813 712 υ.
835 701 873 705 -
895 685 1009 719 Hortus,
1030 684 1058 713 in
1080 692 1137 722 quo
1157 684 1286 713 Christus

440 732 640 766 absconditur,
662 735 705 761 est
719 732 819 761 hortus
839 739 946 760 sacrae
965 731 1155 768 Scrifflurae;
1175 731 1211 760 de
1230 739 1286 768 quo

437 779 540 809 dicitur
570 778 677 807 animae
707 778 936 815 contemplativae
967 778 1143 807 Canticorum
1171 780 1285 807 octavo:

443 826 523 863 «Qui
545 825 653 854 habitas
680 825 707 854 in
736 825 841 859 hortis,
869 824 948 854 amici
981 824 1141 853 auscultant
1170 827 1215 859 te;
1243 824 1285 853 sac

438 882 482 902 me
502 873 599 902 audire
621 880 715 901 vocem
738 875 814 901 tuam
829 884 856 900 υ.
879 888 915 893 -
937 872 1055 905 Hortus,
1081 871 1109 900 in
1130 880 1186 908 quo
1206 871 1286 900 Chri-

437 923 497 949 stus
518 918 682 952 inuenitur,
704 918 808 947 scilicet
839 918 939 947 hortus
958 917 1053 954 fidelis
1077 917 1286 951 conscientiae;

437 966 471 995 de
498 974 555 1003 quo
583 965 761 993 Canticorum
793 966 888 993 sexto:
922 964 1083 993 «noscendi
1112 964 1140 992 in
1172 964 1285 993 hortum

438 1020 548 1046 meum,
570 1015 601 1041 ut
623 1011 744 1041 viderem
766 1019 848 1048 poma
868 1010 1034 1040 convallium
1047 1021 1074 1044 »;
1090 1014 1117 1039 et
1138 1011 1241 1039 iterum
1257 1010 1285 1039 in

436 1059 545 1088 eodem:
572 1070 585 1084 «
601 1059 723 1088 Dilectus
743 1066 823 1087 meus
850 1057 992 1087 descendit
1016 1057 1043 1086 in
1066 1058 1180 1086 hortum
1201 1065 1285 1087 suum

436 1106 470 1135 ad
492 1106 614 1135 areolam
635 1109 833 1135 aromatum».

740 1206 883 1230 COLLATlO
900 1207 975 1229 ant.

514 1294 605 1330 (Vers.
631 1294 697 1331 ll.).
720 1294 797 1322 Mitte
815 1293 952 1331 gladium
973 1297 1058 1322 taum
1079 1293 1111 1322 in
1132 1293 1283 1331 vaginam.

518 1342 541 1370 l.
564 1340 648 1375 Nota,
669 1341 744 1378 quod
766 1341 819 1370 tria
839 1348 941 1378 genera
962 1341 1106 1370 hominum
1122 1341 1211 1370 solent
1224 1348 1285 1378 por-

437 1391 496 1416 tare
510 1387 647 1425 gladium,
665 1388 769 1417 scilicet
782 1388 978 1425 matiqnantes
989 1403 1026 1408 —
1037 1387 1196 1416 militantes
1207 1403 1244 1408 —
1258 1390 1286 1416 et

437 1434 628 1463 dominantes.
651 1451 688 1456 —
710 1435 757 1464 Est
777 1443 844 1472 ergo
864 1434 972 1472 gladius
992 1434 1243 1472 malignantium,
1259 1437 1286 1463 et

437 1481 483 1511 hic
503 1485 545 1510 est
566 1481 683 1518 triplex,
704 1481 813 1519 gladius
833 1482 960 1511 videlicet
981 1481 1118 1510 raneoris
1133 1481 1165 1510 in
1185 1482 1284 1516 eorde,

437 1529 471 1558 de
491 1537 548 1566 quo
567 1528 596 1557 in
618 1529 724 1558 Psalmo
736 1529 760 1557 ²:
787 1529 927 1558 «Gladius
947 1537 1045 1558 eorum
1061 1529 1146 1557 intret
1160 1529 1187 1557 in
1202 1528 1286 1558 corda

438 1576 562 1613 ipsorum
575 1586 602 1610 »ς
623 1578 651 1605 et
670 1575 783 1605 Genesis
804 1576 936 1614 vigesimo
957 1576 1088 1613 septimo:
1115 1587 1128 1601 «
1146 1576 1173 1604 ln
1195 1575 1285 1613 gladio

437 1623 514 1652 vives
534 1626 562 1652 et
592 1623 696 1652 servies
726 1623 805 1652 fratri
827 1627 876 1652 tuo
893 1635 919 1652 n.
943 1624 971 1652 ln
998 1623 1089 1661 gladio
1116 1623 1189 1652 enim
1219 1623 1286 1652 vivit

437 1669 485 1706 qui
506 1669 627 1707 gladium
650 1670 677 1698 in
699 1670 782 1699 corde
802 1670 882 1707 gerit.
906 1687 942 1691 —
964 1670 1076 1699 Gladius
1096 1670 1287 1698 detractionis

437 1716 468 1745 in
489 1725 553 1750 ore‚·
573 1716 607 1746 de
626 1725 684 1754 quo
705 1717 733 1746 in
755 1717 876 1746 Psalmo:
896 1729 909 1743 κ
924 1717 983 1746 Filii
1008 1717 1169 1751 hominum,
1190 1717 1287 1746 dentes

438 1771 535 1792 eorum
566 1771 645 1792 arma
672 1766 699 1793 et
727 1764 857 1801 sagittae,
878 1767 906 1793 et
931 1764 1026 1801 lingua
1052 1763 1151 1793 eorum
1178 1764 1286 1801 gladius

437 1813 538 1839 acutus
552 1821 579 1845 »ς
601 1810 816 1840 proverbiorum
837 1810 970 1848 vigesimo
994 1811 1107 1847 quinto:
1135 1822 1149 1835 α
1164 1810 1285 1839 laculum

438 1860 466 1886 et
486 1857 594 1894 gladius
615 1860 642 1886 et
663 1858 762 1895 sagitta
789 1860 871 1887 acuta
899 1858 996 1892 homo,
1017 1858 1065 1895 qui
1093 1858 1219 1895 loquitur
1239 1857 1286 1886 ad-

438 1912 536 1933 versus
567 1904 728 1941 proximum
760 1912 843 1933 suum
875 1904 977 1933 falsum
997 1905 1226 1934 testimonium».
1249 1921 1285 1926 --

436 1951 549 1980 Gladius
557 1951 769 1988 persecutioni-s
779 1951 811 1980 in
822 1960 920 1989 quere,-
933 1951 1020 1980 Exodi
1033 1951 1140 1981 decimo
1155 1951 1253 1988 quinto
1261 1952 1285 1979 ³:

441 1998 626 2035 «Evaginabo
645 1998 767 2035 gladium
795 2006 914 2027 meum»
940 2001 1010 2032 etc.;
1037 1998 1104 2027 dicit
1131 1999 1285 2036 malignus,

436 2044 512 2082 quod
543 2044 707 2082 intelligitur
733 2044 768 2073 de
798 2044 999 2081 persecutione.
1023 2061 1061 2066 —
1081 2045 1188 2074 Rancor
1212 2045 1285 2074 enim

436 2095 478 2121 est
496 2091 604 2129 gladius
618 2091 822 2125 absconditus,·
836 2092 993 2129 persecutio
1002 2115 1009 2126 ,
1024 2092 1132 2129 gladius
1146 2092 1286 2129 evagina-

437 2142 502 2172 tus‚·
523 2139 598 2168 unde
618 2138 719 2168 ibidem
740 2139 858 2168 dicitur:
889 2150 903 2164 «
917 2139 994 2168 Dixit
1022 2139 1169 2168 inimicus:
1191 2140 1285 2169 Perse-

436 2194 507 2223 quar
529 2189 556 2215 et
578 2186 841 2223 comprehendam»
866 2189 936 2220 etc.;
958 2190 985 2215 et
1016 2186 1159 2224 sequitur:
1190 2198 1204 2211 «
1220 2187 1285 2215 Eva-

436 2232 536 2270 ginabo
571 2232 693 2270 gladium
728 2240 837 2267 meum,
866 2236 893 2262 et
920 2233 1068 2262 interficiet
1101 2241 1148 2262 eos
1186 2241 1286 2262 manus

438 2287 498 2308 mea
512 2291 526 2304 1>
552 2282 604 2308 etc.

515 2328 542 2355 2.
565 2327 610 2356 Est
635 2327 744 2364 gladius
771 2326 963 2355 militantium
994 2327 1111 2364 triplex:
1145 2327 1285 2356 Doctrina

438 2373 583 2407 veritam,
605 2381 677 2410 quae
695 2376 737 2402 est
756 2373 864 2410 gladius
885 2381 1051 2411 expugnans
1071 2373 1212 2403 diabolum
1234 2374 1285 2403 im-

437 2423 604 2457 pugnantem
637 2428 687 2457 per
717 2419 896 2459 fallaciam;
927 2420 961 2449 de
995 2428 1052 2458 quo
1085 2421 1119 2450 ad
1154 2421 1285 2458 Ephesios

436 2467 552 2496 sexto4:
580 2478 593 2492 «τ
608 2467 744 2496 Assumite
765 2467 887 2505 gladium
909 2467 1038 2505 spiritus,
1059 2468 1135 2505 quod
1160 2470 1202 2497 est
1222 2476 1285 2497 ver-

436 2513 503 2542 bum
524 2513 611 2543 Dei».
635 2530 671 2534 —
693 2514 881 2550 Mortificatio
902 2514 1020 2549 carnis,
1035 2523 1107 2552 quae
1121 2518 1163 2544 cst
1177 2515 1285 2552 gladius

436 2568 602 2597 expugnans
623 2560 764 2589 diabolum
784 2561 994 2598 impugnantem
1016 2569 1066 2598 per
1080 2562 1284 2599 concupiscen-

437 2607 511 2635 tiam
518 2618 528 2640 ,·
550 2608 598 2644 qui
619 2607 790 2645 significatus
811 2611 866 2642 est,
886 2608 1010 2637 ludicum
1024 2609 1155 2646 septimo,
1171 2609 1197 2637 in
1213 2617 1284 2646 pane

499 2788 507 2801 ¹
526 2789 593 2811 Vers.
610 2790 632 2811 2.
643 2801 676 2806 —
686 2790 744 2813 Tres
755 2796 820 2820 seqq.
831 2790 874 2813 loci
885 2793 940 2814 sunt
950 2790 1037 2814 Cantic.
1049 2792 1074 2819 8,
1087 2792 1129 2820 ι13ς
1142 2792 1168 2819 6,
1181 2792 1218 2814 ¹10.
1230 2795 1252 2815 et
1264 2793 1286 2814 ¹l.

499 2826 508 2840 2
526 2829 608 2851 Psalm.
626 2829 670 2856 36,
688 2829 726 2852 45.
741 2841 773 2846 —
791 2830 923 2859 Sequuntur
940 2831 995 2853 Gen.
1019 2830 1060 2859 27,
1083 2830 1126 2858 40;
1144 2832 1179 2854 Ps.
1202 2831 1245 2858 56,
1263 2831 1286 2854 5.

437 2870 459 2889 ct
474 2868 541 2890 Prov.
559 2868 602 2895 25,
620 2868 659 2890 48.

499 2905 509 2919 ὃ
526 2907 592 2929 Vers.
609 2907 636 2934 9,
654 2907 695 2930 ubi
711 2908 780 2930 etiam
797 2915 824 2931 ea
842 2915 902 2938 quae
917 2908 1018 2933 subinde
1034 2911 1171 2938 allegantur.

500 2945 509 2958 ⁴
527 2947 594 2969 Vers.
613 2947 648 2969 17.
669 2959 701 2964 —
724 2947 833 2977 Sequitur
856 2949 925 2972 tunic.
947 2949 973 2977 7,
991 2950 1028 2972 ⁴3.
1051 2955 1100 2978 seq.
1121 2961 1152 2967 —-
1174 2950 1286 2978 Superius

437 2986 489 3008 voci
505 2985 594 3015 tripleoe
611 2986 628 3008 B
645 2986 752 3015 praefigit.
768 2988 790 3010 et
805 2987 851 3010 hic.
1086 2985 1089 2987 ’

828 186 1052 217 COLLATIONES
1073 186 1105 215 IN
1126 185 1273 215 ΙΟΑΝΝΕΜ
1294 185 1363 214 cni).
1386 186 1474 215 XVlIl.
1495 186 1589 215 COLL.
1612 186 1696 215 thn.
1720 186 1805 215 LXIV.

1342 263 1543 297 subcinericio,
1565 264 1613 301 qui
1635 272 1689 292 non
1710 266 1771 292 erat
1790 263 1882 298 aliud,
1904 266 1935 293 ut
1955 265 2057 294 ibidem
2078 265 2189 300 dicitur,

1343 309 1394 338 nisi
1420 321 1434 335 «
1448 309 1557 347 gladius
1577 310 1624 339 Dei
1646 312 1674 339 et
1694 309 1865 339 Gedeonis».
1887 310 1966 340 Panis
1987 311 2190 341 subcinericius

1342 359 1384 385 est
1403 356 1579 385 mortificatio
1610 356 1718 391 carniS,
1747 357 1794 394 qui
1826 360 1869 387 est
1891 358 1999 395 gladius
2029 358 2190 387 interimens
2294 375 2296 377 ·

1342 405 1434 432 castra
1454 402 1576 438 Madian,
1591 403 1618 432 id
1639 407 1681 433 est
1703 406 1795 433 motus
1809 405 2048 442 concupiscentiae
2062 405 2188 434 carnalis.
2293 427 2296 430 .

1343 465 1381 469 ——
1402 449 1569 478 Aemulatio
1589 450 1742 484 caritatiS,
1757 459 1829 488 quae
1850 454 1892 480 est
1905 451 2013 489 gladius
2026 459 2191 489 expugnans
2207 458 2282 486 Aemula.

1342 496 1481 525 diabolum
1514 496 1723 534 impugnantem
1746 505 1794 534 per
1816 498 1999 533 violentiam,
2021 498 2096 536 quod
2119 498 2190 536 figu-
2274 498 2275 501 ’

1343 546 1436 572 ratum
1457 546 1499 573 est
1520 543 1548 572 in
1579 543 1669 580 gladio
1696 544 1818 579 Goliath,
1841 545 1921 582 primi
1951 546 2054 582 Regum
2082 545 2190 574 decimo
2283 564 2285 574 ,ι

1343 590 1460 627 septimo
1471 590 1492 624 ⁵,
1518 601 1531 615 n:
1546 598 1603 627 quo
1623 589 1761 619 interfecit
1781 598 1846 619 eum
1867 591 1991 620 David».
2014 592 2091 621 Tunc
2105 591 2191 621 inter-
2285 586 2289 605 ³

1343 636 1436 665 ficitur
1457 635 1565 665 Goliath
1586 635 1700 673 proprio
1720 635 1824 673 gladio,
1839 636 1950 674 quando
1970 636 2111 666 diabolum
2132 640 2191 666 ten·
2283 622 2296 662 ¹1³

1343 685 1447 711 tantem
1468 683 1511 712 vel
1532 682 1712 713 tribulantem
1737 686 1851 719 superat
1880 683 2002 713 caritatis
2026 683 2190 719 aemulatio;
2294 698 2296 727 j

1342 731 1371 758 et
1383 729 1418 758 de
1432 729 1485 759 hoc
1503 729 1594 767 gladio
1607 729 1709 759 dicitur
1725 729 1806 766 primi
1822 730 1926 767 Regum
1943 730 2074 767 vigesimo
2087 731 2190 768 primo,
2287 655 2296 772 ἒ

1343 776 1418 813 quod
1442 787 1457 801 «
1471 784 1526 805 non
1547 779 1589 806 est
1610 776 1680 806 alter
1701 776 1767 805 huic
1788 776 1884 805 similis
1899 788 1925 804 ».
2289 773 2296 814 i

1422 822 1449 852 3.
1471 823 1517 852 Est
1538 826 1650 860 praeter
1678 824 1730 852 hos
1753 823 1861 860 gladius
1889 823 2107 853 dominantium
2133 824 2191 853 sive
2201 815 2296 877 flammai

1343 869 1542 904 iudicantium,
1564 874 1591 899 et
1623 870 1668 899 hic
1694 873 1736 899 est
1758 870 1877 907 triplex,
1899 870 2003 900 scilicet
2015 870 2123 908 gladius
2147 870 2192 899 di·
2207 881 2294 903 naemu·1

1342 916 1512 951 seretimzis,
1540 916 1574 946 de
1599 925 1655 954 quo
1682 917 1716 946 ad
1742 917 1878 946 Hebraeos
1910 918 2046 955 quarto⁶:
2076 929 2090 943 α
2105 917 2191 947 Vivus

1343 966 1386 991 est
1406 971 1498 992 sermo
1518 963 1567 1007 Dei
1582 967 1611 993 et
1631 964 1731 993 efficax
1752 968 1780 993 et
1800 964 1998 1001 penetrabilior
2012 964 2086 993 omni
2101 964 2191 1002 gladio
2293 969 2296 1011 l

1343 1010 1454 1047 ancipiti
1470 1022 1496 1038 υ.
1521 1027 1557 1031 -
1576 1010 1688 1040 Gladius
1715 1011 1908 1047 clefinitionis;
1928 1011 1963 1040 de
1983 1019 2040 1049 quo
2058 1012 2191 1049 Apocaly-
2207 1015 2296 1051 nanneni

1344 1057 1400 1094 psis
1422 1057 1527 1094 primo:
1555 1058 1618 1087 «De
1638 1066 1687 1087 ore
1707 1058 1806 1092 eius»,
1821 1058 1848 1087 id
1870 1061 1912 1087 est
1932 1058 2048 1093 Christi,
2072 1059 2192 1088 «exibat
2294 1053 2296 1086 i

1343 1103 1452 1140 gladius
1471 1111 1508 1133 ex
1523 1106 1643 1141 utraque
1664 1107 1743 1141 parte
1764 1107 1864 1134 acutus
1878 1116 1905 1133 ι).
1921 1121 1958 1126 -
1973 1104 2086 1135 Gladius
2097 1105 2191 1134 ‘uttio-
2208 1116 2262 1136 Ultio.
2295 1127 2296 1144 i

1342 1150 1408 1184 nis;
1418 1150 1452 1179 (le
1466 1158 1523 1187 quo
1538 1150 1621 1180 Isaiae
1636 1150 1743 1188 primo:
1764 1162 1777 1177 «
1789 1151 1815 1180 Si
1830 1151 1977 1181 nolueritis
1991 1154 2019 1181 et
2032 1151 2067 1181 ad
2080 1151 2190 1182 iracun-

1342 1196 1415 1225 diam
1426 1205 1471 1226 me
1485 1197 1716 1234 provocaveritis,
1730 1198 1839 1235 gladius
1852 1206 1932 1228 meus
1945 1198 2090 1228 devorabit
2103 1207 2152 1228 vos
2162 1210 2189 1228 ι).

1344 1260 1380 1264 -
1409 1244 1455 1273 Hic
1479 1247 1521 1273 est
1545 1252 1612 1282 ergo
1633 1245 1736 1282 triplex
1764 1245 1872 1282 gladius
1899 1245 2001 1275 Christi
2029 1246 2190 1276 iudicantis:

1343 1294 1370 1319 et
1391 1294 1432 1319 cst
1453 1291 1589 1319 discretio
1610 1292 1689 1328 quasi
1715 1292 1823 1329 gladius
1847 1295 2023 1329 penetrans,·
2044 1292 2190 1330 definitio,

1342 1338 1421 1375 quasi
1443 1338 1551 1375 gladius
1571 1338 1703 1367 dividens
1724 1339 1782 1367 sive
1803 1346 1915 1374 secans;
1931 1339 2019 1374 ultio,
2034 1339 2113 1377 quasi
2134 1340 2191 1377 gla-

1342 1385 1405 1414 dius
1427 1385 1566 1414 occidens.
1590 1385 1635 1414 Est
1655 1393 1777 1423 namque
1798 1386 1901 1423 triplex
1929 1389 2008 1415 actus
2027 1386 2123 1424 gladii:
2142 1395 2191 1424 pe-

1342 1436 1477 1466 netrare,
1498 1441 1598 1461 secare
1619 1435 1646 1462 et
1667 1433 1804 1461 occidere.

1421 1479 1448 1508 [ι.
1472 1480 1503 1508 Et
1517 1483 1594 1514 nota,
1609 1480 1682 1517 quod
1698 1480 1749 1509 iste
1764 1480 1916 1509 iudicialis
1929 1480 2037 1518 gladius
2054 1483 2097 1511 est
2110 1489 2192 1510 exer·
2220 1492 2254 1511 mc
2265 1497 2290 1512 en

1342 1527 1447 1556 cendus
1471 1527 1515 1556 vel
1539 1527 1713 1556 exserendus
1740 1535 1757 1556 a
1779 1526 1893 1556 Christo
1921 1527 1949 1556 in
1977 1536 2066 1565 genus
2093 1528 2193 1557 huma·
2209 1517 2266 1558 33³
2280 1516 2290 1535 c

1342 1583 1410 1603 num
1423 1585 1429 1609 ;
1445 1574 1519 1603 unde
1533 1574 1708 1612 Apocalypsis
1729 1575 1819 1611 primo
1831 1575 1841 1592 ⁷
1856 1577 1884 1604 et
1898 1575 2073 1613 Apocalypsis
2087 1575 2193 1605 decimo

1343 1630 1430 1651 nono:
1450 1633 1463 1647 ιε
1478 1621 1518 1651 De
1532 1629 1580 1651 ore
1595 1622 1655 1651 eius
1669 1622 1764 1651 exibat
1785 1622 1893 1660 gladius
1913 1630 1950 1652 ex
1972 1625 2093 1660 utraque
2113 1625 2192 1660 parte

1342 1672 1451 1703 acutus
1466 1671 1493 1697 et
1507 1668 1534 1697 in
1550 1668 1609 1705 ipso
1623 1669 1760 1705 percutiet
1773 1672 1869 1706 gentes
1883 1681 1910 1697 ι).
1927 1685 1964 1691 —-
1979 1670 1998 1698 A
2015 1669 2149 1707 praelato
2164 1669 2192 1699 in
2209 1680 2226 1699 A
2238 1681 2294 1705 praei?

1343 1716 1501 1750 subditum;
1513 1715 1547 1744 ad
1560 1716 1694 1744 Romanos
1708 1715 1814 1745 decimo
1829 1716 1926 1745 tertio:
1943 1727 1956 1742 α
1965 1716 2012 1746 Vis
2025 1725 2081 1746 non
2095 1717 2193 1753 timere

1343 1765 1530 1800 potestatem?
1550 1763 1622 1792 Bene
1642 1763 1701 1797 sac,
1723 1766 1751 1792 et
1773 1763 1886 1793 habebis
1907 1763 2016 1800 laudem
2037 1772 2073 1793 ex
2099 1772 2139 1794 ea.
2166 1764 2193 1793 Si

1343 1813 1436 1840 autem
1458 1810 1529 1839 male
1549 1810 1664 1844 seceris,
1686 1810 1760 1839 time.
1783 1810 1842 1840 Non
1863 1810 1935 1840 enim
1951 1810 2010 1840 sine
2031 1819 2116 1840 causa
2135 1811 2193 1848 gla-

1343 1856 1420 1885 dium
1442 1859 1575 1894 portat».
1591 1874 1630 1877 —
1646 1857 1684 1886 Ab
1705 1855 1820 1886 homine
1840 1858 1868 1887 in
1889 1865 1919 1887 se
1940 1857 2048 1895 ipsu1n;
2070 1857 2145 1887 unde
2165 1858 2194 1887 in
2209 1868 2238 1888 Ab
2254 1869 2292 1888 hom

1344 1904 1464 1933 Psalmo:
1491 1915 1505 1929 «
1520 1904 1667 1941 Accingere
1688 1904 1778 1942 gladio
1800 1907 1848 1934 tuo
1875 1913 1961 1942 super
1981 1905 2074 1935 femur
2095 1908 2191 1940 tuum,

1343 1951 1533 1988 potentissime
1547 1963 1575 1980 u.
1588 1967 1624 1972 —
1636 1951 1793 1989 Tripliciter
1807 1955 1957 1982 exercetur
1971 1961 2046 1981 usus
2059 1953 2195 1983 iudicialis

1342 1997 1442 2035 gladii,
1463 1998 1575 2035 quando
1595 1999 1730 2028 iudicium
1758 1999 1842 2029 habet
1869 1999 1953 2029 ltomo
1980 2002 2110 2037 respectu
2133 2000 2192 2036 sui,

1339 2045 1495 2083 praelatas
1516 2048 1645 2083 respectu
1666 2046 1786 2081 subditi,
1810 2045 1946 2076 Christus
1976 2055 2043 2077 vero
2063 2050 2194 2085 respectu

1343 2093 1454 2130 generis
1475 2093 1599 2122 humani.

1646 2195 1789 2220 COLLATlO
1807 2197 1886 2220 LXIV.

1421 2282 1510 2318 (Vers.
1537 2283 1602 2317 11.).
1628 2283 1772 2318 Calicem,
1794 2292 1879 2322 quein
1900 2283 1977 2312 (ledit
1997 2282 2072 2312 inilzi
2092 2284 2192 2318 Pater,

1342 2337 1401 2357 non
1421 2329 1483 2363 vis,
1505 2333 1537 2358 ut
1559 2329 1656 2359 bibam
1678 2330 1787 2359 illum?

1425 2377 1448 2404 1.
1471 2376 1554 2411 Nota,
1570 2377 1644 2414 quod
1659 2379 1702 2406 est
1716 2378 1820 2414 triplex
1835 2377 1922 2412 calix,
1938 2377 2042 2407 scilicet
2055 2377 2129 2407 calix
2144 2377 2193 2407 Ιιο-
2209 2385 2296 2428 τιῑριιίειιηι

1342 2422 1432 2451 minis
1451 2423 1527 2451 mati
1539 2440 1578 2444 —
1592 2426 1619 2452 et
1640 2423 1713 2452 calix
1735 2423 1862 2453 hominis
1876 2424 1951 2453 iusti
1962 2441 2001 2445 —
2014 2427 2041 2454 et
2055 2424 2129 2454 calix
2143 2423 2193 2453 }zo-
2277 2421 2282 2428 '

1341 2468 1565 2498 minis-Christi.
1578 2469 1702 2498 Primum
1717 2470 1852 2500 debemus
1863 2470 2026 2508 proiicere;
2039 2471 2191 2500 secundum

1341 2515 1474 2544 debemus
1496 2515 1606 2550 bibere;
1627 2516 1710 2545 tertio
1730 2516 1864 2546 dehemus
1885 2517 2112 2547 communicare.

1420 2564 1447 2591 Ξ.
1469 2563 1548 2591 Calix
1568 2571 1635 2600 ergo
1664 2564 1867 2600 proiiciendus
1895 2567 1937 2594 est
1964 2565 2038 2594 calix
2066 2568 2191 2603 peccato·
2208 2573 2296 2600 mima*

1343 2617 1422 2643 rum,
1444 2613 1471 2638 et
1494 2609 1537 2638 hic
1558 2613 1600 2639 est
1628 2610 1748 2647 triplex:
1776 2610 1933 2649 fortunae,
1955 2611 2059 2650 culpae
2079 2615 2107 2641 et
2124 2620 2191 2649 poe·
2229 2596 2296 2621 ‘'¹⁹¹⁰''

1405 2791 1414 2804 ⁵
1431 2793 1498 2815 Vers.
1515 2793 1556 2820 51;
1573 2792 1631 2816 ibid.
1648 2793 1689 2822 21,
1707 2794 1730 2816 9.
1747 2793 1845 2816 habetur
1861 2800 1911 2823 seq.
1928 2794 2001 2816 locus.

1403 2831 1414 2844 ⁶
1431 2833 1498 2855 Vers.
1508 2833 1547 2855 42.
1558 2844 1590 2849 —
1600 2832 1705 2856 Subinde
1715 2833 1845 2861 allegantur
1855 2833 1929 2861 Apoc.
1939 2834 1950 2855 1¹
1961 2850 1967 2860 ,
1981 2833 2018 2855 46.
2029 2835 2052 2855 et
2062 2832 2113 2856 lsai.
2123 2833 2144 2861 l,
2154 2833 2190 2856 20.

1343 2884 1372 2887 —
1390 2872 1432 2894 Pro
1449 2870 1597 2894 discretionis
1613 2874 1636 2894 et
1651 2870 1762 2895 discretio
1779 2872 1796 2894 Β
1812 2871 1989 2902 disceptationis
2004 2874 2028 2894 et
2043 2871 2189 2901 disceptatio.

1404 2908 1413 2922 ⁷
1431 2910 1497 2933 Vers.
1515 2910 1552 2933 ⁷16.
1568 2913 1591 2933 et
1612 2911 1650 2938 ¹9,
1671 2911 1705 2934 ¹5.
1724 2923 1753 2927 —
1770 2911 1821 2934 Duo
1837 2917 1903 2941 seqq.
1914 2911 1959 2934 loci
1969 2913 2024 2934 sunt
2035 2912 2102 2934 Rom.
2115 2911 2157 2939 ⁴3,
2169 2912 2191 2934 3.

1342 2955 1392 2979 seq.
1409 2951 1431 2972 et
1447 2950 1483 2973 Ps.
1501 2949 1542 2978 44,
1561 2949 1583 2972 4.
