2296 3316
6 704 16 733 i
46 698 103 722 Resp.

729 145 898 174 COMMENT.
922 146 953 174 IN
975 145 1121 174 lOANNEM
1142 146 1170 174 C.
1193 147 1258 175 xlx.

201 225 283 253 Aliter
305 224 452 261 respondet
476 224 569 252 Vict01
582 225 607 258 ¹,
635 224 709 261 quod
737 223 871 252 Dominus
899 224 968 252 hora

4 279 74 326 pesp
87 277 105 296 2
122 272 211 301 media
232 272 304 301 inter
326 271 435 300 tertiam
450 274 477 299 et
491 273 598 299 sextam
615 270 770 298 crucifixus
784 273 839 304 est3
861 273 888 298 et
903 270 968 307 qnia

122 322 248 348 extrema
275 321 340 347 sunt
367 317 521 351 nominata,
549 319 576 345 et
604 317 726 345 medium
749 324 829 353 saepe
851 316 967 345 sortitur

121 374 221 395 nomen
243 368 455 398 extremorum3
478 364 538 393 ideo
559 364 625 392 dicit
645 364 754 392 Marcus
776 363 844 391 hora
865 364 966 397 tertia,

120 413 168 442 sed
189 413 302 441 Ioannes
322 415 421 445 seoeta,
443 419 497 439 non
523 410 701 447 simpliciter,
723 410 770 439 sed
791 418 854 438 cum
875 410 966 439 deter-

120 459 288 488 minatione:
310 457 398 495 quasi
418 461 501 486 sexta
512 457 531 485 ².

199 506 244 534 26.
261 505 371 542 Quaest.
388 505 429 533 lx.
447 505 513 534 Item
528 504 674 542 quaeritur
695 504 729 532 de
750 504 818 538 hoc,
833 503 908 541 qnod
922 504 966 533 Iu-

119 553 178 582 daei
194 552 349 590 petierunt,
371 552 519 581 Dominum
541 552 681 589 010001οὴ
704 559 791 589 quare
812 552 898 589 magis
918 551 965 581 illo

119 607 220 637 genere
240 599 337 628 mortis
358 607 442 637 quam
456 599 509 628 alio
524 599 674 628 voluerunt
694 599 842 628 Dominum
856 599 965 628 occidi?

197 647 350 684 Respondet
370 647 583 684 Chrysostomus
595 646 622 681 ³,
647 647 721 684 quod
747 658 760 672 «
775 647 965 684 exprobratis-

120 694 189 723 sima
209 694 277 723 haec
299 696 358 723 erat
379 701 462 722 mors.
485 693 673 722 Formidantes
694 693 795 731 igitur,
817 702 851 723 ne
872 694 965 732 aliqua

120 741 180 770 eius
200 744 262 779 post
283 741 373 778 ipsum
394 741 443 769 fiat
456 741 605 775 memoria,
620 741 732 769 student
746 741 779 769 ad
795 742 962 779 supplicium

119 788 221 817 ducere
241 788 434 822 maledictum,
456 788 624 822 nescientes
646 788 776 825 quoniam
798 797 848 826 per
869 790 964 826 prohi-

0 838 106 882 {3332335
119 835 235 864 bitiones
256 835 381 863 elevatur
396 835 498 863 veritas
512 846 538 862 n
555 851 592 855 —
608 835 647 862 Ex
663 837 741 871 parte
755 835 803 864 Dei
824 836 893 864 ratio
911 836 964 865 suit

0 1528 9 1548 ῦ
17 1529 33 1547 1.
47 1531 100 1553 parte

22 1306 98 1326 Divisio.

17 1554 84 1571 tamor.

118 884 145 910 et
166 881 354 919 mysterium,
376 881 442 918 quia
462 881 489 909 in
512 881 585 918 ligno
612 882 802 918 peccavimus,
824 886 851 911 et
871 892 964 911 exem-

114 928 216 965 plum,
238 936 272 956 ne
293 928 356 965 quis
377 930 488 964 turpem
502 928 664 956 formidaret
684 931 817 963 mortem,
838 932 865 957 et
886 930 963 958 iusti-

118 974 213 1008 cium,
236 974 324 1012 quia4
348 974 464 1011 placuit
486 974 541 1002 Deo
558 982 612 1011 per
632 974 788 1003 stultitiam
806 976 963 1012 praedica-

118 1022 205 1050 tionis
226 1022 322 1050 saluos
342 1021 442 1059 facere
462 1021 614 1050 credentes.

259 1123 350 1154 Tertio,
369 1123 395 1146 de
412 1122 500 1146 Christi
516 1122 621 1153 passione
639 1122 749 1146 notantur
766 1122 815 1146 duo.

197 1212 242 1239 27.
256 1210 450 1246 Susceperu-nt
464 1212 562 1237 autem
578 1209 680 1237 Iesum.
694 1209 789 1237 Actum
802 1212 843 1237 est
855 1217 941 1246 supra
951 1209 962 1226 ⁵

117 1258 151 1287 de
171 1257 271 1286 Christi
287 1256 533 1293 comprehensione
547 1258 575 1284 et
589 1256 830 1290 condemnatione;
848 1257 892 1285 hic
906 1256 963 1293 agi-

118 1308 165 1333 tur
185 1304 219 1333 de
240 1304 328 1341 ipsius
353 1302 510 1340 passione;
531 1304 559 1330 et
585 1302 718 1330 dividitur
747 1303 815 1331 haec
843 1311 908 1340 pars
935 1303 963 1331 in

117 1351 201 1385 duas,
230 1350 296 1387 qnia
323 1349 412 1386 primo
440 1348 496 1385 agit
523 1348 556 1376 de
581 1348 739 1385 passione;
764 1349 900 1382 secundo,
929 1348 964 1377 de

114 1398 264 1435 passionis
292 1395 557 1429 consummatione,
578 1395 615 1423 ibi
628 1395 658 1423 ⁶:
683 1396 786 1424 Postea
806 1396 900 1424 sciens
921 1396 963 1424 Je-

117 1453 169 1473 sus
190 1448 241 1474 etc.

195 1492 224 1520 In
245 1491 334 1528 prima
355 1492 433 1526 parte
453 1489 621 1518 describitur
642 1489 701 1518 eius
722 1489 812 1526 passio
827 1493 964 1526 quantum

117 1539 151 1568 ad
172 1542 308 1576 quatuor,
336 1544 408 1574 quae
436 1536 474 1565 ibi
496 1536 682 1564 insinuantur,
705 1536 796 1564 Primo
816 1536 889 1565 enim
916 1537 963 1565 de-

179 1728 187 1741 ¹
205 1728 250 1751 Ct'r.
267 1734 337 1756 supra
355 1733 408 1755 pag.
426 1726 485 1753 275,
502 1728 556 1748 nota
575 1726 612 1747 il.
631 1726 693 1748 Hanc
716 1727 881 1754 expositionem
905 1727 965 1749 attri-

118 1767 168 1791 buit
184 1768 247 1790 card.
264 1768 344 1794 Hngo,
362 1767 384 1788 in
402 1767 464 1788 hunc
481 1766 570 1792 locum,
586 1765 727 1792 Augustino,
739 1767 849 1794 tanquam
862 1765 964 1794 tertiam,

116 1813 187 1836 quam
205 1806 269 1829 dedit
285 1811 356 1833 super
373 1806 433 1827 hanc
450 1803 630 1827 dubitationem:
653 1804 730 1826 Tertio
752 1804 833 1831 solvit,
855 1804 920 1833 quod
942 1804 964 1826 in

117 1845 243 1868 meditullio
260 1844 339 1867 tertiae
355 1846 378 1866 et
394 1846 470 1866 sextae
485 1843 598 1865 Dominus
616 1843 657 1865 suit
674 1843 808 1870 crucifixus;
825 1843 865 1865 sed
887 1846 965 1865 tamen

117 1884 191 1912 magis
214 1884 274 1906 iuxta
297 1883 400 1910 tertiam3
418 1885 440 1904 et
459 1882 511 1904 ideo
528 1882 584 1904 dicit
600 1882 701 1908 Marcus,
719 1882 782 1910 quod
800 1881 862 1904 hora
879 1881 964 1910 tertia,-

117 1925 212 1946 loannes
234 1925 310 1945 antem
333 1922 400 1950 dicit,
418 1920 489 1951 quasi
503 1922 586 1949 sexta,
603 1927 650 1943 non
667 1921 723 1943 dicit
738 1921 872 1948 simpliciter
889 1923 963 1947 sexta;

116 1962 168 1985 ideo
184 1962 208 1984 in
225 1961 325 1984 Ecclesia
342 1961 400 1983 inter
416 1960 507 1982 tertiam
525 1962 547 1982 et
563 1962 649 1982 sextam
664 1958 792 1982 celebratur
803 1960 878 1982 Missa.
889 1972 920 1976 —
931 1960 964 1982 De

116 2000 191 2024 medio
208 2002 248 2023 cfr.
265 2006 336 2028 supra
353 2006 408 2027 pag.
425 1999 483 2027 248,
500 2002 554 2021 nota
571 1999 594 2021 2.

178 2039 187 2052 ²
204 2039 360 2067 Adiungimus
376 2044 436 2067 quae
458 2038 513 2060 dicit
535 2038 594 2060 Petr.
617 2037 748 2065 Comestor,
770 2038 854 2060 Histor.
876 2037 965 2060 schola-

115 2079 184 2107 stica,
201 2079 224 2101 in
242 2078 365 2106 Evangelia
383 2084 403 2100 0.
422 2077 474 2099 166.
492 2078 535 2099 1130
552 2077 581 2099 de
593 2083 626 2099 re.
638 2077 764 2099 Praemissa
777 2077 853 2105 prima
865 2077 964 2105 explica-

116 2118 177 2141 tione
198 2117 321 2146 Augustini
343 2116 451 2145 superius
470 2122 483 2138 a
506 2116 592 2138 Bonav.
614 2116 722 2144 allegata,
745 2116 787 2138 ait:
805 2116 847 2138 Vel
869 2117 964 2139 loannes

117 2160 185 2180 vocat
210 2159 290 2180 horam
316 2159 403 2179 sextam
425 2155 638 2185 praeparationem
661 2154 713 2184 [cfr.
735 2161 805 2183 supra
828 2161 882 2183 pag.
905 2155 963 2183 493,

116 2200 170 2220 nota
188 2196 218 2226 2.]
246 2196 374 2219 dominicae
400 2195 487 2217 mortis.
505 2195 628 2223 Postquam
647 2195 708 2217 enim
725 2195 747 2217 in
765 2198 832 2217 nocte
849 2195 964 2217 iudicave-

116 2238 170 2258 runt
187 2242 241 2258 eum
259 2241 325 2257 reum
342 2234 436 2261 mortis,
453 2234 568 2256 fluxerunt
584 2240 659 2262 usque
675 2233 706 2256 ad
725 2234 895 2256 crucifixionem
918 2237 964 2256 tres

117 2276 188 2297 horae
203 2274 277 2297 noctis
294 2277 316 2297 et
333 2276 378 2296 tres
396 2275 466 2296 borae
484 2273 529 2295 diei
547 2273 586 2301 [ita
604 2273 714 2301 August,
731 2273 787 2296 locis
810 2274 879 2301 paulo
896 2280 965 2302 snpe-

116 2314 165 2337 rius
182 2313 249 2343 citt.].
265 2314 326 2336 Reor
343 2313 366 2335 in
385 2312 461 2335 medio
484 2312 573 2334 illarum
596 2313 706 2334 horarum
728 2312 852 2335 Dominum
874 2313 965 2335 crucifi-

116 2359 184 2380 xum,
202 2353 253 2376 ideo
271 2353 342 2375 modo
359 2353 430 2379 11300,
448 2351 518 2374 100ᾰο
535 2352 597 2373 111310
620 2353 700 2374 horam
723 2352 830 2380 positam.
852 2353 908 2374 Nam
927 2353 965 2375 Ec-

116 2392 184 2414 clesia
203 2392 261 2414 inter
278 2392 367 2414 tertiam
385 2394 407 2413 et
423 2394 510 2413 sextam
529 2392 609 2413 horam
628 2390 729 2413 celebrat
745 2391 849 2419 Missam,
867 2394 888 2413 et
910 2397 964 2414 0010

117 2436 185 2452 10300
201 2429 338 2457 celebratur,
355 2429 425 2452 debet
441 2432 494 2452 ante
511 2430 597 2452 camari
615 2430 699 2452 Tertia.
715 2442 746 2446 —-
764 2431 854 2453 Praeter
870 2431 912 2453 has
927 2436 965 2453 ex-

117 2469 251 2497 plicationes
273 2471 365 2491 exortae
387 2471 441 2491 sunt
463 2469 532 2491 etiam
555 2469 616 2491 duae
640 2469 773 2497 opiniones,
791 2476 864 2498 quae,
881 2470 964 2492 eodem

117 2509 266 2531 fundamento
283 2508 385 2535 innixae,
403 2508 557 2535 contendunt,
575 2509 744 2531 emendandam
765 2515 815 2531 esse
833 2509 867 2532 vel
890 2509 965 2531 lectio—

117 2554 171 2571 nem
194 2548 282 2570 loannis
305 2547 388 2577 [quasi
408 2547 470 2570 hora
491 2547 586 2577 seoeta],
603 2548 640 2570 vel
663 2548 783 2571 lectionem
806 2549 875 2571 Marci
890 2548 964 2579 [hora

118 2586 214 2616 tertia],·
232 2586 299 2615 quia,
316 2593 369 2609 cum
386 2587 467 2609 Graeci
484 2586 513 2609 ad
533 2587 669 2609 indicandos
692 2593 801 2609 numeros
824 2589 917 2610 utantur
933 2588 965 2610 lit-

117 2625 171 2648 teris
188 2625 315 2653 alphabeti,
332 2625 509 2653 transcriptores
526 2626 644 2654 Evangelii
663 2626 761 2648 litteram
783 2633 797 2655 γ
820 2626 889 2655 ((1030
908 2626 965 2649 indi-

118 2667 154 2687 cat
174 2664 205 2693 3.)
229 2671 282 2687 cum
305 2665 377 2687 littera
394 2664 493 2694 ζ((1030
515 2664 600 2687 indicat
622 2665 654 2694 6.)
676 2667 771 2693 propter
792 2665 964 2688 similitudinem

119 2709 198 2725 earum
221 2706 431 2726 commutaverunt.
454 2704 483 2725 lta
507 2703 683 2732 Theophylact.,
702 2704 725 2725 in
743 2705 804 2726 loan.
823 2704 863 2731 19,
882 2704 964 2733 tiz-⁴4,

118 2743 197 2770 refert,
216 2742 278 2770 quod
296 2743 340 2764 hoc
352 2742 423 2764 modo
434 2741 568 2771 [lectionem
581 2742 669 2764 loannis
685 2743 854 2765 emendandam
872 2749 922 2765 esse
938 2749 965 2765 ex

117 2780 202 2810 Marco]
230 2782 345 2803 «solvunt
366 2781 475 2809 quidam,
498 2781 561 2810 quod
583 2782 710 2809 scripturae
733 2788 797 2804 error
813 2782 841 2804 511
852 2790 874 2804 >n
896 2783 966 2804 Econ-

117 2822 153 2842 tra
169 2820 193 2842 in
215 2820 333 2842 Breviario
350 2820 372 2842 in
390 2820 426 2842 Ps.
443 2820 486 2847 77,
508 2821 530 2842 2.
556 2821 623 2849 (inter
648 2826 717 2848 opera
741 2821 843 2850 Hieron.)
869 2821 964 2844 dicitur:

118 2859 166 2882 Hoc
183 2859 276 2881 videtur
292 2865 343 2881 esse
360 2859 492 2886 diversum,
509 2859 551 2881 sed
568 2866 613 2881 non
631 2862 665 2882 est
682 2860 810 2882 diversum.
828 2860 896 2882 Error
912 2860 965 2883 scri-

118 2900 211 2926 ptorum
230 2898 278 2920 suit.
295 2898 320 2920 Et
336 2898 358 2920 in
377 2898 459 2921 Marco
477 2899 531 2920 hora
549 2900 618 2921 sescla
636 2899 748 2926 scriptum
766 2899 818 2927 tuit,
841 2899 882 2922 sed
899 2899 964 2921 multi

119 2937 248 2965 episemnm
266 2937 379 2959 Graecum
398 2938 410 2963 ζ
426 2940 567 2965 putaverunt
582 2944 633 2960 esse
650 2945 670 2966 γ.

1812 157 1868 184 495

1024 224 1156 253 scribitur
1176 225 1324 262 passionis
1338 226 1456 260 vilitas,·
1471 229 1607 266 secundo,
1619 233 1759 270 patientis
1773 232 1871 270 digni-

1024 273 1085 304 tas,
1108 271 1143 299 ibi
1158 271 1187 299 ⁷:
1210 271 1335 308 Scripsit
1354 276 1451 303 autem
1465 278 1491 304 et
1505 276 1642 313 titulum;
1657 280 1756 313 tertio,
1774 278 1872 307 cruci-

1022 316 1172 354 figentium
1188 318 1347 347 crudelitas
1361 320 1418 350 sive
1433 323 1584 361 cupiditas,
1599 326 1635 355 ibi
1650 337 1656 354 :
1672 326 1777 354 Milites
1791 333 1871 362 erpo,

1023 371 1091 392 cum
1112 363 1347 401 crucifimissent,·
1368 373 1484 406 quarto,
1506 373 1745 410 compatientium
1766 371 1872 408 pauci-

1024 413 1086 444 tas,
1108 410 1163 439 ibi:
1186 411 1309 443 Stabant
1330 419 1428 446 autem
1448 418 1534 448 iuxta
1554 427 1680 448 crucem.

1102 458 1236 490 Passionis
1257 461 1342 499 igitur
1362 464 1460 494 vilitas
1483 466 1653 495 describitur
1681 465 1709 493 in
1738 465 1871 500 incessu,

1022 504 1049 534 in
1078 505 1154 541 loco,
1186 507 1212 537 in
1241 517 1344 546 yenere
1369 512 1518 548 passionis
1546 515 1574 541 et
1602 512 1629 540 in
1659 511 1792 540 societate
1815 519 1872 548 pa-

1023 553 1163 584 cientium.

1101 603 1146 632 28.
1169 604 1257 640 (Vers.
1282 605 1347 639 16.).
1364 605 1454 633 Primo
1475 613 1542 641 ergo
1563 604 1664 633 vilitas
1677 604 1826 641 passionis
1840 604 1872 633 in

1021 650 1135 679 incessu
1162 654 1275 680 notatur
1304 652 1330 680 in
1353 652 1421 686 1100,
1443 651 1519 688 quod
1541 654 1673 688 tanquam
1696 651 1767 680 latro
1794 651 1871 681 duci-

1021 700 1083 733 tur,
1105 701 1132 727 et
1153 698 1211 735 ipse
1232 698 1336 727 baiulat
1357 698 1409 727 sibi
1425 697 1613 734 5011111101οῑος
1628 701 1777 734 propterea
1789 698 1870 727 dicit:

1021 745 1215 782 Susceperam
1240 748 1337 774 autem
1367 745 1465 773 Iesum
1473 754 1483 778 ;
1513 743 1676 772 Psalmus⁸:
1703 756 1717 769 a
1738 745 1871 781 Suscepe-

1020 795 1088 820 runt
1108 800 1152 820 me
1173 792 1245 820 sicut
1267 792 1309 820 leo
1329 794 1446 828 paratus
1464 790 1497 819 ad
1513 790 1644 827 praedam
1659 802 1687 825 »‚
1703 791 1806 820 scilicet
1820 792 1871 820 mi-

1020 838 1081 867 lites
1101 839 1210 871 lesum;
1232 838 1399 871 (luxerunt,
1422 840 1555 874 tanquam
1575 837 1746 871 maleficum,
1769 838 1872 867 scilicet

1020 888 1102 913 extra
1130 888 1238 918 castra3
1268 887 1383 921 propter
1414 883 1489 921 quod
1521 883 1555 912 ad
1587 884 1724 913 Hebraeos
1754 885 1870 914 ultimo:

1026 942 1039 955 α
1058 931 1197 959 Exeamus
1224 931 1259 959 ad
1286 939 1350 959 eum
1379 933 1462 959 extra
1492 933 1598 965 castra,
1629 931 1829 968 improperium
1853 943 1867 957 »

1020 977 1113 1006 crucis
1139 989 1152 1002 «
1167 977 1228 1005 eius
1248 980 1392 1013 portantes
1407 988 1434 1005 ».

1099 1024 1146 1051 29.
1169 1023 1258 1059 (Vers.
1284 1023 1350 1058 17.).
1381 1024 1417 1052 Et
1444 1023 1583 1053 baiulans
1602 1025 1661 1054 sibi
1681 1034 1813 1061 crucem,
1842 1026 1870 1055 in

1020 1078 1076 1106 qua
1097 1070 1201 1098 scilicet
1222 1072 1355 1106 tanquam
1376 1070 1447 1098 latro
1461 1071 1618 1107 puniretur.
1634 1073 1711 1101 Tunc
1725 1073 1870 1110 impletum

1020 1119 1063 1145 est
1077 1116 1152 1153 quod
1167 1115 1273 1144 dictum
1284 1119 1344 1144 erat
1356 1116 1439 1145 Isaiae
1451 1117 1583 1154 vigesimo
1594 1119 1715 1147 secundo
1726 1119 1753 1148 ⁹:
1770 1131 1783 1145 α
1794 1120 1871 1148 Dabo

1021 1163 1125 1191 clavem
1148 1162 1235 1190 David
1257 1170 1342 1199 snper
1357 1163 1507 1192 humerum
1522 1165 1582 1193 eius
1596 1176 1623 1199 »;
1639 1169 1666 1194 01
1681 1166 1764 1195 Isaiae
1778 1174 1869 1195 nono:

1025 1220 1038 1234 «
1054 1209 1152 1237 Factus
1173 1212 1215 1237 est
1236 1208 1408 1245 principatus
1423 1217 1507 1246 super
1523 1210 1672 1240 humerum
1688 1212 1748 1241 eius
1763 1224 1790 1247 »,
1805 1212 1872 1249 quia

1021 1255 1057 1284 ibi
1080 1255 1273 1292 triumphavit.
1303 1255 1342 1284 De
1363 1256 1415 1284 hoc
1437 1257 1625 1293 Augustinus:
1651 1258 1788 1287 «Grande
1810 1267 1871 1296 spe-

1021 1302 1160 1331 ctaculum
1175 1305 1180 1330 t
1203 1302 1255 1330 Sed
1270 1302 1290 1330 si
1307 1305 1413 1339 spectat
1426 1303 1567 1340 impietas,
1583 1305 1686 1341 grande
1702 1306 1870 1341 ludibrium;

1021 1349 1043 1378 si
1064 1350 1166 1386 pietas,
1188 1349 1293 1386 grande
1314 1350 1521 1386 mysterium».

1101 1396 1199 1424 Eaeivit
1221 1396 1252 1424 in
1273 1404 1339 1424 eum
1360 1396 1413 1434 qui
1432 1397 1544 1426 dicitur
1567 1398 1725 1428 Calvariae
1745 1400 1826 1428 locus
1839 1400 1869 1427 ¹⁰-

1021 1442 1067 1471 Hic
1089 1442 1217 1471 innuitur
1239 1443 1330 1471 vilitas
1350 1451 1366 1471 a
1387 1443 1467 1477 loeo,·
1488 1445 1555 1482 quia
1576 1446 1603 1474 in
1625 1454 1657 1475 eo
1685 1446 1744 1475 loco
1773 1455 1872 1484 passus

1020 1493 1077 1524 est,
1100 1490 1147 1518 ubi
1177 1490 1367 1526 puniebantur
1389 1491 1510 1520 latrones
1531 1495 1558 1521 et
1579 1493 1705 1522 malefici.
1730 1493 1872 1522 Calcaria

1020 1537 1093 1565 enim
1116 1536 1220 1565 dicitur
1241 1537 1286 1566 ille
1308 1538 1400 1573 locus,
1420 1539 1486 1575 quia
1501 1539 1537 1568 ibi
1552 1539 1769 1569 decalvabantur
1783 1541 1873 1578 capita

1084 1725 1094 1739 ⁸
1111 1727 1133 1749 ln
1151 1728 1212 1750 ioan.
1229 1728 1308 1750 homil.
1326 1728 1364 1751 84.
1381 1728 1446 1757 (alias
1464 1729 1509 1758 83.)
1528 1736 1551 1752 n.
1568 1731 1589 1752 2.
1602 1731 1645 1753 Pro
1656 1730 1871 1760 esprobratt'ssz'ma

1022 1764 1197 1795 (ἐπονείδιστος·,
1215 1767 1344 1789 secundnm
1367 1768 1485 1791 Forcellini
1508 1769 1571 1797 apud
1594 1770 1691 1792 Plinium
1714 1770 1814 1792 occurrit
1829 1776 1872 1793 ex-

1017 1804 1171 1835 probratus),
1194 1807 1258 1835 quod
1280 1807 1348 1829 etiam
1371 1807 1462 1830 exhibet
1484 1810 1506 1831 S.
1530 1809 1626 1838 Thom.,
1648 1809 1733 1831 Catena
1755 1816 1825 1832 aurea
1846 1810 1871 1832 in

1023 1844 1083 1866 loan.
1101 1844 1137 1866 49.
1154 1851 1177 1867 0.
1195 1845 1221 1872 4,
1239 1846 1316 1873 plures
1338 1846 1407 1869 codd.
1425 1853 1478 1869 cum
1501 1848 1565 1870 card.
1586 1848 1647 1876 Hug.
1664 1851 1686 1870 et
1708 1849 1811 1871 Gorrano
1829 1854 1870 1871 es:-

1017 1882 1240 1912 probrabz'tz'sstma,
1258 1885 1294 1907 ed.
1312 1885 1548 1915 opprobrioszssima,
1567 1893 1628 1916 qnae
1639 1888 1707 1910 etiam
1722 1887 1816 1910 interius
1827 1894 1870 1916 pro

1021 1922 1127 1946 elevatur
1145 1920 1251 1953 (α’ίρεται)
1269 1923 1385 1947 substituit
1401 1924 1531 1948 relevatur.

1083 1960 1093 1973 Δ
1110 1962 1138 1984 Ut
1154 1962 1237 1985 dicitur
1254 1964 1268 1986 1.
1286 1963 1338 1986 Cor.
1357 1964 1381 1992 i,
1400 1965 1437 1986 21.
1454 1977 1485 1981 -
1501 1964 1622 1992 Ambros.,
1640 1965 1677 1988 lV.
1696 1965 1718 1987 in
1736 1966 1791 1989 Luc.
1808 1965 1835 1992 4,
1849 1966 1869 1987 t.

1020 2007 1043 2023 0.
1060 2001 1087 2023 7:
1105 2002 1164 2024 Mors
1186 2008 1229 2030 per
1246 2002 1365 2031 arborem,
1382 2003 1429 2025 vita
1452 2009 1493 2032 per
1511 2010 1612 2026 crucem.
1634 2004 1745 2032 August.,
1768 2005 1879 2029 Enarrat„

1021 2043 1044 2066 in
1061 2041 1096 2063 Ps.
1115 2040 1167 2063 440.
1185 2048 1207 2063 n.
1225 2042 1266 2064 20:
1284 2042 1358 2070 Ipsam
1376 2041 1463 2072 [crucis
1480 2045 1592 2070 mortem,
1609 2049 1655 2072 qua
1672 2043 1727 2065 nihil
1746 2043 1870 2066 videbatur

1021 2079 1196 2109 exsecrabilius]
1214 2081 1326 2103 Dominus
1342 2081 1455 2110 suscepit,
1472 2088 1499 2104 ne
1517 2082 1625 2110 discipuli
1642 2082 1692 2104 eius
1709 2084 1807 2104 mortem
1820 2082 1871 2111 qui-

1021 2119 1074 2142 dem
1092 2125 1138 2141 non
1156 2120 1274 2147 timerent,
1291 2120 1331 2142 sed
1350 2126 1391 2142 nec
1408 2127 1483 2149 genus
1499 2121 1580 2143 mortis
1597 2122 1763 2143 horrescerent.
1780 2121 1826 2144 Csr.
1839 2122 1867 2144 83

1021 2159 1065 2187 Qq.
1081 2165 1104 2187 q.
1122 2159 1164 2185 25;
1183 2159 1212 2181 de
1234 2159 1345 2187 Symbolo
1367 2166 1444 2182 sermo
1468 2160 1497 2182 ad
1519 2161 1678 2182 catechumen.
1694 2161 1710 2182 l.
1726 2166 1747 2182 0.
1765 2161 1786 2183 3.
1804 2167 1828 2183 0.
1845 2162 1867 2183 8.

1020 2200 1043 2220 et
1059 2200 1136 2220 contra
1154 2198 1268 2221 Adimant.
1286 2205 1305 2221 c.
1323 2199 1361 2221 2l.
1378 2199 1400 2221 in
1418 2199 1469 2222 tine.
1487 2211 1518 2216 —
1535 2199 1647 2227 Superius
1667 2205 1710 2227 pro
1726 2198 1872 2229 formidaret

1021 2238 1122 2260 mortem
1139 2237 1157 2259 D
1171 2238 1281 2266 peccaret
1295 2237 1456 2267 formidando.

1083 2274 1093 2287 ⁵
1110 2275 1155 2299 Csr.
1171 2282 1191 2298 0.
1209 2277 1246 2299 18,
1268 2283 1290 2299 0.
1308 2277 1329 2299 l.
1350 2289 1381 2293 —
1403 2277 1515 2305 Superius
1538 2283 1580 2304 pro
1603 2276 1768 2306 Susceperunt
1789 2279 1870 2301 autem

1020 2316 1099 2338 Iesum
1116 2315 1184 2338 codd.
1201 2315 1362 2345 Susceperunt
1378 2322 1435 2345 erqo
1452 2315 1546 2339 milites.

1083 2352 1093 2365 ⁶
1110 2354 1176 2377 Vers.
1193 2355 1230 2377 28.

1083 2391 1092 2404 ⁷
1111 2393 1176 2415 Vers.
1195 2394 1236 2420 493
1254 2393 1317 2415 tertia
1336 2399 1390 2421 pars
1407 2393 1486 2421 incipit
1502 2400 1524 2415 v.
1543 2394 1580 2416 23.
1598 2396 1620 2415 et
1642 2396 1724 2422 quarta
1743 2401 1766 2416 v.
1785 2395 1822 2417 25.
1839 2407 1870 2412 -—

1021 2431 1117 2454 Inferius
1134 2432 1171 2454 ed.
1187 2432 1271 2454 omittit
1286 2431 1334 2455 sive
1351 2431 1475 2461 cupiditas.

1084 2469 1093 2482 ¹³
1110 2471 1193 2493 Psalm.
1212 2471 1253 2498 16,
1272 2471 1309 2493 12.
1325 2483 1356 2487 -
1369 2470 1471 2493 Subinde
1483 2477 1525 2499 pro
1537 2470 1662 2494 duxerunt
1673 2471 1772 2499 Vulgata
1784 2473 1807 2495 et
1817 2471 1870 2495 edu·

1020 2511 1119 2532 merant.
1137 2510 1244 2538 Sequitur
1261 2508 1330 2531 Hebr.
1351 2510 1391 2537 13,
1409 2509 1451 2536 13,
1468 2509 1509 2532 ubi
1525 2516 1571 2532 vox
1587 2510 1666 2533 crucis
1688 2510 1773 2533 inserta
1794 2513 1870 2533 sumta

1021 2551 1056 2571 est
1071 2555 1098 2571 ex
1115 2549 1193 2571 Glossa
1212 2548 1361 2571 interlineari
1377 2548 1426 2577 (cfr.
1444 2549 1545 2577 Haymo,
1563 2549 1587 2571 in
1604 2550 1665 2571 hunc
1681 2549 1777 2578 locum).

1084 2586 1094 2599 ⁹
1111 2588 1176 2610 Vers.
1194 2588 1236 2616 22;
1254 2588 1358 2616 sequitur
1375 2588 1402 2615 9,
1420 2588 1443 2610 6.
1461 2600 1493 2604 -
1515 2588 1630 2611 Sententia
1653 2588 1752 2616 August.
1773 2589 1870 2612 habetur

1021 2628 1045 2649 in
1063 2628 1124 2649 loan.
1141 2628 1228 2654 Evang.
1246 2630 1273 2649 tr.
1293 2627 1343 2649 ⁴⁴7.
1361 2633 1384 2649 n.
1403 2628 1429 2654 3,
1447 2627 1486 2650 ubi
1504 2634 1546 2656 pro
1563 2629 1653 2657 spectat
1675 2631 1748 2651 textus
1770 2629 1870 2657 origina-

1021 2665 1061 2693 lis,
1078 2671 1148 2694 quem
1166 2665 1202 2687 ed.
1220 2671 1273 2687 0010
1290 2666 1394 2688 Gorrano
1411 2666 1522 2695 sequitur,
1538 2668 1630 2696 spectet.

1085 2702 1106 2715 ¹⁰
1122 2704 1221 2731 Vulgata
1240 2703 1330 2732 locum,
1350 2710 1411 2733 quae
1428 2705 1496 2727 etiam
1513 2705 1609 2727 inferius
1620 2708 1673 2733 post
1683 2705 1796 2729 Hebraioe
1806 2705 1870 2728 addit

1021 2743 1110 2765 autem.
1125 2754 1157 2759 -
1174 2743 1278 2770 Hieron„
1295 2743 1332 2765 lV.
1350 2743 1372 2765 in
1390 2744 1465 2766 11131111,
1483 2743 1524 2771 27,
1544 2745 1586 2772 33,
1609 2745 1693 2767 reiecta
1715 2745 1868 2773 expositione,

1022 2781 1086 2809 qnod
1103 2782 1167 2804 locus
1184 2782 1225 2811 iste
1242 2782 1293 2804 ideo
1311 2782 1425 2805 diceretur
1443 2782 1568 2811 Calcaria,
1589 2792 1600 2803 «
1612 2784 1666 2812 quia
1684 2783 1714 2806 ibi
1733 2784 1819 2813 antiqui
1831 2785 1869 2807 ho-

1022 2820 1090 2842 minis
1107 2820 1205 2850 [Adam]
1223 2821 1251 2843 sit
1269 2822 1386 2844 conditum
1404 2824 1474 2850 caput
1485 2831 1508 2850 1»,
1525 2823 1568 2845 ait:
1585 2823 1651 2845 Extra
1668 2823 1752 2845 urbem
1768 2824 1830 2846 enim
1847 2826 1869 2846 et

1023 2861 1083 2882 foras
1100 2863 1189 2887 portam
1207 2861 1256 2883 loca
1274 2864 1338 2888 sunt,
1355 2861 1377 2883 in
1395 2861 1481 2890 quibus
1498 2864 1633 2885 truncantur
1655 2863 1728 2890 capita
1751 2863 1869 2885 damnato-

1021 2906 1087 2927 rum,
1104 2902 1126 2922 et
1142 2899 1273 2927 Calvariae‚
1291 2901 1316 2923 id
1331 2903 1366 2923 est
1387 2901 1565 2930 decollatorum,
1583 2908 1687 2924 sumsere
1709 2908 1800 2924 nomen.
1822 2901 1868 2924 Csr.

1022 2940 1045 2961 S.
1062 2939 1148 2962 Bonav.
1166 2939 1294 2962 Comment.
1311 2940 1333 2962 in
1350 2941 1406 2963 Luc.
1423 2941 1466 2968 23,
1484 2941 1526 2963 33:
1543 2941 1630 2963 Dicitur
1647 2947 1704 2969 ergo
1715 2941 1779 2963 locus
1790 2940 1871 2963 Calva-

1908 472 1979 499 Primo,
1993 472 2018 491 de

1889 496 1982 519 passionis
1992 496 2020 514 vi-

1895 519 1947 538 litate
1961 523 2006 542 qua-

1924 544 1973 560 tuor.

1888 612 1979 631 Primum.

1890 1405 2009 1426 Secundum.
