2296 3316
726 157 896 186 COMMENT.
918 158 950 186 ΙΝ
972 158 1117 187 ΙΟΑΝΝΕΜ
1137 158 1165 186 C.
1189 159 1264 187 XVll.

10 242 111 263 secunda-
125 237 285 275 sapientiae
305 237 333 265 in
354 235 544 265 annuntiando
563 235 744 269 documenta,
766 238 881 272 propter
900 243 972 272 quae

130 284 238 314 Graeci
250 285 490 317 converterentur,
505 282 552 319 qui
572 293 586 307 «
600 284 741 319 quaerunt
755 281 932 319 sapientiam
943 293 970 310 ».

201 331 293 367 (Vers.
316 329 384 366 22).
406 330 521 366 Propter
541 328 613 358 hanc
639 328 784 365 duplicem
808 328 971 357 claritatem

126 377 207 407 dicit:
231 378 265 406 Et
285 385 335 414 eyo
356 376 537 409 claritatem,
559 383 650 413 quam
670 374 776 403 dedisti
795 373 886 409 milti,
905 375 973 403 dedi

124 425 186 459 eis;
206 424 462 461 chrysostoinus1:
489 434 503 448 «
517 422 582 451 Eam
610 430 682 459 quae
709 429 759 458 per
780 421 881 459 signa,
910 429 971 450 eam

125 479 196 508 quae
210 478 260 508 per
274 471 414 508 doymata
428 481 455 497 ».
477 469 516 498 De
529 468 639 497 datione
653 468 787 497 claritatis
804 468 970 505 siynorum,

124 518 213 546 Lucae
233 517 349 545 nono²:
375 527 390 541 «x
403 515 565 544 Convocatis
584 515 745 549 duodecim,
759 514 834 543 dedit
854 514 894 543 eis
915 513 971 543 vir-

124 566 212 593 tutem
232 566 260 592 et
280 565 443 600 potestatem
470 569 555 598 super
583 561 674 590 omnia
697 561 856 595 daemonia,
885 563 912 590 et
939 564 971 590 ut

123 611 271 647 languores
291 611 464 638 curarent».
485 625 524 629 --
546 608 585 637 De
598 608 707 637 datione
728 608 862 637 claritatis
882 608 970 636 docu-

122 660 301 690 mentorum,
316 656 405 684 Lucae
420 655 551 692 vigesimo
566 655 671 692 primo:
696 666 710 680 α
725 655 780 692 Ego
800 654 872 683 dabo
892 654 970 683 vobis

122 711 153 733 os
167 706 195 733 et
209 703 370 740 sapientiam
380 726 387 737 ,
402 703 447 731 cui
462 710 516 731 non
531 704 663 739 poterunt
677 701 807 731 resistere
821 704 848 730 et
862 704 970 730 contra—

38 754 107 773 rema.
122 750 215 780 dicere
235 758 332 779 omnes
352 749 503 778 adversarii
524 748 609 777 vestri
625 760 651 776 n.
669 764 705 769 -
719 748 800 776 Dedit
813 748 895 777 etiam
911 748 969 777 cta-

121 797 238 826 ritatem
250 796 386 825 bonz'tatis
393 806 403 829 ;
415 798 529 832 propter
540 794 615 832 quod
626 794 734 823 subdit:
751 795 785 823 Ut
794 795 855 823 sint
865 803 969 829 unum,

121 844 197 873 sicut
223 846 250 872 et
275 851 328 871 nos
354 851 449 871 unum
476 850 598 876 sumus,
620 849 670 878 per
691 842 914 878 proportionem;
942 844 971 871 et

121 891 190 920 haec
211 892 253 919 est
272 890 435 927 proportio:

199 937 245 966 39.
267 937 356 972 (Vers.
379 936 447 972 23).
478 937 538 974 Eyo
563 936 594 964 in
615 936 673 970 eis,
694 940 719 964 et
741 940 773 965 tu
794 936 826 964 in
847 945 908 970 me,
936 939 971 965 ut

120 984 180 1013 sint
200 984 396 1013 consummati
416 983 448 1012 in
469 992 580 1017 unum,
602 983 630 1011 id
651 986 693 1012 est
719 983 833 1019 perfecti
855 983 883 1011 in
906 983 969 1011 uni-

121 1032 177 1059 tate
191 1030 342 1065 caritatis,
357 1033 384 1059 et
399 1038 449 1067 per
463 1030 515 1058 hoc
530 1029 685 1058 efficiantur
700 1029 776 1058 clari.
792 1029 867 1058 Unde
881 1029 969 1066 Chry-

120 1077 299 1106 sostomus⁸:
326 1088 339 1102 «
354 1077 423 1105 llaec
444 1079 486 1105 est
506 1084 605 1113 magna
620 1076 722 1113 gloria,
744 1079 776 1104 ut
797 1076 852 1105 sint
868 1084 968 1110 unum,

120 1125 148 1152 et
168 1123 236 1152 haec
257 1123 343 1160 signis
370 1123 458 1151 maior
485 1122 573 1159 gloria
599 1126 649 1151 est.
678 1123 754 1152 Sicut
781 1123 855 1151 enim
880 1123 968 1151 Deum

120 1170 306 1204 admiramur,
327 1170 459 1207 quoniam
480 1178 535 1198 non
556 1172 598 1198 est
615 1170 754 1199 contentio
767 1173 851 1207 atque
864 1170 969 1199 discor-

119 1216 165 1245 dia
184 1216 258 1253 apud
278 1219 407 1245 naturam
429 1216 520 1250 illam,
541 1218 569 1245 et
589 1216 711 1245 maxima
725 1219 767 1245 est
781 1217 849 1245 haec
863 1217 967 1253 gloria;

119 1263 158 1292 ita
178 1266 206 1292 et
226 1263 254 1292 hi
276 1263 341 1292 hinc
362 1263 519 1292 efficiantur
540 1263 606 1291 clari
622 1275 648 1291 ι».
671 1263 747 1292 Unde
761 1271 847 1300 supra
861 1263 968 1292 decimo

120 1310 243 1339 tertio4:
270 1321 283 1335 α
299 1310 325 1338 ln
349 1310 401 1339 hoc
422 1312 587 1346 cognoscent
613 1317 725 1343 omnes,
753 1310 819 1346 quia
839 1309 967 1346 discipuli

120 1357 175 1386 mei
195 1357 276 1391 estis,
298 1357 321 1386 si
341 1357 515 1385 dilectionem
535 1356 569 1384 ad
590 1356 708 1384 invicem
724 1356 879 1385 habueritis
893 1368 920 1385 ».
936 1356 968 1385 Et

120 1404 191 1433 hanc
221 1404 373 1433 claritatem
406 1403 540 1440 Apostolis
569 1402 651 1431 dedit.
682 1419 719 1423 -—
749 1403 783 1430 Et
813 1407 967 1440 cognoscat

119 1450 265 1485 mundus,
293 1451 365 1489 quia
393 1453 423 1478 tu
451 1459 496 1478 me
523 1449 647 1483 misisti,
676 1452 791 1486 propter
812 1449 967 1478 claritatem

119 1497 238 1531 scilicet,
260 1505 344 1534 quam
367 1496 428 1525 dedi
449 1497 489 1525 eis
509 1497 535 1524 in
557 1496 668 1524 nomine
689 1503 769 1530 meo;
794 1499 820 1524 et
840 1496 968 1524 dilexisti

119 1552 182 1579 cos,
203 1544 279 1573 sicut
300 1547 325 1572 et
344 1552 389 1572 me
409 1543 538 1572 dilexisti
547 1553 557 1576 ;
572 1546 599 1572 et
614 1543 666 1571 hoc
681 1545 827 1580 cognoscat
841 1551 891 1580 per
905 1543 967 1571 uni-

119 1594 203 1620 tatem
225 1594 252 1620 et
273 1591 463 1624 concordiam,
493 1598 576 1627 quam
605 1590 708 1619 videbit
728 1590 756 1618 in
777 1590 825 1619 eis.
847 1590 967 1627 Chryso-

119 1638 266 1667 stomus⁵:
293 1649 307 1663 «
321 1637 487 1671 Ostendens,
509 1637 587 1674 signo
608 1645 702 1674 pacem
732 1637 819 1674 magis
840 1637 967 1666 homines

117 1692 199 1722 posse
219 1685 368 1713 attrahere.
391 1684 467 1713 Sicut
487 1684 561 1713 enim
588 1684 727 1713 contentio
755 1684 966 1719 dissolutivum,

119 1731 158 1760 ita
184 1734 212 1760 et
239 1731 417 1760 consonantia
445 1730 708 1759 communicativum
723 1741 750 1765 »;
779 1732 896 1759 Actuum
925 1738 966 1759 se-

118 1777 247 1807 cund0⁶z
273 1789 287 1802 α
302 1777 386 1805 Erant
406 1780 617 1814 perseverantes
631 1777 659 1805 in
680 1777 805 1806 doctrina
826 1777 966 1814 Apostolo-

118 1832 182 1853 rum
203 1827 231 1853 et
252 1824 500 1853 communicatione
525 1824 667 1852 fractionis
687 1824 766 1860 panis
787 1826 815 1852 et
835 1824 968 1852 orationi-

118 1871 186 1906 bus;
208 1871 347 1908 fiebatque
366 1874 458 1900 autem
481 1871 556 1900 omni
577 1871 685 1899 animae
705 1871 788 1899 timor
802 1882 829 1899 ».

6 295 11 325 ξι

2 348 3 351 ,
9 334 11 350 ⁴.

8 353 11 380 ἔ

1815 158 1872 186 475

1348 239 1550 275 QUAESTIONES.

1106 330 1153 359 40.
1175 331 1286 367 Quaest.
1309 332 1326 360 I.
1348 333 1498 369 Quaeritur
1512 335 1557 364 hic
1570 345 1576 363 :
1591 336 1670 373 quia,
1685 337 1707 365 si
1722 338 1791 367 nulli
1807 342 1872 368 sunt

1027 376 1123 405 salvati
1144 385 1194 414 per
1215 378 1372 414 Christum,
1394 381 1446 409 nisi
1467 389 1518 418 pro
1532 382 1635 419 quibus
1649 384 1754 419 oravit;
1770 389 1797 414 et
1813 385 1871 422 ipse

1027 422 1117 451 solum
1138 424 1228 453 oravit
1248 433 1300 461 pro
1314 426 1448 463 Apostolis
1462 430 1489 456 et
1503 429 1651 459 credituris
1665 438 1715 467 per
1729 439 1791 460 eos:
1806 439 1872 469 ergo

1027 468 1064 496 illi
1087 469 1134 506 qui
1156 470 1334 500 crediderunt
1354 480 1404 509 per
1424 473 1581 510 Christum,
1610 479 1642 505 ut
1668 477 1871 513 Nicodemus⁷,

1027 518 1180 545 caruerunt
1200 516 1333 546 beneficio
1353 520 1500 555 orationis,
1521 524 1549 550 et
1569 522 1606 551 ita
1627 523 1732 553 salutis.

1106 562 1283 592 Responnsso:
1299 565 1466 601 Dicendum,
1481 569 1555 605 quod
1570 570 1715 599 credituri
1724 580 1779 608 per
1793 574 1870 610 Apo-
1888 568 1946 592 ³⁹⁵⁹*

1026 608 1113 637 stolos
1140 618 1195 638 non
1223 613 1331 640 tantum
1357 613 1489 642 dicuntur
1517 616 1565 652 qui
1591 619 1698 646 tantum
1718 618 1752 647 ad
1773 627 1870 649 eorum

1027 655 1257 691 praedicationem
1286 659 1411 688 conversi
1432 663 1512 695 sunt,
1534 662 1581 690 sed
1601 663 1683 692 etiam
1704 665 1752 701 qui
1773 673 1870 694 eorum

1026 701 1148 738 vestigiis
1174 703 1369 733 adhaeserunt.
1393 722 1429 727 —-
1452 707 1499 735 Vel
1521 711 1610 744 potest
1633 709 1702 744 dici,
1724 711 1798 747 quod
1818 712 1870 740 Do-
1888 707 1956 726 “meh

1026 748 1120 777 minus
1140 749 1238 778 orabat
1257 758 1309 787 pro
1330 751 1374 780 his
1394 753 1442 789 qui
1464 753 1517 782 iam
1539 755 1716 785 crediderunt
1737 759 1871 794 generali-

1026 797 1085 829 ter,
1107 803 1161 824 non
1184 799 1290 826 tantum
1313 806 1364 835 pro
1384 800 1519 836 Apostolis
1530 800 1549 829 ⁸.

1105 843 1151 871 41.
1167 843 1277 879 Quaest.
1290 845 1318 873 11.
1331 846 1396 874 Item
1409 847 1554 883 quaeritur
1565 848 1599 876 de
1611 848 1678 883 hoc,
1692 850 1767 886 quod
1782 851 1872 879 Domi-

1026 896 1080 917 nus
1089 890 1179 918 oravit
1189 898 1240 927 pro
1251 891 1400 921 credituris
1410 901 1461 929 per
1472 894 1622 931 Apostolos,
1631 899 1761 925 utessent
1769 906 1871 926 unum.

1104 936 1234 965 CONTRA:
1246 938 1322 967 Multi
1334 939 1528 975 crediderunt,
1541 941 1588 978 qui
1600 942 1716 971 fuerunt
1730 943 1831 972 divulsi
1845 948 1872 973 et

1026 985 1264 1013 retrocesserunt:
1279 993 1346 1022 ergo
1360 994 1414 1015 non
1429 987 1482 1015 fuit
1496 996 1547 1024 pro
1561 989 1691 1018 omnibus
1712 990 1870 1019 exauditus.

1105 1030 1285 1060 RespoNnEo:
1308 1032 1423 1069 Quidam
1450 1037 1515 1063 sunt
1542 1035 1575 1064 de
1603 1044 1720 1065 numero
1748 1037 1870 1066 fidelium
1882 1032 2011 1074 affsstiss'ctffl.

1025 1076 1156 1111 nomine,
1185 1081 1217 1106 ut
1237 1079 1300 1107 mali
1326 1079 1493 1115 Christiani;
1522 1082 1633 1119 quidam
1662 1084 1765 1112 merito
1783 1093 1871 1121 prae-

1024 1123 1113 1152 sentis
1133 1124 1284 1159 iustitiae,·
1305 1127 1418 1163 quidam
1440 1129 1600 1166 cognitione
1611 1131 1809 1166 praevisionis
1824 1140 1871 1159 ae-

1026 1173 1140 1205 ternae,
1161 1171 1195 1199 de
1216 1180 1271 1208 qua
1291 1174 1428 1203 secundae
1448 1175 1482 1203 ad
1502 1176 1677 1205 Timotheum
1707 1178 1828 1207 secundo
1840 1179 1869 1207 ⁹:

1026 1216 1113 1246 Novit
1136 1217 1277 1247 Dominus
1298 1220 1350 1258 qui
1368 1225 1439 1250 sunt
1458 1222 1541 1256 eius;
1569 1227 1597 1252 et
1617 1233 1668 1261 pro
1690 1224 1790 1254 talibus
1810 1228 1872 1254 orat

1025 1263 1174 1298 Dominus,
1190 1273 1241 1301 pro
1254 1266 1314 1295 aliis
1328 1275 1396 1301 non,
1411 1268 1477 1304 quia
1490 1269 1597 1305 primae
1612 1270 1719 1299 Ioannis
1733 1271 1869 1300 secundo:

1027 1311 1070 1339 Ex
1091 1311 1173 1340 nobis
1193 1312 1343 1347 exierunt,
1364 1315 1414 1343 sed
1435 1324 1469 1344 eac
1489 1316 1572 1344 nobis
1592 1326 1651 1345 non
1671 1321 1764 1346 erant.

1103 1358 1149 1386 42.
1172 1358 1282 1394 Quaest.
1306 1360 1345 1388 111.
1368 1360 1433 1389 Item
1455 1362 1601 1398 quaeritur
1622 1363 1656 1391 de
1675 1364 1727 1391 hoc
1741 1364 1815 1400 quod
1830 1364 1871 1392 di—

1024 1403 1079 1432 cit:
1101 1404 1166 1433 Sint
1185 1414 1295 1440 unum,
1317 1407 1395 1435 sicut
1414 1411 1439 1436 et
1458 1416 1519 1436 nos.

1106 1452 1129 1479 l.
1142 1451 1213 1487 Quid
1224 1455 1266 1481 est
1277 1453 1349 1489 quod
1361 1453 1435 1487 dicit,
1448 1461 1512 1482 cum
1524 1454 1578 1482 sint
1592 1463 1680 1483 unum
1696 1455 1723 1483 in
1738 1456 1871 1490 essentia,

1024 1497 1151 1526 homines
1164 1501 1257 1527 autem
1273 1507 1333 1528 esse
1353 1508 1409 1528 non
1430 1504 1546 1537 possunt
1567 1509 1655 1530 unum
1678 1502 1705 1530 in
1727 1503 1871 1531 essentia?

1103 1546 1129 1573 2.
1152 1545 1217 1574 Item
1227 1568 1234 1579 ,
1248 1546 1327 1575 sicut
1340 1550 1371 1574 tu
1387 1547 1418 1575 in
1432 1555 1493 1581 me,
1508 1550 1534 1576 et
1553 1556 1604 1585 eyo
1626 1548 1657 1576 in
1678 1549 1718 1577 eis
1731 1549 1775 1583 ¹⁰;
1795 1550 1873 1578 nulla

1023 1592 1134 1620 omnino
1155 1592 1265 1622 videtur
1286 1593 1445 1622 similitudo.

1102 1638 1179 1667 Dixit
1197 1639 1292 1674 Arius,
1308 1640 1382 1676 quod
1397 1643 1456 1669 erat
1470 1641 1648 1676 similitudo,
1664 1645 1690 1671 et
1705 1643 1791 1677 sicut,
1806 1651 1868 1672 cum
1889 1637 1945 1661 ³³⁵⁹·
1960 1638 2008 1656 Μ’

1023 1684 1140 1719 dicitur,
1163 1685 1237 1722 quod
1258 1694 1356 1715 sumus
1370 1695 1475 1721 unum,
1494 1696 1549 1716 non
1570 1692 1683 1725 propter
1705 1690 1757 1718 hoc
1778 1691 1869 1727 sequi-

1023 1734 1086 1765 tur,
1108 1731 1182 1768 quod
1203 1740 1301 1761 sumus
1319 1741 1406 1761 unum
1422 1734 1449 1762 in
1464 1735 1600 1769 essentia;
1623 1736 1660 1764 sic
1680 1744 1745 1770 nec,
1760 1737 1870 1773 quando

1023 1777 1108 1806 Filius
1128 1778 1244 1806 dicitu:
1267 1780 1326 1816 qu
1347 1783 1373 1808 et
1393 1781 1483 1809 Pater
1503 1790 1596 1810 unum
1616 1791 1729 1811 sumus.

1103 1825 1134 1853 Et
1154 1825 1225 1853 male
1246 1825 1327 1860 dicit,
1348 1827 1430 1863 quia,
1452 1828 1563 1864 quando
1583 1829 1701 1864 dicitur,
1723 1831 1797 1867 quod
1819 1832 1868 1859 ali-
1889 1823 2013 1847 '‘⁹P‘⁰b³‘¹¹¹'‘

1023 1871 1071 1908 qui
1093 1871 1149 1900 sint
1169 1880 1273 1906 unum,
1295 1873 1367 1901 sicut
1381 1873 1446 1902 dicit
1461 1874 1630 1911 Augustinus
1643 1877 1681 1911 ¹²,
1700 1878 1743 1906 vel
1758 1886 1869 1907 necesse

180 2040 188 2053 ²
205 2041 230 2063 In
246 2041 307 2063 loan.
324 2040 402 2062 homil.
421 2041 458 2063 82.
475 2040 540 2069 (alias
558 2041 605 2069 81.)
623 2047 645 2063 n.
663 2041 689 2063 2:
708 2041 738 2064 Et
748 2047 790 2070 eqo
803 2041 961 2064 claritatem...

117 2079 170 2103 dedi
184 2079 230 2108 eis,
247 2080 270 2102 id
287 2082 322 2102 est
338 2086 379 2108 per
396 2080 472 2108 signa,
490 2086 531 2108 per
547 2080 674 2102 doctrinam
688 2079 737 2109 [τὴν
749 2077 785 2101 διὰ
797 2081 841 2102 τῶν
854 2078 962 2110 σημείων,

117 2116 156 2146 τὴν
173 2115 209 2140 διὰ
226 2120 270 2140 τῶν
287 2117 427 2149 ’(Ξογμιπίτοιω]ι

178 2156 187 2170 ²
204 2158 270 2181 Vers.
287 2158 313 2185 ll:
331 2157 385 2180 ibid.
404 2158 429 2180 2l
440 2176 445 2186 ,
463 2158 501 2180 45.
517 2161 551 2180 est
567 2165 615 2187 seq.
633 2159 704 2181 locus.

178 2195 188 2208 ¹³
204 2198 229 2220 ln
245 2198 305 2220 loan.
324 2197 401 2219 homil.
420 2197 456 2219 82.
475 2197 540 2226 (alias
558 2197 604 2226 Sl.)
622 2204 643 2219 n.
662 2198 683 2220 2.

178 2234 188 2248 '¹
206 2236 270 2258 Vers.
288 2236 326 2259 35.

178 2273 188 2287 ⁵
204 2276 227 2298 In
244 2276 305 2298 loan.
322 2275 400 2297 homil.
419 2275 457 2298 82.
474 2275 538 2301 (alias
556 2275 602 2304 84.)
620 2281 642 2297 n.
655 2276 682 2297 2:
693 2274 784 2301 Δεικνῦς
796 2274 890 2306 σημείου
903 2276 961 2306 μᾶλ-

115 2313 156 2336 λον
174 2312 213 2341 τὴν
228 2311 316 2343 εἰρήνην
332 2313 454 2344 δυναμένην
471 2312 646 2336 ἐπισπάσασθαι.
664 2311 752 2343 ’Ὠσπερ
764 2310 807 2344 γὰρ
824 2313 837 2342 ἡ
854 2312 899 2344 ’έρις
916 2314 961 2336 δια-

114 2350 215 2382 γυτικὸν,
234 2352 305 2378 οὕτως
321 2352 334 2381 ἡ
352 2351 470 2383 συμφωνία
491 2352 681 2383 συγκροτητικὸν;
703 2359 763 2382 quae
785 2353 857 2376 verba
879 2354 902 2376 in
925 2355 962 2377 ed.

115 2392 191 2420 Migne
213 2392 245 2414 sic
267 2393 347 2415 Latine
368 2391 516 2414 exhibentur:
533 2393 561 2415 Ut
583 2392 700 2420 ostendat,
718 2398 799 2420 pacem
823 2393 874 2421 plus
890 2399 962 2422 quam

115 2431 181 2459 signa
197 2432 319 2453 attrahere.
331 2431 393 2454 Sicut
404 2432 465 2454 enim
482 2432 597 2454 contentio
615 2432 731 2459 dissolvit,
743 2432 773 2454 ita
789 2433 912 2455 concordia
927 2439 963 2455 co·

114 2471 185 2498 pulat.
207 2470 250 2492 Pro
272 2470 392 2493 attrahere
414 2471 482 2493 codd.
500 2470 635 2499 obstruere,
653 2471 690 2494 ed.
704 2471 865 2500 persuadere,
882 2472 963 2494 Gorra-

114 2515 160 2531 nus
175 2509 230 2537 legit
243 2515 328 2538 pacem
341 2509 498 2538 potentiorem
520 2516 593 2539 quam
615 2510 686 2539 signa
708 2509 740 2533 ad
758 2510 961 2540 persuadendum.

116 2548 218 2571 Subinde
233 2548 250 2571 C
262 2548 279 2571 N
296 2549 388 2576 legunt:
400 2548 468 2572 Sicut
478 2548 541 2572 enim
558 2549 673 2572 contentio
690 2549 806 2578 dissolvit,
821 2550 855 2573 ita
866 2556 961 2574 concor-

115 2585 155 2609 dia
171 2586 293 2609 connectit.

176 2623 187 2637 ὅ
203 2625 268 2648 Vers.
287 2625 323 2648 42.
340 2628 363 2648 et
380 2626 418 2648 43.

177 2663 187 2676 '¹
204 2665 237 2688 De
253 2672 300 2694 quo
317 2671 386 2693 supra
404 2666 431 2693 3,
449 2666 470 2688 l.
488 2672 553 2695 seqq.
570 2668 592 2688 et
608 2665 636 2693 7,
653 2667 690 2689 50.
707 2673 773 2696 seqq.

178 2701 187 2715 Β
204 2703 250 2727 Cir.
271 2704 381 2732 August.,
404 2704 427 2726 in
450 2702 510 2727 loan.
532 2705 621 2732 Evang.
643 2707 670 2727 tr.
688 2705 741 2728 ¹109.
758 2712 800 2734 per
817 2709 904 2735 toturn,
921 2706 962 2729 ubi

12 2750 14 2777 i
116 2742 197 2765 eadem
214 2742 336 2765 difficultas
352 2743 489 2771 proponitur
505 2746 528 2766 et
544 2744 648 2767 solvitur.
659 2757 690 2761 —
702 2745 744 2767 Ed.
755 2745 792 2767 hic
803 2745 868 2768 addit
879 2746 901 2768 et
911 2751 961 2768 cre-

115 2780 202 2805 dituris
216 2788 260 2811 per
277 2788 324 2805 eos.

12 2798 14 2836 ¹
177 2818 187 2831 ⁹
204 2821 269 2843 Vers.
288 2821 329 2849 4⁹3
352 2822 391 2843 cfr.
414 2827 484 2849 supra
506 2827 560 2849 pag.
584 2821 642 2850 393,
659 2824 713 2844 nota
731 2822 751 2844 6.
769 2834 800 2839 —
817 2823 926 2852 Sequitur
943 2823 959 2845 Ι.

13 2852 14 2884 l
115 2859 174 2881 loan.
193 2860 219 2887 2,
238 2860 275 2882 ¹19.
293 2860 352 2882 Vide
369 2865 439 2887 supra
457 2866 478 2882 n.
497 2859 533 2882 24.
551 2862 574 2882 et
591 2860 629 2882 33.

13 2899 14 2915 l
177 2896 197 2910 ¹⁰
214 2898 279 2921 Vers.
297 2899 339 2921 23:
356 2899 407 2928 Eyo
419 2898 444 2921 in
455 2899 500 2927 eis,
520 2900 541 2922 et
553 2899 615 2922 tuin
627 2905 670 2922 me.
683 2912 713 2916 —
726 2900 767 2922 Ed.
779 2901 863 2928 allegat
879 2907 902 2923 v.
918 2901 943 2923 2l
956 2908 961 2923 :

13 2932 15 2971 ἷ
117 2936 179 2959 Sicut
190 2940 221 2964 tu,
233 2938 306 2964 Pater,
318 2937 340 2959 in
352 2943 401 2966 me,
413 2940 435 2960 et
446 2944 490 2965 ego
502 2938 525 2960 in
538 2940 572 2965 te,
584 2941 609 2961 ut
620 2941 642 2961 et
653 2939 697 2967 ipsi
709 2939 731 2961 in
744 2938 811 2962 nobis
823 2946 895 2961 unum
907 2939 959 2962 sint.

13 3070 15 3085 1

1084 2041 1101 2054 ¹¹
1121 2043 1193 2071 Supra
1213 2043 1255 2071 40,
1272 2044 1309 2065 30.
1321 2056 1351 2060 —
1363 2043 1406 2067 Csr.
1425 2045 1505 2073 Hilar.,
1524 2045 1577 2067 Vlll.
1594 2046 1624 2067 (le
1642 2046 1704 2069 Trin.
1722 2053 1744 2068 n.
1762 2048 1784 2069 5.
1801 2054 1867 2077 seqq,

1083 2080 1102 2093 ¹²
1119 2081 1180 2104 Libr.
1198 2082 1234 2104 Vl.
1253 2082 1282 2105 de
1299 2082 1362 2105 Trin.
1379 2089 1398 2105 c.
1414 2083 1436 2105 3.
1452 2090 1475 2105 n.
1488 2083 1655 2111 4:15tnescio,
1674 2088 1750 2107 utrum
1764 2086 1865 2109 invenia-

1018 2123 1055 2143 tur
1072 2121 1094 2143 in
1117 2121 1241 2149 scripturis
1262 2121 1350 2143 dictum
1369 2128 1444 2145 unum
1460 2124 1528 2150 sunt,
1546 2129 1647 2151 quorum
1665 2127 1699 2145 est
1715 2124 1807 2147 diversa
1825 2132 1867 2148 na-

1018 2162 1076 2182 tura.
1093 2160 1117 2182 Si
1133 2163 1210 2182 autem
1233 2160 1310 2189 aliqua
1332 2161 1397 2188 plura
1421 2161 1525 2183 eiusdem
1548 2164 1642 2183 naturae
1664 2162 1709 2184 sint
1730 2166 1752 2185 et
1774 2163 1865 2186 diversa

1018 2199 1128 2226 sentiant,
1145 2205 1192 2221 non
1209 2201 1261 2221 sunt
1272 2205 1356 2227 unum,
1370 2199 1392 2221 in
1408 2202 1521 2228 quantum
1538 2200 1629 2222 diversa
1647 2201 1755 2224 sentiunt.
1773 2202 1829 2224 Nam
1847 2207 1867 2228 si

1019 2237 1063 2259 iam
1090 2244 1162 2260 unum
1187 2240 1264 2260 essent
1287 2244 1314 2260 ex
1331 2243 1371 2264 e0,
1389 2238 1452 2266 quod
1477 2238 1582 2260 homines
1606 2242 1683 2267 erant,
1708 2245 1753 2261 non
1778 2240 1867 2262 diceret

1018 2276 1092 2306 [ioan.
1110 2277 1152 2304 47,
1169 2276 1230 2306 22.]:
1248 2277 1279 2300 Ut
1293 2276 1340 2300 sint
1356 2283 1445 2305 unum,
1462 2277 1523 2300 sicut
1539 2279 1560 2300 ct
1577 2283 1620 2300 nos
1637 2284 1726 2306 unum,
1744 2285 1797 2301 cum
1810 2286 1866 2302 suos

1018 2315 1145 2343 discipulos
1162 2316 1221 2338 Patri
1238 2316 1419 2338 commendaret.
1435 2316 1463 2337 At
1480 2322 1536 2338 vero
1558 2316 1640 2339 Paulus
1657 2320 1679 2339 ct
1700 2317 1795 2346 Apollo,
1812 2319 1866 2346 quia

1019 2357 1041 2377 et
1065 2354 1135 2377 ambo
1161 2355 1266 2377 homines
1288 2357 1310 2377 et
1334 2355 1395 2377 idem
1420 2354 1562 2377 sentiebant:
1590 2354 1637 2383 Qui
1657 2355 1765 2385 plantat,
1791 2357 1867 2386 inquit

1020 2391 1045 2421 [l.
1056 2393 1108 2416 Cor.
1126 2393 1153 2420 3,
1171 2392 1218 2422 8.],
1235 2394 1258 2415 et
1273 2392 1315 2422 qai
1330 2392 1394 2422 riyat
1410 2399 1487 2415 unum
1504 2395 1566 2416 sunt.
1585 2393 1643 2416 Cum
1661 2400 1717 2422 crgo
1734 2395 1766 2417 sic
1783 2395 1867 2418 dicitur

1020 2438 1106 2459 unum,
1122 2434 1147 2454 ut
1163 2437 1211 2455 non
1228 2431 1332 2454 addatur
1348 2432 1405 2460 quid
1423 2438 1508 2460 unum,
1526 2434 1548 2454 et
1567 2432 1633 2460 plura
1657 2439 1728 2455 unum
1752 2433 1866 2461 dicantur,

1019 2472 1101 2494 eadem
1113 2474 1193 2493 natura
1208 2473 1277 2499 atque
1291 2471 1387 2493 essentia
1395 2488 1401 2498 ,
1413 2477 1459 2493 non
1470 2471 1585 2493 dissidens
1597 2477 1641 2493 nec
1652 2471 1789 2494 dissentiens
1799 2473 1867 2500 signi-

1019 2511 1107 2533 sscatur.
1119 2510 1178 2533 Cum
1195 2516 1251 2532 vero
1267 2509 1365 2532 additur
1382 2510 1438 2538 quid
1451 2516 1534 2538 unum,
1547 2512 1622 2538 potest
1638 2511 1725 2539 aliquid
1741 2511 1865 2539 significari

1020 2555 1046 2572 ex
1063 2549 1170 2577 pluribus
1187 2555 1259 2571 unum
1277 2549 1375 2575 sactum,
1387 2549 1494 2577 quamvis
1506 2549 1604 2571 diversis
1615 2552 1702 2571 natura.
1716 2550 1779 2572 Sicut
1790 2551 1865 2573 anima

1019 2591 1042 2611 et
1058 2595 1143 2616 corpus
1160 2595 1205 2610 non
1222 2590 1275 2610 sunt
1292 2588 1369 2616 utique
1392 2594 1476 2616 unum;
1498 2588 1555 2616 quid
1577 2588 1638 2610 enim
1662 2588 1866 2612 tam‘diversum?

1019 2627 1062 2650 nisi
1079 2627 1177 2649 addatur
1194 2629 1233 2649 aut
1249 2625 1431 2654 subintelligatur
1447 2626 1503 2655 quid
1521 2633 1607 2654 unum,
1624 2626 1648 2649 id
1665 2629 1699 2649 est
1710 2633 1770 2650 unus
1781 2628 1864 2655 homo,

1020 2669 1059 2689 aut
1075 2672 1147 2689 unum
1165 2666 1272 2688 animal...
1289 2671 1404 2694 nusquam
1421 2665 1477 2688 dixit
1494 2665 1636 2695 [Dominus]:
1654 2667 1683 2689 Ut
1698 2672 1740 2689 nos
1755 2669 1778 2689 et
1789 2667 1864 2694 ipsum

1020 2711 1105 2733 unum,
1122 2705 1163 2727 sed
1187 2706 1215 2727 ut
1238 2710 1314 2727 unum
1335 2704 1396 2732 sint,
1412 2703 1473 2727 sicut
1489 2705 1512 2727 et
1527 2710 1570 2727 nos
1593 2710 1669 2727 unum
1691 2711 1783 2728 sumus.
1800 2706 1865 2727 Pater

1019 2750 1076 2772 ergo
1093 2746 1115 2766 et
1131 2743 1200 2766 Filius
1217 2749 1290 2765 unum
1307 2746 1372 2770 sunt,
1390 2743 1468 2772 utique
1485 2743 1613 2766 secundum
1631 2744 1740 2766 unitatem
1763 2744 1865 2766 substan-

1019 2783 1064 2805 tiae
1080 2785 1122 2805 etc.
1144 2782 1188 2805 Cl'r.
1212 2782 1267 2805 ibid.
1284 2782 1320 2805 lv.
1339 2787 1359 2804 c.
1376 2782 1397 2804 8.
1415 2788 1438 2803 n.
1456 2782 1497 2810 l2;
1515 2783 1530 2804 1.
1548 2785 1626 2804 contra
1649 2782 1763 2805 Maximin.
1785 2783 1861 2805 Arian.

1019 2828 1039 2845 c,
1058 2823 1095 2844 l2.
1112 2824 1134 2844 et
1151 2823 1175 2844 ll.
1192 2828 1211 2844 c,
1229 2822 1266 2843 22.
1284 2821 1343 2843 Vide
1359 2821 1373 2843 l.
1393 2821 1454 2843 Sent.
1471 2821 1494 2843 d.
1511 2821 1548 2843 31.
1566 2827 1589 2849 p.
1612 2822 1635 2844 ll.
1653 2828 1675 2844 a.
1692 2823 1713 2844 2.
1735 2828 1758 2850 q.
1777 2823 1798 2844 l.
1815 2828 1864 2851 seq.

1019 2874 1050 2879 --
1066 2861 1161 2884 interius
1182 2860 1235 2883 voci
1257 2859 1475 2883 determinationem
1496 2860 1574 2888 plures
1591 2861 1659 2883 codd.
1676 2861 1806 2890 praefigunt
1827 2861 1863 2889 in,

1019 2900 1082 2929 quod
1101 2900 1123 2922 in
1141 2900 1157 2921 B
1169 2906 1181 2921 a
1198 2899 1299 2922 secunda
1317 2905 1387 2921 manu
1405 2901 1533 2922 correctum
1551 2900 1573 2922 in
1591 2899 1628 2922 ibi.
