2296 3316
15 1267 24 1281 e
36 1262 101 1280 forma.

703 151 872 180 COMMENT.
895 151 927 179 IN
947 151 1138 180 SAPIENTIAM
1158 152 1186 180 C.
1208 153 1272 181 XIII.

116 232 170 266 ria,
196 231 253 260 sive
280 231 384 268 lignea,
410 230 467 259 sive
494 230 562 264 alla,
583 238 637 258 non
664 232 770 257 tantum
798 228 903 263 ferrea;
925 229 959 257 de

116 278 191 307 silva
213 278 325 315 liynum
346 280 456 306 rectum
476 277 614 310 secuerit;
636 276 718 305 Isaiae
748 275 958 312 quadragesimo

116 324 254 361 quarto¹:
286 323 436 352 «Succidit
464 323 577 356 cedros,
602 322 666 351 tulit
695 322 813 350 ilicem»
843 324 894 350 etc.
924 321 959 349 Et

117 370 219 405 liuius,
241 371 344 400 scilicet
364 371 445 407 ligni,
466 370 545 398 docte
565 369 669 398 eradat
689 377 800 397 omnem
815 368 958 401 corticem,

117 417 220 446 scilicet
240 417 421 451 exteriorem3
443 420 468 444 et
489 420 553 444 arte
572 424 630 444 sua
658 424 748 448 usus,
769 413 895 451 fabricet
915 414 959 442 di-

118 464 236 501 liyenter
255 472 309 492 vas
329 463 414 496 utile;
435 463 544 491 Glossa:
572 474 585 487 «
600 462 683 490 Valde
709 462 776 490 utile
791 473 818 495 »,
841 461 871 489 in
893 469 959 489 con-

117 511 308 539 versationem
338 510 430 543 vitae,
452 510 589 538 humanae
613 509 732 542 scilicet;
758 507 894 536 secundae.
925 507 958 535 ad

117 557 292 585 Timotheum
314 556 450 585 secundo:
481 567 494 581 «
510 556 537 584 In
559 563 657 592 magna
684 555 756 584 enim
786 554 867 583 domo
894 557 960 583 sunt

117 610 182 631 vasa
202 602 291 639 lignea
311 604 338 631 et
359 602 479 631 fictilia»
505 604 556 630 etc.

155 662 157 664 ·
196 649 284 685 (Vers.
309 649 374 684 12).
404 648 553 686 Reliquias
583 652 679 676 autem
708 646 797 675 buius
823 647 958 684 operm,

117 696 145 724 id
165 698 207 725 est
227 695 292 732 ligni
314 695 461 732 praedicti,
483 695 523 723 ad
542 694 800 731 praeparationem
816 702 896 722 escae
909 693 960 722 ab-

117 746 235 776 utatur,
257 742 284 770 id
304 744 358 776 est,
384 744 493 775 utatur,
518 741 670 770 secundum
695 740 763 769 illud
784 741 867 769 Isaiae
892 749 960 777 qua-

117 789 271 826 dragesimo
292 791 407 826 quarto:
434 800 447 813 «
462 789 564 817 Sumsit
585 796 620 817 ex
636 788 675 816 eis
695 791 722 816 et
743 787 890 816 calefactus
905 791 958 822 est,

117 835 258 865 succendit
278 839 306 864 et
326 835 401 864 coxit
422 843 505 872 panes
519 847 546 863 ».

196 882 284 917 (Vers.
310 882 375 918 13.).
400 882 432 910 Et
453 882 597 920 reliquum
619 880 738 915 librum,
761 881 862 909 borum
888 881 959 909 scili-

117 930 175 962 cet,
196 935 267 965 quae
288 928 316 956 in
337 936 406 957 usus
434 928 571 957 humanos
596 928 684 964 posita
708 930 788 961 sunt3
810 927 888 965 quod
919 927 959 956 ad

117 974 229 1003 nullum
252 983 338 1003 usum
351 975 372 1009 ⁵,
394 975 497 1003 scilicet
518 975 687 1008 humanum,
702 973 788 1011 facit,
806 974 831 1002 id
852 978 893 1002 est
914 982 961 1002 va-

118 1021 170 1055 let,
193 1021 283 1058 ipsum
304 1021 364 1050 dico
386 1021 496 1058 lignum
518 1029 653 1054 curvum,
676 1021 779 1049 scilicet
800 1020 826 1048 iu
849 1028 877 1049 se
892 1021 959 1057 ipso,

117 1071 143 1097 ct
162 1067 337 1101 vorticibus,
359 1067 385 1096 id
400 1071 441 1096 est
456 1067 546 1101 nodis,
559 1067 689 1105 plenam,
705 1067 807 1096 scilicet
822 1068 959 1101 exterius;

117 1115 234 1152 sculpat
246 1114 406 1152 diliyenter,
422 1115 525 1144 scilicet
540 1114 706 1143 removendo
720 1114 895 1149 nodositates,
908 1123 960 1152 per

118 1162 293 1189 vacuitatem
314 1169 418 1195 suam,
439 1161 520 1198 quia,
542 1165 800 1198 quantumcumque
828 1161 864 1190 ibi
887 1162 961 1190 labo-

118 1210 173 1241 ret,
194 1210 269 1236 totus
290 1207 366 1236 labor
387 1208 447 1236 eius
467 1208 589 1237 otiositas
610 1211 770 1244 reputatur,
784 1216 816 1237 eo
831 1209 905 1245 quod
924 1209 960 1237 ibi

118 1253 252 1282 inutiliter
273 1254 386 1282 laboret.
411 1255 444 1282 Et
462 1263 516 1291 per
536 1254 688 1282 scientiam
710 1262 782 1282 suae
796 1255 873 1283 artis
885 1254 961 1291 siqu-

118 1304 162 1329 ret
180 1300 269 1334 illud,
291 1301 394 1330 scilicet
414 1301 547 1329 exteriori
569 1301 729 1335 lineatione,
750 1304 777 1329 et
798 1301 850 1330 hoc
871 1301 962 1338 quoad

118 1346 266 1384 formam;
286 1351 313 1376 et
332 1347 471 1376 assimilet
491 1347 564 1376 illud
589 1347 714 1384 imayini
741 1346 882 1381 bominis,
910 1348 962 1376 sci-

119 1394 182 1423 licet
203 1394 393 1423 membrorum
409 1394 669 1431 repraesentatione.
686 1394 717 1422 Et
731 1397 804 1428 nota,
819 1394 893 1430 quod
908 1402 962 1422 non

119 1439 185 1469 dicit
205 1440 344 1469 assimilet
365 1439 492 1474 bomini,
514 1440 561 1469 sed
586 1440 713 1477 imagini
733 1439 875 1474 bominis,
898 1441 963 1477 quia

120 1487 148 1515 in
168 1487 355 1516 exterioribus
375 1491 401 1516 et
423 1495 477 1516 non
508 1487 687 1516 interioribus
712 1489 802 1523 potest
827 1494 887 1515 esse
911 1487 964 1515 ista

120 1533 310 1570 configuratio.

198 1581 286 1617 (Vers.
311 1581 354 1609 14.
379 1582 422 1609 15.
448 1582 512 1613 16.).
535 1582 597 1609 Aut
616 1580 709 1609 alicui
728 1589 762 1609 ex
784 1580 964 1609 animalibus

120 1626 193 1656 illud
203 1630 366 1664 comparet,
382 1627 407 1655 id
421 1629 463 1656 est
477 1627 624 1661 assimilet,
639 1627 673 1655 ad
688 1627 823 1655 Romanos
837 1627 927 1663 primo
938 1628 963 1654 ⁴:

125 1684 139 1698 «
153 1673 181 1701 In
202 1673 409 1702 similitudinem
431 1673 557 1710 imaginis
578 1673 768 1710 corruptibilis
798 1673 917 1701 hominis
937 1675 965 1701 et

120 1720 266 1748 volucrum
291 1723 319 1748 et
346 1720 559 1756 quadrupedum
575 1732 588 1744 υ
613 1723 674 1753 etc.;
697 1720 761 1748 item
783 1719 810 1747 in
844 1719 963 1747 Psalmo:

126 1767 328 1795 «Mutaverunt
349 1766 465 1803 glorIam
490 1775 569 1795 suam
596 1767 624 1795 in
650 1766 857 1795 similitudinem
885 1766 964 1794 vituli

121 1812 289 1842 comedentis
302 1813 413 1842 foenum
428 1826 455 1842 ».
472 1813 644 1847 Perliniens,
660 1814 685 1842 id
700 1817 741 1842 est
756 1813 897 1847 exterius,
912 1822 964 1841 ru-

121 1859 217 1893 brica,
239 1859 266 1888 id
294 1863 336 1888 est
363 1860 460 1896 regula
490 1860 534 1888 vel
561 1859 608 1889 filo
638 1862 725 1888 tracto
747 1860 839 1888 colore
860 1859 963 1893 rubeo,

121 1915 177 1944 quo
197 1906 228 1935 fit
248 1906 394 1935 distinctio.
415 1906 522 1934 Dicitur
543 1906 616 1935 enim
637 1906 760 1944 rubrica
782 1910 857 1935 terra
878 1906 964 1934 rubra

121 1956 149 1982 et
169 1953 258 1987 color,
280 1953 327 1990 qui
349 1953 412 1981 inde
433 1953 477 1987 fit,
498 1956 526 1981 et
547 1953 643 1990 regula
663 1954 707 1981 vel
728 1953 819 1987 filum,
841 1961 897 1990 quo
919 1953 962 1987 fit,

121 2002 149 2029 et
162 2000 221 2037 ipsa
240 1999 375 2033 tinctura,
390 2002 417 2028 et
431 1999 512 2028 debet
526 2007 635 2036 semper
650 1999 739 2028 media
760 2000 873 2036 produci
886 2000 906 2028 ⁵.
931 2000 963 2027 Et

121 2046 320 2074 rubicundum
340 2045 452 2083 faciens
472 2045 542 2083 fuco
563 2046 685 2075 colorem
707 2046 804 2080 illius;
818 2045 908 2083 fucus
922 2046 962 2074 di-

122 2093 195 2121 citur
216 2092 290 2121 color
312 2093 475 2121 Innaturalis
495 2096 522 2121 et
542 2093 621 2130 quasi
636 2093 817 2122 adulterinus.
834 2093 899 2122 item
915 2101 963 2121 no-

185 2239 193 2253 ¹
211 2241 277 2264 Vers.
297 2241 330 2264 14.
347 2254 378 2258 -
394 2242 472 2264 Glossa
489 2242 584 2264 inferius
605 2243 701 2270 allegata
722 2248 764 2264 nec
781 2249 793 2264 a
817 2242 899 2265 Strabo
921 2249 963 2265 nec

122 2285 135 2301 a
151 2280 240 2307 Lyrano
257 2279 384 2302 exhibetur.
400 2279 468 2303 Card.
484 2281 564 2309 Hugo,
580 2281 620 2309 qni
632 2287 685 2303 cum
697 2281 787 2308 Lyrano
799 2287 841 2309 pro
853 2287 895 2304 vas
907 2281 964 2304 utile

122 2318 238 2341 substituit
252 2324 295 2342 vus
311 2319 406 2347 inutile,
423 2319 466 2342 ait:
483 2319 507 2342 ld
524 2322 558 2342 est
574 2320 642 2342 valde
654 2320 715 2342 utile.
727 2320 834 2342 Similiter
845 2320 901 2342 dicit
912 2320 963 2342 Vir-

122 2357 189 2385 gilius
207 2356 235 2387 [I.
251 2358 356 2386 Georgic.
373 2364 397 2381 v.
417 2358 488 2388 3731:
514 2367 525 2379 ιι
537 2359 658 2387 Nunquam
680 2358 867 2387 imprudentibus
889 2359 963 2381 imber

121 2396 218 2425 01111111»,
235 2396 258 2419 id
274 2400 308 2419 est
324 2397 392 2419 valde
409 2397 569 2425 prudentibus.
585 2410 616 2414 —
633 2399 741 2427 Sequitur
758 2400 782 2421 11.
798 2399 858 2421 Tim.
876 2400 902 2426 2,
921 2399 963 2421 20:

122 2436 144 2457 In
162 2441 246 2463 magna
262 2439 338 2458 autem
355 2436 425 2458 domo
442 2442 488 2459 non
505 2437 579 2459 solum
596 2440 649 2461 sunt
661 2443 715 2459 vasa
728 2443 796 2459 aurea
809 2440 831 2460 et
842 2440 962 2465 argentea,

122 2474 163 2497 sed
180 2478 202 2497 et
219 2475 293 2503 lignea
310 2479 352 2498 etc.

184 2512 193 2526 ⁵¹
211 2514 241 2536 Ita
257 2514 326 2536 etiam
342 2514 405 2537 card.
421 2515 489 2543 Hugo
505 2518 528 2537 et
544 2516 647 2543 Lyranus
657 2534 662 2543 ,
681 2516 778 2543 Vulgata
796 2515 906 2545 Reliquiis
923 2522 963 2538 au-

123 2554 169 2575 tem
185 2552 234 2576 eius
251 2553 335 2582 operis.
352 2565 383 2570 —
400 2554 507 2582 Sequitur
524 2554 574 2576 lsai.
591 2554 633 2581 44,
652 2555 688 2576 15.

184 2590 194 2603 ⁸
211 2592 253 2614 Pro
270 2592 393 2620 singulari,
409 2599 479 2621 quem
496 2593 564 2615 etiam
582 2593 644 2615 card.
662 2594 729 2621 Ilugo
746 2596 768 2615 et
784 2594 888 2621 Lyranus
904 2594 963 2616 exbi-

122 2629 188 2658 bent,
205 2630 303 2658 Vulgata
320 2630 384 2659 ponit
399 2631 526 2658 pluralem:
544 2630 623 2654 nullos
640 2637 707 2654 usus.

184 2667 194 2680 ⁴
211 2669 276 2691 Vers.
293 2669 330 2698 23.
347 2682 378 2686 —
395 2670 447 2698 Seq.
465 2670 529 2692 locus
545 2672 579 2692 est
596 2671 631 2692 Ps.
649 2670 705 2698 105,
723 2671 760 2693 20.

185 2705 194 2718 ⁵
211 2706 279 2729 Card.
299 2708 381 2735 Hugo:
399 2707 530 2731 Per-liniens
551 2707 661 2735 rubrica,
679 2708 703 2730 id
725 2711 759 2730 est
783 2708 854 2731 rubro
879 2709 963 2731 colore.

124 2745 198 2774 Aliqui
221 2745 272 2768 libri
294 2745 379 2768 habent
399 2745 509 2773 rstbrica,
527 2746 601 2768 media
619 2749 737 2775 correpta,
754 2753 814 2775 quae
831 2750 865 2769 est
883 2748 962 2770 instru-

122 2786 238 2811 mentum,
259 2791 306 2813 quo
328 2787 424 2807 utuntur
445 2785 552 2807 mulieres
574 2785 602 2808 ad
626 2786 792 2813 perlavandum
816 2786 900 2815 [aliasz
918 2787 963 2814 pla-

123 2822 235 2852 nandum]
253 2826 340 2851 vestes,
357 2824 422 2845 cuius
439 2824 602 2846 diminutivum
619 2827 653 2846 est
669 2824 861 2852 rubrz'cz'nncnla,
875 2828 897 2847 et
914 2825 962 2846 Galv

123 2861 164 2883 lice
186 2861 269 2883 dicitur
292 2861 357 2884 lz'che.
373 2862 423 2884 lsai.
441 2862 480 2890 44,
499 2862 535 2884 13.
558 2863 685 2890 appellatur
708 2863 898 2889 instrumentum,
915 2869 962 2891 quo

124 2899 149 2921 sst
159 2899 246 2922 idolum
258 2901 352 2922 runcina
364 2909 368 2922 :
380 2900 485 2930 Artifex,
497 2901 583 2929 inquit,
595 2900 713 2930 liqmzrius
724 2901 827 2924 extendit
838 2908 961 2929 normam,

124 2937 238 2966 formavit
254 2937 314 2960 illud
330 2938 354 2960 in
370 2938 481 2961 runcina.

1803 155 1854 183 195

1015 229 1140 263 tandum,
1162 229 1236 266 quod
1256 229 1345 266 fucus
1365 230 1467 259 dicitur
1487 232 1587 260 animal
1608 233 1650 269 api
1666 232 1767 266 simile,
1782 233 1854 270 quod

1014 283 1067 303 non
1084 275 1237 309 mellificat,
1253 276 1300 304 sed
1314 277 1367 305 mel
1381 277 1507 312 devorat;
1523 278 1597 313 item,
1611 279 1745 316 quaedam
1761 279 1855 314 herba,

1014 329 1086 358 quae
1107 322 1199 359 tingit;
1221 323 1302 357 item,
1327 324 1444 360 quilibet
1468 325 1543 353 color
1563 325 1751 360 adulterinus;
1773 327 1855 360 item,

1015 368 1187 396 mendacium
1209 369 1265 397 sive
1287 369 1364 398 fraus
1391 373 1417 399 et
1444 371 1523 399 dolus
1548 372 1699 400 secundum
1720 373 1855 409 Papiam⁶.

1017 415 1051 442 Et
1071 423 1182 442 omnem
1204 416 1363 449 maculam,
1378 425 1452 454 quae
1467 417 1498 445 in
1513 417 1560 446 illo
1574 422 1630 452 est,
1646 418 1749 447 scilicet
1770 419 1856 456 ligno,

1013 461 1170 498 perliniens
1191 465 1272 490 terra
1284 462 1302 490 ⁷.
1320 479 1355 482 —
1373 464 1406 491 Et
1426 463 1522 500 faciat
1534 464 1561 492 ei
1574 465 1695 502 digynam
1709 464 1856 494 collabita—
1875 470 1901 489 De
1914 470 1957 488 ⁵12⁰-

1015 507 1136 541 liboeum
1157 508 1231 536 unde
1253 508 1359 537 Baruch
1392 509 1504 538 ultimo:
1530 510 1720 546 «Constitutis
1748 512 1801 541 illis
1828 512 1855 541 in

1015 554 1111 588 domo,
1133 555 1206 591 pleni
1228 558 1293 583 sunt
1313 555 1384 583 oculi
1407 564 1505 584 eorum
1527 557 1641 593 pulvere
1656 566 1672 586 a
1686 558 1802 594 pedibus
1817 559 1857 587 in-

1016 601 1187 629 troeuntium
1202 613 1227 629 ».
1251 602 1285 629 Et
1306 602 1337 629 in
1355 602 1467 638 pariete
1485 611 1594 639 ponens
1610 604 1694 638 illud,
1710 605 1813 634 scilicet
1826 609 1858 634 ut

1015 647 1102 684 magis
1122 651 1268 684 appareat,
1290 652 1314 676 et
1341 648 1521 685 confirmans
1544 649 1641 686 ferro,
1664 651 1690 679 id
1711 655 1752 679 est
1773 652 1857 680 clavis

1015 694 1121 722 ferreis.
1155 710 1191 714 —
1225 694 1265 722 Ne
1296 693 1371 731 forte
1401 695 1506 729 eadat,-
1538 697 1620 725 Isaiae
1648 697 1857 734 quadragesimo

1016 740 1140 777 primoss:
1166 752 1180 765 «
1195 741 1364 769 Confortavit
1383 749 1447 770 eum
1472 742 1571 776 clavis,
1594 751 1627 771 ne
1657 747 1815 772 moveretur
1831 755 1857 779 »;

1015 788 1195 825 prospiciens
1226 787 1284 821 illi,
1314 788 1340 816 id
1368 791 1409 816 est
1438 789 1599 824 praevidens
1627 793 1653 818 et
1678 798 1856 826 praecavens;

1015 834 1117 868 sciens,
1140 835 1280 873 quoniam
1294 843 1351 863 non
1364 839 1455 872 potest
1476 835 1620 864 adiuvare
1634 845 1676 870 se,
1692 837 1794 866 scilicet
1809 845 1857 874 per

1016 888 1044 909 se
1065 881 1168 917 ipsum;
1191 881 1264 910 unde
1285 881 1311 909 in
1335 882 1453 910 Psalmo:
1481 883 1601 911 «Manus
1622 883 1735 918 habent,
1757 887 1784 912 et
1805 892 1858 912 non

1016 927 1179 964 palpabunt;
1202 927 1284 964 pedes
1310 928 1426 962 liabent,
1448 932 1475 957 et
1496 937 1550 957 non
1571 922 1781 958 ambulabunt»
1807 934 1858 959 etc.

1017 974 1069 1002 Nec
1090 974 1208 1008 mirum;
1231 975 1329 1012 z'mayo
1350 975 1426 1003 enim
1447 980 1503 1010 est,
1526 976 1552 1004 id
1574 980 1615 1005 est
1636 977 1786 1006 similitudo
1808 978 1858 1012 rei,
1878 981 2005 1005 Deinmoten-

1915 1006 1947 1024 tin.

1017 1029 1071 1049 non
1093 1021 1152 1057 ipsa
1173 1029 1232 1055 res;
1254 1025 1279 1049 et
1299 1030 1372 1058 opus
1399 1026 1441 1050 est
1467 1023 1509 1050 illi
1535 1023 1736 1058 adiutorium,
1757 1025 1859 1053 scilicet

1018 1067 1183 1102 liumanum3
1200 1068 1306 1096 Barucb
1322 1068 1452 1097 ultim0⁹:
1473 1081 1486 1094 «
1501 1069 1526 1097 Si
1542 1069 1690 1098 ceciderint
1704 1071 1731 1098 in
1748 1073 1858 1105 terram,

1017 1122 1032 1142 a
1053 1114 1206 1151 semetipsis
1227 1123 1280 1143 non
1303 1119 1470 1152 consurgent
1485 1128 1511 1150 n,
1533 1120 1565 1144 ut
1590 1117 1678 1153 patuit
1698 1117 1731 1146 de
1752 1118 1859 1154 Dagon,

1017 1161 1097 1197 primi
1121 1161 1223 1197 Regum
1245 1161 1357 1198 quinto;
1380 1162 1444 1190 item
1467 1162 1594 1191 Ieremiae
1615 1163 1733 1192 decimo:
1766 1176 1779 1189 «
1796 1165 1860 1193 Por-

1018 1210 1073 1235 tata
1094 1208 1238 1241 tollentur,
1260 1208 1325 1245 quia
1346 1208 1472 1237 incedere
1493 1217 1546 1237 non
1568 1210 1699 1238 valent».

1097 1254 1185 1289 (Vers.
1211 1255 1275 1290 17.).
1304 1255 1338 1282 Et
1365 1255 1398 1283 tle
1425 1255 1590 1284 substantia
1610 1265 1684 1290 sua,
1706 1257 1732 1285 id
1760 1261 1801 1286 est
1828 1258 1861 1287 de

1018 1301 1189 1337 possessione
1209 1301 1358 1335 extertori,
1380 1305 1404 1329 et
1425 1302 1459 1329 (te
1478 1301 1549 1337 filiis
1569 1303 1645 1337 suis,
1669 1303 1694 1331 id
1710 1307 1751 1332 est
1771 1304 1804 1332 de
1819 1312 1861 1333 sa-
1878 1309 1909 1327 do-

1019 1347 1076 1376 lute
1098 1347 1218 1375 tiliorum
1241 1355 1372 1381 suorum,
1394 1352 1418 1376 et
1438 1349 1472 1376 (le
1486 1349 1614 1386 nuptiis,
1630 1350 1732 1378 scilicet
1753 1354 1861 1379 contra-

1019 1394 1131 1428 hendis,
1153 1398 1251 1422 votum
1272 1394 1399 1431 faciem,
1422 1395 1524 1423 scilicet
1545 1396 1585 1430 ei,
1607 1396 1744 1434 inquirit,
1760 1398 1862 1426 scilicet

1019 1440 1053 1468 ab
1074 1448 1121 1474 eo,
1143 1444 1175 1468 ut
1195 1444 1270 1477 petat
1291 1441 1445 1469 necessaria
1466 1441 1516 1470 sibi
1539 1445 1566 1470 et
1587 1442 1664 1476 tiliis,
1687 1451 1749 1471 cum
1773 1447 1860 1472 tamen

1019 1495 1072 1514 non
1089 1487 1124 1514 sit
1138 1487 1293 1515 vovendum
1309 1487 1361 1515 nisi
1376 1487 1444 1521 Deo,
1460 1488 1611 1516 secundum
1633 1489 1699 1517 illud
1716 1489 1813 1518 Psalmi
1826 1490 1861 1518 ¹⁰:

1025 1545 1037 1557 «
1053 1533 1155 1562 Vovete
1176 1536 1203 1562 et
1224 1533 1329 1562 reddite
1351 1533 1466 1562 Domino
1487 1534 1543 1563 Deo
1571 1539 1687 1564 vestro»
1713 1539 1778 1570 etc,
1798 1537 1861 1565 item

1021 1581 1103 1608 Isaiae
1124 1580 1230 1609 decimo
1250 1588 1338 1609 nono:
1365 1592 1378 1606 «
1394 1581 1461 1609 Vota
1476 1582 1615 1611 vovebunt
1632 1583 1746 1611 Domino
1767 1586 1794 1612 et
1808 1584 1862 1612 sol-

1020 1629 1125 1655 vent».
1149 1626 1214 1654 Non
1244 1626 1384 1655 erubescit
1409 1627 1499 1666 loqui,
1528 1629 1631 1657 scliicet
1658 1629 1714 1666 ipse
1741 1630 1859 1658 animam

1020 1673 1140 1706 habens,
1162 1681 1228 1701 cum
1250 1673 1311 1707 illo,
1334 1674 1436 1706 scilicet
1450 1674 1501 1703 deo
1515 1675 1597 1709 falso,
1619 1676 1744 1714 quisine
1759 1677 1861 1705 anima

1020 1723 1074 1752 est,·
1096 1720 1203 1748 Baruch
1225 1720 1369 1749 ultimo¹¹:
1396 1732 1410 1745 «
1423 1721 1491 1749 Cum
1513 1722 1663 1757 audierint,
1679 1727 1788 1751 mutum
1808 1732 1861 1752 non

1020 1773 1100 1802 posse
1121 1766 1209 1803 loqui,
1230 1767 1350 1795 offerunt
1372 1767 1449 1795 illum
1463 1768 1496 1796 ad
1516 1768 1560 1797 Bel
1576 1780 1601 1802 »ς
1617 1769 1643 1797 in
1661 1770 1779 1798 Psalmo:
1800 1781 1814 1794 «ε
1825 1770 1862 1798 Os

1021 1812 1138 1846 habent,
1159 1815 1187 1841 et
1207 1821 1261 1841 non
1283 1813 1432 1850 loquentur
1447 1826 1473 1842 ».

1099 1859 1187 1895 (Vers.
1217 1860 1281 1895 18.).
1312 1861 1346 1888 Et
1367 1869 1423 1897 pro
1451 1862 1590 1896 sanitate,
1619 1862 1645 1891 id
1673 1865 1714 1891 est
1741 1871 1791 1891 sua
1819 1863 1859 1891 vel

1020 1914 1148 1940 suorum,
1171 1906 1337 1943 infirmum,
1359 1907 1385 1935 id
1406 1910 1447 1936 est
1465 1909 1576 1937 omnino
1590 1909 1783 1945 impotentem,
1798 1910 1860 1947 qui-

1020 1954 1100 1987 dem,
1122 1953 1148 1981 id
1176 1956 1217 1981 est
1245 1957 1332 1987 certe,
1357 1954 1531 1990 deprecatur
1558 1959 1582 1983 et
1606 1964 1662 1992 pro
1687 1956 1749 1984 vita
1776 1960 1862 1993 royac

1019 2003 1186 2033 mortuum,
1209 1999 1234 2027 id
1254 2003 1296 2028 est
1316 2000 1428 2028 omnino
1448 2000 1504 2028 vita
1524 2005 1678 2035 carentem,
1694 2002 1731 2029 ita
1744 2002 1765 2018 ¹2
1787 2002 1860 2038 quod
1884 2020 1885 2023 =

1020 2046 1189 2083 intelligatur
1209 2050 1345 2074 mortuus
1372 2047 1510 2083 negative,
1531 2056 1585 2076 non
1611 2048 1758 2084 privative,
1780 2049 1861 2086 quia,

1020 2093 1041 2121 si
1063 2092 1210 2129 privative,
1232 2096 1298 2121 tnnc
1318 2093 1519 2130 intelligeretur
1540 2094 1687 2131 aliquando
1709 2095 1790 2123 vitam
1813 2095 1861 2123 ha-

1082 2241 1091 2254 3
1109 2243 1141 2265 De
1158 2243 1256 2265 diversis
1273 2242 1446 2271 acceptionibus
1463 2242 1527 2265 verbi
1544 2242 1614 2272 fucus
1631 2244 1671 2265 cir.
1685 2243 1811 2266 Forcellini.
1825 2244 1863 2265 Pa·

1020 2282 1082 2310 pias,
1100 2282 1276 2310 grammaticus,
1293 2282 1369 2304 ssoruit
1385 2282 1445 2304 circa
1463 2288 1548 2304 annum
1570 2282 1640 2310 1050,
1658 2283 1797 2305 Glossarium
1814 2283 1863 2305 sive

1021 2320 1199 2344 vocabularium
1217 2321 1266 2344 eins
1282 2321 1421 2349 impressum
1440 2322 1480 2344 suit
1496 2322 1616 2344 Mediolani
1635 2322 1703 2344 1476.
1714 2321 1759 2345 Cir.
1776 2322 1862 2350 tingue,

1020 2361 1101 2382 Pati-ol.
1111 2361 1159 2382 Lat.
1167 2363 1222 2382 tom.
1234 2360 1286 2382 141.
1295 2360 1337 2383 col.
1348 2360 1408 2382 1437
1417 2366 1489 2389 seqq„
1499 2363 1521 2383 et
1529 2361 1563 2383 Du
1573 2360 1659 2389 Cange,
1670 2361 1810 2383 Glossarium
1820 2365 1863 2384 etc.

1020 2399 1142 2427 Praefatio,
1159 2405 1181 2421 n.
1200 2398 1236 2421 44.

1082 2435 1090 2448 ⁷
1109 2437 1206 2465 Vulgata
1224 2437 1306 2459 omittit
1317 2438 1383 2459 terra
1395 2438 1467 2466 (quod
1479 2437 1599 2460 exhibetur
1610 2438 1679 2460 etiam
1692 2444 1704 2460 a
1717 2438 1780 2470 card.
1792 2438 1860 2466 Hug.)

1020 2478 1042 2498 et
1058 2476 1126 2504 paulo
1143 2476 1235 2498 inferius
1247 2482 1289 2503 pro
1301 2475 1495 2499 cohabitationem
1512 2476 1629 2498 substituit
1645 2476 1820 2499 habitationem.
1832 2489 1862 2493 —

1021 2514 1128 2543 Sequitur
1145 2515 1233 2536 Baruch
1251 2515 1278 2541 6,
1297 2515 1334 2537 16.

1082 2551 1091 2564 Β
1109 2553 1174 2575 Vers.
1193 2553 1216 2575 7.
1232 2565 1264 2569 —
1281 2554 1332 2581 Seq.
1350 2554 1414 2575 locus
1430 2556 1464 2576 est
1481 2554 1516 2575 Ps.
1535 2554 1592 2580 113,
1610 2553 1632 2575 7.

1082 2591 1091 2604 ¹³
1109 2592 1175 2614 Vers.
1195 2593 1237 2619 26,
1255 2592 1294 2614 ubi
1317 2598 1359 2620 pro
1376 2594 1520 2621 consurgent
1536 2593 1635 2620 Vulgata
1658 2595 1814 2622 consui-qimi.
1831 2606 1862 2610 —

1020 2630 1122 2653 Subinde
1138 2632 1265 2658 allegantur
1281 2632 1297 2653 1.
1314 2631 1370 2658 Reg.
1389 2631 1415 2658 5,
1433 2631 1485 2659 2-5,
1503 2630 1542 2653 ubi
1564 2634 1677 2659 narratur,
1696 2631 1760 2660 quod
1782 2632 1860 2659 Dagon

1020 2675 1097 2691 coram
1114 2675 1167 2691 arca
1184 2669 1254 2691 semel
1271 2675 1298 2691 ae
1314 2669 1396 2691 iterum
1415 2669 1513 2697 corruit,
1530 2668 1637 2691 abscissis
1654 2672 1676 2691 et
1693 2670 1715 2691 in
1732 2670 1809 2691 limine
1833 2670 1863 2692 in>

1020 2708 1093 2730 ventis
1110 2708 1184 2735 capite
1201 2710 1223 2729 et
1240 2707 1361 2735 manibus,
1378 2708 1418 2729 ler.
1439 2708 1479 2735 10,
1496 2708 1517 2730 5.

1083 2745 1102 2758 ¹⁰
1119 2747 1201 2768 Psalm.
1222 2746 1265 2773 75,
1284 2747 1320 2768 12.
1337 2758 1368 2762 —
1385 2747 1493 2774 Sequitur
1510 2747 1559 2768 lsai.
1578 2747 1618 2774 19,
1636 2747 1672 2769 21.
1691 2759 1721 2763 —
1738 2747 1807 2769 Paulo
1824 2754 1861 2769 su-

1020 2785 1097 2812 perius
1114 2791 1140 2806 ex
1158 2785 1175 2806 A
1192 2784 1352 2806 substituimus
1369 2786 1397 2807 ut
1408 2786 1475 2813 petat
1490 2791 1533 2812 pro
1550 2786 1571 2807 et
1585 2784 1651 2814 petit.

1082 2822 1099 2835 ¹¹
1119 2824 1182 2845 Vers.
1197 2823 1233 2850 40,
1246 2823 1284 2845 ubi
1303 2830 1345 2851 pro
1363 2823 1443 2851 illum,
1455 2824 1517 2852 quod
1536 2823 1605 2846 habet
1621 2824 1690 2846 etiam
1708 2824 1770 2846 card.
1782 2824 1859 2851 nugo,

1020 2863 1116 2889 Vulgata
1134 2861 1201 2884 illud.
1219 2875 1248 2877 —
1266 2862 1317 2890 Seq.
1336 2862 1400 2884 locus
1416 2865 1450 2884 est
1468 2863 1502 2884 Ps.
1524 2863 1580 2889 113,
1598 2863 1620 2884 5.
1638 2863 1683 2890 (vel
1704 2863 1755 2891 13.).

1082 2899 1100 2912 ¹²
1118 2900 1162 2923 Csr.
1175 2901 1265 2922 Aristot.
1274 2918 1280 2927 ,
1293 2901 1322 2922 de
1335 2901 1476 2923 Praedicam.
1488 2908 1506 2923 c.
1520 2900 1547 2923 de
1560 2901 1690 2930 Oppositis,
1703 2902 1738 2923 IV.
1752 2902 1860 2928 Metapb„

1019 2942 1069 2961 text.
1089 2939 1115 2966 4,
1132 2943 1154 2961 et
1172 2939 1198 2961 V.
1217 2942 1270 2960 text.
1287 2939 1324 2961 27.
1343 2939 1384 2967 (lll.
1401 2945 1420 2961 c.
1439 2940 1460 2961 2.
1478 2942 1499 2961 et
1516 2940 1552 2961 IV.
1570 2946 1589 2961 c.
1608 2941 1663 2968 22.).

1878 1286 1882 1289 ι
1890 1262 1917 1281 De
1929 1267 1993 1281 errore

1878 1291 1897 1304 111
1904 1291 1994 1305 veneran-
