2296 3316
4 1887 11 1917 ’1

7 2005 9 2015 1

6 2069 9 2079 ι

1 2103 7 2158 ,ἐ

0 2166 7 2192 i

53 766 145 787 Secundo.

75 1094 145 1114 Tertio.

22 1441 24 1457 Ἰ,
49 1423 144 1448 Epilogus.

75 2265 145 2285 Primo.

54 2592 147 2612 secundo.

693 168 918 197 COLLATIONES
940 169 972 197 IN
992 168 1138 197 IOANNEM
1159 168 1253 197 COLL.
1276 169 1386 197 LXXIX.

164 246 334 275 meditantes
352 245 386 274 ad
402 246 634 280 admirandam,
656 247 807 275 sentientes
827 247 862 276 ad
880 247 1012 284 gauden-

164 293 252 327 dum,
268 296 437 322 revertentes
452 293 509 322 sive
523 293 714 330 praedicantes
725 293 759 322 ad
773 293 899 322 taudem.
916 309 952 314 -
967 293 1013 321 Vi-

164 339 246 369 detur
254 348 321 377 ergo
332 339 520 368 admirabilis
530 340 725 368 accedentibus
735 348 785 376 per
793 339 1012 373 meditationem

164 386 238 425 quod
258 386 410 424 figuratum
432 389 474 415 est
495 386 569 415 tertii
590 386 695 423 Regum
715 386 822 415 decimo
835 387 863 414 ¹:
883 397 897 411 «
912 385 1013 414 Videns

163 433 259 471 regina
279 433 350 462 Saba
368 440 478 461 omnem
497 432 658 469 sapientiam
674 432 826 461 Salomonis
841 435 868 461 et
882 432 1012 466 domum,

163 488 246 517 quam
268 480 476 514 aedificaverat,
498 481 526 508 et
547 479 623 507 cibos
644 486 755 508 mensae
776 479 837 508 eius
857 482 884 507 et
905 478 1014 507 habita-

163 527 222 555 cula
246 534 391 555 servorum
414 526 475 554 eius
495 528 523 554 et
544 525 655 554 ordines
676 524 908 560 ministrantium,
923 528 1013 554 vestes

163 580 275 610 quoque
303 580 400 611 eorum
428 575 499 606 etc.;
527 580 581 600 non
603 571 722 601 habebat
743 573 819 601 ultra
839 572 969 610 spiritum
985 583 1012 606 »;

162 622 189 648 61
209 619 353 656 sequitur,
375 618 514 656 quomodo
534 618 625 647 dixit:
649 630 663 643 α
678 619 750 647 Vera
770 623 812 648 est
826 619 913 653 fama,
928 626 1013 656 quam

161 665 254 694 audivi
275 665 309 694 de
331 668 357 694 te
372 677 386 691 a>
411 668 480 699 etc.;
495 665 543 694 ubi
559 665 731 702 significatur
753 674 803 703 per
818 674 943 704 regnum
958 665 1013 694 Sa-

163 711 285 741 lomonis
312 712 401 750 gloria
420 712 522 741 Christi
545 712 702 749 regnantis3
723 724 736 737 «
750 713 814 749 plus
833 713 905 742 enim
929 720 1014 750 quam

163 759 289 789 Salomon
312 760 357 788 hic
371 772 398 788 n.
420 777 460 781 —
481 760 597 789 Videtur
619 760 721 789 iterum
743 759 918 789 delectabilis
939 767 1014 789 com-

162 807 336 836 morantibus
364 810 391 836 et
418 806 630 845 experientibus
657 815 707 845 per
728 807 917 842 devotionem;
940 806 1014 836 unde

161 853 208 882 Iob
233 853 374 891 trigesimo
402 854 524 883 terti021
552 865 565 879 α
580 853 781 891 Deprecabitur
802 854 965 888 Dominum,
987 856 1014 882 et

160 900 302 937 placabilis
323 900 346 929 ei
369 901 438 936 erit,
460 904 487 929 et
509 900 612 929 videbit
632 900 729 929 faciem
753 900 813 929 eius
835 901 863 929 in
884 901 971 930 iubilo
985 911 1013 934 »;

161 950 188 976 et
215 947 299 976 Isaiae
326 947 519 984 sexagesimo:
545 959 559 973 α
574 948 652 976 Tunc
680 947 786 976 videbis
802 959 815 973 u
840 947 1013 981 meditandO,

166 1006 179 1020 α
193 998 221 1024 61
241 995 339 1024 afflues
352 1006 366 1020 »
392 995 535 1024 sentiendo
560 1006 573 1020 «
588 997 616 1023 et
636 995 786 1023 mirabitur
804 998 831 1024 et
852 995 1014 1024 dilatabitur

162 1049 210 1071 cor
231 1045 311 1071 tuum
327 1053 354 1077 »3
375 1042 540 1071 mirabitur
561 1041 674 1076 videns,
703 1044 730 1070 et
754 1041 931 1070 dilatabitur
952 1049 1014 1071 sen-

162 1088 242 1117 tiens.
264 1105 304 1111 --
324 1089 440 1118 Videtur
468 1089 572 1118 iterum
601 1087 762 1117 laudabitis
789 1088 1013 1122 revertentibus;

162 1136 251 1165 Lucae
272 1136 410 1170 secundo,
431 1135 496 1170 ubi,
517 1135 577 1164 visa
596 1135 696 1164 humili
715 1134 858 1164 maiestate
879 1135 935 1163 nati
964 1136 1014 1164 Re-

161 1183 219 1220 gis,
238 1194 252 1208 «
266 1182 372 1211 reversi
391 1185 457 1211 sunt
471 1185 613 1219 pastores,
628 1181 815 1218 glorificantes
829 1184 856 1210 et
871 1181 1015 1210 laudantes

161 1229 249 1258 Deum
277 1229 306 1257 in
334 1228 480 1263 omnibus,
511 1236 584 1266 quae
614 1228 761 1258 audierant
791 1230 819 1257 et
846 1227 1013 1257 viderant».

162 1276 263 1313 Quodsi
285 1275 320 1304 ad
341 1275 510 1305 laudandum
530 1278 624 1305 movet
645 1276 703 1305 visa
731 1275 874 1304 humilitas
901 1283 1015 1304 nascen-

162 1323 212 1357 tis,
234 1330 318 1359 quam
340 1330 453 1351 movere
473 1322 555 1352 debet
576 1322 636 1351 visa
656 1322 744 1359 gloria
766 1321 927 1359 regnantis!

243 1370 287 1397 16.
310 1369 352 1398 Sic
377 1377 444 1407 ergo
472 1370 542 1399 visio
570 1369 720 1398 salvatoris
741 1368 870 1398 laetificat
891 1372 1015 1397 contem-

158 1416 291 1454 planteS,
319 1415 386 1445 dum
416 1419 545 1453 aspectus
573 1416 728 1453 spiritualis
755 1415 861 1453 gloriae
885 1414 946 1443 eius
973 1418 1015 1443 est

161 1463 216 1492 illis
236 1463 352 1492 materia
379 1463 608 1497 admirationis,
630 1463 750 1492 materia
769 1461 967 1491 delectationis·
987 1465 1015 1490 et

161 1510 277 1540 materia
298 1509 416 1551 laudis;
431 1511 506 1548 quod
520 1514 610 1540 totum
625 1510 777 1547 figuratum
793 1512 836 1539 est
849 1509 877 1538 in
893 1509 1014 1543 visione,

161 1565 245 1595 quam
267 1553 387 1587 ostendit
407 1557 541 1587 Dominus
562 1558 590 1586 in
606 1560 699 1586 monte
713 1557 857 1594 discipulis
871 1558 946 1591 suis,
961 1557 1015 1585 Lu-

161 1612 209 1634 cae
229 1604 342 1639 non0³,
363 1604 411 1633 ubi
434 1605 492 1634 visa
513 1604 601 1642 gloria
622 1604 730 1633 Domini
757 1604 854 1633 territi
873 1607 898 1633 et
918 1608 1025 1641 stupe,

160 1650 236 1688 faeti
264 1655 351 1685 sant,
382 1651 481 1680 deinde
512 1650 663 1688 delectati,
692 1650 767 1680 unde
798 1651 897 1680 Petrus
923 1650 1014 1680 dixit:

167 1708 181 1723 α
195 1697 327 1732 Domine,
350 1697 455 1727 bonum
476 1700 517 1727 est
538 1697 655 1726 nos'hic
676 1705 738 1726 esse
751 1708 779 1732 »;
801 1697 884 1726 tertio
899 1705 967 1726 vero
980 1697 1015 1726 ad

158 1745 398 1782 praedicandum
423 1745 605 1780 inssammati;
635 1746 753 1774 Actuum
781 1747 901 1782 quarto:
927 1755 941 1769 α
956 1744 1015 1772 Non

162 1799 311 1829 possumus
332 1800 404 1829 quae
425 1792 546 1821 vidimus
566 1795 594 1822 et
614 1791 775 1821 audivimus
795 1799 851 1820 non
872 1791 990 1828 loqui».

245 1839 287 1867 17.
312 1839 385 1868 Visio
413 1839 516 1868 iterum
544 1839 699 1876 spiritualis
726 1838 897 1867 consolatur
917 1846 1016 1875 exspe-

14 1891 148 1935 mtszogffittgg
162 1889 272 1915 etantes
292 1890 429 1924 quantum
450 1886 484 1915 ad
505 1890 610 1916 statum
628 1885 869 1924 perseverantiae,
884 1893 949 1915 cum
963 1885 1016 1914 sci-

3 1936 123 1963 ·'n-ipieiter·
161 1933 226 1963 licet
245 1933 422 1963 considerant
441 1942 507 1963 eum
528 1934 563 1963 ad
583 1941 680 1963 servos
700 1941 767 1963 suos
787 1933 815 1962 in
837 1933 890 1962 hac
903 1933 1017 1962 miseria

161 1980 317 2009 venientem
339 1983 366 2010 et
387 1981 584 2015 consolantem.
612 1993 625 2006 «
640 1981 697 2009 Non
720 1988 785 2015 vos,
814 1980 944 2018 inquit⁴,
972 1988 1017 2010 re-

162 2027 286 2064 linquam
307 2028 464 2065 orphanos,
486 2027 557 2056 vado
577 2031 605 2057 et
625 2027 707 2057 venio
721 2027 755 2056 ad
770 2035 819 2056 vos
834 2039 861 2055 ».
877 2027 951 2056 Facit
966 2035 1016 2056 au—

163 2077 217 2103 tem
240 2074 399 2103 huiusmodi
421 2074 491 2103 visio
518 2074 580 2103 eius
608 2074 680 2102 tria:
707 2073 823 2108 visitat,
845 2081 880 2103 ne
901 2074 1018 2103 doleant

162 2120 196 2149 de
216 2120 419 2157 promissorum
440 2120 589 2155 dilatione;
609 2120 768 2158 certificat,
783 2128 818 2149 ne
832 2120 969 2158 diffidant
982 2120 1017 2149 de

162 2167 365 2204 promissorum
384 2167 577 2202 assecutione;
596 2168 765 2205 praemiat,
788 2171 816 2196 et
832 2168 929 2197 hocin
945 2167 1016 2202 fine,

163 2217 195 2243 ut
223 2214 376 2252 qaudeant
406 2215 440 2244 de
467 2214 670 2252 promissorum
700 2215 856 2252 adeptione.
884 2231 920 2235 —
942 2214 1017 2244 Visio

162 2260 248 2297 igitur
269 2261 422 2298 spiritualis
443 2261 593 2290 Salvatoris
614 2261 717 2290 visitat
739 2265 953 2299 exspectantes,
982 2269 1017 2290 ne

163 2307 298 2341 doleant;
323 2308 444 2345 qualiter
472 2308 600 2336 visitatus
624 2310 666 2337 est
686 2307 732 2336 ille
753 2307 863 2336 Simeon
889 2319 902 2332 α
917 2315 1017 2344 exspe-

164 2357 241 2383 ctans
256 2354 474 2392 redemptionem
490 2355 574 2384 Israel
584 2366 612 2389 ι),
625 2355 714 2384 Lucae
726 2354 849 2384 secundo
859 2354 887 2383 ⁵:
904 2366 918 2379 α
928 2354 1016 2389 Nunc,

163 2400 269 2438 inquit,
296 2401 428 2436 dimittis,
456 2401 589 2436 Domine,
618 2409 732 2430 servum
764 2404 845 2430 tuum
877 2400 905 2429 in
932 2409 1015 2438 pace,

163 2448 229 2485 quia
256 2447 388 2477 viderunt
413 2448 486 2477 oculi
516 2448 570 2477 mei
598 2448 720 2477 salutare
748 2451 830 2477 tuum
845 2458 873 2482 »;
904 2447 1016 2477 Genesis

164 2494 306 2531 trigesimo
326 2495 468 2524 secundo:
495 2506 509 2520 «
523 2494 583 2524 Vidi
605 2495 754 2524 Dominum
776 2502 871 2524 meum
893 2494 963 2524 facie
982 2494 1016 2523 ad

164 2541 278 2576 faciem,
299 2544 327 2571 et
347 2542 423 2571 salva
443 2542 515 2571 facta
536 2545 578 2571 est
598 2542 690 2571 anima
704 2550 766 2571 mea
780 2554 807 2570 n.
823 2559 862 2563 -
876 2542 951 2571 Visio
966 2542 1016 2571 ite-

164 2596 228 2618 rum
257 2588 410 2625 spiritualis
437 2589 588 2618 Salvatoris
615 2589 758 2626 certificat
784 2589 819 2618 de
841 2589 1015 2627 promissis,

1861 168 1913 198 631

1069 254 1103 275 ne
1124 246 1279 284 diffidant‚·
1300 246 1375 284 quod
1396 246 1547 284 figuratum
1576 250 1617 276 est
1644 246 1757 276 Genesis
1785 246 1917 284 vigesimo

1069 293 1205 328 octavoss,
1227 293 1275 322 ubi
1297 293 1365 322 vidit
1386 293 1465 322 Iacob
1486 294 1588 322 scalam
1615 297 1643 323 et
1670 294 1818 323 Dominum
1847 294 1917 323 inni-

1070 347 1139 368 xum
1167 339 1256 368 scalae
1281 342 1310 368 et
1329 339 1465 368 dicentem
1485 339 1556 368 sibi:
1582 340 1666 377 «Ego
1693 348 1756 369 sum
1784 340 1918 369 Dominus

1069 386 1144 415 Deus
1164 386 1317 420 Abraham,
1338 386 1426 423 patris
1447 386 1503 420 tui,
1518 389 1545 416 et
1561 387 1634 415 Deus
1648 387 1740 421 Isaac;
1762 390 1876 421 terram,
1890 387 1918 416 in

1069 440 1125 469 qua
1152 432 1272 467 dormis,
1298 432 1370 461 dabo
1398 432 1446 461 tibi
1468 435 1495 462 et
1516 432 1613 462 semini
1635 436 1684 462 tuo
1698 445 1725 461 n.
1752 433 1825 462 Vidit
1845 433 1917 462 enim

1069 487 1134 508 eum
1155 483 1187 508 ut
1206 483 1446 517 supportantem,
1468 487 1502 508 ne
1523 479 1629 508 diffidat
1649 488 1686 509 ex
1708 480 1837 517 propria
1865 480 1918 508 im-

1066 526 1279 563 possibilitate;
1301 527 1375 564 quod
1396 527 1548 564 figuratum
1570 529 1612 556 est
1632 527 1659 556 in
1681 527 1749 562 hoc,
1770 527 1845 565 quod
1859 530 1919 556 erat

1069 572 1192 601 innixus
1212 573 1331 607 scottae,-
1359 574 1425 602 item
1455 573 1523 602 vidit
1541 574 1772 611 promittentem,
1802 582 1836 603 ne
1867 574 1918 603 dis-

1070 619 1137 648 fidat
1157 628 1193 648 ex
1214 620 1322 649 Domini
1344 620 1504 649 voluntatis·
1523 621 1701 655 mutatione,
1717 621 1791 658 quod
1806 624 1918 650 notatur

1071 666 1127 695 ibi:
1156 667 1295 701 Terram,
1318 667 1350 695 in
1371 676 1431 705 qua
1455 667 1586 702 dormis,
1607 667 1682 696 dabo
1704 667 1763 696 tibi.
1785 684 1824 688 —-
1844 667 1919 696 Visio

1070 712 1173 742 iterum
1189 713 1341 750 spiritualis
1352 714 1512 751 praemiat,
1525 717 1556 743 ut
1564 714 1717 752 gaudeant
1726 714 1760 744 de
1771 714 1919 752 promisso-

1072 767 1135 788 rum
1157 754 1318 797 adeptio'ne;
1340 761 1424 790 Isaiae
1445 761 1581 790 ultimo⁷z
1609 773 1623 786 α
1637 761 1784 796 Videbitis,
1806 765 1833 790 et
1853 769 1920 798 gau-

1070 805 1145 835 debit
1165 814 1214 836 cor
1235 810 1360 836 vestrum
1376 819 1404 842 »;
1426 808 1602 845 Apocalypsis
1622 808 1741 837 ultimo:
1764 819 1778 833 a
1793 808 1919 837 Servient

1071 853 1126 888 1111,
1141 856 1169 882 et
1183 853 1317 883 videbunt
1330 854 1427 884 faciem
1442 854 1503 884 eius
1517 858 1545 884 et
1556 863 1655 884 nomen
1670 855 1731 884 elus
1743 855 1770 883 in
1782 854 1920 884 frontibus

1070 908 1169 930 eorum
1181 912 1207 929 n.
1225 912 1238 926 α
1250 901 1320 930 Haec
1334 904 1376 930 est
1390 902 1464 931 enim
1487 902 1543 930 vita
1563 904 1688 937 aeterna,
1703 905 1735 931 ut
1755 905 1920 939 cognoscant

1072 951 1099 977 te
1113 948 1203 977 solum
1217 956 1318 977 verum
1332 949 1421 978 Deum
1433 961 1447 975 »
1466 952 1528 983 etc„
1544 949 1651 978 Ioannis
1665 949 1772 978 decimo
1793 949 1919 986 septimo.

1153 995 1197 1022 18.
1219 995 1262 1023 Sic
1283 1003 1350 1032 ergo
1370 995 1440 1024 visio
1464 995 1617 1032 spiritualis
1645 995 1794 1024 Salvatoris
1821 1003 1921 1024 conso—

1072 1041 1153 1070 latur
1172 1045 1391 1078 exspectantes;
1412 1041 1487 1079 quod
1508 1042 1693 1079 significatum
1716 1045 1758 1071 est
1778 1042 1806 1070 in
1826 1049 1921 1071 rever-

1071 1088 1148 1117 sione
1175 1088 1283 1117 Domini
1312 1088 1400 1118 nostri
1428 1089 1489 1118 lesu
1517 1089 1618 1118 Christi
1647 1093 1709 1126 post
1740 1089 1922 1118 resurrectio-

1071 1143 1135 1164 nem
1155 1135 1190 1164 ad
1210 1135 1360 1173 discipulos
1380 1144 1462 1171 suos,
1491 1136 1538 1165 ubi
1567 1137 1659 1174 primo
1686 1136 1854 1165 consolatus
1881 1140 1923 1165 est

1071 1190 1119 1211 eos
1152 1190 1188 1211 ex
1216 1182 1343 1211 familiari
1373 1183 1415 1212 sui
1450 1183 1625 1213 ostensione:
1661 1195 1675 1209 «
1701 1183 1796 1212 Videte
1823 1191 1922 1212 manus

1071 1237 1148 1258 meas
1175 1232 1203 1258 et
1230 1230 1313 1267 pedes
1341 1238 1434 1264 meos,
1463 1230 1529 1267 quia
1554 1238 1605 1268 ego
1625 1231 1684 1268 ipse
1706 1238 1768 1260 sum
1783 1242 1811 1264 »‚
1833 1231 1922 1259 Lucae

1071 1276 1171 1305 ultimo
1182 1276 1201 1304 ³.
1224 1276 1328 1306 Deinde
1349 1276 1522 1314 certificavit
1536 1285 1583 1306 eos
1597 1277 1631 1307 de
1646 1277 1855 1314 scripturarum
1871 1276 1922 1305 im-

1071 1323 1207 1361 pletione,
1229 1323 1343 1352 eodem:
1371 1324 1468 1353 «Haec
1492 1327 1558 1353 sunt
1583 1324 1683 1359 verba,
1712 1331 1784 1361 quae
1812 1323 1923 1352 locutus

1072 1378 1134 1399 sum
1161 1370 1196 1399 ad
1225 1378 1286 1405 vos,
1314 1378 1379 1399 cum
1400 1370 1492 1400 adhuc
1512 1379 1601 1400 essem
1627 1370 1770 1400 vobiscum
1785 1381 1813 1405 υ;
1835 1374 1862 1399 61
1889 1370 1923 1398 de

1071 1417 1159 1454 ipsius
1179 1417 1344 1446 reversione
1358 1417 1399 1446 att
1412 1417 1573 1451 iudicium,
1587 1418 1706 1446 Actuum
1720 1417 1830 1454 primo:
1851 1428 1864 1442 «
1879 1417 1923 1445 Sic

1072 1464 1178 1498 veniet,
1207 1463 1442 1501 quemadmodum
1464 1463 1571 1492 vidistis
1592 1472 1657 1493 eum
1678 1467 1790 1493 euntem
1812 1463 1840 1492 in
1862 1471 1923 1492 cae-

1072 1510 1130 1539 lum
1141 1522 1168 1539 ».
1182 1510 1283 1539 Ultimo
1290 1510 1444 1548 praemiat
1453 1518 1490 1539 ex
1501 1510 1561 1539 eius
1575 1510 1656 1539 beata
1669 1510 1774 1539 visione
1785 1510 1813 1538 in
1824 1510 1923 1547 patria,

1072 1557 1120 1586 ubi
1142 1557 1264 1586 revelata
1283 1556 1353 1586 facie
1373 1557 1473 1594 Regem
1488 1560 1608 1586 cernunt
1626 1557 1652 1585 in
1668 1557 1772 1594 gloria:
1789 1568 1802 1582 «ι
1814 1556 1923 1585 Videbi-

1072 1611 1135 1632 mus
1150 1607 1217 1633 tunc
1231 1604 1300 1633 facie
1313 1603 1348 1633 ad
1362 1603 1460 1633 faciem
1474 1615 1503 1638 »‚
1524 1603 1630 1641 primae
1651 1603 1685 1632 ad
1706 1603 1863 1632 Corinthios
1876 1603 1924 1632 de-

1072 1650 1143 1679 cimo
1155 1651 1245 1680 tertio.
1258 1668 1297 1672 —
1307 1651 1351 1680 Sic
1362 1658 1429 1688 ergo
1440 1650 1571 1680 salutaris
1584 1653 1626 1679 est
1639 1650 1769 1679 omnibus
1784 1650 1853 1679 visio
1866 1650 1924 1679 Sal-

1072 1698 1192 1727 vatoris:
1206 1698 1405 1735 peccantibus,
1421 1697 1490 1727 visio
1505 1697 1684 1731 iudieantis;
1695 1697 1922 1734 poenitentibus,

1073 1744 1141 1773 visio
1149 1745 1288 1782 patientis
1295 1755 1305 1779 ;
1313 1744 1529 1783 puynantibus,
1538 1744 1606 1773 visio
1615 1743 1827 1781 triumphantis
1834 1754 1844 1778 ;
1852 1752 1923 1782 pro-

1071 1791 1246 1829 ficientibus,
1257 1792 1326 1821 visio
1337 1792 1537 1832 conservantis
1544 1802 1555 1826 ;
1569 1790 1839 1829 contemplantibus,
1855 1791 1923 1820 visio

1073 1839 1244 1876 regnantis;
1259 1838 1509 1876 exspectantibus,
1524 1838 1594 1867 visio
1611 1838 1798 1872 revertentis;
1812 1838 1847 1867 de
1867 1846 1923 1876 qua

1073 1885 1179 1914 visione
1200 1885 1315 1914 salutari
1337 1885 1443 1914 dictum
1464 1887 1521 1914 est:
1550 1885 1683 1914 Vidimus
1705 1885 1872 1914 Dominum.

1405 1988 1535 2010 ANNOTATio
1551 1986 1590 2009 79.

1152 2074 1230 2109 (Luc.
1253 2073 1287 2108 3,
1311 2072 1358 2109 6.).
1388 2072 1497 2102 Videbit
1517 2073 1612 2102 omnis
1627 2081 1699 2102 earo
1712 2073 1846 2102 salutare
1860 2073 1921 2102 Dei.

1152 2120 1244 2149 Verba
1271 2120 1324 2149 ista
1351 2123 1378 2149 et
1405 2120 1572 2158 evanyetiea
1599 2123 1665 2149 511111
1685 2123 1712 2149 61
1730 2119 1921 2158 prophetica:

1073 2166 1257 2204 evanyetiea,
1279 2167 1346 2204 quia
1366 2167 1470 2204 scripta
1490 2170 1556 2196 sunt
1584 2167 1613 2196 in
1641 2167 1804 2204 Evangelio,
1833 2167 1922 2196 Lucae

1074 2213 1174 2247 tertio;
1197 2212 1387 2251 prophetica,
1408 2214 1475 2251 quia
1495 2216 1588 2243 sumta
1607 2213 1642 2243 de
1663 2213 1746 2243 Isaiae
1767 2213 1919 2251 quadrage-

1073 2261 1185 2289 simoss:
1211 2272 1225 2285 α
1241 2261 1349 2290 Videbit
1370 2261 1459 2290 omnis
1480 2269 1545 2290 caro
1566 2261 1687 2298 pariter,
1709 2260 1783 2298 quod
1811 2268 1842 2289 os
1868 2261 1922 2289 Do-

1073 2308 1140 2336 mini
1172 2308 1297 2337 locutum
1329 2312 1370 2337 est
1388 2319 1416 2342 »;
1446 2308 1489 2337 vel
1520 2307 1750 2345 quinquagesimo
1781 2307 1920 2336 secundo:

1079 2366 1092 2380 «
1107 2354 1246 2384 Videbunt
1267 2363 1364 2384 omnes
1384 2355 1454 2384 fines
1475 2357 1566 2383 terrae
1587 2354 1709 2383 salutare
1727 2355 1775 2383 Dei
1791 2354 1878 2383 nostri
1893 2365 1920 2389 »;

1073 2401 1101 2430 in
1123 2401 1226 2438 quibus
1246 2401 1461 2438 praenuntiatur
1481 2400 1617 2430 adventus
1637 2401 1787 2430 Salvatoris
1808 2400 1835 2429 in
1860 2408 1921 2430 car-

1073 2456 1135 2477 nem
1169 2451 1201 2477 ut
1228 2448 1352 2476 visibitis
1379 2450 1407 2477 et
1434 2450 1467 2476 ut
1493 2447 1658 2476 salutaris:
1686 2447 1824 2485 primum,
1856 2455 1921 2476 cum

1073 2495 1194 2524 dicitur:
1221 2494 1332 2524 Videbit
1351 2495 1447 2523 omnis
1467 2503 1555 2529 earo,
1577 2494 1657 2532 quasi
1684 2494 1775 2523 dicat:
1801 2502 1855 2523 non
1877 2502 1921 2523 so-

1073 2543 1131 2571 lum
1157 2542 1259 2571 videbit
1286 2542 1385 2570 oculus
1412 2541 1532 2576 mentis,
1560 2541 1608 2571 sed
1635 2541 1779 2579 apparebit
1806 2541 1921 2570 visibilis

1073 2590 1160 2619 oculis
1174 2589 1291 2622 earnis,·
1305 2588 1473 2623 secundum,
1488 2596 1552 2618 cum
1566 2588 1684 2618 dicitur:
1700 2588 1838 2617 Salutare
1855 2588 1919 2622 Dei,

229 2765 236 2778 ²
255 2766 320 2789 Vers.
339 2765 393 2793 4-6,
410 2768 463 2793 post
480 2771 540 2794 quos
557 2765 662 2794 sequitur
679 2766 756 2789 Matth.
773 2767 816 2795 12,
834 2767 872 2789 42.

228 2804 237 2817 ²
257 2805 322 2827 Vers.
340 2805 378 2827 26.
389 2817 420 2822 —
432 2804 537 2827 Subinde
548 2805 677 2833 allegantur
691 2805 742 2828 lsai.
753 2806 795 2833 60,
807 2807 830 2829 5.
841 2809 864 2829 et
875 2807 929 2829 Luc.
943 2808 964 2834 2,
977 2807 1014 2829 20.

228 2842 238 2856 ³
256 2844 323 2866 Vers.
341 2844 377 2866 33.
395 2846 418 2866 et
434 2843 476 2872 34;
494 2844 534 2866 cfr.
552 2844 621 2866 Marc.
638 2843 664 2872 9,
683 2843 705 2866 4.
721 2850 771 2873 seq.
786 2856 818 2861 —
835 2844 944 2874 Sequitur
965 2845 1015 2868 Act.

167 2883 180 2905 4
211 2884 249 2905 20.

188 2901 193 2911 y
230 2920 317 2944 α101111.
337 2921 433 2949 14,18.

229 2959 238 2972 ⁶
255 2961 322 2984 Vers.
340 2961 376 2984 25.
395 2964 417 2984 et
435 2961 471 2983 29.
489 2974 519 2977 -
537 2960 625 2983 Deinde
641 2961 752 2989 allegatur
768 2962 824 2984 Gen.
842 2962 885 2989 32,
903 2962 940 2984 30.

1134 2765 1145 2779 ⁶
1163 2767 1229 2789 Vers.
1247 2767 1283 2788 112.
1302 2769 1324 2788 et
1342 2766 1378 2788 13.

1134 2804 1143 2818 ⁷
1163 2806 1228 2828 Vers.
1247 2805 1283 2827 it.
1300 2817 1331 2822 —
1348 2805 1399 2827 Duo
1416 2810 1482 2834 seqq.
1499 2804 1544 2827 loci
1560 2807 1613 2827 sunt
1635 2804 1708 2832 Apoc.
1730 2804 1772 2832 22,
1790 2804 1812 2826 3.
1829 2809 1879 2833 seq.
1897 2805 1920 2826 et

1072 2845 1131 2867 loan.
1150 2844 1192 2872 17,
1209 2845 1232 2867 3.
1249 2850 1298 2873 seq.

1134 2881 1143 2895 ⁸
1161 2883 1226 2906 Vers.
1244 2883 1288 2910 39,
1306 2876 1359 2910 pos't
1375 2888 1446 2911 quem
1463 2882 1567 2911 sequitur
1589 2888 1612 2904 v.
1634 2881 1672 2904 44.
1693 2894 1724 2898 —
1744 2880 1848 2904 Subinde
1869 2881 1920 2904 alle-

1071 2926 1155 2950 gantur
1171 2923 1219 2944 Act.
1239 2922 1264 2949 l,
1283 2922 1319 2944 11.
1337 2924 1360 2944 et
1376 2921 1390 2943 1.
1408 2921 1461 2944 Cor.
1481 2921 1522 2949 13,
1540 2921 1576 2943 12.

1134 2960 1144 2973 ⁹
1162 2962 1225 2984 vers.
1243 2961 1270 2988 ὅς
1288 2960 1374 2983 (16ἰῐι(16
1391 2961 1434 2987 52,
1452 2960 1490 2983 10.

1935 674 2006 693 Tertio.

1936 1001 2030 1048 Epggffissj,
2039 1002 2059 1020 et

1941 1655 2038 1680 Epilogus.

1946 2078 2009 2097 Verba
2021 2079 2069 2098 haec

1935 2103 1955 2121 et
1961 2102 2069 2125 evangelica

1935 2127 1956 2167 ἓ
1972 2125 2068 2149 propheti-

1936 2406 2038 2425 Continent

1964 2429 2009 2449 duo.
