2296 3316
33 154 39 212 i
600 168 824 197 COLLATIONES
845 169 878 198 IN
899 168 1045 198 ΙΟΑΝΝΕΜ
1066 169 1134 198 CAP.
1157 170 1199 199 Xl.
1221 170 1313 199 COLL.
1336 171 1408 201 XLII.

138 248 182 276 lob
209 247 325 284 quinto:
351 257 365 272 «
380 246 477 276 Virum
500 246 615 275 stultum
641 246 771 276 interficit
796 246 939 276 iracundia
953 257 980 281 „;

138 294 243 330 primae
271 293 378 322 Ioannis
406 292 507 321 tertio:
533 304 546 318 ιι
561 292 613 329 Qui
642 301 696 321 non
725 292 814 330 diligit
834 296 926 322 manet
953 293 981 321 in

137 343 226 370 morte
239 352 266 369 n.
288 340 327 361 —'—
348 340 394 368 Est
414 347 490 368 mors
510 338 658 372 invidiae:
673 339 719 368 Iob
733 339 831 376 quinto
843 340 869 367 ¹:
889 350 902 364 «ι
918 340 981 368 Par—

29 377 33 426 ?
137 387 233 416 vulum
248 386 346 416 occidit
360 385 463 414 invidia
474 396 501 420 »;
517 385 698 414 Ecclesiastici
713 385 854 422 trigesimo
868 388 980 414 octavo:

29 427 32 475 l*
141 445 155 458 <r
168 434 188 462 Α
209 432 321 462 tristitia
341 432 451 461 festinat
471 439 547 460 mors
561 442 588 464 »;
610 431 747 460 secundae
770 431 804 460 ad
825 431 982 461 Corinthios

18 474 19 477 ’
137 479 271 516 septimo:
299 490 313 504 «
327 478 449 507 Tristitia
470 478 572 508 saeculi
598 480 730 514 operatur
759 480 877 506 mortem
893 489 921 506 ».
943 494 982 499 —

138 526 183 556 Est
203 533 280 554 mors
299 525 448 553 avaritiae
454 535 465 558 ‚·
486 524 700 553 Proverbiorum
722 524 855 561 vigesimo
875 525 980 561 primo:

143 584 156 598 «κ
170 572 223 609 Qui
244 574 393 609 congregat
414 572 562 601 thesauros
582 570 677 607 lingua
697 570 831 599 mendacii
852 579 941 600 vanus
955 573 982 599 et

25 644 26 647 ,
137 625 238 647 excors
258 621 315 652 est,
337 621 364 646 et
384 617 554 654 impingetur
581 617 616 645 ad
644 617 757 654 laqueos
782 617 880 646 mortis
894 629 921 645 n.
944 633 982 637 —

44 671 120 696 Quinta-
137 664 184 694 Est
210 672 286 693 mors
315 664 468 697 accidiae;
501 663 665 692 Psalmus2:
699 675 712 688 «
734 663 861 692 Illumina
888 663 983 692 oculos

16 736 23 749 ,
137 719 229 746 meos,
258 719 293 741 ne
320 718 444 748 unquam
472 709 643 738 obdormiam
669 709 697 738 in
718 712 849 738 morte».
871 725 911 730 ——
938 709 984 738 Est

13 725 29 801 §S
58 765 120 784 sexta·
137 765 213 787 mors
231 757 339 795 ,qulam
365 757 471 794 primae
498 756 532 785 ad
560 756 736 785 Timotheum
764 756 880 793 quinto:
909 756 983 785 «vi-

15 797 28 874 ἵῐ
136 804 192 833 dua
212 804 307 833 vivens
327 803 354 832 in
376 803 481 832 deliciis
500 805 612 832 mortua
632 805 673 831 est
687 813 714 837 »3
736 805 763 832 et
787 802 821 831 ad
851 803 984 831 Romanos

14 858 120 883 useptima.
137 854 252 879 octavo:
279 861 292 875 α
306 850 455 878 Prudentia
469 849 560 878 carnis
581 857 656 878 mors
677 853 761 878 est».
783 866 821 871 —
843 850 889 878 Est
909 857 984 878 mors

25 909 26 912 ¹
139 897 299 930 taxuriae;
320 896 534 926 Proverbiorum
562 896 678 933 quinto:
705 908 719 921 α
734 897 822 925 Favus
849 896 985 925 distillans

138 944 209 972 labia
230 943 384 972 meretricis
398 954 426 977 »;
447 945 475 972 et
494 943 641 980 sequitur:
668 954 681 968 «
697 943 781 972 Pedes
797 943 859 972 eius
872 943 984 972 descen-

137 990 207 1019 dunt
234 990 262 1018 in
290 993 423 1024 mortem,
445 992 473 1019 et
493 990 527 1018 ad
549 989 652 1019 inferos
672 997 786 1027 gressus
806 990 881 1018 illius
902 997 984 1026 pene-

138 1039 212 1066 trant
230 1047 258 1071 »;
289 1040 317 1066 et
344 1036 559 1066 Proverbiorum
591 1036 722 1073 septimo,
753 1036 788 1065 de
818 1036 984 1065 meretrice:

142 1094 156 1110 <‹
184 1083 249 1112 Viae
283 1083 363 1112 inferi
397 1083 496 1112 domus
531 1083 606 1112 illius
640 1086 818 1120 penetrantes
852 1083 986 1112 interiora

140 1130 236 1158 mortis
250 1141 276 1158 ».

218 1177 243 1205 6.
266 1176 360 1205 Aliter
387 1180 451 1205 nota
478 1177 512 1206 de
540 1180 630 1205 morte
656 1180 833 1213 peccatorum
856 1176 984 1213 pessima.

9 1227 46 1252 trs
57 1235 121 1256 nocea-
141 1224 185 1253 Est
199 1223 272 1253 enim
286 1231 362 1252 mors
376 1223 579 1261 iynorantiae,
595 1231 670 1252 mors
685 1223 804 1260 culpae,
821 1231 896 1251 mors
910 1222 985 1259 fina-

16 1255 124 1304 ffiggfnam-
141 1269 177 1298 lis
198 1269 438 1306 impoenitentiae.
461 1285 498 1290 —
522 1269 559 1298 De
573 1272 662 1298 morte
676 1269 881 1307 i9n07·antiae,·
897 1269 986 1297 Eche-

20 1302 21 1315 ¹
53 1301 123 1320 mm*
140 1316 240 1345 siastici
262 1316 394 1353 vigesimo
415 1316 536 1345 secundo
548 1316 577 1344 3;
598 1328 611 1341 «1
625 1317 714 1353 Super
733 1319 876 1344 mortuum
892 1316 986 1352 plora,

140 1363 238 1392 defecit
258 1363 332 1391 enim
353 1363 403 1391 lux
425 1363 504 1397 eius;
532 1371 617 1399 snper
644 1363 751 1391 fatuum
775 1363 868 1399 plora,
889 1363 987 1391 defecit

19 1411 123 1437 'Secunda
141 1410 214 1439 enim
236 1418 334 1439 sensus
348 1422 375 1438 n.
397 1426 435 1429 —
457 1410 495 1438 De
516 1413 606 1439 morte
627 1410 750 1447 culpae;
772 1410 920 1439 Ezechielis
940 1410 987 1438 de-

18 1464 19 1468 *
142 1457 213 1487 cimo
234 1460 349 1486 octavo:
376 1468 389 1482 α
404 1457 471 1485 Nolo
491 1461 608 1485 mortem
631 1457 790 1490 morientis,
809 1457 857 1485 sed
878 1460 909 1485 nt
930 1464 988 1485 ma-

142 1504 183 1541 gis
204 1506 383 1533 convertatur
405 1506 432 1532 et
453 1504 567 1532 vivat».
590 1520 628 1523 —
648 1503 688 1532 De
709 1506 799 1531 morte
812 1503 913 1539 finalis
934 1503 988 1532 im-

140 1550 331 1588 poenitentiae
341 1561 351 1583 ;
372 1550 586 1579 Proverbiorum
601 1550 767 1579 undecimo:
787 1561 801 1574 <r
816 1550 924 1579 Mortuo
938 1550 988 1578 im-

142 1597 187 1634 pio
214 1597 291 1626 nulla
314 1597 367 1626 erit
392 1597 467 1625 ultra
488 1605 551 1634 spes
566 1608 592 1631 »;
615 1597 720 1634 primae
742 1597 849 1625 loannis
870 1597 987 1634 quinto:

148 1656 161 1670 «
175 1644 221 1673 Est
241 1647 385 1681 peccatum
406 1644 441 1672 ad
461 1647 598 1678 mortem3
620 1652 674 1672 non
696 1652 748 1681 pro
769 1644 831 1678 illo,
852 1644 929 1678 dico,
957 1646 989 1672 ut

145 1694 222 1728 roget
249 1691 354 1728 quis».
383 1707 420 1712 —
447 1690 490 1719 Sic
517 1698 584 1727 ergo
611 1693 653 1719 est
681 1698 756 1719 mors
784 1691 988 1728 iynorantiae,

145 1746 220 1767 mors
240 1738 358 1775 culpae,
381 1746 456 1767 mors
476 1737 577 1774 finalis
597 1738 836 1775 impoenitentiae.
860 1738 989 1774 Ignoran-

145 1785 183 1813 tia
196 1784 288 1813 aufert
302 1785 387 1813 vitam
402 1784 622 1822 intelliyentiae;
637 1785 734 1821 culpa,
750 1785 833 1813 vitam
855 1784 990 1822 qratiam

145 1831 235 1860 finalis
256 1832 478 1868 impoenitentia,
499 1832 628 1861 reditum
648 1832 811 1870 utriusque.

224 1879 250 1906 7.
272 1879 345 1907 Mors
366 1879 417 1907 ista
431 1877 575 1916 fugienda
589 1882 643 1912 est,
659 1879 725 1915 quia
738 1878 772 1907 ad
787 1878 899 1907 modum
915 1886 989 1906 mor-

146 1925 180 1953 tis
200 1925 336 1954 naturalis
356 1925 447 1954 aufert
467 1933 602 1959 sensum,
624 1926 716 1954 aufert
739 1925 877 1959 verbum,
899 1925 990 1953 aufert

144 1980 287 2009 gressum.
311 1988 347 1991 —
368 1972 464 2000 Aufert
483 1980 602 2000 sensum
626 1972 831 2005 discretionis;
859 1971 991 2000 Ecclesia-

145 2021 203 2046 stae
223 2018 337 2046 n0n04:
364 2029 377 2042 «
394 2018 492 2046 Mortui
514 2018 583 2046 nihil
604 2018 696 2047 sciunt
709 2018 828 2055 amplius
843 2030 869 2046 ».
886 2034 922 2038 —
937 2019 990 2046 Au-

146 2063 199 2092 fert
223 2063 344 2091 verbum
372 2062 582 2100 confessionis;
610 2064 751 2093 Psalmus:
779 2075 793 2089 <r
807 2064 863 2092 Non
886 2064 990 2092 mortui

145 2110 298 2139 laudabunt
318 2113 361 2144 te,
389 2110 504 2140 Domine
518 2122 546 2138 ».
561 2126 598 2131 -
613 2111 708 2140 Aufert
738 2118 873 2148 gressum
901 2110 991 2138 bonae

145 2155 340 2193 operationis;
352 2155 425 2184 unde
436 2156 464 2184 in
476 2156 582 2184 Psalmo
595 2156 697 2185 dicitur
711 2156 745 2185 de
760 2156 879 2185 mortuis
891 2167 896 2184 :
917 2167 930 2181 ε(
945 2157 991 2185 Se-

145 2203 240 2232 dentes
255 2202 281 2230 in
297 2202 419 2231 tenebris
439 2204 467 2231 et
487 2202 587 2231 umbra
607 2203 720 2236 mortis,
739 2202 845 2231 vinctos
866 2202 894 2230 in
915 2210 991 2231 men-

145 2249 255 2278 dicitate
276 2252 303 2278 et
317 2249 392 2278 ferro
407 2261 434 2277 n.
457 2266 493 2269 —
516 2249 671 2286 Haec-ergo
685 2253 727 2278 est
747 2249 895 2286 multiplex
916 2258 992 2279 mors

145 2296 264 2333 culpae,
293 2303 377 2332 quam
399 2295 470 2324 tollit
490 2295 654 2324 beneficium
676 2295 784 2324 divinae
804 2296 991 2332 praesentiae;

147 2342 220 2371 unde
234 2342 286 2371 dici
301 2345 407 2379 potest:
424 2342 554 2374 Domine,
569 2342 597 2370 si
609 2340 718 2379 fuisses
733 2340 789 2377 liic,
804 2340 900 2379 frater
913 2350 993 2371 meus

145 2397 204 2417 non
224 2388 329 2426 fuisset
348 2392 492 2417 mortuus.
794 2418 801 2423 ,

224 2436 251 2464 8.
273 2435 325 2465 Sed
339 2440 382 2470 et,
407 2436 541 2470 Domine,
556 2435 584 2464 si
596 2434 705 2473 fuisses
719 2434 782 2469 hic,
797 2434 894 2473 frater
912 2444 993 2464 meus

146 2490 204 2511 non
224 2481 328 2519 fuisset
348 2486 498 2516 mortuus,
521 2485 610 2511 morte
628 2490 754 2520 poenae,
782 2490 854 2519 quae
881 2482 993 2520 quidem

32 354 33 362 π
50 347 119 377 Tertia.

18 542 19 546 =
30 510 31 520 γ
44 528 120 557 Quas-ta.

17 561 31 585 ν]

17 1503 19 1519 ²
55 1511 125 1530 Tertia.

20 1932 58 1951 l'res
70 1931 128 1955 ipsius

29 1955 111 1974 effeetus.

47 1978 128 1997 Primus.

25 2014 128 2044 Secundus.

48 2119 127 2138 Tertius.

2 2467 65 2486 mertia
80 2473 130 2487 mors

0 2495 3 2502 ⁸
12 2494 38 2510 est
50 2491 127 2517 duplex.

210 2638 217 2651 ¹
236 2639 302 2662 Vers.
314 2640 335 2662 2.
348 2652 378 2655 —-
390 2639 493 2663 Subinde
504 2640 631 2668 allegantur
643 2640 709 2662 Eccli.
722 2641 763 2667 38,
776 2640 816 2669 ⁴9;
829 2641 851 2663 ll.
861 2640 914 2663 Cor.
923 2640 945 2668 7,
957 2641 994 2664 10,

146 2682 169 2703 et
185 2679 252 2701 Prov.
269 2679 293 2703 21
305 2695 313 2705 ‚
327 2679 349 2701 6.

209 2716 219 2729 ²
236 2718 319 2743 Psalm.
338 2718 379 2744 42,
397 2717 417 2740 4.
434 2729 466 2735 —
483 2718 616 2746 Sequuntur
634 2718 648 2740 Ι.
666 2718 727 2745 Tim,
744 2719 772 2746 5,
789 2719 816 2746 65
837 2719 904 2741 Rom.
922 2720 948 2748 8,
966 2719 993 2746 6,

149 2757 215 2779 Prov.
233 2757 260 2784 5,
277 2757 299 2779 3.
316 2761 339 2778 et
355 2757 377 2779 ὅ.
394 2763 420 2779 ac
436 2756 463 2784 7,
481 2756 519 2779 27.

210 2793 220 2807 ³
240 2796 303 2818 Vers.
326 2796 358 2817 10.
375 2807 406 2812 -
422 2796 479 2818 Tres
495 2802 562 2824 seqq.
579 2795 621 2818 loci
639 2799 693 2818 sunt
712 2797 793 2819 Ezech.
805 2797 847 2825 48,
860 2797 902 2825 32,
915 2797 993 2819 ultima

148 2840 204 2856 vero
221 2833 294 2858 verba
312 2834 426 2857 habentur
443 2841 465 2856 v.
483 2835 523 2862 23;
541 2835 608 2857 Prov.
627 2835 651 2856 Μ
662 2852 667 2862 ,
684 2834 706 2856 7.
724 2837 747 2857 et
763 2835 779 2857 Ι.
795 2836 856 2861 ioan.
873 2837 899 2863 5,
917 2835 953 2858 46.

210 2872 220 2884 ⁴¹
239 2874 302 2895 Vei-s.
319 2872 347 2901 5,
364 2872 404 2895 ubi
422 2873 438 2898 Β
454 2875 477 2895 et
494 2873 590 2901 Vulgata
607 2874 726 2896 noverunt
742 2879 784 2903 pro
806 2873 892 2899 sciunt.
908 2886 939 2891 -
955 2874 994 2897 Se-

148 2914 251 2940 quuntur
269 2912 302 2934 Ps.
322 2912 379 2939 ⁴⁴3,
398 2912 432 2934 Π.
450 2914 473 2934 et
490 2912 548 2939 406,
566 2912 603 2935 to.
619 2911 665 2935 Csr.
681 2912 711 2935 de
728 2912 801 2940 signis
816 2913 877 2935 vitae
892 2916 915 2938 et
932 2919 994 2936 mor-

150 2951 177 2974 tis
193 2957 263 2979 supra
280 2951 329 2974 coll.
347 2951 422 2974 XVlll.

1019 2347 1023 2519 l

1826 173 1881 202 589

1038 250 1079 276 est
1100 247 1255 284 multiplex.
1279 248 1324 277 Est
1344 249 1418 277 enim
1440 256 1514 277 mors
1536 257 1639 286 poenae
1661 251 1829 287 temporalis
1843 267 1881 272 —-

1038 296 1065 322 et
1085 296 1127 323 est
1147 302 1222 323 mors
1243 302 1347 331 poenae
1368 299 1511 325 aeternae.
1533 313 1572 316 —
1593 297 1665 325 Mors
1683 305 1793 333 poenae
1814 301 1881 326 tem-

1034 340 1150 377 poralis
1181 344 1222 369 est
1253 341 1415 378 multiplex,
1443 342 1595 371 secundum
1628 343 1701 380 quod
1733 343 1881 380 multiplex

1038 394 1133 423 poena.
1156 387 1202 416 Est
1223 387 1296 416 enim
1318 396 1406 424 poena
1427 391 1588 422 contracta,
1611 397 1697 425 poena
1719 389 1833 426 inflicta
1854 392 1882 418 et

1038 440 1126 469 poena
1146 436 1289 462 assumta.
1311 450 1350 455 —
1370 435 1416 463 Est
1436 442 1503 471 ergo
1531 443 1606 464 mors
1633 443 1737 472 poenae
1765 439 1880 464 contra-

1038 482 1120 513 ctae,·
1134 479 1169 509 ad
1183 480 1318 509 Romanos
1332 481 1429 518 quinto
1440 481 1469 509 ⁶:
1490 493 1502 507 «
1518 482 1568 510 Per
1582 491 1669 511 unum
1687 483 1825 513 hominem
1841 483 1881 511 in-

1038 526 1122 555 travit
1135 530 1278 563 peccatum
1294 527 1321 556 in
1337 527 1488 561 mundum,
1504 532 1531 556 et
1546 536 1594 565 per
1606 532 1749 565 peccatum
1765 537 1840 558 mors
1855 541 1880 556 ι».

1040 588 1076 594 -—
1092 572 1137 600 Est
1158 572 1240 601 etiam
1262 580 1337 602 mors
1352 582 1454 610 poenae
1469 574 1611 611 inflictae,
1626 578 1653 604 et
1667 576 1735 604 haec
1750 576 1854 604 inflicta
1867 584 1883 604 a

1041 619 1118 651 Deo;
1140 619 1221 655 primi
1250 619 1354 656 Regum
1383 621 1522 650 secundo:
1549 621 1710 651 «Dominus
1734 623 1883 652 mortificat

1040 668 1067 693 et
1088 665 1208 693 viviticat
1223 676 1250 699 »3
1272 666 1402 695 Ieremiae
1424 667 1563 696 secundo:
1590 679 1603 692 «
1618 668 1755 697 Traduxit
1769 677 1818 698 nos
1833 678 1882 706 per

1041 714 1144 741 terram
1165 712 1224 741 sitis
1244 716 1271 741 et
1299 713 1445 750 imaginem
1474 714 1613 743 mortis».
1643 716 1691 744 Vel
1721 716 1840 744 inflictae
1868 725 1883 745 a

1040 758 1171 791 maurim
1197 758 1340 787 Psalmus:
1373 760 1517 796 «Propter
1545 762 1571 789 te
1599 761 1799 790 mortificamur
1827 765 1884 791 tota

1040 804 1099 838 die,
1121 804 1255 833 aestimati
1277 813 1375 834 sumus
1396 806 1468 835 sicut
1488 814 1553 835 oves
1573 807 1717 836 occisionis
1731 820 1757 836 ».
1773 809 1822 837 Vel
1843 809 1883 837 in-

1041 850 1131 879 flictae
1152 859 1168 879 a
1189 851 1319 886 diabolo,
1342 852 1389 889 qui
1417 864 1429 877 a
1444 856 1608 889 persecutus
1627 857 1668 882 est
1689 855 1827 885 hominem
1843 855 1884 884 in-

1040 905 1120 933 opem
1142 900 1169 926 et
1195 898 1350 927 mendicum
1379 902 1406 927 et
1434 903 1630 936 compunctum
1659 901 1741 930 corde
1768 902 1884 930 mortifi-

1041 951 1146 978 care»,
1175 945 1327 973 secundum
1354 946 1428 982 quod
1456 946 1557 975 dicitur
1585 947 1612 975 in
1641 948 1754 977 Psalmo.
1780 964 1816 970 —
1838 949 1884 977 Est

1041 990 1123 1019 etiam
1145 998 1220 1019 mors
1241 998 1344 1027 poenae
1364 997 1534 1026 assumtae;
1554 993 1660 1030 primae
1681 994 1713 1022 ad
1729 994 1885 1024 Corinthios

1040 1036 1146 1065 decimo
1167 1037 1306 1074 quinto⁶:
1333 1038 1488 1074 «Quotidie
1508 1040 1612 1068 morior
1634 1043 1747 1077 propter
1768 1041 1884 1078 gloriam

1041 1087 1177 1117 vestram,
1199 1084 1299 1113 fratres
1313 1095 1340 1119 »;
1362 1088 1389 1113 et
1410 1086 1546 1114 secundae
1567 1086 1600 1114 ad
1621 1087 1778 1116 Corinthios
1798 1088 1885 1117 unde-

1042 1131 1113 1159 cimo
1133 1127 1305 1167 gloriabatur
1326 1132 1483 1168 Apostolus,
1505 1132 1590 1161 fuisse
1616 1133 1670 1161 «in
1693 1134 1779 1170 plagis
1800 1142 1884 1171 supra

1042 1177 1153 1206 modum
1175 1181 1203 1206 et
1223 1177 1250 1206 in
1271 1178 1409 1207 mortibus
1430 1178 1591 1215 frequenter
1606 1192 1632 1207 n.
1655 1196 1691 1201 —-
1707 1180 1750 1209 Sic
1764 1188 1830 1217 ergo
1844 1184 1885 1209 est

1042 1231 1118 1252 mors
1143 1231 1246 1260 poenae
1273 1224 1433 1261 temporalis
1454 1225 1576 1262 triplex:
1598 1234 1674 1254 mors
1695 1234 1798 1263 poenae
1819 1235 1886 1256 con—

1043 1274 1155 1298 tractae
1175 1274 1203 1299 et
1224 1278 1326 1307 poenae
1347 1270 1475 1307 inflictae
1495 1275 1522 1300 et
1543 1280 1646 1308 poenae
1667 1277 1824 1301 assumtae.

1123 1318 1148 1345 9.
1171 1317 1203 1345 Et
1230 1321 1309 1351 nota,
1337 1317 1411 1354 quod
1440 1319 1529 1354 prima
1557 1318 1687 1355 deflenda
1714 1322 1773 1353 est;
1802 1328 1886 1356 quam
1904 1323 2008 1365 ngffgngast

1043 1363 1161 1392 deflebat
1176 1364 1319 1400 Apostolus
1333 1364 1366 1392 ad
1381 1365 1517 1393 Romanos
1531 1365 1647 1401 septimo
1659 1366 1685 1393 ⁷:
1703 1377 1716 1390 cr
1728 1365 1823 1394 infelix
1838 1374 1889 1403 ego
2002 1360 2006 1364 ’

1044 1411 1140 1439 homol
1163 1411 1226 1447 quis
1246 1419 1290 1439 me
1311 1411 1439 1439 liberabit
1459 1411 1493 1440 de
1514 1419 1630 1448 corpore
1644 1412 1741 1441 mortis
1756 1413 1841 1441 huius
1855 1416 1888 1440 n?

1044 1474 1081 1478 —
1103 1457 1228 1485 Secunda
1254 1458 1427 1486 sustinenda
1451 1461 1510 1492 est;
1533 1458 1606 1495 parit
1627 1458 1699 1487 enim
1721 1459 1889 1495 patientibus
1901 1462 2034 1505 Sgffitffiafu-

1044 1505 1144 1539 vitam;
1171 1516 1185 1529 «
1201 1505 1333 1533 Dominus
1347 1505 1419 1533 enim
1436 1505 1584 1534 mortificat
1599 1508 1625 1534 et
1640 1505 1762 1534 vivificat
1773 1517 1799 1540 »ς
1816 1506 1888 1535 unde

1044 1551 1250 1580 Deuteronomii
1273 1551 1415 1588 trigesimo
1443 1552 1576 1580 secundo:
1604 1552 1684 1589 “Ego
1705 1552 1840 1587 occidam,
1862 1557 1889 1582 et

1045 1606 1094 1635 ego
1118 1598 1209 1626 vivere
1230 1597 1326 1626 faciam
1344 1609 1370 1625 ».
1392 1597 1454 1626 Ideo
1475 1598 1583 1627 dicebat
1603 1598 1656 1627 lob.
1670 1599 1776 1627 decimo
1792 1599 1887 1628 tertio:

1049 1656 1062 1669 α
1078 1645 1163 1673 Etiam
1179 1644 1201 1673 si
1223 1644 1354 1673 occiderit
1375 1652 1432 1678 me,
1453 1644 1481 1672 in
1495 1645 1555 1681 ipso
1569 1645 1686 1681 sperabo
1698 1657 1723 1673 ».
1739 1663 1777 1666 —
1798 1646 1892 1675 Tertia
1906 1649 2023 1691 ξῐτωῑῑξόᾱῖὃ-

1045 1691 1223 1720 assumenda
1234 1693 1288 1724 est;
1301 1690 1437 1719 secundae
1448 1691 1481 1719 ad
1493 1691 1649 1720 Corinthios
1660 1695 1772 1729 quarto:
1790 1704 1803 1718 «
1814 1693 1889 1722 Sem·
2012 1686 2015 1690 ’

1045 1745 1095 1774 per
1117 1737 1355 1765 mortificationem
1388 1737 1447 1766 lesu
1478 1738 1579 1766 Christi
1602 1738 1629 1766 in
1650 1746 1766 1775 corpore
1794 1742 1889 1768 nostro

1046 1783 1288 1817 circumferentes,
1309 1786 1341 1811 ut
1361 1787 1388 1812 et
1410 1784 1465 1812 vita
1486 1784 1547 1813 lesu
1567 1785 1594 1813 in
1609 1785 1774 1821 corporibus
1788 1786 1890 1814 nostris

1047 1831 1237 1859 manifestetur
1250 1841 1277 1864 »;
1292 1833 1320 1859 et
1334 1833 1394 1867 post
1407 1831 1566 1867 paululum:
1586 1843 1600 1857 <c
1614 1833 1686 1860 Mors
1698 1833 1725 1861 in
1737 1832 1816 1861 nobis
1825 1841 1890 1869 ope-

1047 1880 1142 1911 ratur,
1164 1877 1220 1906 vita
1234 1880 1328 1906 autem
1348 1877 1376 1906 in
1391 1877 1468 1906 vobis
1479 1889 1505 1905 ».

1129 1925 1172 1952 10.
1195 1924 1328 1961 Sequitur
1348 1924 1382 1953 de
1409 1928 1498 1953 morte
1520 1932 1623 1961 poenae
1645 1929 1797 1959 aeternae,
1819 1933 1890 1962 quae
1908 1929 2038 1975 lffimffiffigs-

1047 1971 1195 2007 multiplex
1216 1973 1272 2005 est,
1294 1971 1446 2000 secundum
1468 1971 1542 2008 quod
1563 1975 1604 2000 est
1625 1972 1774 2008 multiplex
1797 1980 1890 2008 poena.

1047 2018 1093 2046 Est
1114 2018 1187 2046 enim
1208 2025 1295 2054 poena
1315 2018 1463 2046 carentiae
1482 2018 1618 2052 visionis,
1634 2026 1722 2055 poena
1741 2027 1845 2047 sensas
1865 2021 1893 2048 et

1047 2072 1136 2101 poena.
1155 2064 1271 2092 vermis.
1294 2081 1331 2085 —-
1352 2064 1397 2093 Est
1419 2072 1494 2093 mors
1523 2065 1673 2093 carentiae
1700 2065 1839 2099 visionis,
1864 2067 1892 2094 et
1908 2069 1978 2087 Prima.

1048 2111 1116 2139 haec
1136 2113 1178 2139 est
1191 2118 1267 2139 mors
1281 2111 1405 2148 caliginis
1419 2111 1462 2140 vel
1476 2111 1563 2148 caligo
1584 2111 1695 2145 mortis;
1716 2111 1750 2140 de
1769 2119 1826 2148 qua
1847 2111 1892 2140 lob

1047 2157 1188 2186 decimoss:
1215 2169 1228 2182 «
1240 2158 1353 2187 Dimitte
1373 2166 1433 2192 me,
1453 2162 1485 2187 ut
1506 2158 1633 2195 plangam
1652 2158 1794 2194 paululum
1817 2158 1892 2188 dolo-

1049 2212 1107 2233 rem
1117 2212 1223 2239 meum,
1234 2207 1382 2242 antequam
1395 2205 1492 2234 vadam
1503 2208 1530 2233 et
1541 2213 1595 2234 non
1608 2208 1734 2234 revertar
1743 2205 1778 2233 ad
1789 2208 1892 2234 terram

1049 2251 1223 2279 tenebrosam
1244 2254 1272 2280 et
1288 2255 1412 2288 opertam
1428 2251 1526 2280 mortis
1540 2251 1680 2288 caligine»
1702 2254 1769 2286 etc.;
1790 2254 1818 2281 et
1838 2260 1893 2281 non

1049 2298 1188 2327 immerito
1202 2298 1358 2335 appellatur
1372 2299 1493 2327 carentia
1507 2306 1604 2332 mors,
1612 2298 1691 2335 quia,
1704 2298 1778 2328 sicut
1791 2298 1893 2327 dicitur

1050 2345 1229 2373 Ecclesiastici
1250 2345 1476 2382 quadragesimo,
1502 2356 1516 2369 «
1531 2344 1631 2374 melius
1651 2347 1693 2373 est
1715 2345 1784 2373 mori
1807 2353 1891 2382 quam

1049 2391 1210 2428 indigere».
1234 2407 1270 2412 --
1291 2391 1337 2419 Est
1357 2391 1439 2420 etiam
1461 2399 1536 2419 mors
1552 2399 1664 2428 poenae
1683 2399 1803 2424 sensu&
1824 2392 1893 2428 Apo-
1910 2395 2003 2415 Secunda.

1050 2437 1168 2474 calypsis
1189 2437 1319 2473 vigesimo
1340 2437 1469 2473 prim0⁹:
1496 2448 1509 2461 (ι
1524 2437 1589 2465 Pars
1610 2444 1707 2465 eorum
1729 2437 1782 2465 erit
1797 2437 1824 2466 in
1839 2440 1894 2466 sta-

1050 2491 1104 2520 gno
1116 2483 1177 2519 igne
1191 2482 1298 2511 ardenti
1313 2485 1341 2511 et
1352 2483 1501 2519 sulphure,
1513 2483 1587 2520 quod
1599 2486 1640 2512 est
1651 2483 1772 2512 secunda
1783 2491 1893 2517 mors»;

1909 348 2026 371 Temperans

1898 371 1967 390 iterum
1994 371 2027 389 tri-

1898 395 1948 419 plex.

1898 441 1967 459 Prima.

1900 579 1993 599 Secunda.

1900 951 1970 970 Tertia.

1113 2639 1122 2652 ⁶
1140 2641 1204 2663 Vers.
1218 2641 1256 2662 42.
1266 2652 1297 2657 -
1308 2641 1412 2669 Quatuor
1422 2646 1488 2669 seqq.
1500 2640 1543 2663 loci
1555 2643 1608 2663 sunt
1619 2641 1634 2663 l.
1648 2641 1704 2669 fleg.
1715 2642 1737 2668 2,
1749 2641 1775 2668 ὃς
1787 2642 1828 2666 ler.
1837 2642 1859 2669 2,
1868 2642 1895 2668 6;

1050 2680 1086 2702 Ps.
1104 2679 1145 2708 43,
1163 2681 1200 2702 22.
1217 2683 1239 2702 et
1257 2680 1314 2708 408,
1331 2679 1368 2701 117.

1112 2717 1122 2731 ⁶
1142 2719 1206 2741 Vers.
1215 2719 1252 2741 31.
1263 2721 1286 2741 et
1298 2719 1321 2741 ll.
1333 2718 1386 2741 Cor.
1398 2719 1422 2741 Μ
1433 2736 1439 2745 ,
1451 2719 1489 2742 23.
1501 2731 1530 2734 —-
1541 2718 1586 2742 Csr.
1598 2725 1668 2747 supra
1679 2718 1759 2743 Collat.
1770 2719 1895 2745 XXXVlll.

1050 2764 1071 2782 n.
1090 2758 1111 2785 3,
1129 2757 1169 2780 ubi
1184 2758 1266 2780 eadem
1284 2757 1368 2780 (fivisio
1385 2757 1492 2780 occurrit.

1112 2795 1121 2809 ⁷
1142 2798 1204 2819 Vers.
1217 2796 1253 2819 24.
1265 2808 1297 2813 -
1308 2796 1411 2820 Subinde
1422 2797 1550 2824 allegantur
1562 2797 1576 2819 l.
1589 2797 1647 2824 neg.
1658 2797 1679 2824 2,
1691 2797 1716 2821 ὃς
1731 2797 1795 2819 Deut.
1806 2797 1844 2825 32,
1853 2797 1894 2824 3⁹;

1049 2835 1089 2859 lob
1107 2836 1148 2863 43,
1167 2835 1208 2863 153
1228 2836 1251 2858 ll.
1270 2835 1323 2858 Cor.
1339 2835 1366 2863 4,
1385 2835 1420 2857 to.
1438 2838 1461 2858 et
1478 2836 1515 2858 42.

1112 2874 1121 2886 ὅ
1139 2875 1204 2897 Vers.
1222 2875 1259 2896 20.
1276 2877 1299 2896 et
1316 2874 1354 2896 21.
1372 2887 1401 2889 -
1419 2874 1527 2903 Sequitur
1544 2874 1610 2897 Eccli.
1629 2874 1672 2902 40,
1690 2875 1727 2897 29.

1112 2912 1121 2925 ¹³
1139 2914 1205 2936 Vers.
1228 2913 1248 2935 8.
1271 2925 1302 2930 -—
1322 2912 1427 2939 ,Subinde
1452 2914 1579 2941 allegantur
1602 2914 1673 2941 Apoc.
1699 2914 1741 2941 20,
1768 2913 1847 2936 43-15.
1873 2916 1895 2935 et

1049 2953 1134 2975 Thren.
1154 2953 1179 2979 l,
1197 2953 1235 2974 20.
