2296 3316
235 1871 288 1898 Item,
299 1872 355 1899 etiam

249 1900 356 1914 misericor-

234 2153 288 2175 ltem,
298 2153 355 2172 inler—

222 2176 270 2202 dum
290 2179 355 2201 poten-

384 152 438 182 188
970 150 1140 180 COMMENT.
1163 151 1195 181 IN
1216 151 1408 182 SAPIENTIAM
1428 153 1457 181 C.
1478 152 1531 182 Xll.

381 230 409 259 in
430 229 526 258 futuro
546 236 643 266 parcas
664 228 704 262 ei;
726 228 760 257 ad
782 228 918 257 Hebraeos
938 228 1116 258 duodecimo:
1143 230 1227 259 «Fla-

381 276 463 314 gellat
483 283 594 304 omnem
614 275 716 309 filium,
737 282 821 312 quem
842 274 940 312 recipit
953 286 984 309 »;
1006 275 1107 305 Tobiae
1128 276 1225 305 tertio:

386 323 506 351 «Iustus
536 330 579 356 es,
610 322 737 356 Domine,
767 325 795 351 et
825 322 917 351 omnia
947 322 1048 351 iudicia
1079 325 1127 351 tua
1154 322 1227 352 iusta

381 373 488 403 sunt»;
510 369 574 398 item
597 369 624 397 in
640 369 757 398 Psalmo:
784 380 797 394 κ
810 369 911 397 iudicia
924 369 1032 398 Domini
1054 377 1132 404 vera,
1148 370 1226 399 iusti-

381 416 462 445 ficata
482 416 510 444 in
532 416 678 453 semetipsa
692 427 718 444 ν.
738 416 841 453 Ipsum
858 424 983 455 quoque,
1005 416 1057 454 qui
1070 425 1128 445 non
1149 416 1227 445 debet

378 463 501 501 puniri,
522 462 548 491 id
569 465 612 492 est
626 471 675 500 per
698 471 812 500 poenam
829 463 1008 500 temporalem
1030 463 1145 501 corrigi,
1160 472 1226 492 ecm-

379 510 501 539 demnas
514 512 538 543 ¹;
552 510 659 539 Glossa:
679 511 768 539 Poena
781 513 906 545 aeterna,
928 518 1045 548 parcens
1059 511 1082 540 ei
1104 511 1131 539 in
1147 518 1226 548 prae-

379 557 463 591 senti,
485 560 517 585 ut
541 557 568 586 in
590 557 686 586 futuro
714 557 827 594 punias;
850 557 923 587 unde
952 558 1100 587 Ezechielis
1120 557 1226 586 decimo

379 607 472 633 sexto:
499 604 674 633 «Auferetur
695 613 712 633 a
736 612 780 633 me
808 604 885 633 zelus
912 612 1003 638 meus,
1032 608 1059 634 et
1085 605 1224 641 quiescam

378 658 428 679 nec
450 651 554 680 irascar
575 651 694 688 amplius
709 663 735 679 ι».
758 652 793 679 Et
813 655 944 680 exterum
965 652 1104 680 aestimas
1132 659 1152 679 a
1173 654 1225 679 tua

377 697 502 730 virtum
523 698 655 727 Glossafl:
683 710 696 724 α
712 698 740 727 ld
760 702 801 727 est
821 698 942 728 alienum
963 702 990 727 et
1015 698 1157 735 indignum
1184 697 1225 726 di-

377 744 441 772 vina
467 744 568 781 pietate
587 757 613 773 ».
636 745 732 774 Virtus
758 745 831 774 enim
859 745 906 774 Dei
935 749 976 774 est
1004 745 1105 782 pietas,
1127 752 1224 773 secun-

374 790 444 819 dum
467 791 534 820 illud
549 791 689 829 Gregorii:
716 804 729 817 «ι
744 792 831 827 Deus,
854 792 897 821 cui
916 792 1061 829 proprium
1082 794 1123 820 est
1144 791 1224 820 mise-

372 838 433 866 reri
455 846 564 875 semper
586 842 613 868 et
634 847 748 876 parcere
763 851 794 873 n,
816 839 876 868 ideo
897 839 924 868 in
946 839 1064 867 Psalmo:
1091 850 1104 863 «
1119 838 1147 866 ln
1169 837 1224 865 vir-

377 888 436 914 tute
459 889 506 914 tua
520 898 548 920 »,
563 886 590 914 id
611 889 652 915 est
667 886 767 923 pietate
789 889 849 920 tua,
869 885 988 915 «iudica
1009 893 1052 914 me
1066 896 1093 912 n.
1110 885 1157 913 Vel
1171 884 1222 913 sic:

376 935 403 960 et
424 932 521 969 ipsum
536 933 588 971 qui
604 941 664 961 non
677 932 756 961 debet
766 933 887 970 puniri,
907 932 1010 961 scilicet
1024 932 1051 960 in
1066 934 1223 965 aeternum,

376 979 569 1013 condemnas,
591 980 695 1008 scilicet
720 979 874 1008 secundum
900 979 1101 1016 reputationem
1128 986 1224 1015 repro-

376 1025 494 1060 borum,
516 1026 582 1063 quia
606 1026 697 1063 ipsum
720 1026 747 1055 in
772 1026 908 1063 praesenti
935 1025 1067 1062 corripis;
1088 1028 1113 1053 et
1138 1025 1223 1054 aesti-

375 1081 458 1107 mas,
480 1073 507 1101 id
528 1076 585 1107 est,
611 1073 756 1102 aestimare
777 1073 843 1102 sacis
863 1073 946 1107 alios,
968 1072 1049 1101 talem
1074 1075 1222 1106 exterum,

375 1127 435 1149 esse
456 1120 576 1155 scilicet,
597 1129 617 1149 a
638 1124 691 1149 tua
711 1120 831 1154 virtute,
854 1120 880 1148 id
900 1123 942 1149 est
963 1120 1084 1148 alienum
1105 1122 1132 1148 et
1152 1119 1222 1147 indi-

375 1174 460 1203 gnum
494 1170 542 1195 tua
573 1167 690 1204 pietate,
723 1168 794 1196 sicut
826 1167 905 1196 amici
938 1166 984 1195 lob
999 1167 1010 1183 ⁵
1042 1166 1223 1195 aestimabant

377 1212 468 1249 ipsum
490 1213 634 1250 indignum
657 1217 705 1242 tua
725 1214 841 1250 pietate,
863 1213 928 1251 quia
949 1216 1003 1242 tam
1023 1213 1145 1250 graviter
1171 1220 1221 1249 pu-

374 1259 466 1288 nivisti
489 1268 563 1289 eum.
1014 1255 1017 1257 “

453 1307 542 1343 (Vers.
569 1308 634 1343 16.).
660 1308 758 1337 Virtus
779 1308 855 1337 enim
876 1312 941 1342 tua,
963 1307 989 1336 id
1004 1310 1045 1336 est
1065 1307 1222 1336 misericor-

373 1354 426 1382 dia.
449 1354 526 1392 Opus
547 1355 621 1384 enim
642 1355 763 1384 iustitiae
784 1355 885 1384 dicitur
899 1362 958 1383 esse
979 1354 1108 1382 alienum
1121 1362 1137 1382 a
1152 1354 1220 1388 Deo,

374 1400 458 1430 Isaiae
478 1401 612 1438 vigesimo
632 1406 729 1431 octavo
739 1405 760 1436 ¹,
782 1402 829 1431 sed
849 1409 919 1438 opus
937 1400 1140 1430 misericordiae
1152 1409 1220 1438 pro-

370 1448 477 1484 prium
491 1448 524 1477 ei.
540 1449 573 1477 Et
594 1449 646 1478 hoc
667 1452 720 1483 est,
743 1449 807 1486 quia
824 1448 903 1477 nobis
923 1448 1071 1476 miseretur
1092 1455 1128 1476 ex
1144 1447 1221 1476 boni-

374 1497 429 1523 tate
449 1496 578 1532 propria,
601 1496 648 1525 sed
669 1496 800 1525 iustitiam
826 1496 853 1524 in
874 1503 924 1524 nos
948 1497 1061 1523 exercet
1080 1502 1117 1523 ex
1138 1502 1221 1523 causa

372 1544 481 1575 nostra,
504 1542 608 1571 scilicet
629 1546 743 1580 propter
763 1546 885 1571 nostram
907 1542 1024 1579 culpam.
1048 1541 1158 1576 Virtus,
1179 1542 1220 1570 in-

373 1595 474 1624 quam,
501 1592 571 1623 tua,
598 1589 625 1618 id
650 1593 692 1618 est
715 1589 919 1623 misericordia,
944 1588 1089 1622 iustitiae,
1117 1589 1221 1618 scilicet

371 1638 496 1669 nostrae,
512 1636 539 1664 id
558 1639 599 1665 est
616 1637 818 1666 iustificationis
835 1639 958 1670 nostrae,
973 1640 1014 1664 est
1034 1636 1166 1671 initium,
1181 1645 1221 1666 se-

371 1681 495 1710 cundum
518 1682 585 1711 illud
607 1684 726 1720 Apostoli
751 1684 784 1712 ad
806 1684 897 1712 Titum
920 1683 1001 1712 tertio
1015 1683 1042 1711 ⁵:
1066 1695 1079 1708 «ι
1100 1684 1158 1712 Non
1183 1692 1220 1713 ex

370 1728 503 1765 operibus
524 1729 658 1764 iustitiae,
680 1738 751 1767 quae
775 1730 890 1759 fecimus
911 1738 976 1763 nOS,
998 1730 1045 1759 sed
1066 1730 1219 1759 secundum

371 1783 450 1804 suam
473 1776 693 1805 misericordiam
714 1777 804 1806 salvos
825 1785 875 1805 nos
896 1777 958 1805 fecit
973 1787 1004 1811 »;
1026 1777 1091 1806 item
1113 1777 1147 1806 ad
1169 1778 1219 1806 Ro-

369 1831 466 1852 manos
481 1824 578 1852 tertio:
598 1836 612 1849 α
627 1824 765 1853 lustiticati
784 1824 870 1861 gratis
890 1832 940 1861 per
955 1824 1070 1861 gratiam
1093 1824 1218 1861 ipsius».

371 1871 404 1898 Et
426 1870 459 1899 ob
481 1869 549 1906 hoc,
571 1872 649 1909 quod
670 1872 801 1900 omnium
818 1871 960 1899 Dominus
980 1879 1022 1905 es,
1045 1871 1149 1900 scilicet
1169 1880 1219 1909 per

368 1918 534 1955 potentiam,
553 1918 688 1947 omnibus
709 1922 733 1947 te
749 1926 870 1955 parcere
890 1916 982 1954 facis,
997 1926 1047 1955 per
1062 1918 1219 1947 misericor-

368 1965 457 1999 diam;
479 1966 555 1995 unde
576 1966 671 1995 Glossa
685 1966 712 1994 Β;
732 1977 745 1990 «
765 1966 798 1994 Ut
823 1965 870 2002 qui
898 1972 995 2001 praees
1020 1965 1141 2001 potentia
1167 1965 1218 1994 mi-

368 2014 456 2041 tescas
471 2016 574 2041 natura
585 2023 612 2047 »;
627 2021 713 2050 supra
727 2012 885 2041 undecimo:
902 2023 916 2037 <t
927 2012 1065 2040 Misereris
1079 2012 1217 2047 omnium,

368 2059 434 2096 quia
455 2059 549 2088 omnia
570 2063 648 2096 potes
662 2072 688 2087 υ.

448 2106 538 2142 (Vers.
572 2106 637 2141 17.).
660 2106 798 2134 Virtutem
822 2105 899 2133 enim
924 2107 1000 2133 tuam
1026 2105 1168 2139 ostendis,
1190 2105 1217 2134 id

367 2155 409 2181 est
426 2153 581 2190 potentiam
599 2153 628 2182 in
649 2152 799 2190 puniendo,
819 2156 850 2180 tu
867 2151 991 2190 quinon
1008 2152 1149 2186 crederis,
1165 2152 1217 2181 sci-

367 2199 432 2228 licet
445 2199 481 2228 ab
498 2200 672 2233 errantibus,
694 2208 752 2228 esse
769 2199 800 2227 in
814 2199 921 2227 virtute
938 2202 1174 2233 consummatus,
1189 2199 1217 2228 id

432 2331 440 2345 ¹
458 2333 503 2355 Pro
520 2332 677 2361 condemnas,
694 2334 716 2356 et
731 2334 853 2360 exterum,
871 2332 934 2361 quod
952 2333 1060 2356 exhibent
1070 2334 1139 2356 etiam
1154 2334 1218 2357 card.

367 2372 436 2399 nugo
454 2375 476 2394 et
494 2373 609 2400 Lyranus,
628 2372 724 2399 Vulgata
742 2371 910 2399 condemnare,
927 2373 1046 2395 exterum.
1063 2384 1094 2389 —
1110 2373 1218 2402 Sequitur

366 2410 448 2432 Glossa
460 2410 638 2434 interlinearis:
657 2410 704 2438 Qui
718 2416 765 2433 non
783 2409 848 2433 debet
861 2409 957 2440 partiri,
976 2410 999 2432 in
1016 2413 1149 2439 aeternum,
1165 2417 1218 2435 con-

366 2449 479 2478 demnas,
502 2451 611 2478 corripis,
634 2451 671 2472 vel
694 2450 782 2478 ipsum,
805 2450 845 2478 qui
867 2456 914 2472 non
935 2450 1018 2478 recipit
1037 2451 1216 2479 correctionem,

367 2489 511 2511 condemnas
522 2489 544 2511 in
557 2492 705 2518 perpetuum.
722 2488 825 2511 Subinde
841 2489 952 2517 allegatur
969 2490 1050 2512 Ezech.
1068 2490 1109 2518 46,
1123 2490 1164 2518 42,
1176 2490 1217 2513 ubi

367 2534 410 2556 pro
428 2533 444 2551 a
461 2534 500 2551 me
518 2529 617 2556 Vulgata
633 2534 650 2551 a
665 2530 694 2552 te.

431 2565 441 2579 ²
459 2567 551 2590 Scilicet
567 2566 735 2590 interlinearis.
751 2567 795 2590 Ctr.
813 2566 929 2590 Rabanus.
946 2580 978 2583 —
995 2568 1028 2590 De
1044 2574 1094 2597 seq.
1111 2567 1217 2596 Gregorii

368 2606 472 2629 oratione
490 2608 531 2629 cfr.
548 2613 617 2635 supra
635 2613 689 2635 pag.
707 2606 764 2633 484,
781 2609 833 2629 nota
853 2607 874 2629 4.
892 2607 1001 2636 Sequitur
1019 2608 1054 2630 ΡΞ.
1072 2608 1114 2635 53,
1132 2608 1154 2630 3.

432 2643 442 2657 ³
460 2645 520 2668 Vide
538 2645 577 2668 lob
595 2645 617 2668 4.
633 2652 698 2674 seqq.
715 2658 746 2662 —
763 2646 779 2668 E
797 2645 865 2668 codd.
877 2646 1038 2674 supplevimus
1048 2645 1112 2669 sicta
1121 2645 1217 2669 amai...

368 2686 412 2708 tua
428 2684 522 2714 pietate.

432 2723 443 2736 ‘¹
461 2725 528 2747 Vers.
545 2724 587 2747 24:
606 2724 668 2747 Sicut
683 2724 743 2747 enim
762 2724 784 2746 in
802 2726 880 2747 monte
896 2724 1037 2747 divisionum
1055 2724 1124 2747 stabit
1142 2724 1218 2747 Domi-

368 2770 427 2790 nus;
446 2763 506 2786 sicut
524 2764 545 2786 in
564 2764 633 2792 valle,
650 2770 711 2792 quae
735 2766 770 2786 est
794 2764 817 2786 in
842 2763 949 2793 Gabaon,
968 2764 1090 2787 irascetur:
1107 2766 1132 2787 ut
1151 2764 1218 2787 saciat

369 2808 430 2830 opus
448 2809 530 2831 suum,
547 2803 645 2825 alienum
663 2808 723 2830 opus
739 2803 801 2825 eius:
819 2805 844 2825 ut
860 2805 969 2831 operetur
985 2809 1045 2831 opus
1060 2809 1143 2830 suum,
1154 2808 1217 2831 pere-

369 2841 464 2869 grinum
482 2844 517 2864 est
533 2848 593 2870 opus
610 2842 660 2864 eius
677 2841 706 2864 ab
725 2847 759 2864 eo.
777 2842 870 2864 Hieron.
887 2842 910 2864 in
928 2843 989 2865 hunc
1011 2842 1087 2865 locum
1108 2842 1151 2864 ait:
1167 2842 1217 2864 Non

369 2882 405 2903 est
422 2880 485 2902 enim
503 2886 562 2908 opus
579 2880 670 2902 Domini
686 2880 785 2908 perdere
798 2886 858 2909 quos
869 2881 980 2903 creavit...
992 2881 1040 2903 Non
1052 2883 1086 2904 est
1097 2886 1157 2909 opus
1167 2880 1217 2903 eius

369 2919 454 2947 pimire
472 2922 603 2947 peccantes,
621 2919 661 2941 sed
679 2920 829 2947 peregrinum
846 2923 869 2942 et
885 2920 985 2942 alienum
1003 2919 1034 2942 ab
1050 2926 1089 2947 eo,
1102 2922 1127 2942 ut
1138 2919 1217 2947 puniat

369 2958 411 2987 qui
427 2958 532 2980 Salvator
548 2960 589 2980 est.

1283 234 1324 260 est
1345 230 1500 267 perfectus;
1527 230 1572 259 lob
1593 230 1725 268 vigesimo
1745 232 1904 262 secundo⁷z
1928 244 1942 259 ιι
1956 233 2039 270 Quasi
2061 234 2129 263 niliil
2287 208 2289 253 Ι

1284 279 1375 314 posset
1389 276 1479 305 facere
1493 276 1685 314 Omnipotens,
1703 278 1884 308 aestimabant
1897 279 1975 308 illum
1987 291 2014 308 n.
2030 280 2064 308 Et
2078 279 2129 309 lios

1283 323 1336 361 qui
1355 327 1380 352 te
1400 323 1545 357 nesciunt,
1571 324 1674 353 scilicet
1699 324 1838 359 infideles,
1859 326 1892 354 in
1915 327 2046 355 audacia
2067 330 2129 356 tra-

1283 370 1380 404 ducis,
1396 370 1423 398 id
1441 372 1495 404 est,
1516 370 1648 399 audacter
1665 370 1700 399 ad
1720 379 1835 408 poenam
1850 371 1942 407 ducis,
1962 376 1990 402 et
2005 373 2056 402 hoc
2071 381 2128 403 me-

1284 417 1337 446 rito
1357 416 1535 454 iniquitatum
1556 424 1684 452 suarum,
1707 425 1793 455 supra
1810 422 1925 455 quarto:
1947 420 2128 450 «Traducent

1283 471 1330 492 eos
1350 471 1386 492 ex
1407 463 1523 492 adverso
1544 463 1703 500 iniquitates
1723 472 1821 493 eorum
1835 476 1862 495 υ.

1368 563 1445 587 Tertio
1462 563 1593 587 ostenditur
1609 563 1685 594 populi
1701 561 1740 588 Dei
1757 564 1781 588 in
1798 564 1892 596 utroque
1909 565 2041 590 insti-notio.

1367 650 1410 677 Tu
1431 652 1529 678 autem
1543 650 1711 679 dominator
1725 653 1776 679 etc.
1792 650 1908 680 Ostensa
1925 652 2068 688 punitione
2081 653 2128 681 ad—
2145 659 2223 678 Divisio.
2273 635 2280 701 ξ

1282 695 1471 725 versariorum
1492 699 1519 725 et
1540 696 1728 725 misericordia
1745 697 1843 726 iudicis
1864 698 1891 726 in
1912 698 2065 735 puniendo,
2083 699 2128 728 hic
2275 702 2279 740 ,¹

1281 742 1401 771 ostendit
1428 742 1648 771 instructionem
1672 743 1778 780 populi
1806 743 1858 772 Dei
1884 744 1911 773 in
1936 746 2073 782 utroque,
2100 747 2128 774 et
2152 752 2277 776 ransuntur'

1281 789 1371 826 primo
1393 789 1480 825 tangit
1493 789 1671 826 exemptum,
1687 798 1737 827 per
1758 791 1832 828 quod
1846 791 1972 826 instruit;
1993 791 2126 826 secundo,
2164 778 2248 799 ‘mmm'

1281 835 1530 870 misericordiam,
1558 836 1591 865 de
1619 845 1675 874 qua
1703 837 1830 867 instruit:
1855 838 2001 872 Docuisti;
2030 838 2126 873 tertio,

1280 882 1416 916 modum,
1438 891 1494 920 quo
1522 883 1652 913 instruit:
1675 884 1709 913 Si
1728 885 1804 914 enim
1829 885 1983 919 inimicos,-
2011 889 2126 923 quarto,

1279 928 1383 966 finem,
1405 932 1520 966 propter
1540 938 1624 967 quem
1645 930 1776 960 instruit:
1801 931 1875 961 Cum
1895 941 1963 969 erqo
1982 932 2073 961 nobis.

1360 977 1449 1011 (Vers.
1480 978 1545 1013 18.).
1579 978 1622 1006 Tu
1650 981 1747 1007 autem
1774 981 1826 1008 etc.
1854 979 1926 1008 Bene
1950 979 2024 1014 dixi,
2053 980 2126 1017 quod
2163 985 2235 1009 Primo.

1280 1024 1406 1052 ostendis
1424 1024 1660 1061 incorrigibilibus
1677 1025 1814 1054 virtutem
1830 1028 1907 1054 tuam
1921 1028 1949 1054 et
1963 1025 2125 1062 potentiam;
2144 1009 2253 1033 nmmum*

1280 1074 1396 1105 autem,
1422 1079 1473 1108 pro
1499 1071 1561 1106 sed;
1591 1075 1622 1100 tu
1647 1072 1814 1101 dominator
1840 1072 1960 1102 virtutis
1979 1076 2047 1107 etc.;
2074 1074 2127 1103 hoc

1280 1121 1371 1155 potest
1391 1118 1505 1156 intelligi
1528 1119 1727 1153 intransitive,
1749 1122 1781 1148 ut
1794 1119 1829 1148 sit
1850 1127 1963 1149 sensus:
1982 1123 2014 1148 tu
2034 1120 2126 1149 domi-

1279 1168 1367 1194 nator
1388 1166 1523 1200 virtutis,
1545 1166 1570 1194 id
1592 1169 1634 1195 est
1654 1166 1812 1201 virtuosus;
1834 1167 1878 1195 vel
1899 1167 2050 1196 transitive
2071 1167 2125 1196 sic:

1279 1212 1448 1241 dominator
1461 1212 1590 1247 virtutis,
1601 1213 1628 1242 id
1640 1216 1681 1242 est
1692 1213 1826 1242 Dominus
1841 1213 1976 1242 virtutum
1990 1214 2125 1249 omnium,
2275 1233 2277 1239 ,

1279 1259 1383 1288 scilicet
1404 1262 1458 1288 tam
1477 1260 1664 1297 angelicarum
1682 1268 1767 1297 quarn
1789 1260 1989 1294 humanarum
2011 1260 2040 1289 in
2053 1261 2126 1290 Psal-

1278 1313 1324 1334 mo
1338 1306 1365 1334 ⁸:
1391 1318 1405 1331 «
1424 1306 1558 1336 Dominus
1579 1307 1732 1342 virtutum,
1758 1306 1816 1344 ipse
1837 1310 1878 1336 est
1903 1315 1955 1336 rex
1980 1307 2084 1344 gloriae
2097 1319 2124 1336 ι».

1281 1352 1354 1381 Cum
1379 1353 1591 1391 tranquillitate
1615 1354 1748 1388 iudicas,
1774 1354 1801 1383 id
1822 1356 1864 1383 est
1887 1354 1946 1383 sine
1970 1354 2126 1384 intellectus

1278 1400 1321 1428 vel
1352 1400 1468 1429 affectus
1498 1401 1727 1437 perturbatione;
1760 1401 1847 1430 lacobi
1878 1401 1986 1438 primo:
2013 1412 2026 1426 κ
2047 1401 2125 1438 Apud
2197 1425 2200 1428 .

1278 1454 1361 1483 quem
1387 1455 1441 1475 non
1469 1450 1511 1476 est
1539 1448 1733 1477 transmutatio
1750 1459 1782 1482 »;
1804 1448 1887 1477 Isaiae
1915 1448 2125 1485 quadragesimo

1277 1494 1411 1523 secundo:
1431 1506 1445 1520 «
1460 1495 1487 1523 ln
1510 1495 1625 1524 veritate
1640 1495 1738 1524 educet
1761 1495 1907 1529 iudicium,
1928 1503 1983 1524 non
2001 1495 2055 1524 erit
2075 1495 2125 1524 tri·
2273 1500 2274 1503 ’

1277 1541 1326 1570 stis
1350 1549 1441 1579 neque
1468 1541 1686 1570 turbulentus».
1711 1542 1745 1570 Et
1765 1550 1833 1570 cum
1853 1541 1969 1570 multa⁹
1994 1550 2124 1571 reveren-

1278 1589 1336 1623 tia,
1359 1588 1386 1617 in
1407 1588 1522 1623 effectu,
1543 1588 1570 1617 id
1591 1591 1633 1617 est
1654 1596 1719 1617 cum
1740 1589 1828 1617 multa
1849 1588 2050 1623 moderatione,
2065 1588 2124 1617 dis·
2273 1612 2274 1625 ,

1273 1635 1361 1673 ponis
1381 1643 1448 1669 nos,
1463 1643 1518 1664 non
1539 1636 1611 1664 sicut
1633 1635 1678 1664 ille
1702 1635 1801 1670 iudex,
1821 1644 1834 1660 «ι
1846 1635 1894 1672 qui
1915 1643 1966 1664 nec
1980 1635 2069 1664 Deum
2091 1635 2124 1663 ti—

1277 1683 1369 1712 mebat
1396 1690 1447 1711 nec
1474 1683 1614 1712 hominem
1643 1679 1825 1712 reverebatur
1846 1694 1874 1717 n,
1902 1683 1990 1712 Lucae
2017 1682 2124 1712 decimo

1276 1732 1381 1758 o'ctavo.
1400 1729 1501 1758 Subest
1518 1730 1595 1758 enim
1614 1729 1679 1764 tibi,
1694 1738 1761 1758 cum
1779 1729 1920 1764 volueris,
1932 1738 2032 1767 passe,-
2046 1736 2122 1764 ecce,

1276 1784 1360 1805 causa
1384 1776 1592 1813 tranquillitatis
1616 1776 1644 1805 in
1669 1776 1814 1805 iudicando
1841 1778 1869 1805 et
1896 1776 2067 1805 reverentiae
2095 1775 2122 1805 in

1275 1823 1445 1860 disponendo
1466 1823 1523 1852 sive
1538 1823 1565 1851 in
1586 1823 1778 1860 exsequendo,
1799 1823 1903 1852 scilicet
1920 1823 1986 1860 quia
2003 1822 2124 1860 omnipo-

1276 1873 1337 1899 tens
1357 1872 1411 1904 est;
1433 1870 1461 1898 in
1484 1870 1588 1898 Psalmo
1601 1870 1635 1898 ¹⁰:
1663 1881 1676 1895 α
1690 1870 1888 1907 Quaecumque
1902 1869 2002 1904 voluit,
2017 1869 2080 1899 fecit
2094 1881 2121 1898 ».

1354 1917 1406 1946 Sed
1426 1916 1573 1951 obiicitur,
1594 1917 1668 1953 quod
1690 1917 1843 1946 secundum
1864 1917 1999 1946 rationem
2023 1916 2122 1946 intelli·
2139 1921 2233 1945 Quaestio-

1274 1964 1355 2001 gendi
1376 1963 1498 2000 potentia
1511 1963 1647 1992 antecedit
1662 1963 1845 1998 voluntatem,
1862 1972 1918 1992 non
1934 1964 2060 1993 voluntas
2074 1971 2122 2000 po-

1275 2011 1398 2040 tentiam.
1420 2011 1540 2039 Deberet
1560 2019 1626 2048 ergo
1646 2010 1754 2039 dicere:
1777 2010 1872 2040 subest
1894 2010 1942 2039 tibi
1962 2010 2043 2045 velle,
2058 2018 2121 2039 curn
2275 2021 2277 2047 1

1274 2057 1411 2095 potueris,
1433 2065 1488 2086 non
1508 2065 1603 2094 posse,
1626 2065 1689 2086 cum
1711 2057 1841 2086 volueris.
2276 2062 2296 2105 μζ

1354 2103 1520 2137 Dicendum,
1542 2103 1616 2140 quod
1638 2103 1760 2140 potentia
1780 2103 1920 2141 praecedit
1940 2103 1969 2132 in
1989 2103 2120 2137 essendo,
2138 2110 2195 2134 nesp-

1274 2151 1321 2180 sed
1348 2151 1477 2180 voluntas
1502 2151 1529 2179 in
1552 2151 1681 2188 ayendo,¹
1706 2150 1780 2180 unde
1804 2153 1895 2188 potest
1918 2151 2022 2185 multa,
2050 2157 2121 2188 quae

1274 2207 1329 2228 non
1350 2198 1430 2233 facit,
1452 2198 1517 2235 quia
1537 2206 1592 2226 uon
1614 2198 1675 2227 vult
1686 2198 1717 2226 ¹¹.

1336 2332 1346 2345 ⁵
1364 2334 1429 2356 Vers.
1446 2333 1468 2355 5.
1485 2345 1516 2349 —
1533 2333 1585 2361 Seq.
1603 2332 1667 2355 locus
1683 2334 1718 2355 est
1733 2332 1801 2355 Rom.
1818 2332 1846 2360 3,
1863 2331 1900 2355 24.

1336 2372 1346 2385 ⁶
1363 2374 1451 2401 Nempe
1468 2371 1636 2395 interlinearis.
1653 2384 1684 2389 —
1701 2372 1810 2401 Sequitur
1827 2372 1881 2400 Sap.
1898 2372 1922 2393 44
1933 2389 1939 2399 ,
1957 2371 1996 2394 24.

1338 2410 1346 2424 ⁷
1364 2413 1430 2435 Vers.
1449 2411 1485 2434 47,
1501 2423 1533 2427 -
1550 2410 1653 2433 Subinde
1670 2416 1712 2438 pro
1729 2410 1759 2434 El
1781 2410 1824 2433 hos
1849 2409 1891 2440 qui
1914 2411 1935 2433 te
1956 2409 2076 2439 nesciunt,
2095 2409 2121 2433 in

1274 2450 1377 2474 audacia
1394 2449 1513 2477 traducis,
1531 2449 1594 2478 quod
1612 2449 1698 2472 habent
1714 2449 1784 2471 etiam
1801 2449 1865 2472 card.
1886 2449 1954 2477 Hugo
1975 2451 1998 2471 et
2017 2449 2121 2477 Lyranus

1275 2490 1323 2519 (qui
1341 2496 1384 2517 pro
1400 2489 1425 2512 in
1441 2488 1543 2512 audacia
1560 2491 1636 2510 tamen
1654 2487 1796 2511 substituunt
1807 2487 1832 2510 in
1843 2487 1994 2516 audaciam),
2006 2487 2119 2515 Vulgata:

1274 2529 1306 2552 Et
1331 2529 1432 2556 horum,
1460 2527 1502 2558 qui
1528 2529 1549 2550 te
1573 2526 1694 2555 nesciunt,
1719 2526 1847 2550 audaciam
1872 2525 1987 2550 traducis.
2012 2526 2120 2555 Sequitur

1274 2569 1329 2596 Sap.
1347 2567 1373 2594 4,
1390 2567 1428 2589 20.

1337 2605 1347 2618 ⁸
1364 2607 1448 2629 Psalm.
1460 2606 1488 2628 23
1497 2622 1502 2632 ,
1516 2605 1553 2627 40.
1564 2617 1595 2622 -
1608 2605 1741 2633 Sequuntur
1751 2605 1795 2627 lac.
1807 2605 1828 2633 4,
1841 2604 1878 2627 47.
1890 2606 1912 2627 et
1923 2604 1973 2627 lsai.
1985 2603 2025 2632 42,
2037 2604 2059 2626 3.
2071 2610 2119 2632 seq.

1276 2658 1304 2663 ——
1322 2646 1392 2668 Paulo
1408 2645 1516 2674 superius
1527 2651 1555 2667 ex
1566 2645 1583 2667 B
1595 2644 1768 2673 supplevimus:
1781 2643 1805 2667 id
1815 2645 1849 2667 est
1860 2643 2007 2667 virtuosus...
2017 2642 2120 2672 virtutis.

1337 2683 1347 2697 ⁹
1363 2685 1462 2713 Vulgata
1479 2690 1584 2713 magma,-
1601 2683 1746 2712 septuaginta
1763 2683 1898 2711 interpretes
1909 2681 2006 2705 habent:
2022 2681 2119 2705 Etcum

1274 2723 1352 2746 multa
1365 2722 1483 2753 parcitate
1499 2722 1619 2752 ymber-nas
1636 2728 1688 2745 nos.
1704 2734 1735 2739 —
1752 2722 1860 2751 Sequitur
1876 2722 1932 2744 Luc.
1948 2721 1989 2748 48,
2007 2721 2033 2743 2ι
2050 2720 2119 2743 ludex
2269 2711 2271 2769 ἲ

1274 2763 1370 2792 quidam
1386 2765 1435 2785 erat
1451 2763 1474 2785 in
1491 2762 1593 2791 quadam
1610 2761 1715 2788 civitate,
1731 2761 1771 2790 qui
1788 2761 1862 2784 Deum
1877 2766 1925 2783 non
1936 2759 2032 2783 timebat
2047 2762 2070 2782 et
2081 2761 2120 2782 bo-

1274 2802 1360 2824 minem
1377 2808 1423 2824 non
1440 2800 1597 2824 reverebatur.
2263 2791 2270 2820 ι’

1337 2839 1356 2853 ¹⁰
1373 2841 1455 2863 Psalm.
1474 2840 1530 2869 443,
1549 2840 1571 2862 3.
1587 2852 1619 2857 -
1635 2839 1801 2868 supplevimus
1822 2845 1836 2861 e
1857 2838 1927 2861 codd.
1947 2837 1996 2862 sive
2012 2837 2036 2861 in
2055 2843 2120 2861 exse-

1274 2879 1389 2910 quendo...
1405 2879 1466 2909 feeit.

1337 2918 1355 2931 ¹¹
1373 2918 1419 2942 Cir.
1436 2919 1451 2941 Ι.
1469 2919 1530 2941 Sent.
1550 2918 1573 2941 d.
1591 2918 1628 2941 45.
1644 2924 1666 2941 a.
1684 2919 1704 2941 l.
1721 2925 1744 2947 q.
1762 2918 1784 2940 2.
