2296 3316
4 297 9 325 1

5 341 9 380 1

26 245 136 265 Secundum.

42 757 131 776 Tertium.

729 157 898 186 COMMENT.
921 158 953 186 IN
975 156 1209 186 ECCLESIASTEN
1230 158 1258 186 C.
1282 159 1321 186 IX.

154 237 251 266 miscui
273 236 351 265 vobis
365 247 391 264 ».
409 252 445 258 -—
460 236 600 273 Quantum
621 236 655 264 ad
672 236 834 273 puritatem
854 235 999 264 eonscien-

154 285 211 313 tiae
231 284 311 313 dicit:
336 283 424 312 Omni
444 287 568 320 tempore
587 283 755 311 vestimenta
777 286 829 311 tua
849 282 909 310 sint
928 290 998 310 ean-

152 331 240 366 dida,
263 331 290 360 id
303 334 345 360 est
365 330 531 359 conscientia
551 329 669 363 munda;
684 329 859 366 Apocalypsis
881 328 962 357 tertio
974 329 997 356 ¹:
1030 341 1033 343 v

156 378 241 407 «Non
272 377 490 414 inquinaverunt
521 376 684 405 vestimenta
714 383 783 409 sua,
814 375 997 403 ambulabunt

151 432 261 454 mecum
289 424 317 453 in
347 423 456 453 albis».
479 424 637 460 Quoeontra
667 422 769 451 dicitur
795 422 877 450 Isaiae
908 429 995 450 nono:

156 484 169 497 ει
183 471 383 501 vestimentum
404 471 524 499 mlxtum
547 470 681 506 sanguine
708 469 761 498 erit
781 469 809 497 111
830 468 996 497 combustio-

150 526 213 547 nem
240 521 267 546 et
294 517 373 546 cibus
404 517 514 554 ignis».
538 517 569 544 Et
589 516 655 553 quia
685 515 719 544 ad
740 515 903 544 munditiam
932 522 996 543 con-

150 565 279 594 scientiae
310 564 437 601 sequitur
468 564 576 591 interna
607 563 727 597 laetitia,
760 562 820 590 ideo
850 562 931 590 dicit:
962 562 997 589 Et

150 611 243 640 oleum
258 611 293 640 de
313 611 406 648 capite
420 614 468 638 tuo
489 618 548 638 non
562 609 695 647 deficiat,-
716 609 789 638 unde
804 609 831 637 in
853 609 959 637 Psalmo
971 609 994 636 2:

154 658 213 686 «Ut
233 657 371 686 exhilaret
385 657 481 685 faciem
503 657 530 685 in
551 656 648 691 oleo»;
664 655 791 685 Matthaei
813 658 907 684 sexto:
929 655 995 683 «Tu

149 707 259 738 autem,
290 712 354 733 cum
386 704 507 737 ieiunas,
533 711 604 740 unge
636 705 720 739 caput
742 706 821 731 tuum
836 714 849 727 »
879 705 930 730 etc.
957 718 995 722 -

149 751 288 788 Quantum
303 750 337 779 ad
351 749 505 787 ampleoeus
518 749 676 778 devotionis
687 749 819 777 internae
829 748 910 776 dicit:
923 748 994 776 Per-

148 797 249 836 fruere
269 797 330 826 vita
358 805 425 825 eum
445 805 551 830 uxore,
573 804 663 835 quam
684 795 790 833 ditiyis.
820 795 889 823 Haec
916 803 994 823 uoeor

148 847 190 874 est
210 845 318 881 religi0‚
334 844 361 872 in
376 852 431 881 qua
445 843 598 872 vacandum
616 846 657 872 est
671 842 906 879 contemplationi;
929 842 993 870 Pro-

148 891 308 920 verbiorum
335 891 470 928 quinto³:
498 902 511 915 «
532 891 645 919 Laetare
665 898 729 919 cum
758 889 875 917 muliere
903 889 994 917 adole-

148 937 267 967 scentiae
287 940 367 972 tuae,
389 945 470 966 cerva
491 937 660 966 carissima»
686 940 737 966 etc.
760 936 829 965 Haec
857 944 931 965 uxor
953 936 993 965 di-

148 984 217 1013 lecta
238 984 357 1021 figurata
371 987 412 1013 est
426 992 476 1020 per
492 984 606 1018 Rachel,
622 992 672 1021 pro
686 992 743 1021 qua
761 995 774 1009 u
786 983 899 1012 servivit
915 984 993 1012 Iacob

147 1034 251 1068 septem
271 1031 350 1060 annis
364 1043 391 1065 ι»,
413 1031 525 1060 Genesis
545 1031 677 1068 vigesimo
698 1039 778 1059 nono.

226 1078 328 1107 Deinde
349 1081 484 1115 quantum
507 1078 541 1106 ad
562 1078 672 1107 activos
691 1078 769 1107 dicit:
787 1078 994 1117 Quodcumque

7 1116 138 1153 ltiueactivae
146 1129 237 1164 potest
250 1134 359 1156 manus
380 1129 447 1159 tua,
463 1126 605 1154 instanter
620 1133 750 1162 operare.
766 1125 914 1153 Instanter
928 1134 992 1162 ope-

8 1155 87 1178 {quatuor
95 1160 138 1179 ope·

14 1178 139 1222 {affl-eondi-
147 1174 217 1203 rari
229 1177 271 1203 est
285 1173 393 1210 operari
408 1172 548 1206 celeriter,
563 1175 660 1201 contra
673 1172 880 1209 negligentiam
903 1172 993 1203 Eccle-

69 1646 129 1665 Ratio.

148 1221 249 1250 siastici
264 1219 404 1257 trigesimo
419 1219 508 1257 primo
519 1221 544 1248 ⁴:
571 1232 584 1244 «
600 1219 627 1248 In
642 1219 771 1250 omnibus
791 1220 922 1259 operibus
937 1222 992 1251 tuis

147 1270 207 1296 esto
227 1267 324 1302 velox,
346 1270 373 1296 et
393 1267 482 1296 omnis
502 1267 648 1298 infirmitas
668 1277 722 1297 non
750 1273 879 1298 occurret
900 1270 991 1304 tibi»;

147 1313 304 1352 ferventer,
327 1315 538 1344 proverbiorum
552 1316 658 1344 decimo
671 1318 783 1344 octavo:
809 1327 823 1341 «
835 1316 887 1352 Qui
903 1316 994 1344 mollis

148 1364 189 1390 est
210 1365 237 1390 et
257 1361 408 1391 dissolutus
433 1363 563 1399 inopere
591 1370 642 1391 suo
663 1362 748 1391 frater
770 1367 811 1391 est
839 1371 890 1391 sua
910 1371 994 1399 opera

147 1408 304 1445 dissipantis
317 1419 346 1442 »;
368 1409 514 1442 continue,
537 1412 567 1437 ut
582 1417 636 1440 non
659 1412 790 1446 tepescat3
814 1410 993 1438 Ecclesiastici

148 1454 280 1491 vigesimo
301 1455 429 1491 septimo:
455 1467 468 1479 α
484 1455 510 1483 Si
532 1463 585 1483 non
608 1455 635 1483 in
657 1455 757 1483 timore
778 1456 884 1484 Domini
909 1459 933 1484 te
955 1459 994 1485 te-

148 1501 243 1530 nueriS
263 1501 407 1535 instanter,
429 1502 482 1530 cito
503 1502 683 1530 subvertetur
704 1502 802 1531 domus
818 1506 907 1537 tua»;
927 1512 993 1540 per-

147 1551 329 1581 severanter,-
350 1548 486 1576 secundae
506 1548 539 1576 ad
555 1549 728 1577 Timotheum
751 1550 886 1578 secundo:
913 1562 926 1575 «ι
941 1551 992 1587 Qui

148 1597 235 1623 certat
265 1594 293 1622 in
314 1601 400 1631 agone
432 1602 485 1622 non
507 1594 694 1628 coronabitur,
715 1595 766 1623 nisi
794 1595 913 1632 legitime
934 1604 993 1625 cer-

148 1641 285 1675 taverit»,
314 1641 340 1669 id
368 1643 409 1669 est
437 1645 654 1678 perseveranter.
685 1642 715 1670 Et
742 1643 921 1679 suqungitur
949 1651 993 1672 ra-

147 1688 197 1722 tio,
218 1695 305 1724 quare
336 1690 444 1724 oportet
466 1689 599 1717 instanter
621 1689 689 1717 bene
720 1690 829 1726 operari
861 1690 888 1718 in
915 1698 994 1727 prae-

148 1735 233 1763 senti:
255 1735 321 1772 quia
346 1735 429 1764 breve
453 1739 495 1764 est
524 1739 633 1772 tempus
655 1737 761 1771 meriti;
783 1737 875 1765 unde:
906 1737 994 1774 Apud

147 1780 258 1818 inferos
279 1789 337 1809 non
357 1785 396 1809 est
417 1790 507 1818 opus,
533 1782 566 1810 ad
588 1790 617 1811 se
645 1783 832 1811 exercendum
854 1783 887 1812 ad
909 1784 994 1820 pieta-

147 1830 218 1862 tem;
234 1827 340 1856 Ioannis
360 1829 467 1857 nono⁵:
488 1841 501 1853 «
513 1830 553 1857 Me
573 1833 682 1866 oportet
696 1830 814 1866 operari,
835 1830 922 1859 donec
936 1831 994 1859 dies

147 1878 229 1903 est».
252 1875 283 1903 Et
304 1875 364 1903 ideo
385 1875 486 1904 dicitur
501 1876 534 1904 ad
555 1876 662 1905 Galatas
683 1877 793 1905 ultimo:
814 1877 993 1914 «Operemur

147 1921 267 1955 bonum,
294 1922 361 1950 dum
383 1926 492 1959 tempus
513 1923 663 1958 habemus,
685 1924 718 1952 ad
740 1932 851 1959 omnes,
873 1925 993 1954 maxime

146 1971 240 1996 autem
260 1968 294 1996 ad
314 1968 478 1998 domesticos
499 1970 560 1998 fidei
577 1982 602 1999 ».
626 1970 690 1999 Non
715 1974 754 1999 est
775 1972 869 2005 ratio,
897 1971 931 1999 ad
953 1972 993 2000 in-

147 2015 314 2052 quirendum
336 2019 363 2044 et
384 2016 613 2051 discernendum,
635 2018 701 2054 quid
717 2018 833 2052 bonum,
855 2019 922 2056 quid
936 2027 993 2047 ma-

147 2061 220 2096 lum;
249 2062 295 2090 lob
320 2062 520 2091 duodecimoss:
547 2076 560 2088 «
577 2064 728 2101 Palpabunt
755 2066 833 2102 quasi
863 2066 889 2094 in
919 2069 993 2095 tene-

147 2108 205 2137 bris
232 2112 259 2137 et
279 2117 333 2137 non
362 2109 389 2137 in
412 2109 532 2143 lumine,
561 2114 587 2139 et
612 2119 708 2140 errare
735 2119 782 2140 eos
811 2112 889 2140 saciet
914 2113 991 2149 quasi

147 2155 238 2184 ebrios
249 2166 276 2189 »;
299 2156 382 2184 Isaiae
395 2156 502 2185 decimo
516 2165 600 2185 nono:
617 2169 630 2183 α
646 2158 678 2186 Εῑ
691 2158 824 2187 Dominus
840 2159 950 2188 miscuit
965 2160 991 2188 in

146 2202 236 2230 medio
257 2203 316 2231 eius
336 2202 465 2239 spiritum
488 2204 631 2240 vertiginis
650 2216 676 2232 ».
699 2204 763 2232 Non
785 2209 826 2233 est
845 2206 993 2242 sapientia

146 2252 171 2277 et
184 2249 320 2278 seientia:
334 2249 470 2284 seientia,
486 2250 589 2279 scilicet
600 2250 634 2279 ad
649 2252 889 2288 contemplandum
904 2253 993 2281 Deum

145 2295 173 2324 in
194 2296 325 2332 operibus
346 2296 417 2331 suls,
437 2305 489 2325 nee
508 2297 668 2334 sapientia,
690 2298 724 2326 ad
749 2299 990 2336 contemplandum

145 2342 172 2371 in
194 2350 238 2376 se;
260 2343 294 2372 de
315 2344 358 2373 his
377 2344 459 2373 Isaiae
475 2344 615 2381 trIgesimo
637 2345 734 2374 tertio:
759 2358 773 2370 «
789 2346 904 2375 Divitiae
919 2347 992 2375 salu-

146 2389 181 2418 tis
201 2390 334 2427 sapientia
354 2394 381 2420 et
402 2391 530 2425 scientia,
553 2392 634 2420 timor
655 2392 762 2420 Domini
785 2393 842 2429 ipse
864 2397 905 2422 est
933 2395 992 2423 the-

146 2443 284 2465 SauruS».

1865 165 1901 192 75

1376 237 1579 273 QUAEsrioNEs.

1134 327 1151 355 I.
1174 328 1264 356 Potest
1285 331 1381 365 quaeri
1402 332 1436 360 de
1458 331 1511 360 hoc
1532 332 1605 368 quod
1628 332 1707 362 dicit:
1728 334 1838 363 Mortui
1857 336 1901 364 ni-

1055 372 1097 401 hit
1116 378 1259 402 noverunt
1280 377 1417 414 amplius.

1133 420 1248 449 Videtur
1269 429 1328 452 esse
1350 425 1466 453 salsum:
1481 425 1548 461 quia
1561 426 1652 454 anima
1672 431 1797 463 separata
1811 437 1826 456 a
1840 437 1900 458 cor-

1028 504 1030 506 ·
1054 475 1121 504 pore
1141 470 1183 495 est
1203 468 1330 505 IIberior;
1359 470 1408 499 sed
1436 471 1588 500 substantia
1615 477 1719 509 quanto
1747 474 1858 504 liberior
1885 484 1901 504 a

1053 521 1184 550 corpore,
1207 517 1283 544 tanto
1304 517 1392 553 magis
1413 517 1510 546 idonea
1523 519 1688 555 cognitioni:
1710 528 1776 557 ergo
1797 523 1899 551 mortui

1053 562 1118 589 sunt
1139 561 1225 597 magis
1246 564 1301 599 apti
1323 563 1358 591 ad
1379 565 1613 600 cognoscendum:
1635 570 1683 595 aut
1704 567 1788 604 igitur
1809 569 1900 598 anima

1052 607 1140 644 perit,
1161 611 1210 635 aut
1228 610 1399 646 cognoscit7.

1130 654 1158 682 II.
1182 654 1247 683 Item
1268 656 1301 685 de
1323 657 1376 685 hoc
1397 660 1438 685 est
1451 657 1601 693 dubitatio,
1623 660 1697 696 quod
1717 669 1776 689 non
1796 660 1899 691 habent

1051 700 1132 730 ultra
1153 704 1319 731 mercedem.
1342 721 1381 725 —
1402 704 1455 732 Hoc
1479 708 1521 733 est
1548 706 1718 736 haereticum
1745 709 1899 744 manifeste,

1051 747 1117 784 quia
1138 748 1190 776 1100
1212 750 1281 778 tollit
1302 749 1422 778 divinam
1444 751 1585 781 iustitiam.

1130 794 1168 823 lII.
1192 795 1257 824 Item
1278 796 1312 825 de
1327 796 1379 825 hoc
1394 797 1467 834 quod
1482 798 1559 832 dicit,
1575 799 1649 836 quod
1663 809 1748 829 amor
1761 805 1787 829 et
1800 802 1899 831 odiam

1050 841 1140 870 simul
1156 843 1318 879 perierunt.
1342 861 1377 863 —
1401 844 1526 874 Contra:
1548 846 1617 874 Mala
1637 847 1763 877 voluntas
1791 856 1899 885 semper

1050 892 1190 917 remanet:
1211 898 1278 927 ergo
1299 890 1321 918 si
1343 891 1415 919 mala
1436 891 1564 921 voluntas
1584 896 1625 922 est
1650 902 1699 931 per
1726 902 1849 924 amorem
1873 898 1900 924 et

1049 936 1180 964 odium⁸z
1202 945 1269 973 ergo
1290 940 1341 967 etc.

1129 983 1169 1011 1V.
1193 983 1259 1012 ltem
1273 984 1307 1015 de
1322 984 1368 1013 illa
1383 985 1591 1015 exhortatione:
1614 988 1689 1016 Vade
1703 997 1771 1026 erqo
1785 993 1810 1017 et
1824 997 1899 1018 eom-

1049 1029 1097 1058 ede
1114 1038 1223 1067 panem
1243 1034 1327 1059 tuum
1347 1035 1372 1060 et
1390 1032 1451 1061 bibe
1471 1033 1573 1062 vinum
1593 1038 1644 1063 etc.

1128 1077 1154 1105 Si
1176 1077 1293 1107 velimus
1307 1078 1341 1108 ad
1356 1079 1423 1109 haec
1444 1081 1627 1118 respondere,
1648 1082 1723 1119 quod
1744 1082 1811 1111 illud
1832 1083 1898 1112 dici-

1050 1127 1097 1153 tur
1119 1124 1146 1154 in
1167 1133 1285 1163 persona
1304 1127 1431 1165 Epicuri,
1453 1132 1521 1157 tunc
1540 1131 1613 1164 patet
1634 1130 1790 1166 responsio;
1813 1130 1859 1159 sed
1875 1130 1897 1159 si

1050 1172 1178 1203 volumus
1199 1174 1349 1209 sustinere,
1371 1175 1445 1212 quod
1466 1175 1494 1203 in
1513 1182 1631 1211 persona
1651 1184 1713 1210 sua;
1736 1176 1896 1211 dicendum,

1049 1220 1123 1257 quod
1144 1228 1208 1248 cum
1228 1221 1311 1255 dicit,
1332 1221 1407 1257 quod
1427 1222 1539 1249 mortui
1559 1230 1617 1249 non
1638 1226 1796 1257 noverant,
1818 1223 1897 1252 intel-

1050 1266 1145 1303 ligitur
1174 1269 1310 1304 quantum
1341 1267 1374 1295 ad
1396 1275 1429 1296 ea
1459 1276 1530 1304 quae
1552 1269 1665 1297 suntin
1697 1269 1749 1298 1100
1776 1270 1896 1304 mund0;

1050 1313 1115 1350 quia
1137 1313 1204 1342 haec
1225 1313 1365 1342 mundana
1386 1322 1439 1343 non
1462 1308 1613 1349 noverunt,
1634 1323 1684 1344 nec
1706 1319 1771 1345 sunt
1792 1317 1818 1345 in
1841 1325 1898 1345 me-

1050 1361 1139 1389 1110113
1160 1361 1364 1390 mundanorum
1386 1370 1436 1391 nec
1458 1362 1560 1391 habent
1577 1363 1746 1392 affectionem
1769 1364 1803 1392 ad
1817 1372 1898 1393 mun-

1050 1407 1128 1436 dana.
1162 1408 1192 1436 Et
1223 1408 1274 1436 hoc
1305 1412 1380 1445 patet
1400 1417 1449 1446 per
1482 1410 1617 1444 litteram,
1643 1411 1709 1447 quia
1738 1410 1820 1439 dicit:
1844 1411 1899 1439 Nee

1051 1453 1154 1482 habent
1172 1459 1289 1491 partem
1309 1455 1341 1483 in
1361 1454 1413 1484 hoe
1433 1456 1549 1484 saecuto
1564 1456 1583 1484 ⁹.

1129 1501 1207 1537 Quod
1228 1502 1358 1531 obiicitur
1378 1502 1412 1531 de
1433 1503 1479 1531 illa
1499 1504 1706 1539 exhortatione,
1728 1504 1804 1538 dico,
1826 1504 1898 1541 quod

1051 1548 1097 1577 illa
1117 1549 1276 1577 exhortatio
1302 1558 1357 1578 non
1378 1553 1420 1578 est
1447 1550 1583 1579 absolute·
1599 1550 1683 1584 dicta,
1712 1551 1759 1580 sed
1787 1551 1898 1580 conclu-

1051 1595 1091 1624 sio
1119 1603 1155 1623 ex
1185 1595 1323 1632 praedicta
1350 1596 1470 1625 vanitate
1498 1597 1580 1625 illata.
1609 1597 1684 1626 Unde
1711 1597 1791 1626 dicit:
1824 1597 1899 1626 Vade

1050 1650 1132 1679 erqo,
1149 1642 1200 1671 hoc
1215 1646 1256 1671 est
1277 1642 1382 1672 dicere:
1398 1643 1419 1672 si
1441 1644 1523 1672 homo
1537 1652 1591 1672 non
1607 1647 1697 1681 potest
1714 1644 1897 1681 distinguere,

1021 1688 1023 1696 '
1051 1691 1146 1717 utrum
1168 1689 1196 1717 in
1217 1690 1354 1726 praesenti
1375 1690 1473 1719 debeat
1494 1691 1550 1719 Deo
1575 1691 1684 1727 placere
1704 1694 1732 1720 et
1753 1691 1780 1720 in
1802 1691 1897 1720 futuro

1050 1736 1214 1772 praemiari;
1243 1736 1265 1764 si
1287 1737 1352 1771 hoc,
1381 1737 1507 1774 inquam,
1535 1738 1606 1766 scire
1632 1746 1686 1766 non
1714 1741 1819 1774 potest,
1847 1746 1897 1766 1100

1050 1785 1140 1818 potest
1168 1790 1277 1820 semper
1299 1784 1407 1812 vivere:
1435 1792 1501 1821 ergo
1529 1792 1626 1813 secure
1651 1788 1740 1821 potest
1767 1785 1895 1822 gaudere.

1051 1829 1102 1858 Sed
1123 1829 1191 1858 illud
1213 1838 1267 1858 non
1283 1833 1370 1864 tenet,
1392 1831 1442 1859 nisi
1466 1831 1517 1859 11οο
1532 1831 1687 1868 supposito,
1709 1831 1782 1868 quod
1803 1831 1896 1860 Domi—

1050 1884 1103 1905 nus
1124 1885 1177 1905 non
1200 1880 1359 1906 remuneret
1385 1877 1465 1906 aliter
1486 1878 1512 1906 in
1535 1878 1631 1906 futuro
1656 1886 1740 1915 quam
1768 1878 1795 1906 in
1817 1886 1896 1915 prae-

1050 1923 1136 1957 senti;
1157 1932 1229 1960 quae
1250 1927 1291 1953 est
1312 1924 1451 1961 praedicta
1471 1925 1590 1959 vanitas,
1612 1933 1695 1962 quam
1717 1925 1841 1954 destruet
1855 1926 1896 1954 in-

1050 1970 1092 1998 fra
1114 1971 1260 1999 undecimo
1276 1972 1307 1999 ¹⁰.

1087 2072 1187 2095 Secundo
1204 2072 1279 2096 oritur
1296 2073 1409 2096 securitas
1425 2080 1453 2096 ex
1470 2073 1606 2104 apparentia
1623 2073 1724 2096 desectus
1741 2073 1859 2103 regiminis

1129 2112 1299 2142 providentiam
1316 2119 1373 2143 quae
1390 2112 1524 2143 apparentia
1542 2112 1664 2143 dupliciter
1681 2112 1818 2136 ostenditur.

1135 2207 1212 2235 Verte*
1230 2215 1275 2235 me
1295 2207 1336 2235 act
1349 2207 1434 2235 aliud
1454 2211 1504 2236 etc.
1521 2208 1597 2236 Sicut
1618 2215 1703 2244 supra
1725 2207 1828 2236 dictum
1842 2209 1896 2241 est,
1938 2215 1948 2227 v

1050 2254 1185 2282 securitas
1205 2257 1247 2283 est
1268 2254 1295 2283 in
1316 2254 1411 2289 malis,
1433 2255 1536 2291 primo,
1557 2255 1624 2291 quia
1648 2254 1759 2283 videtur
1778 2254 1896 2283 deficere

1050 2301 1197 2330 retributio
1222 2302 1357 2335 iustitiam
1386 2301 1522 2335 secundo,
1551 2302 1617 2339 quia
1644 2301 1754 2330 videtur
1778 2301 1896 2330 deficere

1050 2348 1173 2385 regimen
1194 2348 1392 2385 providentiae.
1414 2350 1511 2377 Actum
1533 2351 1575 2377 est
1594 2349 1628 2377 de
1642 2348 1763 2388 defectu,
1785 2348 1831 2385 qui
1848 2356 1895 2385 ap-

1049 2398 1128 2432 paret
1148 2404 1207 2424 esse
1235 2396 1261 2424 in
1284 2396 1467 2425 retributione
1496 2396 1633 2430 iustitiae;
1662 2396 1754 2432 agitur
1781 2395 1826 2423 hic
1854 2403 1894 2423 se-

1049 2442 1140 2471 01111110
1170 2443 1203 2471 de
1224 2443 1348 2477 defectu,
1369 2442 1417 2480 qui
1449 2445 1564 2479 apparet
1585 2450 1644 2470 esse
1671 2442 1745 2470 circa
1768 2442 1895 2479 reqimen

209 2630 215 2644 ¹
235 2631 300 2653 Vers.
318 2631 339 2654 4.
356 2643 388 2649 —-
405 2632 456 2661 Seq.
474 2632 537 2655 locus
554 2635 587 2655 est
605 2633 654 2655 lsai.
666 2633 692 2660 9,
708 2634 730 2656 5.
741 2645 772 2651 —
784 2635 827 2657 Pro
836 2634 863 2657 ‘id
874 2637 908 2658 est
919 2635 990 2659 ACD

145 2668 248 2698 quando.

207 2707 216 2720 ²
234 2709 315 2731 Psalm.
335 2710 390 2737 103,
409 2710 445 2732 15.
462 2722 493 2727 -
510 2712 618 2740 Sequitur
635 2712 712 2735 Mattli.
729 2713 756 2740 6,
775 2713 811 2736 17.

208 2745 217 2758 ¹³
235 2747 301 2770 Vers.
318 2748 356 2770 48.
372 2754 420 2777 seq.
437 2761 468 2766 —
481 2749 532 2778 Seq.
546 2750 610 2772 locus
621 2754 655 2773 est
666 2752 723 2774 Gen.
735 2752 775 2779 29,
788 2753 824 2774 20.
837 2752 881 2775 Csr.
894 2756 949 2775 tom.
961 2754 989 2776 V.

144 2792 198 2813 pag.
222 2786 277 2813 tit,
299 2790 350 2809 nota
369 2788 390 2809 3.
414 2788 444 2816 (et
461 2794 515 2816 pag.
533 2789 591 2816 446,
608 2792 660 2811 nota
679 2790 708 2819 l.)
733 2791 803 2813 verba
825 2792 934 2819 August„
957 2799 990 2815 se-

144 2824 245 2847 cundum
262 2831 322 2854 quae
338 2825 425 2849 Rachel
446 2827 517 2849 vitam
540 2829 754 2856 contemplativam,
777 2830 819 2853 Lt'a
839 2831 938 2853 activam
960 2832 989 2853 si-

146 2863 247 2891 gnificat.

205 2901 215 2914 ⁴¹
233 2902 299 2925 Vers.
317 2903 353 2925 27.
373 2916 401 2919 ——
420 2904 550 2932 Sequuntur
568 2906 635 2928 Prov.
654 2907 694 2935 l8,
712 2907 739 2935 93
757 2908 823 2930 Eecli.
842 2908 883 2936 27,
896 2909 987 2932 4.et11.

145 2940 205 2963 Tim.
222 2942 248 2969 2,
266 2941 288 2964 5.

1110 2635 1119 2648 ⁶
1138 2637 1201 2659 Vers.
1221 2637 1241 2659 4.
1259 2638 1311 2659 Post
1327 2637 1425 2666 operari
1441 2638 1540 2665 Vulgata
1555 2637 1619 2660 addit
1635 2643 1708 2666 opera
1725 2635 1788 2664 eius,
1802 2634 1895 2665 (11ιὶφηί-

1046 2675 1078 2698 sit
1094 2682 1138 2698 me.
1155 2688 1186 2693 -—-
1204 2677 1311 2705 Sequitur
1327 2677 1376 2699 Gal.
1394 2677 1419 2704 6,
1439 2677 1475 2699 to.

1109 2713 1119 2727 ⁶
1137 2715 1202 2738 vers,
1220 2716 1258 2738 25.
1275 2716 1317 2738 Pro
1333 2721 1382 2738 rum
1399 2715 1423 2738 in
1446 2715 1535 2738 lumine
1555 2716 1655 2744 Vulgata
1674 2721 1722 2738 non
1739 2715 1764 2737 in
1785 2714 1844 2737 luce.
1861 2725 1893 2730 —

1046 2754 1097 2776 Duo
1113 2761 1179 2783 seqq.
1196 2755 1239 2777 loci
1255 2758 1308 2777 suut
1325 2755 1375 2777 lsai.
1392 2755 1433 2782 49,
1451 2755 1487 2778 tt.
1504 2758 1527 2777 et
1544 2756 1586 2782 33,
1604 2756 1630 2782 6,
1648 2755 1687 2777 ubi
1699 2757 1751 2782 post
1764 2753 1890 2777 thesaurus

1046 2793 1145 2821 Vulgata
1163 2793 1227 2815 addit
1243 2793 1301 2816 eim.

1108 2830 1116 2843 ⁷
1134 2831 1179 2854 Csr.
1197 2838 1270 2860 supra
1284 2838 1337 2860 pag.
1356 2833 1397 2861 37,
1415 2837 1470 2855 nota
1486 2834 1507 2855 2.

1108 2869 1117 2882 ⁸
1135 2871 1194 2893 Vide
1211 2872 1318 2899 August„
1336 2872 1395 2894 XIV.
1413 2872 1443 2893 de
1460 2872 1508 2894 Civ.
1526 2872 1579 2899 Dei,
1597 2878 1616 2894 c.
1634 2872 1656 2894 6.

1108 2908 1117 2920 ⁹
1133 2909 1179 2932 Ctr.
1196 2910 1233 2932 IV.
1251 2910 1313 2932 Sent.
1329 2910 1353 2932 d.
1370 2911 1406 2932 50.
1425 2917 1448 2938 p.
1466 2911 1488 2933 ll.
1507 2917 1528 2933 a,
1546 2913 1567 2933 l.
1586 2918 1609 2939 q.
1628 2912 1650 2933 2.

1108 2947 1127 2960 ¹⁰
1145 2948 1209 2970 Vei-s⁴
1229 2949 1249 2971 l.
1267 2955 1331 2977 seqq.

1916 1085 2010 1128 aelslphzlm
2024 1086 2036 1104 L

1916 1506 1973 1530 Resp.
1980 1506 2042 1525 ale.
