2296 3316
87 1648 143 1674 Resp.

65 2495 142 2514 Divisio.

747 153 917 183 COMMENT.
940 153 972 182 IN
993 153 1230 183 ECCLESlASTEN
1251 155 1278 183 C.
1302 155 1331 183 ΙΙ.

160 234 213 264 tio:
240 246 253 259 «
270 233 365 262 Omnis
392 232 518 262 doctrina
548 232 682 262 divinitus
708 232 841 269 inspirata
867 231 945 260 utilis
968 234 1010 260 est

159 281 194 310 ad
214 280 397 310 erudiendum
418 280 446 309 in
470 279 575 308 iustitia
588 291 616 313 n,
638 282 670 308 ut
691 279 725 308 sit
747 279 830 307 homo
850 278 950 308 iustus.
971 294 1011 299 —

161 327 339 357 Exercitatio
357 326 496 364 pietatis;
517 326 623 363 primae
644 325 678 354 ad
699 325 874 354 Timotheum
890 326 1008 362 quarto:

165 386 179 400 a
196 375 302 403 Exerce
329 373 505 410 temetipsum
533 372 567 401 ad
595 372 739 409 pietatem;
765 379 829 400 nam
859 371 1011 408 corporalis

158 420 322 451 exercitatio
342 420 376 449 ad
396 420 535 448 modicum
556 419 632 448 utilis
653 422 709 453 est,
738 418 825 456 pietas
853 421 947 447 autem
976 418 1010 447 ad

161 467 253 497 omnia
274 467 349 496 utilis
370 470 452 496 est».

238 514 375 543 Inutitia:
405 513 472 551 legis
495 513 543 542 Dei
572 513 767 550 transgressio
794 511 939 550 superba;
967 519 1010 541 se-

158 561 242 591 cundi
274 561 499 598 Paralipomenon
529 560 661 597 vigesimo
693 562 794 597 quarto
813 560 847 587 ¹:
884 570 897 583 «
918 559 1010 595 Quare

160 608 382 646 transgredimini
404 610 584 645 praeceptum
610 607 734 641 Domini,
756 606 831 644 quod
856 606 934 635 vobis
954 614 1009 634 non

159 655 331 692 proderit»?
353 654 504 692 Sapientia
524 654 587 683 sine
600 654 753 688 doctrinm
775 653 955 683 Ecclesiastici
969 653 1010 681 vi-

158 703 278 741 gesimo:
305 714 318 727 α
332 701 470 739 Sapientia
494 701 626 730 absconsa
654 704 681 730 et
709 701 859 730 thesaurus
886 700 1008 734 invisus,

159 757 230 787 quae
251 749 356 778 utilitas
375 748 404 777 in
424 748 552 785 utrisque
570 750 603 776 n?
626 747 767 776 Doctrina
787 747 850 775 sine
863 746 941 779 vita;
956 747 1009 775 Lu-

159 804 208 825 cae
228 796 335 825 decimo
363 798 478 833 quarto:
506 807 519 820 «
534 795 639 823 Bonum
661 797 702 823 est
724 794 779 828 sal;
804 794 826 823 si
848 796 940 822 autem
969 793 1009 821 sal

158 843 320 877 evanuerit,
341 843 369 872 in
390 851 447 880 quo
474 842 618 871 condietur
633 853 646 866 »
673 845 724 870 etc.
753 841 920 878 Disputatio
941 849 1008 869 cou-

160 891 298 924 tentiosa‚·
329 889 465 919 secundae
492 889 526 918 ad
554 889 728 917 Timotheum
758 887 895 917 secundo:
922 899 936 913 κ
950 887 1007 916 Noli

159 938 252 967 verbis
273 937 453 971 contendere;
475 936 509 965 ad
530 936 599 964 nihil
621 935 695 964 enim
716 935 784 964 utile
805 938 847 964 est
861 946 887 962 n.

484 1031 685 1067 Quaem-[oues.

238 1126 389 1163 Quaeritur
409 1126 443 1155 de
458 1126 526 1160 hoc,
548 1125 622 1162 quod
636 1125 717 1154 dicit:
741 1124 798 1161 Qui
818 1124 901 1153 addit
918 1124 1009 1152 scien-

160 1174 233 1203 tiam
253 1173 337 1202 addit
356 1176 381 1202 et
398 1173 533 1202 dotorem.

237 1221 366 1250 Courna:
391 1221 415 1249 1.
442 1232 455 1245 «
470 1219 572 1249 Omnes
586 1219 712 1248 homines
725 1221 827 1248 natura
846 1218 918 1247 scire
938 1218 1009 1247 desi-

159 1268 279 1298 derant²
293 1279 327 1302 »;
356 1267 404 1297 sed
424 1267 608 1300 desiderium,
630 1266 651 1295 si
674 1266 861 1303 compleatur,
893 1265 1010 1294 delectat

161 1315 294 1344 animam:
317 1323 383 1352 ergo
404 1317 455 1343 etc.

241 1364 266 1391 2.
290 1362 370 1397 Item,
392 1364 441 1390 aut
462 1361 587 1398 loquitur
609 1360 643 1389 de
660 1368 732 1389 vera
753 1359 900 1397 sapientia,
916 1362 943 1388 et
957 1359 1010 1388 hoc

161 1410 276 1444 salsum,
298 1409 364 1446 quia
384 1409 537 1446 Sapientiae
557 1411 654 1437 octavo
666 1407 692 1436 ⁸:
720 1419 733 1432 α
747 1407 805 1436 Non
827 1407 910 1436 habet
935 1415 1009 1435 ama-

161 1457 310 1486 ritudinem
341 1456 513 1486 conversatio
534 1455 649 1485 illius».
679 1455 704 1484 Si
735 1455 770 1484 de
800 1454 935 1488 curiosa,
957 1454 1010 1483 hoc

160 1504 274 1539 falsum,
297 1504 363 1541 quia
382 1511 482 1540 magna
502 1505 544 1531 est
564 1502 604 1531 eis
627 1501 787 1536 delectatio,
816 1501 926 1538 quando
947 1508 1010 1538 pos-

161 1553 226 1580 sunt
246 1551 350 1588 aliqnid
371 1550 450 1580 scire.
468 1547 471 1549 ’

239 1597 413 1635 Respondeo:
435 1597 598 1631 dicendum,
620 1596 695 1634 quod
718 1596 752 1625 de
773 1598 893 1633 utraque
920 1597 1011 1632 potest

160 1644 283 1682 intelligi.
305 1645 344 1673 De
365 1645 487 1674 curiosa
507 1652 606 1674 verum
626 1646 680 1678 est,
696 1643 777 1681 quia,
798 1643 870 1672 sicut
891 1650 955 1672 cum
969 1642 1009 1671 di-

161 1693 234 1722 vitiis
254 1692 354 1721 crescit
374 1692 490 1721 avaritia
520 1695 547 1721 et
567 1691 707 1728 appetitus
730 1690 865 1724 habendi,
894 1690 933 1719 sic
961 1698 1009 1719 cu-

161 1739 234 1769 rioso
255 1739 394 1776 appetitus
414 1739 580 1768 addiscendi.
606 1738 633 1767 Si
654 1746 721 1767 vero
741 1738 776 1767 de
797 1737 910 1767 scientia
935 1738 1009 1766 veri-

160 1787 228 1816 tatis
236 1797 246 1820 ;
267 1786 419 1816 secundum
449 1786 523 1823 quod
551 1786 617 1814 dicit
642 1793 791 1822 saporem,
812 1784 941 1819 delectat;
967 1793 1009 1814 se—

159 1834 282 1864 cundum
309 1833 383 1871 quod
410 1833 616 1871 cognitionem,
638 1833 844 1862 occasionaliter
865 1832 1010 1861 contristat

159 1882 203 1911 vel
224 1884 338 1918 propter
364 1880 566 1909 immunditiam
593 1880 775 1908 conscientiae
800 1879 944 1916 propriae,
966 1879 1009 1908 vel

160 1931 273 1966 propter
294 1930 436 1965 aspectum
457 1926 647 1964 perversitatis
667 1926 771 1955 alienae
782 1926 802 1954 4.

160 2020 280 2052 Secundo
307 2018 474 2050 manifestat
501 2026 579 2049 suam
607 2017 798 2048 curiositatem
825 2018 855 2048 in
882 2018 1008 2057 operibus

240 2067 411 2107 opulentiae,
426 2066 594 2106 eandemque
609 2065 696 2105 primo
710 2065 843 2096 describit
857 2065 945 2105 quoad
959 2074 1008 2095 ar-

239 2113 381 2152 tificialia,
402 2123 473 2154 quae
493 2113 661 2144 ordinantur
689 2112 725 2142 ad
751 2111 881 2149 divitias,
903 2112 932 2142 et
959 2112 1007 2142 hoc

240 2161 350 2202 quidem
370 2160 546 2201 quadruplici
567 2160 684 2190 ratione.

238 2256 429 2295 Magnificam
441 2265 530 2294 opera
547 2265 613 2285 mea
629 2258 680 2285 etc.
699 2255 898 2285 Determinavit
922 2263 1008 2292 supra

161 2305 348 2335 curiositatem
368 2304 395 2332 in
417 2303 635 2332 consideratione
655 2303 831 2340 sapientiae‚·
853 2302 897 2332 hic
919 2302 1008 2331 inten-

160 2353 200 2381 dit
219 2351 403 2381 determinare
434 2350 621 2379 curiositatem
649 2350 677 2379 in
705 2349 841 2388 operibus
861 2349 1007 2378 mechani-

160 2409 226 2434 cae,
249 2406 320 2436 quae
341 2397 493 2435 respiciunt
517 2405 549 2426 ea
573 2405 644 2434 quae
665 2397 790 2434 corporis
811 2400 892 2431 sunt,
913 2397 1008 2434 priora

161 2455 242 2481 vero,
264 2453 335 2483 quae
356 2444 478 2481 spiritus.
507 2444 598 2472 Prima
618 2447 684 2473 sunt
704 2444 842 2478 liberalia,
871 2443 1006 2478 secunda,

160 2493 321 2523 artificialia.
334 2509 373 2513 —
394 2492 425 2520 Et
446 2492 529 2520 habet
550 2492 617 2520 haec
639 2499 704 2528 pars
724 2491 809 2520 duas:
831 2491 897 2528 quia
918 2490 1008 2527 primo

160 2541 252 2579 agitur
272 2541 306 2570 de
326 2539 529 2573 artificialibus,
550 2546 622 2575 quae
642 2538 807 2567 ordinantur
821 2537 854 2566 ad
870 2537 990 2566 divitias
997 2547 1007 2571 ,-

161 2588 291 2622 secundo,
305 2587 339 2616 de
353 2587 397 2616 his
411 2594 481 2624 quae
496 2586 660 2614 ordinantur
675 2584 709 2613 ad
723 2584 859 2618 delicias,
874 2584 924 2613 ihi:
941 2584 1009 2613 Feci

160 2634 235 2664 mihi
257 2637 397 2663 cantores.

1875 161 1908 190 21

1145 231 1336 261 Curiositatem
1352 233 1437 270 igitur
1452 242 1530 263 suam
1545 235 1572 264 in
1588 235 1631 264 his
1652 245 1723 273 quae
1744 240 1867 274 spectant
1881 238 1915 266 ad

1066 278 1265 315 possessionem
1281 280 1466 315 divitiarum,
1481 281 1611 311 describit
1627 283 1678 312 hoc
1692 283 1803 312 ordine:
1816 284 1914 321 primo,

1066 325 1156 362 quoad
1168 325 1377 362 acquisitionem
1390 328 1593 364 possessionum
1604 329 1769 363 stabilium,-
1780 331 1913 364 secundo,

1067 372 1158 409 quoad
1172 372 1428 409 multiplicationem
1439 375 1626 404 servientium
1632 386 1642 409 ‚⁴
1654 376 1743 410 tertie,
1756 377 1846 414 quoad
1857 385 1914 406 am-

1067 419 1261 456 plificationem
1277 428 1418 456 pecorum
1433 424 1457 448 et
1471 421 1666 455 animalium;
1688 426 1803 460 quarm,
1824 425 1913 461 quoad

1067 466 1302 495 coacervationem
1323 467 1531 501 minet-atiwm
1552 469 1579 497 in
1601 470 1703 506 quibus
1723 474 1843 507 quatuor
1859 471 1914 500 tere

1066 520 1163 541 omnes
1184 513 1339 541 consistunt
1358 513 1470 543 deliciae
1491 515 1704 545 mundanorum.

1932 292 2048 311 Subdixisio.

1146 559 1235 595 (Vers.
1249 559 1277 587 4,
1290 560 1315 587 5.
1330 559 1376 595 6.).
1391 560 1480 588 Primo
1495 560 1579 597 igitur
1594 569 1671 589 suam
1684 563 1816 599 exprimit
1827 563 1915 591 curie
1947 577 1956 589 x
1973 577 1982 589 o
2017 578 2028 590 a

1065 651 1213 682 domorum
1234 653 1268 681 ad
1289 653 1485 687 habitandum,
1508 654 1650 683 vinearum
1672 659 1699 684 et
1714 656 1860 685 hortorum
1882 657 1915 685 ad

1066 700 1246 735 vescendum,
1269 701 1438 737 piscinarum
1461 701 1494 729 ad
1516 701 1697 738 irrigandum.
1714 703 1861 740 Propterea
1874 703 1915 732 di-

1065 748 1117 777 cit:
1140 747 1331 785 Maymficavi
1345 757 1433 785 opera
1448 757 1529 782 mea,
1545 748 1572 777 id
1591 751 1632 778 est
1646 757 1744 786 magna
1758 749 1821 783 seci;
1842 751 1913 778 tertii

1066 796 1169 832 Regum
1190 795 1335 824 decim05:
1362 807 1375 820 ει
1390 795 1578 832 Magnificatus
1599 799 1640 825 est
1655 804 1706 825 rex
1728 797 1854 825 Salomon
1868 805 1914 826 su-

1065 850 1114 879 per
1135 850 1231 870 omnes
1252 849 1331 879 reges
1346 842 1492 871 universae
1514 845 1646 871 terrae».
1669 843 1700 871 Et
1714 844 1846 880 exprimit
1860 844 1915 873 sin·

1064 889 1195 926 gillatim:
1217 888 1381 924 Aedificavi
1393 888 1468 918 milti
1487 890 1602 923 domos,
1624 890 1690 927 quia
1708 891 1802 927 plures
1822 891 1915 920 aedifi-

1065 936 1152 970 cavit;
1168 935 1241 964 unde
1257 935 1329 964 tertii
1345 936 1449 972 Regum
1464 944 1552 965 nono:
1573 948 1586 961 «
1599 937 1743 974 Postquam
1763 937 1915 966 aedificavit

1065 983 1192 1011 Salomon
1203 983 1273 1011 duas
1283 982 1391 1011 domus:
1400 982 1513 1011 domum
1525 983 1632 1012 Domini
1644 987 1671 1013 et
1682 984 1794 1012 domum
1807 985 1914 1021 regis»,

1064 1029 1218 1060 aedificavit
1237 1029 1351 1058 domum
1373 1029 1445 1058 filiae
1466 1030 1634 1064 Pharaoni&
1653 1034 1680 1059 et
1702 1030 1728 1059 id
1753 1031 1804 1059 fuit
1824 1032 1915 1060 curio-

1065 1077 1153 1106 sitatis
1173 1080 1200 1106 et
1221 1076 1454 1114 reprehensibile;
1477 1076 1550 1105 unde
1566 1077 1647 1105 isaiae
1662 1077 1797 1114 quintossz
1819 1089 1832 1102 «
1847 1078 1914 1112 Vae,

1065 1124 1114 1161 qui
1135 1124 1302 1161 coniungitis
1329 1124 1441 1153 domum
1463 1123 1497 1153 ad
1525 1124 1636 1152 domum
1656 1136 1682 1152 ».
1706 1124 1846 1153 Plantavi
1873 1125 1914 1153 vi—

1065 1180 1152 1205 neas,
1167 1171 1201 1200 ad
1216 1174 1312 1208 potum
1334 1171 1452 1205 scilicet;
1474 1171 1586 1200 Genesis
1607 1180 1692 1200 nono:
1713 1183 1726 1196 «
1740 1172 1794 1200 Noe
1810 1172 1913 1208 planta-

1066 1219 1105 1247 vit
1127 1219 1234 1248 vineam
1255 1218 1409 1256 bibensque
1424 1218 1520 1247 vinum
1535 1218 1687 1247 inebriatus
1702 1222 1743 1247 est
1757 1230 1783 1246 ».
1799 1235 1837 1239 —
1849 1220 1916 1248 Feci

1066 1265 1164 1295 hortos
1185 1270 1209 1295 et
1238 1266 1379 1303 pomaria
1400 1270 1425 1294 et
1456 1266 1570 1294 consevi
1597 1274 1631 1294 ca
1662 1266 1772 1295 diversi
1800 1267 1914 1304 generis

1066 1313 1241 1347 arboribus,
1273 1313 1307 1342 ad
1332 1313 1443 1347 cibum;
1478 1313 1581 1342 Cantici
1614 1317 1711 1342 sexto:
1749 1325 1761 1338 α
1783 1313 1914 1342 Descendi

1066 1361 1093 1389 in
1116 1361 1229 1389 hortum
1250 1368 1360 1395 meum,
1382 1363 1414 1389 ut
1434 1360 1557 1389 viderem
1585 1368 1667 1397 poma
1695 1360 1859 1389 convallium
1888 1364 1915 1389 et

1066 1408 1243 1445 inspicerem,
1266 1407 1288 1436 si
1310 1407 1450 1436 floruisset
1471 1407 1568 1440 vinea,
1582 1410 1610 1436 et
1630 1407 1830 1444 germinassent
1844 1407 1915 1436 mala

1066 1455 1167 1492 punica
1181 1466 1208 1482 ».
1231 1471 1270 1475 --
1292 1454 1323 1482 Et
1343 1454 1409 1491 quia
1430 1455 1498 1483 haec
1519 1454 1677 1491 indigebant
1701 1454 1826 1491 irrigari,
1855 1454 1915 1483 ideo

1066 1501 1175 1530 subdit:
1201 1502 1234 1530 Et
1253 1501 1389 1530 exstruoei
1401 1500 1476 1530 milli
1487 1501 1619 1538 piscinas
1639 1509 1807 1539 aquarum,
1829 1500 1856 1529 id
1874 1504 1915 1530 est

1066 1549 1141 1582 loca,
1160 1548 1191 1577 in
1212 1549 1315 1586 quibus
1336 1552 1377 1577 est
1398 1556 1535 1585 aquarum
1560 1548 1717 1585 congeries;
1739 1551 1766 1576 et
1788 1548 1854 1581 hoc,
1882 1551 1916 1576 ut

1066 1597 1228 1634 irriyarem
1248 1596 1354 1625 siloam
1375 1595 1525 1633 tignorum
1541 1595 1790 1633 yermiuantium,
1812 1595 1915 1624 scilicet

1065 1652 1115 1681 per
1136 1643 1342 1681 irrigationem,
1364 1643 1429 1680 quia
1449 1642 1551 1671 dicitur
1573 1642 1618 1671 lob
1633 1642 1832 1671 duodecimo⁷:
1860 1653 1873 1667 α
1888 1642 1913 1670 Si

1066 1690 1233 1719 continuerit
1253 1697 1352 1727 aquas,
1377 1689 1470 1718 omnia
1490 1689 1706 1718 siccabuntur».
1723 1688 1801 1717 Tales
1822 1696 1914 1717 neces-

1065 1738 1153 1767 sariae
1174 1740 1253 1766 erant
1274 1738 1301 1766 in
1323 1741 1398 1766 terra
1419 1736 1610 1774 pro'missionis
1633 1739 1744 1774 propter
1759 1744 1846 1773 aquae
1868 1744 1913 1773 pe-

1065 1785 1191 1819 nuriam;
1214 1784 1419 1814 Deuteronomii
1442 1783 1604 1813 undecimo:
1632 1795 1645 1808 «
1660 1784 1760 1817 Terra,
1782 1783 1815 1811 ad
1830 1791 1913 1820 quam

1064 1832 1227 1870 ingredieris
1248 1832 1453 1869 possidendam,
1469 1835 1615 1860 montuosa
1635 1834 1677 1860 est
1690 1834 1717 1859 et
1738 1831 1912 1867 campestris,

1064 1879 1098 1908 de
1119 1879 1194 1908 caelo
1215 1882 1380 1916 exspectans
1402 1878 1510 1916 pluvias
1524 1890 1550 1906 ».

1145 1926 1233 1962 (Vers.
1251 1926 1298 1959 7.).
1316 1925 1437 1954 Possedi
1455 1934 1561 1953 servos.
1578 1925 1711 1961 Tangitur
1734 1924 1776 1952 hic
1792 1922 1913 1952 secundo

1065 1973 1211 2002 curiositas
1233 1972 1324 2010 quoad
1345 1972 1560 2001 multitudinem
1578 1971 1782 2004 servientium,
1805 1970 1869 2007 quia
1884 1970 1911 1998 in

1065 2024 1186 2057 utroque
1207 2027 1293 2053 sexu;
1316 2019 1389 2048 unde
1410 2019 1490 2047 dicit:
1514 2018 1634 2047 Possedi
1657 2026 1755 2046 seruos
1776 2021 1800 2045 et
1821 2016 1912 2046 ancit—

1065 2067 1128 2100 tas;
1148 2070 1175 2095 et
1196 2067 1278 2095 etiam
1300 2066 1327 2094 in
1342 2066 1415 2094 omni
1438 2068 1541 2099 aetate;
1564 2065 1652 2093 unde:
1668 2064 1845 2103 illultamque
1865 2063 1912 2101 fa—

1063 2114 1179 2142 miliam
1200 2112 1292 2142 habui
1298 2123 1308 2146 ‚·
1329 2112 1401 2141 tertii
1425 2113 1528 2149 Regum
1549 2111 1693 2141 decimoss:
1721 2124 1734 2137 «
1749 2111 1849 2140 Videns
1870 2119 1913 2140 re-

1064 2161 1128 2198 gina
1143 2161 1212 2189 Saba
1233 2160 1393 2197 sapientiam
1415 2159 1566 2188 Salomonis
1580 2162 1607 2188 et
1622 2159 1697 2188 cibos
1715 2158 1825 2187 mensae
1840 2159 1911 2191 eius,

1065 2207 1222 2236 habitacula
1247 2215 1393 2236 servornm
1414 2209 1442 2235 et
1468 2206 1579 2235 ordines
1607 2205 1835 2236 ministrantium,
1858 2213 1912 2233 non

1065 2255 1184 2284 habehat
1205 2255 1279 2284 ultra
1300 2255 1471 2292 spiritum».

1143 2303 1232 2339 (Vers.
1255 2302 1303 2339 7.).
1327 2304 1469 2330 Armenta
1490 2310 1609 2340 quoque.
1632 2300 1765 2337 Tangitur
1791 2299 1833 2328 hic
1857 2302 1911 2327 ter-

1065 2351 1102 2379 tio
1124 2350 1270 2379 curiositas
1291 2352 1427 2386 quantum
1452 2348 1484 2377 ad
1506 2347 1756 2385 conyreyate'onem
1772 2354 1911 2382 pecorum

1065 2401 1091 2426 et
1111 2396 1289 2426 animalium
1311 2399 1367 2424 tam
1382 2403 1545 2433 magnorum
1562 2402 1644 2431 quam
1668 2401 1832 2430 parvorum,
1848 2400 1911 2420 cum

1064 2444 1148 2473 dicit:
1171 2446 1313 2472 Armenta
1340 2451 1452 2480 quoque
1472 2445 1497 2470 et
1517 2450 1641 2478 maynos
1668 2440 1766 2479 quium
1793 2446 1910 2477 greges,

1065 2491 1177 2528 supple:
1200 2490 1298 2524 habui;
1320 2489 1402 2517 ultra
1422 2497 1535 2521 ornnes,
1561 2487 1613 2526 qui
1632 2486 1754 2524 ficerunt
1782 2490 1847 2514 ante
1867 2494 1911 2513 me

1065 2538 1097 2567 in
1118 2537 1286 2566 Ierusalem.
1310 2537 1340 2565 Et
1361 2536 1435 2573 quod
1463 2535 1551 2564 multa
1572 2534 1712 2567 habuerit,
1735 2536 1820 2570 patet,
1846 2532 1911 2569 quia

1065 2585 1152 2613 multa
1183 2583 1380 2616 consumebat;
1416 2582 1488 2610 unde
1524 2581 1596 2609 tertii
1632 2581 1733 2616 Regum
1765 2581 1865 2616 quarto
1880 2578 1909 2605 ⁹.-

1069 2631 1158 2659 «Erat
1179 2631 1258 2659 cibus
1272 2629 1408 2659 Salomoni
1428 2637 1476 2665 per
1498 2628 1620 2664 singulos
1634 2627 1691 2655 dies
1712 2626 1805 2655 decem
1827 2625 1910 2653 hoves

224 2764 232 2778 ¹
250 2765 316 2787 Vers.
332 2765 370 2786 20.
387 2776 417 2779 -
434 2764 567 2792 Sequuntur
584 2763 652 2786 Eccli.
669 2763 711 2791 20,
729 2763 774 2790 32;
791 2763 846 2785 Luc.
864 2762 904 2790 44,
922 2762 964 2790 34;
981 2762 1005 2784 112

161 2805 221 2827 Tim.
239 2805 265 2831 2,
283 2803 319 2826 ⁴4.

223 2841 232 2855 ²
250 2843 353 2870 Aristot.,
370 2843 385 2865 l.
403 2842 502 2870 Metaph.
518 2848 539 2864 c.
557 2842 578 2864 t.
857 2839 867 2853 ³
884 2841 950 2864 Vers.
969 2841 1006 2863 16.

224 2880 233 2894 ⁴
250 2881 296 2904 Ctr.
313 2882 369 2903 inti-a
387 2887 410 2910 q.
428 2881 460 2903 lll.
479 2886 533 2909 pag.
550 2881 587 2903 23.
604 2893 635 2898 —
651 2881 702 2903 Vat.
720 2881 803 2904 omittit
819 2879 1006 2904 occasionaliter.

224 2918 233 2932 ⁶
250 2920 316 2943 Vei-s.
334 2920 377 2947 23,
394 2919 435 2942 ubi
452 2920 549 2947 Vulgata
572 2920 654 2942 omittit
670 2919 804 2943 universae.
826 2919 934 2948 Sequitur
951 2918 1007 2941 ibid.

162 2960 187 2988 9,
206 2960 242 2982 10.
260 2960 292 2982 De
309 2959 380 2982 domo
395 2959 455 2981 tiliae
472 2959 597 2981 Pharaonis
613 2960 656 2982 cfr.
672 2958 728 2981 ibid.
744 2958 771 2986 7,
789 2960 811 2981 8.

1124 2760 1135 2773 ὃ
1152 2762 1217 2783 Vers.
1236 2761 1257 2783 8.
1269 2773 1299 2777 -
1311 2760 1444 2788 Sequuntur
1461 2758 1517 2780 Gen.
1534 2758 1561 2784 9,
1579 2757 1616 2779 20.
1628 2758 1650 2779 et
1667 2757 1708 2783 2t;
1725 2755 1810 2778 Cantic.
1828 2755 1854 2780 6,
1875 2754 1908 2775 10.

1125 2798 1133 2811 ⁷
1153 2801 1219 2822 Vers.
1237 2800 1273 2822 15.
1293 2811 1324 2815 -
1344 2798 1451 2826 Sequitur
1468 2797 1535 2819 Deut.
1554 2796 1591 2823 tt,
1612 2796 1645 2817 10.
1662 2801 1712 2823 seq.
1724 2795 1776 2816 Post
1789 2791 1907 2822 possiden-

1062 2840 1119 2863 dam
1136 2840 1159 2862 in
1177 2839 1275 2867 Vulgata
1293 2839 1359 2866 plura
1377 2836 1501 2859 adduntur.
1768 2859 1770 2861 ¹

1126 2877 1135 2890 ⁸
1152 2878 1218 2900 Vers.
1237 2877 1258 2900 4.
1275 2880 1297 2900 et
1314 2877 1335 2899 5.
1353 2877 1418 2898 Plura
1436 2878 1513 2898 tamen
1526 2881 1539 2896 a
1556 2874 1654 2901 Vulgata
1673 2873 1844 2895 interseruntur.

1125 2914 1135 2927 ⁹
1153 2916 1218 2938 Vers.
1236 2916 1274 2938 22.
1291 2918 1313 2937 et
1330 2915 1369 2937 23.
1393 2914 1445 2936 Post
1461 2912 1569 2942 singulos
1586 2911 1634 2935 dies
1657 2911 1679 2933 in
1701 2910 1798 2937 Vulgata
1816 2907 1908 2930 additur

1064 2955 1163 2985 triginta
1180 2954 1232 2978 cori
1246 2953 1339 2977 simitae.
1356 2954 1378 2976 et
1393 2951 1519 2981 semaqinta
1536 2950 1588 2974 cori
1602 2949 1704 2980 farinae.

1930 1930 1956 1949 De
1968 1930 2056 1949 secundo.

1930 2307 1955 2324 De
1969 2308 2030 2324 tertio.
