2296 3316
280 254 394 274 Notandum.

300 673 326 691 De
340 671 395 698 tertio

332 698 374 714 tria.

276 1137 317 1155 Alia
330 1136 396 1163 distin-

314 1162 359 1179 clio.

290 1701 317 1719 De
330 1702 396 1727 quarto

284 2042 313 2062 De
326 2042 396 2061 Christi

267 2066 353 2085 illusione
363 2066 396 2085 tri-

267 2090 317 2114 plici.

326 2125 394 2144 Prima.

302 2317 395 2336 Secunda.

325 2599 395 2617 Tei-tia.

413 171 468 198 616

412 246 460 284 qui
474 254 539 275 eum
555 245 766 274 crucifixerunt.
782 244 836 272 Hoc
850 246 944 271 autem
966 244 1055 271 totum
1076 242 1179 270 factum
1201 243 1258 274 est,

411 295 443 321 ut
463 292 547 321 homo
568 291 686 320 traditus
707 290 889 322 liberaretur;
911 288 958 325 qui
981 288 1072 324 primo
1096 286 1259 316 tradebatur

412 338 486 367 hosti
516 338 543 365 in
575 337 678 374 peccati
710 335 921 370 commissione;
943 334 1065 364 secundo
1096 333 1259 362 tradebatur

411 384 505 413 italici
525 384 552 412 in
574 386 682 416 morte;
703 382 784 411 tertio
805 381 967 410 tradebatur
988 379 1148 409 tortoribus
1168 380 1197 408 in
1218 379 1259 407 in-

411 432 497 460 ferno.
518 431 553 459 Ut
573 438 639 467 ergo
659 429 694 458 ab
715 429 767 458 ista
788 429 889 465 triplici
917 427 1064 456 traditione
1091 427 1260 455 liberaretur

413 478 509 510 homo,
531 476 601 504 tradi
623 475 711 504 voluit
731 475 805 504 Deus
830 475 928 508 homo,
950 481 984 502 ne
1012 473 1087 502 ultra
1117 472 1260 509 plangeret

411 523 479 552 illud
506 522 580 560 quod
601 521 703 551 dicitur
731 522 758 550 in
786 521 932 550 Psalm01:
959 519 1117 548 «Traditus
1145 526 1207 547 sum
1232 520 1260 547 et

410 578 464 599 non
486 568 663 606 egrediebar;
682 568 754 597 oculi
777 568 830 597 mei
853 568 1021 604 languerunt
1043 574 1108 603 prae
1129 565 1259 602 inopia».

490 617 516 645 [ι.
540 615 706 653 Proponitur
738 615 820 644 tertio
851 614 962 643 traditio
989 613 1091 642 Christi
1116 613 1145 642 in
1166 621 1260 641 emem-

409 664 492 701 plum
514 662 697 696 imitationis,
718 662 791 691 sicut
811 661 989 698 praedixerat
1008 660 1160 694 Dominus,
1179 659 1260 688 disci-

411 711 492 748 pulos
512 717 578 739 suos
599 709 746 738 tradendos
767 716 843 742 esse,
858 707 987 737 Matthaei
1001 707 1148 736 deci1n02:
1168 718 1181 732 ι(
1193 707 1261 735 Tra-

411 758 476 787 dent
497 765 546 786 vos
567 757 593 785 in
615 756 738 785 conciliis
758 759 785 785 et
807 756 834 784 in
856 754 1001 792 synagogis
1022 754 1081 783 suis
1098 756 1126 782 et
1140 753 1261 790 flagella-

412 805 482 834 bunt
502 812 551 833 vos
566 815 579 829 »
605 806 656 832 etc.
678 803 716 831 Ne
737 810 804 839 ergo
825 802 907 830 nimis
928 801 1032 829 durum
1058 800 1200 829 videretur
1221 800 1261 828 eis

412 851 482 880 tradi
503 851 531 879 in
552 850 690 884 conciliis,
706 849 848 887 praemisit
862 848 996 878 Dominus
1013 847 1175 884 exemplum
1194 855 1260 876 suae

412 898 574 927 traditionis.
596 897 657 926 Fuit
685 896 758 926 enim
788 896 907 925 traditus
927 895 962 924 ab
983 895 1095 928 amico,
1118 894 1223 923 scilicet
1245 902 1261 923 a

412 945 495 979 luda;
521 944 556 973 ab
587 944 722 977 inimico,
749 943 853 972 scilicet
883 942 986 980 populo
1017 941 1201 976 ludaeorum;
1226 940 1261 969 ab

412 995 565 1025 extraneo,
580 990 683 1019 scilicet
697 998 713 1018 a
728 990 829 1024 Pilato,
845 990 892 1027 qui
908 997 962 1018 non
978 988 1161 1026 cognoscebat
1180 996 1260 1017 eum:

412 1042 458 1072 ut,
474 1038 531 1066 sive
546 1037 724 1066 traderentur
745 1037 873 1074 discipuli
887 1036 922 1065 ab
937 1036 1056 1069 amicis,
1072 1036 1129 1065 sive
1148 1036 1183 1065 ab
1204 1035 1261 1064 ini-

414 1085 507 1118 micis,
528 1085 571 1113 vel
593 1084 627 1113 ab
648 1084 806 1118 extraneis,
821 1084 979 1121 acciperent
999 1091 1015 1111 a
1036 1082 1145 1111 Christo
1166 1090 1262 1111 exem-

412 1133 489 1169 plum
512 1132 684 1160 humilitatis.
704 1148 743 1152 —
757 1131 806 1160 Vel
827 1131 965 1167 distingue
986 1130 1075 1165 aliter,
1097 1130 1163 1168 quia
1183 1130 1262 1159 Chri-

413 1183 472 1208 stus
493 1179 545 1207 suit
566 1178 684 1207 traditus
712 1187 728 1206 a
754 1177 915 1215 discipulo,
937 1177 972 1205 ab
1000 1177 1175 1205 aduersario
1199 1180 1227 1206 et
1247 1185 1263 1205 a

414 1226 527 1259 Pilato,
549 1229 595 1260 ut,
618 1225 674 1254 sive
705 1225 830 1254 tradatur
851 1224 1026 1253 Christianus
1056 1224 1091 1253 ab
1122 1224 1263 1258 inferiori,

413 1273 469 1302 sive
491 1273 525 1301 ab
546 1273 670 1310 aequali,
693 1272 750 1301 sive
774 1280 790 1300 a
815 1272 970 1309 superiori,
991 1271 1114 1300 inveniat
1134 1271 1162 1300 in
1184 1271 1263 1300 Chri-

413 1324 454 1349 sto
485 1320 646 1357 exemplum
678 1319 840 1348 sustinendi.
872 1319 934 1347 Ideo
965 1319 1126 1356 exemplum
1161 1319 1263 1348 Christi

413 1367 590 1396 considerans
605 1367 715 1400 Paulus,
730 1374 794 1395 cum
813 1366 994 1403 prophetaret
1012 1366 1130 1403 Agabus,
1145 1366 1263 1395 Actuum

413 1414 544 1451 vigesimo
573 1414 685 1452 primo³
706 1414 820 1443 dicens:
847 1425 859 1438 a
875 1413 989 1447 Virum,
1018 1413 1100 1442 cuius
1127 1416 1169 1442 est
1196 1421 1265 1442 zona

414 1462 496 1495 haec,
519 1461 557 1490 sic
578 1461 730 1498 alligabunt
756 1461 847 1490 ludaei
869 1461 896 1489 in
920 1460 1068 1489 Ierusalem
1097 1463 1124 1489 et
1155 1461 1265 1490 tradent

413 1508 441 1536 in
469 1516 568 1537 manus
599 1508 723 1545 gentium
737 1519 771 1542 »;
794 1507 954 1544 respondit:
981 1507 1065 1544 «Ego
1092 1515 1147 1535 non
1174 1507 1264 1535 solum

413 1556 535 1592 alligari,
557 1555 707 1584 sedetiam
737 1555 806 1584 mori
828 1555 856 1583 in
879 1555 1027 1583 Ierusalem
1057 1557 1173 1591 paratus
1201 1562 1264 1584 sum

413 1606 527 1639 propter
548 1610 648 1631 nomen
669 1602 779 1631 Domini
802 1602 905 1631 lesu».

493 1650 518 1677 ὅ.
541 1649 707 1686 Proponitur
727 1649 809 1678 etiam
825 1649 904 1678 nobis
918 1648 1019 1678 Christi
1039 1649 1151 1678 traditio
1171 1649 1200 1678 in
1215 1649 1264 1678 do-

413 1700 579 1725 elimentum
594 1696 812 1730 instructionis,
829 1699 861 1724 ut
876 1703 1039 1730 caveamus,
1055 1703 1090 1724 ne
1105 1696 1193 1725 simus
1208 1698 1265 1725 tra-

412 1743 515 1772 ditores
529 1742 654 1771 veritatis
674 1743 732 1771 sive
753 1750 789 1771 ex
805 1742 964 1779 eupiditate
978 1750 1043 1771 cum
1059 1743 1139 1777 luda,
1155 1743 1213 1772 sive
1227 1751 1264 1772 ex

411 1789 515 1827 favore
529 1797 592 1818 cum
608 1790 692 1818 Pilato
711 1790 768 1818 sive
783 1797 820 1818 ex
835 1789 950 1818 invidia
968 1797 1032 1818 cum
1048 1789 1170 1825 Iudaeis,
1189 1790 1264 1827 quod

412 1836 593 1873 explanatum
614 1838 656 1865 est
676 1844 762 1873 supra
783 1836 810 1864 in
832 1836 924 1873 prima
944 1839 1023 1873 parte
1044 1837 1198 1866 collationis
1208 1838 1229 1865 4.

438 1937 579 1961 COLLATlO
596 1938 694 1961 LXVlll.
710 1938 746 1960 ET
764 1937 895 1961 SECUNDA
911 1937 948 1960 DE
965 1938 1100 1961 PASSIONE
1117 1937 1237 1961 CHRlSTl.

496 2026 518 2053 1.
540 2025 619 2054 Circa
639 2024 740 2054 Christi
763 2024 927 2053 illusionem
949 2028 1029 2059 nota,
1051 2025 1125 2062 quod
1148 2028 1190 2054 ter
1211 2024 1264 2054 fuit

413 2072 541 2101 Christus
561 2072 669 2101 illusus.
689 2072 803 2100 lllusum
824 2072 896 2101 enirn
918 2071 971 2100 fuit
991 2071 1016 2100 ei
1037 2072 1065 2100 in
1087 2072 1172 2100 domo
1190 2080 1264 2109 pon-

413 2118 517 2156 tilicis;
539 2119 627 2148 Lucae
649 2119 781 2156 vigesimo
801 2118 965 2148 secund05:
992 2130 1006 2144 «ι
1020 2118 1095 2153 Viri,
1117 2119 1166 2156 qui
1187 2122 1263 2149 tene-

412 2167 478 2196 bant
507 2174 588 2201 eum,
610 2166 763 2195 illudebant
793 2166 818 2195 ei
847 2165 1007 2200 caedentes,
1039 2169 1067 2194 et
1099 2166 1263 2195 velaverunt

411 2222 476 2243 eun]
501 2217 528 2243 et
552 2213 745 2251 percutiebant
775 2213 873 2242 faciem
904 2213 964 2241 eius
995 2216 1022 2241 et
1054 2213 1264 2250 interrogabant

412 2269 475 2290 eum
508 2261 648 2290 dicentes:
670 2260 848 2297 Prophetiza,
870 2260 934 2297 quis
960 2262 1002 2288 est
1029 2260 1078 2296 qui
1101 2262 1127 2289 te
1148 2268 1263 2297 percus-

413 2308 447 2336 sit
461 2310 498 2335 »ἲ
519 2324 558 2328 -
578 2307 692 2336 lllusum
714 2307 767 2335 suit
787 2307 812 2336 ei
834 2307 861 2335 in
882 2306 967 2335 clomo
988 2306 1114 2340 iudicis;
1132 2307 1262 2336 Matthaei

412 2354 544 2392 vigesimo
565 2354 700 2392 septimo:
720 2365 734 2379 «
748 2354 825 2382 Tunc
841 2353 955 2387 milites,
970 2353 1152 2390 suscipientes
1172 2354 1262 2383 Iesum

412 2402 440 2430 in
462 2401 602 2438 praetorio
623 2404 650 2430 et
671 2403 807 2430 exuentes
822 2408 903 2435 eum,
919 2400 1083 2429 chlamidem
1106 2400 1262 2429 coccineam

413 2447 657 2477 circumdederunt
677 2447 711 2482 ei,
733 2450 761 2476 et
785 2447 937 2485 plectentes
958 2455 1088 2476 coronam
1111 2447 1145 2476 de
1167 2447 1262 2484 spinis,

413 2498 567 2531 posuerunt
588 2502 673 2531 super
694 2497 778 2531 caput
793 2494 853 2523 eius
867 2497 894 2523 et
908 2494 1073 2523 arundinem
1096 2494 1124 2522 in
1146 2494 1263 2523 dextera

412 2541 488 2576 eius,
504 2545 530 2570 et
551 2550 624 2578 genu
639 2541 714 2570 flexo
735 2541 888 2570 illudebant
909 2541 933 2570 ei
955 2541 1096 2570 dicentes:
1118 2541 1188 2576 Ave,
1210 2549 1263 2570 rex

413 2588 577 2617 Iudaeorum
592 2600 619 2616 ».
640 2605 679 2609 -
700 2588 814 2617 lllusum
839 2588 922 2617 etiam
950 2588 1002 2617 fuit
1030 2588 1140 2617 Christo
1161 2588 1189 2617 in
1207 2597 1263 2625 pa-

415 2635 502 2663 tibulo
534 2636 650 2669 erucis,·
675 2636 748 2665 unde
780 2636 862 2665 Marci
894 2636 1000 2665 decimo
1032 2635 1171 2672 quintoss:
1199 2647 1212 2660 «
1231 2635 1263 2664 Et

478 2803 484 2816 ¹
503 2804 585 2826 Psalm.
603 2804 643 2833 87,
661 2805 683 2826 9.
704 2805 737 2826 ¹0.

477 2841 486 2855 ³
503 2843 570 2866 Vers.
591 2844 624 2865 ll.
641 2847 663 2866 et
682 2844 717 2866 ⁴3.

477 2882 486 2894 '¹
503 2883 570 2905 Num.
590 2883 610 2905 l.

477 2921 486 2934 ⁵
504 2922 568 2945 Vers.
587 2923 624 2945 63.
642 2929 691 2952 seq.
707 2935 738 2940 —
756 2922 859 2946 Subinde
876 2925 988 2952 allegatur
1004 2924 1082 2947 Matth.
1099 2924 1139 2953 27,
1158 2924 1196 2946 27.
1213 2930 1264 2953 seq.

478 2960 488 2973 ⁶
505 2961 571 2984 Vers.
589 2962 626 2984 29.
644 2965 666 2984 et
683 2963 720 2984 31.

1106 2804 1116 2818 2
1139 2805 1205 2829 Vers.
1226 2806 1260 2829 17.

764 165 990 195 COLLATIONES
1011 164 1043 193 lN
1065 164 1211 193 lOANNEM
1232 163 1300 191 CAP.
1323 162 1411 191 xvlu.
1434 162 1476 190 ET
1497 161 1563 190 xlx.
1585 161 1678 190 COLL.
1700 162 1808 191 LXVlll.

1315 242 1526 277 praetereuntes
1554 239 1783 275 blasphemabant
1803 247 1885 273 eum,
1912 241 2052 268 moventes
2073 238 2163 275 capita

1316 294 1367 315 sua
1387 289 1415 315 et
1435 285 1576 314 dicentes:
1598 285 1673 314 Vah!
1695 285 1743 322 qui
1765 285 1886 314 destruis
1912 285 2045 323 templum
2071 286 2119 315 Dei
2134 296 2162 320 »;

1320 332 1475 361 «similiter
1496 335 1523 361 et
1544 332 1645 361 summi
1665 332 1834 366 sacerdotes,
1853 332 1999 362 illudentes
2012 332 2045 361 ad
2060 333 2163 362 alteru-

1316 382 1392 407 trum
1423 387 1487 407 cum
1510 379 1625 412 scribis,
1645 378 1792 408 dicebant:
1817 379 1889 408 Alios
1916 379 2006 408 salvos
2034 379 2113 414 fecit,
2134 387 2163 409 se

1316 426 1408 463 ipsum
1429 434 1484 454 non
1505 429 1595 463 potest
1615 426 1724 454 salvum
1746 426 1836 455 facere
1850 438 1877 454 ».
2290 455 2292 460 ,

1396 473 1422 501 2.
1445 472 1558 501 Attende
1586 473 1672 509 igitur
1702 472 1803 502 Christi
1835 473 2007 508 illusionem,
2029 474 2095 511 quia
2122 477 2164 503 ter
2181 477 2283 522 Qtffssggpffl

1316 519 1482 555 proponitur
1510 519 1538 547 in
1566 519 1717 556 speculum
1748 520 2001 556 contemplationis,
2023 520 2051 549 in
2076 529 2165 550 reine-
2274 514 2278 521 ⁴

1316 566 1401 595 ilium
1422 566 1607 600 liberationis,
1630 566 1657 595 in
1678 566 1842 603 exemplum
1869 566 2044 602 imitationis,
2065 568 2093 596 in
2115 567 2166 596 clo-

1317 616 1484 641 cztmentuin
1499 613 1698 642 instructionis.
1715 629 1752 635 -
1767 613 1934 649 Proponitur
1952 621 2018 651 ergo
2033 614 2122 651 primo
2136 614 2164 643 in
2181 617 2286 660 ¹³0„’,;³¹¹¹⁰¹

1316 659 1468 696 speculum.
1495 659 1754 696 contemplationis,
1776 662 1808 688 ut
1826 659 1944 688 videndo
1969 661 2165 690 contumeliam
2249 655 2254 660 ”

1317 706 1453 735 illusionis
1474 714 1656 744 agnoscamus
1671 706 1699 735 in
1714 706 1868 735 sustinente
1883 707 2100 744 magnitudinem
2121 715 2166 736 ca-

1318 752 1415 782 ritatis.
1431 753 1545 782 Attende
1560 761 1642 790 ergo,
1657 753 1732 790 quod
1747 753 1837 782 tribus
1853 753 2002 790 generibus
2020 754 2165 783 hominum

1317 808 1402 837 grave
1429 803 1472 829 est
1502 800 1649 829 sustinere.
1677 800 1804 829 Graviter
1835 800 1909 829 enim
1940 801 2058 830 sustinet
2088 800 2166 830 illudi

1317 847 1435 883 sapiens
1455 855 1472 875 a
1491 847 1585 876 minus
1605 847 1727 881 sciente;
1748 846 1862 884 gravius
1887 847 2004 877 sustinet
2028 851 2131 885 potens
2151 856 2167 877 a

1317 893 1410 922 minus
1435 896 1564 930 potente;
1586 894 1748 931 gravissime
1773 894 1890 923 sustinet
1922 894 2102 933 benefaciens
2132 895 2167 925 ab

1318 948 1404 978 egeno
1418 941 1478 970 eius
1492 941 1658 970 beneficium
1683 941 1841 979 recipiente.
1853 958 1892 962 —
1907 942 1977 971 Haec
1990 942 2083 972 omnia
2096 942 2167 972 facta
2184 948 2272 968 Primum-

1318 990 1384 1017 sunt
1404 987 1514 1016 Christo
1536 988 1563 1016 in
1584 988 1645 1017 eius
1666 988 1801 1017 illusione.
1824 988 1852 1017 In
1874 988 1958 1018 domo
1979 989 2052 1018 enim
2071 989 2168 1027 ponti-

1317 1033 1383 1071 ficis
1403 1034 1517 1063 illusum
1540 1038 1581 1064 est
1602 1035 1765 1072 sapientiae
1788 1043 1855 1064 suae
1883 1044 1899 1064 a
1927 1036 2035 1071 stultis,
2057 1036 2170 1074 quando

1320 1081 1482 1110 velaverunt
1503 1081 1600 1111 faciem
1621 1082 1682 1111 eius
1702 1086 1730 1111 et
1750 1082 2000 1120 interrogabant⁷z
2019 1095 2033 1109 «
2048 1083 2169 1121 Prophe·
2295 1071 2296 1101 3

1320 1129 1388 1157 tiza:
1410 1129 1474 1166 quis
1494 1132 1536 1158 est
1557 1129 1605 1166 qui
1629 1133 1654 1159 te
1676 1130 1813 1166 percussit
1827 1133 1864 1159 n?
1878 1130 1957 1168 quasi
1979 1130 2049 1160 nihil
2070 1131 2168 1166 sciret,
2295 1103 2296 1145 ¹

1320 1175 1371 1204 nisi
1393 1183 1465 1212 quae
1487 1175 1575 1204 oculis
1602 1176 1744 1213 corporeis
1772 1176 1885 1206 videret.
1909 1194 1947 1198 -
1967 1177 1996 1206 In
2017 1178 2101 1206 domo
2123 1178 2169 1207 iu-
2185 1183 2290 1204 secundum>

1320 1222 1395 1251 ilicis
1420 1222 1534 1251 illusum
1565 1226 1607 1252 est
1636 1231 1703 1252 suae
1730 1223 1876 1261 potentiae
1896 1232 1913 1253 a
1933 1224 2037 1259 servis,
2059 1225 2169 1262 quando

1325 1269 1504 1306 «plectentes
1525 1277 1656 1298 coronam
1682 1270 1716 1299 de
1737 1270 1839 1308 spinis,
1861 1271 2057 1308 imposuerunt
2088 1272 2169 1310 capiti

1321 1317 1381 1346 eius
1402 1319 1429 1345 ct
1450 1317 1603 1346 illudebant
1617 1317 1640 1346 ei
1656 1317 1794 1347 dicentes:
1809 1319 1878 1353 Ave,
1894 1327 1946 1348 rex
1962 1319 2126 1349 ludaeorum
2138 1331 2168 1355 »;

1321 1364 1399 1401 quasi
1421 1364 1570 1393 ridiculum
1593 1368 1682 1399 esset,
1704 1365 1779 1402 quod
1807 1365 1865 1402 ipse
1892 1373 1945 1395 rex
1966 1374 2026 1396 esse
2047 1366 2169 1396 deberet.

1321 1428 1359 1432 -
1381 1411 1409 1439 ln
1428 1411 1563 1448 patibulo
1584 1412 1682 1441 crucis
1703 1412 1818 1441 illusum
1845 1412 1898 1441 fuit
1922 1413 1983 1442 eius
2003 1413 2169 1443 misericor·
2187 1418 2276 1438 Tertium·

1322 1458 1388 1487 diae
1417 1458 1452 1487 ab
1479 1458 1546 1495 ipsis
1576 1458 1685 1488 miseris
1716 1459 1914 1488 dicentibusss:
1947 1472 1960 1485 α
1979 1460 2050 1490 Alios
2081 1461 2171 1490 salvos

1321 1505 1397 1539 fecit,
1412 1513 1441 1534 se
1457 1505 1547 1543 ipsum
1570 1514 1624 1534 non
1646 1508 1736 1543 potest
1758 1506 1865 1535 salvum
1886 1507 1977 1536 facere
1991 1518 2022 1542 »;
2038 1507 2118 1545 quasi
2133 1507 2171 1536 ri-

1321 1552 1445 1581 diculum
1467 1556 1554 1587 esset,
1576 1553 1651 1590 quod
1672 1553 1730 1591 ipse
1758 1561 1846 1591 genus
1873 1554 2028 1583 humanum
2054 1554 2172 1584 redime-

1322 1603 1373 1629 ret.
1397 1617 1433 1621 —
1455 1600 1648 1638 Contemplare
1669 1608 1752 1638 ergo,
1773 1601 1865 1630 anima
1886 1601 1990 1636 fidelis,
2009 1602 2171 1639 gravitatem
2188 1605 2296 1631 Apmicatiw

1322 1647 1473 1682 illusionis,
1489 1651 1516 1677 et
1532 1648 1651 1685 repende
1673 1648 1761 1677 vicem
1782 1648 1936 1678 dilectionis
1957 1648 1981 1677 ei
2003 1649 2050 1686 qui
2072 1657 2124 1686 pro
2145 1652 2172 1678 te

1321 1694 1411 1723 sactus
1425 1697 1467 1723 est
1486 1706 1499 1720 «
1511 1695 1694 1732 opprobrium
1710 1695 1854 1724 hominum
1869 1698 1896 1724 et
1910 1696 2027 1725 abiectio
2042 1696 2129 1733 plebis
2140 1707 2171 1732 »;

1321 1742 1355 1772 de
1383 1751 1439 1779 quo
1470 1743 1646 1772 Threnorum
1678 1744 1779 1772 tertio:
1806 1743 1915 1772 «Dabit
1946 1744 2111 1781 percutienti
2143 1752 2173 1773 se

1322 1790 1464 1818 maxillam
1486 1793 1513 1819 et
1534 1790 1708 1819 saturabitur
1728 1790 1886 1828 opprobriis
1901 1803 1927 1819 ι».

1401 1837 1434 1866 3,-
1450 1837 1617 1874 proponitur
1638 1838 1740 1867 Christi
1761 1838 1853 1867 illusio
1874 1838 1902 1867 in
1923 1839 2085 1868 remedium
2107 1838 2172 1868 libe-
2189 1841 2296 1884 ⁰⁹55?ss

1321 1884 1457 1913 rationis.
1479 1884 1547 1913 Nota
1568 1893 1650 1921 ergo,
1665 1885 1740 1922 quod
1761 1885 1890 1914 Christus
1911 1885 1999 1915 voluit
2013 1886 2065 1915 sibi
2080 1886 2171 1921 illudi,

1321 1935 1353 1960 ut
1373 1934 1537 1968 parceretur
1559 1931 1664 1960 homini
1692 1931 1727 1960 ab
1755 1932 1882 1961 illusione
1904 1933 2032 1970 peccati,
2054 1933 2089 1962 ab
2110 1933 2173 1963 illu-
2186 1935 2294 1960 Duplexfini

1321 1978 1398 2007 sione
1416 1978 1542 2016 poenali.
1572 1978 1711 2008 Peccatori
1733 1979 1805 2008 enim
1834 1979 1962 2008 illuditur
1983 1980 2074 2017 primo
2094 1988 2110 2009 a
2130 1989 2173 2009 se-

1321 2025 1456 2060 ducente,
1478 2025 1590 2062 quando
1621 2028 1732 2063 peccat;
1760 2025 1882 2055 secundo
1910 2026 2038 2056 illuditur
2069 2027 2109 2062 ei,
2141 2031 2173 2057 ut

1321 2073 1391 2102 solet
1410 2072 1560 2110 aliquando
1581 2072 1659 2101 illudi
1679 2073 1782 2101 homini
1805 2072 1961 2102 damnando
1982 2082 1998 2102 a
2018 2074 2173 2103 deducente

1321 2119 1379 2149 sive
1399 2119 1641 2156 deprehendente,
1661 2127 1677 2148 a
1699 2119 1796 2149 iudice
1816 2122 1843 2149 et
1865 2122 1980 2149 tortore.
2004 2120 2037 2149 Ut
2057 2128 2124 2158 ergo
2138 2120 2173 2149 ab

1320 2166 1481 2195 huiusmodi
1502 2166 1679 2195 illusionibus
1699 2166 1868 2196 liberaretur
1882 2167 1966 2196 homo
1986 2167 2173 2202 damnandus,

1320 2213 1409 2242 voluit
1429 2213 1489 2242 loco
1510 2213 1631 2242 hominis
1652 2213 1780 2242 Christus
1801 2213 1852 2242 sibi
1874 2213 1969 2248 illudi,
1995 2213 2106 2251 quando
2127 2213 2174 2242 de-

1317 2259 1480 2297 prehensus
1501 2260 1554 2289 fuit
1576 2260 1604 2289 in
1625 2260 1707 2289 domo
1728 2260 1878 2297 pontificis,
1897 2263 1925 2290 et
1946 2260 2057 2298 quando
2071 2260 2173 2290 conde-

1320 2311 1440 2336 mnatus
1460 2307 1513 2336 fuit
1534 2307 1562 2336 in
1584 2307 1724 2345 praetorio
1745 2307 1860 2342 iudicis,
1881 2310 1908 2336 et
1929 2307 2040 2345 quando
2061 2308 2174 2337 occisus

1319 2353 1372 2383 fuit
1392 2354 1421 2383 in
1439 2354 1563 2391 patibulo
1584 2355 1690 2389 crucis,
1711 2353 1746 2383 ne
1767 2354 1904 2384 accideret
1917 2355 2022 2384 homini
2044 2355 2091 2384 illa
2110 2355 2174 2384 illu-

1320 2401 1373 2435 sio,
1395 2401 1429 2430 de
1450 2409 1506 2438 qua
1527 2401 1630 2430 dicitur
1652 2401 1832 2430 Ecclesiastici
1861 2401 1993 2439 vigesimo
2015 2402 2131 2439 septimo
2146 2402 2173 2430 ⁹:

1324 2459 1337 2473 «
1352 2448 1470 2477 Facienti
1499 2448 1702 2485 nequissimum
1725 2448 1871 2477 consilium
1900 2456 1985 2486 super
2010 2449 2101 2486 ipsum
2127 2448 2174 2478 de-

1319 2495 1464 2529 volvetur,
1486 2498 1513 2524 et
1534 2503 1589 2523 non
1604 2498 1747 2532 agnoscet,
1770 2495 1843 2524 unde
1865 2495 1993 2524 adveniat
2011 2495 2058 2524 illi.
2081 2495 2174 2525 lllusio

1320 2544 1347 2570 et
1368 2541 1570 2578 improperium
1592 2549 1678 2579 super
1699 2541 1803 2571 bonum
1818 2554 1832 2567 ι)
1859 2545 1911 2571 etc.

1399 2588 1426 2616 [ι.
1450 2588 1616 2625 Proponitur
1631 2589 1715 2617 etiam
1730 2588 1832 2617 Christi
1854 2589 1946 2618 illusio
1961 2589 1989 2618 in
2011 2589 2174 2627 exemplum
2190 2592 2228 2634 θεά

1321 2635 1504 2664 imitationis.
1520 2635 1578 2664 Non
1593 2635 1666 2664 enim
1688 2636 1778 2664 solum
1793 2636 1920 2665 illuditur
1942 2636 2111 2671 damnando,
2126 2636 2174 2665 sed

2231 2591 2286 2610 tertio

2229 2620 2260 2634 uo.

1382 2804 1391 2817 ⁷
1409 2806 1476 2828 Marc.
1497 2806 1536 2834 14,
1554 2806 1591 2828 65.
1608 2818 1639 2823 -
1657 2806 1766 2835 Sequitur
1788 2806 1863 2828 Matth.
1887 2805 1929 2834 27,
1951 2805 1990 2828 29.
2014 2817 2046 2822 —
2069 2804 2175 2828 Subinde

1319 2851 1362 2873 pro
1379 2844 1478 2868 illusum
1495 2846 1530 2868 est
1545 2851 1604 2868 sitae
1617 2844 1737 2875 potentiae
1754 2844 1771 2868 C
1787 2844 1861 2868 illusa
1877 2846 1911 2868 est
1927 2850 1974 2867 sua
1987 2844 2104 2874 potentia.

1382 2882 1392 2896 Β
1408 2885 1486 2907 Matth.
1507 2884 1550 2911 27,
1573 2884 1610 2907 42.
1634 2897 1664 2901 —
1686 2885 1736 2907 Duo
1759 2890 1825 2913 seqq.
1848 2884 1891 2907 loci
1913 2886 1966 2906 sunt
1988 2884 2024 2906 Ps.
2047 2884 2089 2911 21,
2111 2883 2134 2906 7.
2151 2885 2174 2906 et

1321 2923 1406 2946 Thren.
1426 2924 1453 2951 3,
1471 2924 1510 2946 30.

1384 2961 1395 2974 ⁹
1411 2963 1477 2985 Vers.
1496 2963 1533 2985 30.
1553 2965 1575 2985 et
1592 2963 1630 2985 31.
