2296 3316
273 323 299 342 De
310 322 398 341 secundo.

295 462 321 481 lie
334 461 395 481 tertio.

268 636 311 655 ‘rria
320 635 395 654 Petrum

283 659 382 679 reducum.

268 695 336 713 Cantus
347 693 399 717 galli.

292 787 394 811 Respectus

305 810 381 829 Christi.

282 879 393 899 Recordauo

307 904 365 922 Petri.

289 1113 383 1137 Expositis:

281 1136 390 1160 spiritualis.

270 1908 342 1932 Duplex
358 1913 387 1928 re·

297 1937 359 1956 gnum.

289 2061 316 2080 De
328 2065 386 2084 regno

266 2084 330 2103 mundi
342 2089 385 2103 eon-

265 2108 372 2127 temnendo.

257 2143 304 2167 Quia
312 2143 386 2163 inutile.

417 192 473 219 (illi

421 267 573 297 «Recedite
601 275 617 295 a
644 265 830 295 tabernaculis
858 264 1001 293 hominum
1029 263 1196 300 impiorum,
1224 270 1259 291 ne

416 314 591 343 involvamini
613 313 640 341 in
663 312 781 349 peccatis
802 319 900 340 eorum
915 322 943 339 ».
965 326 1001 331 -
1023 310 1139 347 Propter
1160 317 1259 338 secun-

415 361 480 390 dum
509 360 610 389 dicitur
639 358 852 387 Proverbiorum
880 357 986 386 decimo
1012 356 1108 385 tertio:
1136 356 1260 385 «Socius

413 408 562 436 stultorum
584 406 679 435 similis
707 405 882 438 efficietur»;
912 407 939 432 et
965 403 993 432 in
1014 403 1135 431 Psalmo:
1161 414 1175 427 α
1190 402 1258 431 Cum

412 460 544 492 perverso
575 452 780 490 perverteris».
810 467 845 471 —
868 451 983 487 Propter
1015 449 1129 478 tertium
1156 449 1259 478 dicitur

413 500 500 530 lacobi
521 500 623 537 primo:
643 511 656 524 κ
668 498 864 535 Unusquisque
879 500 1017 530 tentatur,
1031 504 1048 525 a
1062 496 1258 533 concupiscen-

412 547 450 576 tia
471 554 521 575 sua
541 546 697 574 abstractus
718 548 745 573 et
766 545 874 573 illectus
888 555 915 572 ».

492 594 517 621 5.
542 592 619 621 Circa
640 592 754 621 tertium
777 594 842 619 nota
864 591 932 624 tria,
955 598 1027 627 quae
1042 590 1153 619 Petrum
1174 597 1190 617 a
1211 596 1258 618 ne-

412 641 520 678 gatione
540 639 695 672 reducunt,
717 638 820 667 scilicet
840 641 986 675 respectus
1002 635 1128 670 Christi,
1152 640 1258 665 cantus

409 687 484 725 galli
503 690 530 716 et
550 686 716 715 recordatio
738 685 828 714 Petri.
852 701 888 705 —
910 684 1025 713 Reducit
1052 691 1119 720 ergo
1144 683 1257 712 Petrum

411 738 516 763 cantus
527 733 616 772 yalli;
630 733 703 762 unde
715 733 803 762 Lucae
818 732 952 769 vigesimo
966 730 1088 760 sec-undo
1097 731 1120 759 ¹:
1137 741 1151 755 <t
1163 730 1258 759 Adhuc

411 781 457 810 illo
471 781 609 818 loquente,
625 780 715 817 gallus
733 779 854 808 cantavit
869 791 895 807 n.
908 795 945 799 —-
958 778 990 807 Et
1011 785 1158 815 respectas
1174 787 1224 806 em
1235 777 1257 805 ζ-

409 829 462 862 sti‚·
476 827 549 857 unde
570 827 714 864 sequitur:
732 838 745 851 ιι
758 826 790 855 Et
804 833 957 855 conversus
977 825 1111 853 Dominus
1133 823 1258 861 respexit

410 875 521 904 Petrum
537 886 563 902 n.
587 890 624 894 —
646 873 678 902 Et
705 873 869 902 recordatio
893 872 972 901 Petri
980 882 989 905 ;
1010 871 1084 900 unde
1113 870 1255 907 sequitur:

414 934 427 948 «ι
443 922 474 951 Et
500 921 662 950 recordatus
689 924 731 949 est
758 920 856 949 Petrus
884 919 961 948 verbi
987 919 1137 947 Domini».
1161 934 1197 938 —
1219 917 1256 946 Ad

410 969 477 997 haec
498 968 551 997 tria
566 967 693 1004 sequitur
708 967 852 996 conversio
866 966 955 1000 Petri;
970 965 1044 995 unde
1059 965 1254 1002 subiungitur:

413 1027 426 1040 α
438 1015 470 1043 Et
490 1022 620 1052 egressus
640 1013 714 1043 foras
735 1014 811 1043 ssevit
831 1021 926 1042 amare
941 1025 968 1041 n.

487 1062 512 1089 6.
536 1059 736 1098 Spiritualiter
751 1062 817 1088 tunc
832 1063 934 1088 cantat
949 1059 1063 1097 qaltas,
1085 1066 1148 1087 cum
1168 1066 1255 1095 prae-

408 1108 523 1137 dicator
543 1107 656 1136 adhibet
675 1107 828 1136 doctrinam
844 1117 850 1140 ;
873 1110 940 1135 tunc
961 1106 1079 1143 respicit
1102 1104 1254 1139 Christus,

408 1163 472 1184 cum
494 1155 571 1183 Deus
599 1154 719 1182 infundit
745 1154 881 1190 gratiam3
911 1157 978 1182 tunc
1002 1152 1180 1181 recordatur
1202 1152 1255 1180 Pe-

408 1205 490 1236 tras,
506 1209 569 1230 cum
581 1204 718 1239 peccator
732 1200 854 1229 recurrit
868 1199 903 1228 ad
917 1199 1122 1229 conscientiam.
1140 1199 1171 1228 Et
1186 1199 1254 1227 haec

406 1252 472 1278 sunt
493 1248 560 1282 tria,
576 1256 647 1285 quae
662 1247 800 1276 reducunt
812 1250 984 1284 peccatorem
998 1246 1033 1275 ad
1047 1246 1252 1283 poenitentiam.

406 1313 444 1317 —-
459 1297 573 1333 Propter
588 1296 709 1333 primum
725 1295 827 1323 dicitur
842 1294 869 1323 in
885 1294 990 1323 Psalmo
1001 1294 1025 1323 ²:
1044 1305 1058 1319 «
1074 1294 1183 1323 Docebo
1203 1294 1254 1322 ini-

406 1351 476 1381 quos
496 1343 554 1372 vias
568 1346 639 1377 tuas,
654 1345 682 1371 et
696 1342 771 1379 impii
786 1341 821 1370 ad
837 1344 863 1370 te
877 1344 1075 1370 convertentur
1091 1353 1117 1369 ».
1133 1358 1171 1361 —
1190 1342 1254 1370 Pro-

406 1394 467 1427 pter
482 1389 634 1419 secundum
656 1389 758 1418 dicitur
774 1388 953 1418 Ecclesiastici
969 1388 1132 1417 undecimo:
1153 1400 1166 1414 «ε
1181 1388 1254 1417 Ocu-

406 1438 450 1466 lus
463 1437 511 1466 Dei
527 1436 650 1473 respexit
671 1436 749 1465 illum
771 1436 797 1464 in
819 1436 891 1465 bono
912 1439 939 1465 et
960 1435 1051 1465 erexit
1065 1443 1130 1464 eum
1144 1435 1179 1464 ab
1201 1435 1254 1464 hu-

406 1484 520 1513 militate
540 1483 627 1520 ipsius
647 1486 674 1512 et
695 1483 827 1512 exaltavit
848 1485 931 1520 caput
951 1482 1011 1511 eius
1029 1494 1056 1510 ι».
1079 1498 1116 1503 --
1139 1482 1253 1519 Propter

406 1530 535 1564 tertium,
557 1529 732 1567 Apocalypsis
752 1529 888 1558 secundo:
914 1541 928 1555 «
945 1530 1048 1558 Memor
1075 1531 1150 1563 esto,
1179 1528 1253 1558 unde

405 1576 558 1611 excideris,
579 1579 606 1605 et
627 1583 676 1613 age
697 1576 892 1613 poenitentiam
913 1579 940 1605 et
962 1576 1051 1612 prima
1065 1583 1150 1612 opera
1170 1575 1251 1604 sac».

701 1678 844 1701 COLLATlO
862 1678 939 1701 LXVl.

483 1764 572 1798 (Vers.
594 1763 662 1798 36.).
685 1764 818 1801 Regnum
848 1771 945 1791 meum
976 1771 1034 1792 non
1065 1767 1107 1792 est
1137 1763 1171 1792 de
1199 1762 1252 1792 ltoc

404 1810 522 1839 mundo.

484 1859 508 1886 1.
531 1858 559 1886 In
581 1857 674 1887 verbis
696 1858 755 1887 istis
769 1857 897 1886 innuitur
912 1857 1047 1895 quaedam
1062 1858 1140 1895 regni
1155 1857 1251 1886 distin—

403 1905 465 1934 ctio.
495 1905 542 1934 Est
569 1904 642 1934 enim
674 1912 792 1942 regnum
823 1904 930 1933 mundi
950 1920 986 1925 —
1008 1907 1036 1933 et
1063 1907 1104 1933 est
1132 1912 1250 1941 regnum

404 1951 514 1981 Christi
518 1962 526 1981 :
538 1960 655 1989 regnum
667 1951 765 1981 mundi
776 1951 1030 1985 eontemnendum;
1041 1959 1159 1989 regnum
1171 1951 1251 1980 Chri-

402 1999 437 2028 sti
457 1999 666 2028 venerandum.

482 2046 607 2083 Regnum
617 2045 724 2074 mundi
734 2046 973 2074 contemnendum
984 2049 1099 2083 propter
1114 2046 1183 2081 tria,
1198 2046 1250 2075 sci-

402 2093 465 2122 licet
479 2093 545 2131 quia
566 2093 682 2127 inutile,
697 2093 820 2131 iynobile
840 2096 868 2122 et
888 2093 1031 2122 instabile.
1052 2109 1092 2115 -—
1113 2093 1159 2122 Est
1183 2102 1250 2131 ergo

401 2148 518 2178 regnum
540 2140 637 2169 mundi
658 2140 767 2169 inutile.
790 2140 876 2169 Habet
897 2140 969 2169 enim
991 2149 1043 2177 pro
1067 2141 1250 2178 proventibus

400 2187 626 2221 sollicitudines,
647 2195 719 2224 quae
739 2187 871 2216 auferunt
892 2187 997 2216 homini
1022 2188 1182 2225 spirituales
1202 2188 1249 2217 de—

400 2235 567 2264 lectationes.
590 2234 738 2271 Propterea
758 2234 959 2272 quaerentibus
987 2234 1083 2272 lignis,
1105 2238 1137 2263 ut
1161 2243 1249 2272 unge-

400 2285 464 2311 rent
478 2289 562 2319 super
577 2289 606 2311 se
620 2289 730 2319 regem,
747 2281 889 2318 respondit
902 2281 983 2316 oliva,
998 2281 1123 2310 ludicum
1138 2290 1211 2310 nono
1223 2282 1247 2310 ³:

405 2340 418 2354 «ι
433 2328 563 2366 Nunquid
583 2336 695 2366 possum
717 2328 846 2358 deserere
867 2328 1063 2366 pinguedinem
1080 2336 1178 2362 meam,
1193 2337 1249 2366 qua

400 2375 436 2404 dii
458 2378 577 2405 utuntur
608 2378 636 2404 et
663 2375 805 2410 homines,
827 2378 854 2404 et
877 2375 986 2409 venire,
1011 2377 1044 2404 ut
1071 2375 1144 2404 inter
1175 2375 1249 2413 ligna

400 2430 564 2459 promovear
579 2426 612 2451 »ἲ
632 2422 704 2451 Idem
726 2422 868 2460 respondit
889 2422 959 2451 ficus
973 2422 1007 2451 de
1021 2430 1072 2451 sua
1089 2422 1247 2457 dulcedine,

400 2472 427 2498 et
448 2469 511 2498 vitis
531 2469 565 2498 de
596 2469 660 2498 vino
682 2477 741 2498 suo.
764 2470 814 2499 Ubi
838 2473 916 2504 nota,
942 2469 1016 2507 quod
1038 2469 1161 2498 volentes
1183 2477 1247 2507 pro-

400 2516 505 2545 moveri
526 2516 554 2545 in
576 2524 661 2554 regno
682 2516 777 2546 mundi
799 2520 908 2554 oportet
928 2516 1058 2546 deserere
1071 2516 1246 2545 dulcedinem

463 2701 471 2713 ¹
489 2701 556 2724 Vers.
572 2701 614 2729 6ος
633 2701 687 2724 ibid.
706 2708 728 2724 v.
747 2702 785 2724 6«.
801 2702 915 2725 habentur
932 2702 980 2725 duo
1002 2708 1067 2732 seqq.
1089 2703 1146 2730 loci;
1168 2702 1248 2725 tertius

400 2743 434 2763 est
450 2747 474 2763 v.
491 2741 528 2763 62.
549 2761 552 2765 ,

461 2780 471 2794 ⁴²
488 2780 571 2802 Psalm.
588 2780 631 2807 50,
649 2780 687 2803 ⁴5.
697 2792 728 2797 —
741 2781 874 2809 Sequuntur
885 2781 953 2804 Eccli.
967 2781 991 2804 Μ
1002 2799 1007 2810 ,
1021 2781 1057 2804 13.
1069 2784 1092 2804 et
1103 2781 1176 2810 Apoc.
1187 2782 1213 2810 2,
1225 2781 1248 2803 5.

462 2817 472 2830 ⁸
489 2819 556 2841 Vers.
578 2820 599 2841 8.
622 2822 644 2841 et
666 2819 692 2848 9;
715 2819 815 2843 subinde
836 2820 991 2849 respiciuntur
1011 2827 1035 2843 v.
1058 2821 1094 2843 40.
1115 2823 1138 2843 et
1160 2821 1201 2848 ⁴¹⁴3
1218 2820 1248 2843 de

400 2856 504 2881 rhamno
521 2857 619 2880 habetur
636 2857 691 2880 ibid.
709 2864 732 2881 v.
750 2858 788 2881 44.
804 2865 853 2888 seq.

461 2895 471 2909 ⁴
488 2897 555 2919 Vers.
571 2897 594 2919 8.
611 2903 659 2927 seq.
676 2909 707 2914 —
724 2898 832 2927 Sequitur
849 2898 888 2921 lob
905 2899 946 2926 41,
965 2899 1002 2921 25.

462 2934 472 2948 Β
488 2936 555 2959 Vere.
574 2936 612 2959 25.
623 2949 653 2953 —--
666 2936 769 2960 Subinde
780 2938 907 2966 allegantur
918 2938 954 2961 Ps.
966 2938 1008 2966 54,
1022 2939 1061 2967 Γ10;
1075 2939 1107 2961 ΙΙΙ.
1120 2939 1177 2967 Reg.
1194 2939 1212 2968 1,
1224 2938 1249 2963 5.

400 2981 461 3004 seq.;
478 2975 568 2998 Baruch
586 2976 613 3003 3,
631 2975 668 2998 46.
685 2982 734 3005 seq.
751 2978 774 2998 et
791 2976 828 2999 te.

855 186 1079 215 COLLATIONES
1101 186 1132 215 IN
1154 185 1299 214 ΙΟΑΝΝΕΜ
1320 185 1388 213 CAP.
1411 184 1499 213 XVIII.
1520 184 1613 213 COLL.
1636 186 1721 214 val.

1316 262 1378 296 Dei,
1400 270 1472 299 quae
1503 263 1622 292 animam
1644 263 1812 301 impinguat,
1845 264 1963 294 inebriat
1987 268 2015 294 et
2035 264 2159 294 delectat.

1316 309 1370 338 Nec
1397 309 1450 338 erit
1478 309 1527 346 qui
1554 317 1671 346 regnum
1700 310 1858 340 huiusmodi
1886 315 1997 348 appetat
2017 312 2069 341 nisi
2098 312 2162 341 rha-
2293 312 2295 353 l

1317 363 1429 390 mnum,
1450 355 1498 393 qui
1520 363 1570 385 nec
1600 356 1682 385 habet
1710 356 1904 394 pinguedinem
1932 358 2084 387 devotionis
2111 367 2162 388 nec
2294 393 2295 398 ¹

1316 402 1484 431 fertilitatem
1504 402 1591 431 bonae
1611 403 1787 440 operationis.
1804 420 1840 425 —
1862 405 1908 433 Est
1936 412 2052 442 regnum
2080 406 2162 444 iyno-
2178 400 2295 438 Quiaignou'

1316 448 1376 477 bile.
1399 449 1452 485 Qui
1473 449 1546 477 enim
1578 449 1605 478 in
1636 449 1741 478 mundo
1773 458 1890 487 regnare
1920 451 2025 488 appetit
2052 452 2161 489 cogitur
2209 435 2253 455 '²¹¹⁸'

1315 494 1510 525 miserabiliter
1530 496 1657 531 servir&
1677 497 1751 534 quod
1773 497 1956 534 significatum
1979 501 2021 528 est
2034 499 2162 529 Matthaei

1315 545 1416 579 quarto
1426 543 1448 577 ⁴,
1469 542 1516 571 ubi
1537 543 1681 572 «ostendit
1701 543 1828 573 diabolus
1848 544 1958 573 Christo
1972 545 2063 574 omnia
2077 554 2163 583 regna
2294 552 2296 574 i

1315 588 1410 617 mundi
1433 592 1461 618 et
1481 589 1597 626 gloriam
1619 597 1717 619 eorum
1732 592 1759 619 et
1779 590 1817 619 ait
1831 591 1886 619 illi:
1902 591 1971 620 Haec
1985 592 2078 621 omnia
2091 592 2162 622 dabo
2295 591 2296 595 ’

1315 635 1377 670 tibi,
1399 636 1420 664 si
1436 636 1537 665 cadens
1550 636 1709 666 adoraveris
1724 645 1767 666 me
1779 648 1806 672 »3
1821 638 1900 675 quasi
1915 638 1999 668 dicat:
2014 648 2068 669 non
2080 639 2115 669 do
2129 648 2162 669 ea

1315 682 1366 712 nisi
1388 682 1568 712 adorantibus
1590 691 1643 712 ine.
1661 683 1777 721 Oportet
1790 684 1877 719 enim,
1899 685 2035 722 superbos
2055 686 2088 716 de
2103 687 2163 724 ipso

1314 729 1462 758 vanitatem
1495 733 1608 764 tenere,
1641 730 1708 767 quia
1739 730 1841 759 dicitur
1872 731 1918 760 Iob
1952 732 2163 771 quadragesimo

1314 776 1417 813 primo:
1445 788 1457 802 «
1469 777 1529 814 lpse
1542 779 1584 806 est
1605 785 1657 806 rex
1672 785 1757 814 super
1778 786 1873 807 omnes
1887 778 1958 808 filios
1976 780 2122 816 superbiae
2135 792 2161 809 ».

1314 839 1350 843 -
1375 823 1443 852 Nota
1468 831 1631 860 responsum
1654 824 1809 861 philosophi
1835 825 1969 855 adversus
1997 830 2161 864 magnatem.

1312 886 1352 890 —-
1367 870 1412 899 Est
1433 878 1549 907 regnum
1572 870 1713 900 instabile.
1741 871 1786 900 Est
1810 871 1882 901 enim
1904 880 2031 910 regnum,
2052 873 2086 903 de
2106 882 2162 912 quo
2179 877 2290 921 Quigssigusuw

1313 917 1440 946 Matthaei
1461 917 1663 946 duodecimo⁵:
1690 918 1803 947 «Omne
1824 926 1941 956 regnum
1962 920 1990 949 in
2005 928 2034 953 se
2048 921 2108 958 ipso
2121 921 2162 950 di-
2252 915 2256 920 ’

1313 963 1402 992 visum
1424 963 1595 993 desolabitur
1610 976 1637 992 ».
1661 965 1783 1002 Regnum
1805 964 1934 994 divisum
1955 970 1996 995 est
2023 967 2159 1002 mundus;

1312 1065 1374 1086 nem
1396 1057 1424 1086 in
1446 1057 1556 1086 civitate
1571 1070 1605 1092 »,
1627 1058 1653 1086 id
1682 1061 1723 1087 est
1744 1058 1772 1087 in
1793 1058 1905 1087 mundo.
1932 1076 1970 1080 -—
1995 1059 2159 1098 Exemplum
2177 1064 2286 1088 Exemissum-

1312 1104 1383 1133 habe
1404 1104 1437 1133 ad
1460 1105 1512 1134 hoc
1532 1104 1566 1134 de
1588 1104 1702 1139 monia,
1725 1105 1797 1134 tertii
1820 1106 1923 1143 Regum
1946 1106 2051 1144 prim0‚
2080 1108 2160 1137 cuius

1311 1159 1429 1188 reguum
1451 1152 1504 1180 fuit
1524 1152 1582 1189 ipsa
1604 1152 1673 1181 hora
1688 1153 1730 1181 sui
1753 1153 1833 1190 primi
1856 1153 1974 1183 convivii
1995 1154 2157 1184 desolatum.

1312 1199 1426 1235 Propter
1458 1199 1542 1228 huius
1573 1200 1649 1237 regni
1682 1200 1886 1230 instabilitatem
1917 1201 2020 1231 dicitur
2050 1202 2158 1232 Baruch

1311 1246 1407 1275 tertio:
1435 1258 1448 1271 ιι
1462 1246 1512 1275 Ubi
1534 1249 1600 1275 sunt
1620 1247 1759 1284 principes
1785 1248 1926 1285 gentium,
1948 1251 1976 1278 et
2002 1249 2050 1286 qui
2071 1249 2159 1279 domi-

1311 1294 1414 1321 nantur
1435 1300 1520 1330 super
1541 1293 1655 1327 bestias,
1677 1302 1748 1330 quae
1770 1298 1835 1323 sunt
1856 1302 1941 1331 super
1957 1298 2075 1330 terram,
2090 1299 2117 1325 et
2131 1296 2159 1325 in

1283 1357 1286 1361 ι
1310 1339 1409 1368 avibus
1430 1340 1496 1369 caeli
1519 1340 1619 1369 ludunt
1634 1353 1647 1366 n
1661 1344 1672 1369 ’ἓ
1687 1345 1737 1370 etc.
1761 1341 1793 1369 Et
1806 1341 1969 1378 respondet:
1996 1354 2010 1368 «
2023 1342 2159 1372 Extermi-

1310 1386 1366 1415 nati
1382 1390 1447 1416 sunt
1468 1390 1496 1416 et
1509 1387 1543 1416 ad
1557 1387 1660 1416 inferos
1674 1387 1889 1423 descenderunt,
1911 1391 1939 1418 et
1952 1389 1997 1418 alii
2012 1389 2072 1418 loco
2086 1389 2158 1427 ipso-

1311 1441 1374 1461 rum
1389 1437 1577 1463 surrexerunt
1591 1446 1618 1462 ».
1634 1449 1673 1455 —
1689 1435 1755 1463 Ecce
1770 1442 1852 1472 ergo,
1868 1443 1985 1473 regnum
2005 1436 2101 1465 mundi
2117 1439 2159 1465 est

1310 1480 1428 1514 inutile,
1456 1481 1595 1518 iqnobile,
1625 1481 1774 1516 instabile,
1803 1485 1830 1511 et
1854 1482 1915 1511 ideo
1943 1482 2156 1520 contemptibile.

1310 1527 1424 1564 Propter
1446 1527 1498 1556 hoc
1519 1528 1657 1565 sapienter
1676 1531 1767 1557 cantat
1787 1537 1859 1566 quae
1882 1529 1986 1558 dicit‘3:
2006 1530 2158 1567 «Regnum

1309 1574 1405 1602 mundi
1427 1578 1454 1603 et
1475 1582 1584 1603 omnem
1607 1578 1736 1604 ornatum
1759 1576 1860 1604 saeculi
1882 1576 2077 1613 contempsi».

1388 1622 1415 1650 2.
1438 1621 1570 1658 Sequitur
1590 1622 1624 1651 de
1653 1630 1738 1659 regno
1761 1621 1887 1657 Christi,
1913 1622 1987 1660 quod
2015 1626 2057 1652 est
2076 1631 2157 1652 vene·
2169 1626 2292 1670 Chrg‘giggffi

1309 1669 1449 1697 randum.
1472 1669 1518 1698 Est
1539 1672 1632 1698 autem
1653 1669 1842 1698 venerandum
1857 1673 1972 1707 propter
1993 1670 2062 1705 tria,
2084 1670 2156 1700 scili·
2169 1673 2234 1692 rwd0=
2289 1667 2291 1669 ’

1309 1718 1352 1744 cet
1372 1715 1438 1752 quia
1455 1715 1582 1753 pinque,
1604 1716 1669 1753 quia
1690 1715 1798 1750 nobile,
1820 1716 1885 1753 quia
1906 1716 2015 1745 stabile.
2032 1733 2069 1738 —-
2084 1717 2156 1746 Pin·
2169 1720 2216 1744 Quia
2225 1720 2287 1745 pingue

1306 1771 1364 1800 que
1384 1765 1426 1792 est
1446 1770 1563 1800 regnum
1586 1762 1704 1797 Christi3
1733 1763 1816 1792 habet
1843 1763 1916 1792 enim
1943 1771 1995 1801 pro
2021 1763 2157 1793 reditibus

1307 1810 1420 1839 delicias
1447 1810 1582 1847 paradisi;
1611 1810 1685 1839 unde
1712 1811 1801 1839 Lucae
1832 1810 1965 1847 vigesimo
1993 1811 2097 1840 tertio³
2119 1811 2156 1840 la-

1308 1857 1380 1885 troni
1402 1857 1504 1894 petenti
1520 1865 1637 1894 regnum
1654 1857 1812 1894 repromisit
1826 1857 1961 1887 Dominus
1982 1857 2155 1895 paradisum:

1312 1905 1491 1939 «Memento,
1523 1904 1628 1941 inquit,
1650 1904 1720 1939 mei,
1751 1904 1817 1933 dum
1848 1904 1957 1934 veneris
1977 1904 2005 1933 in
2037 1913 2155 1943 regnum

1307 1954 1388 1980 tuum
1402 1962 1435 1986 ”3
1457 1954 1484 1981 et
1504 1951 1576 1980 dixit
1597 1951 1635 1980 illi
1657 1952 1748 1981 Iesus:
1774 1963 1787 1977 «ι
1802 1952 1885 1980 Amen
1904 1951 1965 1981 dico
1987 1952 2051 1981 tibi:
2074 1952 2156 1981 Hodie

1306 2007 1414 2028 mecum
1436 1999 1492 2028 eris
1512 1999 1541 2027 in
1561 1999 1726 2036 paradiso».
1739 1998 1834 2028 ——Est
1855 1999 1957 2028 iterum
1972 2007 2089 2036 regnum
2104 2008 2155 2029 no·
2172 2002 2219 2026 Quia
2230 2001 2291 2021 nobile-

1307 2045 1376 2080 bile,
1397 2048 1424 2074 et
1445 2045 1506 2075 ideo
1520 2046 1695 2083 Apocalypsis
1716 2045 1822 2075 decimo
1837 2054 1909 2075 nono
1924 2045 1951 2074 ⁸:
1978 2057 1991 2072 κ
2003 2047 2061 2075 Rex
2076 2046 2156 2075 Chri-

1306 2095 1366 2122 stus
1388 2092 1471 2121 habet
1491 2092 1519 2121 in
1539 2092 1643 2121 femore
1669 2100 1720 2121 suo
1741 2092 1893 2130 scriptum:
1916 2093 1974 2122 Rex
2003 2101 2100 2131 regum
2128 2096 2156 2122 et

1305 2139 1441 2168 Dominus
1461 2139 1662 2168 dominantium
1676 2151 1707 2174 »3
1730 2140 1798 2168 etin
1821 2140 1942 2169 Psalmo:
1968 2151 1982 2165 «
1996 2140 2156 2169 Adorabunt

1305 2194 1369 2216 eum
1391 2194 1488 2215 omnes
1502 2194 1581 2223 reges
1599 2189 1706 2221 terrae,
1727 2194 1824 2215 omnes
1837 2189 1933 2224 gentes
1950 2187 2072 2216 servient
2090 2187 2114 2216 ei
2127 2199 2155 2218 n.

1306 2250 1343 2255 —
1358 2234 1405 2263 Est
1425 2234 1506 2263 etiam
1527 2233 1629 2262 stabile
1651 2241 1769 2270 regnum
1790 2233 1908 2268 Christi;
1930 2233 2051 2262 Danielis
2071 2233 2155 2271 septi-
2167 2235 2292 2260 Quiastabilo·

1305 2290 1368 2310 mo:
1395 2293 1408 2307 «ι
1425 2281 1545 2310 Potestas
1565 2281 1626 2310 eius
1647 2284 1767 2318 potestas
1787 2283 1913 2315 aeterna,
1936 2288 2007 2318 quae
2028 2289 2083 2310 non
2104 2289 2154 2310 au-

1304 2328 1420 2363 feretur,
1441 2331 1468 2357 et
1483 2335 1601 2365 regnum
1615 2328 1688 2362 eius,
1710 2327 1784 2365 quod
1799 2335 1852 2356 non
1868 2330 2066 2365 corrumpetur
2081 2339 2112 2363 »;
2127 2331 2155 2357 et

1304 2375 1332 2403 in
1354 2375 1474 2403 Psalmo:
1501 2386 1515 2400 «
1529 2374 1561 2403 Et
1582 2374 1659 2411 regni
1681 2374 1741 2403 eius
1762 2382 1816 2403 non
1837 2374 1890 2403 erit
1911 2374 1975 2404 finis
1995 2386 2021 2403 ».
2044 2391 2083 2396 —
2104 2375 2154 2404 Re-

1304 2429 1389 2459 gnum
1411 2429 1477 2459 ergo
1497 2421 1599 2450 Christi
1620 2424 1662 2450 est
1680 2421 1805 2458 pinque,
1826 2420 1919 2450 nobile
1939 2423 1967 2450 et
1986 2420 2104 2456 stabile,
2126 2424 2154 2450 et

1304 2469 1365 2498 ideo
1385 2468 1582 2498 desiderabile.
1599 2468 1747 2505 Propterea
1767 2476 1822 2497 non
1837 2468 2000 2505 insipienter
2021 2471 2083 2497 orat
2103 2468 2151 2506 qui

1303 2515 1426 2553 quotidie
1447 2515 1568 2552 postulat
1583 2515 1607 2543 ⁹:
1633 2526 1647 2540 «τ
1661 2514 1793 2544 Adveniet
1814 2523 1930 2552 regnum
1952 2518 2033 2544 tunm
2046 2527 2072 2544 ».

1367 2700 1377 2714 ὅ
1394 2701 1496 2724 liabetur
1512 2701 1534 2724 in
1552 2701 1654 2724 Breviar.
1671 2702 1775 2724 Romano
1787 2701 1812 2724 in
1823 2701 1945 2724 Communi
1961 2707 2008 2724 non
2021 2701 2152 2729 Virginum,

1304 2741 1390 2763 scilicet
1407 2741 1428 2763 in
1446 2740 1601 2769 Responsorio
1618 2740 1669 2763 lect.
1686 2740 1707 2763 8.
1725 2752 1756 2757 —
1773 2740 1816 2763 Pro
1832 2746 1893 2769 qaae
1909 2739 1966 2763 dicit
1990 2739 2012 2762 in
2028 2740 2047 2762 Α
2064 2738 2149 2762 substi-

1305 2780 1375 2803 tuitur
1392 2779 1434 2810 qui
1449 2779 1513 2803 dicit.

1366 2818 1375 2831 ⁷
1394 2820 1460 2842 Vers.
1477 2819 1515 2842 42.
1532 2822 1554 2842 et
1571 2819 1609 2842 43.

1366 2857 1376 2871 Β
1393 2859 1459 2881 Vers.
1482 2859 1520 2881 46.
1541 2871 1572 2876 —
1594 2859 1728 2888 Sequuntur
1749 2858 1785 2881 Ps.
1808 2858 1850 2885 71,
1874 2858 1915 2886 l<l;
1939 2857 1997 2880 Dan.
2018 2857 2046 2884 7,
2072 2855 2106 2879 14.
2128 2858 2150 2879 et

1303 2898 1339 2921 Ps.
1357 2898 1415 2927 444,
1432 2898 1454 2921 3.
1472 2897 1521 2927 (cfr.
1539 2898 1594 2920 Luc.
1612 2898 1637 2926 i,
1655 2897 1712 2927 33.).

1365 2935 1375 2949 ⁹
1392 2937 1469 2960 Matth.
1486 2937 1499 2959 6
1511 2954 1517 2964 ,
1532 2937 1570 2959 [10.
1586 2948 1617 2953 —
1634 2936 1691 2959 Cod.
1708 2937 1726 2958 Α
1743 2937 1805 2959 orat.
