2296 3316
729 155 900 184 COMMENT.
924 155 955 183 ΙΝ
977 155 1212 185 ECCLESIASTEN
1233 157 1261 185 C.
1284 158 1314 185 X.
1854 162 1890 191 83

146 240 195 261 aut
215 233 280 270 quia
301 233 414 261 inutilis
432 236 457 261 et
477 233 627 261 remissus.
644 233 734 261 Primo
747 240 813 270 ergo
833 232 880 261 dat
901 240 990 261 reine-

145 279 221 308 dium
236 282 332 308 contra
346 279 639 316 praelatummalum
651 279 785 313 secundo,
800 282 897 308 contra
911 287 991 316 prae-

7 311 9 324 Ι
147 326 231 355 latum
253 327 392 360 stultum,
422 326 475 354 ibi:
503 326 594 355 Verba
615 327 676 355 oris
703 326 844 363 sapientis
869 327 990 363 qratia,-

5 348 8 396 1
145 374 241 408 tertio,
259 375 356 402 contra
377 373 530 409 praelatum
545 373 695 401 carnalem
709 376 735 401 et
750 373 916 407 remissum,
938 373 988 401 ibi:

7 397 9 468 ς
150 420 206 448 Vae
227 423 308 448 terra
329 419 393 453 tihi,
416 420 503 448 euius
523 428 576 448 rex
594 427 671 456 puer
691 423 739 447 est.

6 514 8 527 l

211 544 298 574 Primo,
316 543 387 574 quoad
404 543 516 567 defectum
532 544 665 573 regiminis,
683 544 771 575 quando
787 544 920 575 praeficitur

455 583 575 613 praelatus
591 583 673 607 malus.

220 701 358 737 Quantum
382 701 466 738 igitur
487 701 520 730 ad
542 702 662 738 primum
684 702 722 730 sic
744 702 874 739 procedit.
897 703 988 731 Primo

47 753 123 772 Divisio.
141 747 222 782 dicit,
243 747 347 776 bonum
368 748 522 784 praelatum
543 756 597 776 non
619 756 678 777 esse
706 749 917 782 amovendum
945 757 986 778 se-

141 794 244 828 cundo,
266 794 370 822 malum
398 803 452 823 non
474 803 533 823 esse
558 795 761 824 siastinemlmn
790 796 847 824 sive
875 804 987 832 promo-

141 839 275 873 vendum;
299 841 379 869 tertio
399 841 480 875 dicit,
509 842 599 878 ipsum
623 845 780 878 promotum
805 849 865 870 esse
893 843 986 871 corri-

138 887 286 924 9endum;
313 891 429 924 quarto,
457 888 531 925 quod
553 897 607 917 non
629 892 670 917 est
700 888 725 917 ei
753 889 859 917 occulte
890 889 986 918 {letra-

140 932 275 961 handum..

217 980 305 1015 (Vers.
327 982 375 1017 8..)
397 982 487 1011 Primo
502 982 586 1019 ισιῑιιι
608 982 685 1016 dicit,
701 982 808 1011 bouum
830 984 984 1019 praelatum

8 1019 126 1059 1ψωῑιῑοιη,
139 1035 193 1056 non
221 1035 280 1056 esse
307 1029 503 1064 amov,endum
526 1037 575 1058 nec
597 1037 646 1066 per
671 1028 908 1066 fraudulentiam
935 1039 985 1059 nec

8 1058 134 1129 ἷξίἓὲἓξέξα
138 1082 188 1111 per
209 1075 382 1104 violentzQam
405 1076 462 1104 Non
484 1084 533 1113 pei
544 1075 801 1113 fiazululentz'am,·
816 1077 889 1106 unde
910 1085 985 1106 com

7 1111 120 1147 'animum
138 1121 275 1150 minatur:
309 1123 367 1158 Qui
395 1122 472 1160 foclaec
502 1122 634 1160 foueam,
666 1124 770 1152 scilicet
800 1124 923 1161 parando
947 1125 985 1152 la-

8 1163 9 1170 *
138 1175 241 1204 queum
265 1168 336 1197 bono
368 1170 505 1206 praelato,
528 1170 634 1198 inczclet
664 1170 695 1198 z'n
715 1178 798 1203 eam,·
823 1170 984 1199 Psalmus1:

143 1225 158 1239 cc
171 1215 272 1243 Lacum
286 1216 395 1252 aperuit
409 1220 436 1245 et
456 1216 549 1245 effodit
563 1224 643 1251 eum,
665 1221 692 1245 et
707 1217 801 1245 incidit
823 1217 849 1245 in
865 1217 984 1252 foveam,

17 1273 124 1295 ecperpo-
138 1269 221 1298 quam
243 1261 305 1291 fecit
319 1274 346 1291 ».
369 1263 426 1291 Non
448 1266 490 1292 est
517 1264 598 1292 etiam
619 1264 790 1292 amovendus
819 1272 868 1300 per
887 1268 985 1301 poten-

8 1287 103 1339 βψω
138 1308 231 1342 twm;
252 1309 325 1338 unde
356 1311 541 1339 comminatui
572 1310 680 1339 facienti
703 1311 895 1339 contrarium:
928 1312 986 1347 Quz

8 1351 9 1357 ¹
138 1355 262 1393 dissipat
282 1365 389 1394 sepem,
411 1357 437 1385 id
459 1360 500 1386 est
521 1357 624 1386 honum
640 1357 808 1394 praelatum,
830 1358 877 1395 qui
893 1362 985 1386 custo-

137 1402 176 1431 dit
197 1403 321 1432 subditos
339 1404 410 1432 sicut
431 1412 522 1441 sepes;
540 1404 718 1433 Ecclesiastici
735 1405 876 1441 trigesimo
891 1408 983 1434 sexto:

141 1460 156 1474 «
169 1449 218 1478 Ubi
240 1458 294 1478 non
316 1453 358 1479 est
384 1458 478 1487 sepes,
499 1450 647 1487 diripietur
669 1451 803 1487 possessio
818 1463 844 1479 ».
874 1451 985 1480 Morde—

137 1495 177 1524 bz'c
197 1505 261 1525 eum
283 1496 407 1530 coluber,
430 1497 455 1525 id
484 1500 526 1525 est
546 1497 672 1525 diabolus
694 1505 759 1525 cum
786 1497 983 1532 daemonibus,

137 1543 183 1580 qui
205 1546 270 1571 sunt
291 1543 396 1572 colubri
413 1543 584 1578 mordentes;
608 1544 737 1573 Ieremiae
751 1548 860 1573 octavo:
878 1557 891 1570 «
907 1546 982 1579 Ecce,

136 1598 186 1627 ego
204 1590 310 1618 mittam
326 1590 403 1618 vobis
423 1592 565 1627 serpentes
580 1591 725 1627 pessimos,
747 1591 850 1628 quibus
872 1600 925 1621 non
941 1596 983 1622 est

135 1637 295 1671 incantatio,
317 1640 344 1665 et
365 1637 532 1665 mordebunt
553 1645 642 1666 vos».

213 1684 302 1721 (Vers.
316 1685 363 1719 9.).
381 1684 439 1719 Qaz'
453 1683 596 1721 transfert
607 1684 718 1721 lapides
732 1688 783 1713 etc.
801 1685 847 1713 l-lic
862 1686 982 1714 secundo

18 1736 117 1755 necundo.
135 1730 261 1765 ostendit,
269 1731 378 1759 (lurum
392 1734 417 1758 et
428 1731 557 1759 inutilem
571 1731 724 1767 praelatum
736 1740 789 1760 non
802 1740 861 1761 esse
874 1740 983 1769 promo-

18 1783 74 1807 Quoad
86 1783 119 1802 du·
135 1777 267 1811 vendum;
282 1781 309 1806 et
322 1778 507 1806 comminatur
523 1778 749 1814 promoventibus
763 1779 889 1812 [laruam
909 1780 982 1808 unde

40 1812 86 1826 Μ’
133 1824 210 1853 dicit:
234 1825 292 1861 Qui
312 1823 454 1862 transfert
475 1824 603 1862 lapides,
626 1825 653 1854 id
674 1829 732 1859 est,
753 1825 839 1855 duros
853 1829 880 1855 et
895 1827 982 1855 malos

134 1871 168 1900 ad
188 1872 319 1900 maiorem
341 1875 484 1908 promovet
505 1872 681 1909 dignitatem
704 1872 853 1910 afflzjqecar
875 1874 906 1902 in
926 1875 980 1909 eis,

134 1918 161 1947 id
182 1921 223 1947 est
243 1926 292 1955 per
313 1926 372 1951 eos,
394 1919 437 1947 vel
458 1922 573 1956 propter
594 1927 655 1953 eos;
671 1919 885 1949 Proverbiorum
907 1920 981 1957 vige-

134 1965 204 1994 simo
224 1966 339 1994 sext02:
366 1977 379 1990 «
394 1965 470 1994 Sicut
490 1966 543 2002 qui.
561 1966 645 1994 mittit
667 1966 784 2002 lapidem
805 1967 833 1995 in
848 1975 980 1995 acervum

134 2013 281 2046 mercurii,
304 2012 340 2040 ita
370 2012 417 2049 qui
450 2012 547 2041 tribuit
569 2013 706 2049 insipienti
739 2013 873 2042 honorem
889 2025 922 2048 »;
954 2018 981 2043 et

133 2062 209 2096 post:
236 2072 250 2085 «
264 2060 315 2096 Qui
337 2059 422 2088 volvit
443 2059 573 2096 lapidem,
595 2060 629 2088 ad
650 2068 714 2088 eum
729 2065 887 2090 revertetur
901 2073 932 2095 »ς
954 2065 981 2090 et

134 2106 312 2135 Ecclesiastici
333 2106 464 2143 vigesimo
486 2107 617 2143 septimo:
645 2118 658 2132 «
673 2107 724 2143 Qui
747 2108 773 2136 in
788 2108 874 2137 altum
896 2103 980 2137 mittit

132 2153 262 2190 lapidem,
294 2153 372 2182 cadet
393 2161 477 2189 super
508 2156 592 2190 caput
612 2153 713 2182 eius».
746 2154 803 2183 Non
824 2158 866 2183 est
897 2155 979 2184 etiam

18 2205 117 2224 ominati·
132 2200 337 2237 promovendus
350 2208 447 2228 vanus
461 2203 485 2228 et
506 2200 634 2233 inutilis,-
649 2200 709 2229 ideo
726 2200 809 2230 dicit:
833 2202 891 2237 Qui
903 2203 980 2231 scm-

38 2229 80 2248 ¹⁰m'
132 2246 175 2275 dit
195 2246 289 2284 liqna,
310 2247 363 2276 alia
384 2247 542 2276 translatio:
566 2248 624 2283 Qui
643 2247 740 2281 <lolam
761 2248 806 2277 ille
820 2248 909 2283 dolat,
931 2250 979 2286 qui

132 2293 287 2330 supponere
318 2293 378 2321 vult
412 2293 593 2322 aedificationi
626 2294 780 2331 praelatum
816 2295 941 2324 inutilem
958 2296 977 2324 ³.

132 2339 273 2368 Praelatus
299 2340 405 2368 inutilis
432 2340 506 2377 ligno
532 2342 826 2378 comparatur,·quia,
848 2342 920 2370 sicut
948 2342 979 2370 li-

132 2394 216 2423 gnum
246 2386 449 2415 intructuosum
477 2387 592 2416 scissum
625 2387 680 2424 igni
709 2388 847 2422 traditur,
879 2389 918 2417 sic
952 2392 979 2417 et

132 2432 287 2469 praelatum
309 2433 435 2461 Matthaei
458 2434 574 2470 septimo
587 2434 615 2462 4;
642 2446 656 2459 «
670 2434 766 2463 Omnis
786 2435 879 2469 arbor,
907 2443 978 2472 quae

1047 241 1101 261 non
1117 234 1180 262 facit
1202 234 1324 263 fructum
1341 235 1457 271 bonum,
1472 237 1617 266 excidetur
1635 242 1662 267 et
1676 238 1703 267 in
1725 239 1815 276 ignem
1830 240 1892 268 mit-

1048 283 1163 308 tetur».
1187 281 1231 309 llle
1252 281 1455 311 vulnerabitur
1476 283 1513 311 ab
1533 285 1590 318 eis,
1612 285 1678 321 quia
1705 286 1807 314 scilicet
1828 294 1892 315 con-

1047 326 1160 355 scientia
1182 327 1363 363 vulneratur;
1393 329 1572 359 Ecclesiastici
1598 331 1729 368 vigesimo
1757 333 1890 369 septimo:

1051 384 1065 397 «
1080 373 1159 409 Plaga
1181 373 1274 402 dolosa
1295 374 1379 403 dolosi
1401 375 1504 405 dividet
1525 377 1640 406 vulnera
1654 389 1680 406 n.
1703 379 1742 407 De
1766 380 1810 408 his
1831 380 1891 409 vul-

1046 420 1160 448 neribus
1183 420 1265 449 isaiae
1280 422 1384 458 primo:
1411 423 1547 452 «Vulnus
1567 427 1595 452 et
1616 425 1686 453 livor
1706 428 1733 454 et
1748 426 1826 462 plaga
1847 429 1891 455 tu-

1045 474 1123 495 mens
1144 475 1196 495 non
1219 471 1260 496 est
1280 468 1469 506 circumligata
1490 478 1580 507 neque
1602 471 1656 499 sota
1676 473 1737 500 oleo
1751 484 1778 500 n.

1125 514 1213 550 (Vers.
1239 515 1304 549 10.).
1327 515 1360 543 Sl
1379 520 1510 544 retusum
1532 516 1624 553 fuerit
1643 517 1759 555 ferrum
1774 522 1824 547 etc.
1844 519 1891 548 Hic
1909 525 1935 544 oe
1949 526 2011 545 tertio-

1045 560 1188 597 subiungit
1217 562 1309 595 tertio,
1331 569 1394 590 eum
1424 563 1592 599 praelatum,
1613 565 1661 601 qui
1687 564 1780 602 aliquo
1810 566 1890 595 modo

1045 606 1191 635 declinavit
1212 608 1239 636 in
1261 609 1377 642 malum,
1399 617 1459 638 esse
1480 611 1700 647 corrzssqendam,
1722 612 1787 648 quia
1802 615 1891 649 potest

1010 671 1011 674 =
1045 654 1150 688 valere,
1172 655 1299 691 quamvis
1320 658 1445 692 oporteat
1467 657 1585 685 multum
1608 658 1741 687 laborare¹
1769 659 1830 688 Ideo
1850 659 1890 688 di-

1039 700 1095 742 cit:
1119 700 1152 729 Sz'
1171 704 1304 730 ‘retusum
1323 701 1416 739 fuerit
1434 701 1567 740 ferrum,
1590 704 1616 732 id
1630 708 1684 739 est,
1706 713 1821 734 acumen
1843 706 1890 734 bo-

1044 747 1137 776 nitatis
1157 751 1184 776 et
1206 748 1356 785 sapientiae
1371 748 1455 777 fuerit
1476 749 1652 779 immutatum
1667 759 1716 788 per
1738 752 1846 789 culpam
1861 753 1889 782 in

1044 794 1181 831 praelato:
1203 799 1229 823 ec
1250 794 1302 823 ltoe
1322 804 1380 824 non
1402 800 1435 824 ut
1452 797 1554 833 prius,
1576 801 1688 826 acutum
1710 799 1820 835 supple,
1841 799 1890 828 sed

1044 840 1204 870 hebetatum
1224 841 1333 879 fuerit,
1356 850 1405 879 per
1427 843 1553 879 culpam;
1575 844 1664 872 multo
1686 844 1795 879 labore,
1818 846 1890 874 scili-

1043 892 1085 917 cet
1100 889 1295 926 correptionis,
1309 894 1479 924 exacuetur,
1502 890 1527 918 id
1542 893 1596 924 est,
1612 890 1761 925 reducetur
1782 892 1815 920 ad
1834 892 1890 929 pri-

1043 936 1142 964 stinam
1154 936 1359 971 rectitudinem;
1372 937 1585 966 Proverbiorum
1596 938 1728 975 vigesimo
1739 939 1854 976 septimo
1864 940 1889 967 ⁵:

1047 994 1061 1008 (ι
1076 983 1190 1011 Ferrum
1206 983 1281 1012 ferro
1295 984 1415 1018 acuitur,
1430 987 1457 1013 et
1472 985 1554 1013 homo
1569 985 1681 1014 exacuit
1695 985 1792 1014 faciem
1809 986 1889 1015 amici

1042 1030 1085 1058 sui
1100 1042 1126 1057 ».
1151 1030 1182 1058 Et
1204 1038 1252 1067 per
1274 1031 1345 1059 hanc
1367 1031 1574 1060 similitudinem
1600 1032 1785 1069 corporalium
1808 1032 1889 1061 infert

1043 1076 1070 1104 in
1091 1076 1295 1113 spiritualibus:
1313 1078 1347 1105 Et
1364 1081 1430 1115 post
1443 1078 1638 1113 ἱηιίῑι-ςίνίαφη,
1660 1079 1687 1108 id
1705 1082 1746 1108 est
1768 1079 1889 1108 laborem

1042 1123 1206 1158 industriae,
1221 1128 1357 1162 sequetur
1374 1125 1534 1162 sapientia,
1556 1126 1627 1155 sicut
1643 1130 1703 1163 post
1724 1127 1889 1156 acuitionem

1042 1170 1108 1199 ferri
1130 1171 1257 1207 sequitur
1280 1172 1415 1200 rectitudo
1429 1176 1456 1200 et
1478 1172 1615 1202 subtilitas
1635 1174 1701 1202 aciei
1717 1174 1750 1202 ad
1772 1174 1889 1202 inciden-

1042 1217 1124 1251 dum,
1147 1217 1360 1246 Proverbiorum
1389 1219 1495 1247 decimo
1516 1220 1631 1256 quinto:
1659 1232 1671 1245 «
1693 1221 1789 1255 Auris,
1818 1228 1888 1257 quae

1042 1263 1119 1292 audit
1140 1264 1340 1300 increpationes
1362 1265 1446 1299 vitae,
1468 1266 1495 1294 in
1514 1266 1603 1295 medio
1624 1267 1788 1303 sapientium
1815 1274 1888 1295 com-

1042 1310 1197 1338 morabitur
1209 1321 1239 1344 »;
1262 1314 1289 1339 et
1311 1311 1523 1340 Proverbiorum
1539 1313 1671 1341 secundo:
1699 1314 1749 1341 «Si
1765 1313 1888 1350 quaesie-

1043 1356 1081 1385 ris
1102 1364 1162 1385 eam
1185 1358 1262 1394 quasi
1286 1358 1430 1394 pecuniam
1445 1362 1472 1386 et
1492 1359 1563 1387 sicut
1585 1360 1747 1388 thesaurum
1762 1360 1889 1389 effoderis

1042 1404 1129 1437 illam;
1158 1407 1224 1432 tunc
1252 1404 1386 1441 intelliges
1415 1405 1541 1434 timorem
1563 1406 1670 1435 Domini
1699 1410 1726 1435 et
1747 1407 1888 1436 scientiam

1042 1451 1165 1479 invenies
1180 1462 1206 1478 n.

1120 1498 1209 1534 ffers.
1235 1498 1300 1530 11).
1324 1498 1357 1527 Sz'
1376 1498 1509 1527 mordeat
1529 1502 1579 1528 etc.
1603 1500 1649 1528 Hic
1670 1504 1770 1537 quarto
1797 1504 1889 1530 osten·
1906 1505 1933 1524 De
1946 1508 2019 1530 quarto-

1041 1541 1098 1578 dit,
1116 1553 1169 1572 non
1192 1552 1251 1573 esse
1272 1545 1318 1573 tali
1340 1546 1463 1581 praelato
1484 1546 1591 1575 occulte
1613 1546 1841 1582 detrahendum
1862 1552 1888 1577 et

1040 1591 1159 1620 ostendit
1179 1591 1397 1628 magnitudinem
1417 1593 1514 1629 culpae
1534 1593 1712 1623 detractionis
1730 1602 1780 1631 per
1800 1595 1888 1624 simile

1040 1638 1067 1666 in
1090 1638 1289 1675 corporalibus.
1313 1638 1373 1667 {deo
1398 1639 1478 1668 dicit:
1502 1639 1535 1668 Sl
1560 1641 1692 1669 mor-Aeac
1712 1650 1830 1678 serpens
1857 1642 1888 1670 iu
1905 1646 1978 1665 Simile-

1039 1684 1166 1719 silentio,
1188 1685 1262 1722 quod
1283 1689 1325 1714 est
1346 1686 1432 1722 ipsius
1453 1687 1602 1723 serpentis,
1624 1688 1690 1724 quia
1709 1689 1817 1718 occulte
1842 1698 1887 1718 ve-

1040 1739 1143 1760 nenum
1165 1732 1298 1766 infundit;
1317 1731 1399 1761 'm'ltz'l
1417 1742 1448 1761 eo
1476 1734 1575 1762 minus
1597 1733 1681 1763 habet
1700 1735 1753 1773 qui
1780 1736 1887 1771 occulte

1039 1777 1181 1812 detrahit,
1203 1779 1283 1816 quia,
1305 1779 1376 1808 sicut
1397 1780 1465 1808 illud
1486 1783 1527 1808 est
1548 1780 1772 1815 fraudulentum,
1794 1782 1831 1810 ita
1859 1785 1884 1811 et

1039 1825 1103 1859 hoc,
1125 1826 1190 1862 quia
1219 1826 1270 1854 boc
1298 1829 1339 1855 est
1365 1826 1536 1855 maledicere
1562 1828 1672 1861 ειη-(ἕο,-
1701 1829 1809 1857 Levitici
1838 1829 1885 1858 de-

1039 1872 1110 1901 cimo
1125 1881 1197 1901 nono
1208 1873 1235 1901 ⁰:
1262 1884 1275 1897 «
1287 1873 1343 1901 Non
1359 1873 1505 1902 maledices
1519 1874 1617 1909 surde,
1632 1883 1682 1904 nec
1697 1883 1790 1904 coram
1805 1884 1885 1905 caeco

1039 1927 1124 1956 ponas
1144 1919 1341 1948 offendiculum
1357 1932 1383 1948 υ.
1406 1921 1481 1949 Sicut
1501 1924 1543 1949 est
1561 1921 1629 1950 illud
1650 1922 1833 1957 mortiferum,
1848 1923 1885 1951 ita

1038 1969 1065 1995 et
1087 1967 1153 2000 lioc;
1175 1966 1209 1994 ad
1230 1966 1338 1995 Galatas
1359 1967 1471 2004 quinto.-
1498 1979 1511 1992 «
1527 1968 1552 1996 Si
1575 1968 1691 1997 invicem
1713 1969 1845 1998 mordetis
1858 1974 1885 1998 et

1038 2013 1192 2047 comeditis,
1207 2013 1309 2047 videte,
1329 2022 1363 2042 ne
1380 2014 1415 2042 ab
1431 2014 1546 2043 invicem
1562 2015 1761 2044 consumamini
1773 2027 1805 2050 »;
1822 2017 1885 2045 Pross

1038 2060 1198 2089 verbiorum
1219 2060 1351 2097 vigesimo
1373 2064 1465 2089 sexto:
1485 2072 1498 2086 «
1511 2061 1601 2089 Verba
1623 2063 1783 2092 susurronis
1803 2063 1883 2100 quasi

1037 2107 1185 2144 simplicia,
1206 2110 1233 2135 et
1255 2107 1313 2144 ipsa
1327 2108 1493 2144 perveniunt
1508 2116 1597 2145 usque
1617 2109 1650 2137 ad
1666 2109 1798 2138 interiora
1819 2117 1885 2138 ven-

1037 2153 1088 2182 tris
1102 2165 1129 2181 ».
1152 2154 1228 2182 Sicut
1241 2157 1268 2182 et
1289 2154 1353 2182 olim
1370 2154 1559 2183 liberabantur
1581 2155 1736 2191 aspiciendo
1757 2156 1785 2184 in
1806 2155 1884 2184 Cbri—

1037 2203 1120 2234 stum,
1130 2200 1283 2229 secundum
1294 2201 1368 2238 quod
1378 2201 1480 2229 dicitur
1493 2202 1645 2238 Sapientiae
1656 2202 1761 2231 decimo
1772 2206 1852 2231 sexto
1860 2203 1883 2231 ⁷:

1041 2258 1054 2272 «
1070 2247 1122 2284 Qui
1147 2255 1299 2276 conversus
1326 2250 1400 2282 erat,
1422 2256 1476 2276 non
1506 2256 1554 2285 per
1583 2249 1634 2277 hoc
1662 2249 1736 2286 quod
1762 2250 1883 2283 videbat,

1036 2295 1202 2329 sanabatur,
1227 2295 1274 2323 sed
1300 2303 1349 2332 per
1378 2298 1403 2324 te
1432 2296 1596 2330 Dominum,
1617 2297 1741 2325 omnium
1764 2297 1884 2326 Salvato-

1036 2349 1095 2370 rem
1110 2353 1140 2375 »;
1163 2342 1200 2370 ita
1227 2345 1255 2371 et
1276 2350 1357 2371 nunc.
1380 2342 1455 2371 Unde
1484 2344 1541 2379 ipse
1561 2343 1684 2378 dicebat,
1711 2344 1817 2373 loannis
1837 2344 1883 2372 de-

1035 2389 1107 2417 cimo
1128 2389 1240 2426 quinto:
1266 2401 1279 2414 «
1295 2390 1320 2417 Si
1343 2397 1498 2418 sermonem
1520 2398 1621 2418 meum.
1638 2394 1836 2425 servaverunt,
1857 2395 1884 2419 et

1035 2439 1159 2464 vestrum
1182 2436 1374 2465 servabunt».

195 2635 202 2648 ²
221 2637 302 2659 Psalm.
320 2637 347 2664 7,
366 2638 401 2659 16.
420 2651 448 2653 -
468 2639 600 2667 Sequuntur
617 2640 684 2662 Eccli.
701 2641 743 2669 36,
761 2641 797 2663 27.
815 2644 837 2663 et
848 2642 889 2664 ler.
902 2642 928 2669 8,
943 2641 978 2664 l7.

194 2673 202 2686 ²
221 2675 287 2698 Vers.
304 2676 326 2698 8.
344 2675 401 2699 lbid.
417 2683 440 2699 v.
459 2677 495 2700 27.
513 2680 547 2700 est
564 2684 613 2707 seq.
625 2679 701 2706 locus,
714 2680 792 2702 tertius
806 2680 874 2703 Eccli.
885 2680 927 2708 27,
940 2681 977 2703 28.

193 2712 203 2726 ⁸
221 2714 296 2737 Verba
314 2715 450 2744 praelatum
467 2716 586 2744 mutilem,
604 2718 689 2740 omissa
707 2719 729 2740 in
749 2719 800 2741 Vat.
822 2722 845 2741 et
862 2720 978 2748 plerisque

14 2764 15 2776 l
131 2752 197 2775 codd.
218 2753 250 2780 (ut
262 2754 366 2781 videtur,
379 2757 473 2782 propter
484 2755 644 2783 repetitionem
660 2758 804 2786 sequentem)
817 2758 978 2786 supplevimus

13 2782 15 2838 γ’
130 2796 157 2813 ex
174 2791 190 2813 E
208 2791 239 2820 (in
257 2793 354 2821 marg.);
371 2792 388 2815 C
411 2796 463 2821 post
479 2800 612 2823 supponere
629 2794 698 2817 habet
716 2795 855 2825 praelatum
877 2796 977 2819 malum.

130 2841 161 2846 —
177 2829 247 2852 Cuius
259 2831 287 2852 sit
298 2830 347 2853 alia
359 2831 499 2855 translatio:
514 2832 560 2860 Qui
570 2832 647 2861 dolat,
665 2835 734 2861 paulo
749 2835 857 2862 superius
873 2835 976 2863 allegam,

14 2857 15 2880 l
130 2869 259 2898 nescimiis;
282 2876 358 2899 neque
383 2870 494 2898 Origenes
515 2878 591 2900 neque
608 2873 700 2895 Hieron.
716 2879 769 2895 eam
785 2873 901 2896 exhibent.

14 2905 15 2918 ¹
192 2906 202 2920 ‘²
220 2908 285 2931 Vers.
304 2909 341 2931 19.
358 2922 388 2926 -
406 2910 537 2939 Sequuntur
554 2911 620 2933 Eccli.
643 2911 686 2939 27,
711 2913 749 2935 28.
774 2915 796 2935 et
821 2913 870 2935 lsai.
897 2914 922 2941 l,
950 2914 977 2936 6:

133 2946 248 2970 Vulnus...
260 2948 425 2978 circumliyuta
438 2956 480 2972 uec
491 2952 577 2973 curata
594 2950 748 2975 medicamine
766 2958 838 2981 neque
851 2952 902 2982 sota
918 2951 977 2975 oleo.

1098 2640 1108 2653 ⁶
1126 2642 1191 2664 Vers.
1211 2642 1247 2664 17.
1265 2654 1295 2658 --
1312 2642 1445 2669 Sequuntur
1462 2642 1528 2664 Prov.
1548 2641 1589 2669 15,
1607 2642 1644 2664 3¹.
1657 2644 1679 2663 et
1696 2643 1721 2668 2,
1736 2650 1756 2664 4.
1769 2648 1817 2670 seq.
1829 2642 1881 2663 Post

1034 2680 1157 2704 scientiam
1175 2681 1273 2708 Vulgata
1290 2680 1355 2703 addit
1372 2680 1421 2703 Dei.

1097 2718 1107 2731 ὃ
1124 2720 1190 2742 Vers.
1209 2719 1245 2741 Μ.
1262 2731 1293 2736 -
1312 2719 1442 2748 Sequuntur
1459 2719 1507 2741 Gal.
1524 2720 1549 2748 5,
1569 2720 1610 2746 l5;
1628 2720 1695 2741 Prov.
1715 2720 1757 2746 26,
1781 2720 1822 2746 22,
1841 2718 1878 2740 ubi

1034 2765 1077 2787 pro
1094 2765 1169 2789 usque
1185 2758 1217 2781 ml
1233 2758 1348 2781 interiora
1373 2759 1471 2787 Vulgata
1488 2758 1520 2781 ad
1536 2759 1627 2782 iulz'ma.
1646 2771 1675 2774 —
1692 2758 1803 2786 Superius
1819 2764 1846 2780 ex
1863 2759 1879 2780 E

1034 2797 1195 2820 substituimus
1211 2797 1392 2827 fraudulentum
1410 2804 1452 2825 pro
1468 2796 1642 2827 fraudulenter.

1097 2835 1104 2848 ⁷
1124 2837 1190 2859 Vei-s.
1209 2837 1232 2859 7.
1257 2837 1355 2864 Vulgata
1381 2842 1508 2859 eonem-sus
1533 2837 1566 2858 est
1591 2842 1633 2864 pro
1658 2840 1787 2858 conversus
1811 2836 1878 2862 erat,

1034 2875 1119 2898 deinde
1135 2875 1219 2897 omittit
1236 2875 1371 2897 Dominum.
1390 2887 1418 2890 —
1437 2875 1544 2903 Sequitur
1567 2875 1626 2896 loan.
1646 2875 1687 2901 15,
1704 2875 1741 2896 20.
1759 2886 1788 2889 —-
1806 2875 1877 2900 Supe-

1034 2915 1083 2936 rius
1100 2917 1152 2942 post
1168 2913 1236 2937 Sicut
1253 2914 1304 2936 Vat.
1321 2917 1428 2941 corrupte
1445 2914 1513 2936 etiam
1538 2913 1670 2936 liberantur
1694 2912 1828 2942 aspiciendo
1854 2912 1876 2934 in

1035 2959 1121 2982 ipsum.
