2296 3316
357 204 425 233 xxti
1064 203 1306 232 PROLECOMEM
1328 203 1356 231 C.
1380 203 1408 231 11.

357 283 399 310 tis,
411 283 464 305 cod.
476 283 500 305 Β.
513 283 551 305 1Χ.
569 283 611 310 32;
624 286 657 305 est
675 282 774 305 membr.
786 283 809 305 in
821 283 858 305 sol.
870 283 959 305 minore
976 288 1037 305 saec.
1053 283 1109 305 Xlll.
1129 282 1209 310 lucipit

357 330 394 352 sol.
413 331 449 352 2¹.
468 336 487 352 r.
504 330 547 352 col.
565 330 587 352 2.
605 332 629 352 ut
642 329 663 352 in
676 329 752 352 editis.
764 341 794 346 —
806 329 868 352 Alter
879 335 936 351 vero
948 329 1001 352 cod.
1018 329 1037 357 Q
1054 328 1152 351 habetur
1166 329 1209 352 Tu-

355 376 429 404 εἰσι-(ἰ,
442 376 580 399 bibliotheca
598 378 621 399 S.
639 377 768 404 Fortunati,
786 377 846 405 sign.
858 377 910 400 cod.
924 377 976 400 482.
989 377 1089 400 membr.
1106 377 1129 399 in
1148 378 1174 405 8,
1186 377 1209 400 in

355 430 402 452 quo
414 424 483 446 etiam
495 424 538 446 alia
551 430 621 452 opera
635 424 656 446 S.
669 424 858 451 Bouaventurae,
870 424 900 446 de
911 423 997 453 quibus
1009 423 1088 452 egimu
1101 426 1169 446 stom.
1182 424 1210 447 V.

355 471 519 498 prolegomena
537 477 593 499 pag.
613 471 706 493 XXYlll
723 478 744 494 n.
763 471 800 493 45.
817 475 838 494 et
856 477 909 499 pag.
928 471 989 493 XLV
1015 477 1038 494 n.
1058 471 1079 493 4.
1097 471 1209 498 Prologus

355 517 388 540 ibi
404 517 551 540 inscribitur:
568 518 653 541 Set-1710
671 518 698 541 de
715 525 734 542 s.
752 519 841 542 Ioanne
857 517 1020 548 eraiiyelista:
1038 518 1109 546 Ecce,
1127 516 1209 540 intelli-

354 565 392 593 ⁴alet
407 570 491 588 serras
516 571 584 588 mens
608 569 659 593 etc„
677 568 699 588 et
717 566 800 588 desinit
816 565 910 588 verbis:
930 564 1039 595 peditare
1055 563 1137 587 debent
1154 570 1209 587 cum

354 611 431 641 [tynis.
449 612 491 635 llic
509 615 599 640 tamen,
624 613 724 641 exceptis
749 613 865 635 nonnullis
891 612 1028 635 lectionibus
1052 611 1208 639 variantibus,

355 659 385 682 ita
402 661 503 688 perfecte
520 666 574 682 cum
591 660 654 683 edito
671 661 770 689 prologo
787 661 909 687 convenit,
926 663 951 683 ut
968 667 1014 683 non
1032 667 1059 682 ex
1073 666 1113 683 ore
1131 660 1209 682 dicen-

355 707 384 730 tis
400 710 522 736 exceptus,
539 708 581 730 sed
597 714 625 730 ex
642 708 747 736 originali
767 708 918 736 transcriptus
934 714 985 730 esse
1002 708 1118 730 videatur.

418 756 479 777 Bene
496 755 525 778 de
543 756 567 778 S.
586 756 747 778 lionaventura
765 756 905 784 promeritus
923 758 957 778 est
974 756 998 778 Ρ.
1015 755 1101 777 Bened.
1114 755 1208 782 Bonelli,

353 803 393 832 qui
410 803 501 831 primus
517 803 646 831 legitimum
665 804 770 826 eiusdem
788 803 987 826 Commentarium
1006 803 1029 826 in
1046 804 1153 826 loannem
1171 803 1209 825 de-

355 850 421 879 texit,
437 851 525 873 auctori
543 857 586 873 suo
603 851 682 873 multis
698 850 827 873 rationibus
850 850 977 873 vindicavit
994 850 1084 879 (Prodr.
1102 850 1144 872 col.
1162 849 1203 872 641

354 897 429 926 seqq.)
447 897 630 926 relationemque
647 897 759 924 ostendit,
776 904 837 926 quae
855 897 913 920 inter
926 898 986 919 hunc.
998 900 1021 919 et
1032 897 1128 919 Gorrani
1149 903 1209 924 opus

354 945 482 967 intercedit.
499 945 586 967 Bonelli
603 951 649 967 non
666 945 778 972 cognovit
790 945 885 973 genuini
897 945 975 972 operis
986 944 1080 967 codices
1097 944 1141 966 nisi
1155 947 1208 966 treS.

354 992 445 1015 Primus
462 992 503 1015 suit
519 993 638 1014 Romanus
656 991 808 1014 bibliothecae
820 992 944 1019 Angelicae
956 991 1050 1014 Eremit.
1065 992 1088 1014 S.
1103 992 1209 1019 August„

353 1040 423 1063 valde
439 1040 560 1069 antiquus,
578 1040 600 1062 in
618 1040 683 1062 cuius
696 1040 741 1061 line
753 1040 827 1068 prima
846 1046 917 1062 manu
934 1039 1047 1067 scriptum
1066 1041 1126 1061 erat:
1147 1047 1158 1058 n
1169 1039 1210 1061 Ex-

353 1087 416 1115 plicit
434 1087 523 1109 Postilla
549 1087 637 1114 optima
663 1092 734 1114 super
759 1087 867 1108 loannem
893 1086 954 1108 edita
980 1093 993 1108 a
1012 1085 1110 1108 Domino
1131 1085 1209 1107 Fratre

353 1134 516 1156 Bonaventura
543 1133 654 1155 cardinali
672 1133 700 1155 ad
724 1139 792 1155 usum
810 1133 916 1155 Fratrum
934 1133 1048 1155 Minorem
1075 1132 1110 1154 ll(
1127 1140 1138 1151 r>
1159 1132 1210 1160 (cfr.

353 1182 435 1204 Prodr.
452 1182 494 1203 col,
514 1181 557 1203 457
577 1187 600 1203 n.
618 1181 674 1210 39.).
691 1181 799 1203 Secundo
816 1181 867 1203 loco
885 1180 921 1202 ille
938 1180 989 1203 citat
1003 1180 1108 1203 codicem
1122 1179 1210 1201 Tuder-

353 1224 426 1251 tinum
451 1235 606 1256 anonymum,
624 1229 737 1254 cundem,
755 1234 826 1257 quem
845 1234 887 1250 nos
913 1231 1020 1251 accurate
1038 1233 1091 1250 cum
1109 1227 1210 1250 editione

353 1276 493 1298 contulimus
511 1276 574 1304 (vide
600 1276 655 1297 infra
673 1282 697 1298 ιι.
718 1275 770 1304 14.).
789 1276 880 1298 Tertius
898 1276 935 1298 illo
954 1278 1059 1303 tempore
1077 1275 1117 1297 snit
1135 1275 1157 1297 in
1177 1274 1209 1297 bi-

353 1322 467 1345 bliotheca
491 1323 620 1345 Monasterii
645 1322 820 1345 lleilbronncnsi
847 1323 868 1344 in
895 1322 1034 1348 From-onia,
1059 1322 1100 1350 qui
1122 1327 1208 1344 nomen

353 1371 377 1393 S.
394 1371 569 1393 Bonaventurae
586 1370 722 1398 inscriptum
741 1369 821 1392 habuit
839 1370 890 1398 (cfr.
908 1370 987 1392 l'rodr.
1005 1370 1048 1392 col.
1067 1369 1130 1397 424).

419 1418 462 1440 Pro
485 1417 576 1440 edendo
601 1418 645 1439 hoc
670 1417 842 1440 Commentario
867 1417 954 1439 Bouelli
979 1422 1026 1438 nou
1045 1422 1100 1438 usus
1117 1418 1151 1437 est
1167 1415 1210 1438 nisi

352 1465 433 1487 codice
451 1465 568 1492 Romano,
587 1465 672 1493 passim
691 1464 806 1487 adhibens
823 1465 947 1487 editionem
966 1463 1127 1486 Coloniensem
1145 1463 1211 1486 Com-

353 1513 461 1535 mentarii
479 1519 491 1534 a
517 1513 623 1535 Gorrano
648 1512 782 1541 compositi3
808 1513 903 1540 insuper
921 1512 1034 1540 plurimas
1056 1511 1211 1539 copiosasque

353 1563 421 1582 notas
437 1560 468 1582 ad
486 1560 573 1582 calcem
591 1560 712 1588 apposuit,
730 1559 817 1588 quibus
828 1559 897 1581 etiam
915 1566 959 1581 nos
975 1565 1046 1587 saepe
1064 1559 1099 1581 usi
1121 1565 1210 1581 sumus.

419 1607 568 1635 Superssnum
587 1606 654 1629 nobis
680 1606 757 1629 visum
783 1610 818 1628 est
842 1612 924 1628 omncs
949 1608 1055 1633 repetere
1080 1605 1180 1628 rationes
1198 1611 1210 1627 a

354 1655 379 1678 P.
395 1655 480 1678 Bonelli
498 1655 521 1677 in
539 1655 667 1678 Prodi-omo
680 1658 699 1676 ct
714 1655 735 1677 in
755 1655 768 1676 l.
782 1657 844 1677 tomo
862 1654 1025 1682 Supplementi
1043 1660 1086 1682 pro
1105 1654 1126 1676 S.
1141 1654 1211 1676 Bona·

354 1705 451 1725 ventura
469 1705 564 1725 auctore
581 1703 671 1729 allatas,
691 1708 743 1724 cum
766 1702 808 1724 alia
836 1701 965 1724 testimonia
985 1701 1014 1723 illi
1031 1701 1115 1724 editori
1133 1701 1210 1729 ignota

354 1750 422 1773 nobis
440 1757 485 1772 non
504 1750 592 1777 desint,
610 1756 671 1778 quae
689 1754 758 1771 omne
776 1749 874 1771 dubium
893 1749 1014 1777 dissipant.

417 1797 473 1819 Fide
490 1797 553 1819 enim
571 1797 679 1819 codicum
697 1796 889 1825 constatprimo,
902 1795 1102 1819 Commentarium
1114 1795 1211 1818 Gorrani

354 1850 405 1866 esse
423 1850 483 1872 opus
500 1844 634 1866 distinctum
653 1849 665 1865 a
683 1843 896 1871 Bonarentnriano,
915 1844 979 1872 quod
996 1847 1031 1866 est
1048 1843 1156 1872 brevius,
1174 1850 1212 1865 an-

355 1891 442 1920 tiquius
459 1894 482 1914 et
498 1892 545 1913 tere
564 1891 652 1919 integre
670 1891 693 1912 in
710 1891 807 1913 alterum
826 1894 955 1919 receptum.
980 1892 1040 1913 Inter
1064 1891 1092 1913 49
1119 1892 1212 1914 codices

355 1945 368 1961 a
385 1938 453 1961 nobis
469 1941 560 1961 notatos
577 1941 631 1961 sunt
648 1939 690 1966 ⁴26,
709 1939 749 1967 qui
767 1939 872 1967 explicite
890 1938 976 1961 liabent
993 1945 1078 1961 nomen
1102 1939 1211 1968 Gorrani,

354 1986 441 2015 quibus
458 1986 560 2008 addendi
572 1986 681 2009 ridentur
693 1986 795 2009 nonnulli
807 1986 845 2008 alii
857 1986 977 2013 anonymi.
992 1986 1122 2008 Verisimile
1135 1989 1211 2009 tamen

355 2035 402 2060 est,
419 2038 465 2054 non
482 2038 564 2055 omnes
581 2033 636 2055 istos
653 2032 763 2055 exhibere
781 2033 897 2060 integrum
921 2032 976 2054 illud
995 2038 1063 2060 opus.
1081 2031 1212 2054 Observan-

355 2079 413 2102 dum
431 2082 476 2108 est,
495 2079 560 2108 quod
577 2080 607 2102 illi
625 2080 654 2102 26
673 2080 765 2102 codices
788 2080 937 2101 inveniuntur
955 2079 975 2101 in
994 2078 1140 2102 bibliothecis
1157 2080 1212 2102 Ger-

356 2127 446 2149 maniae
464 2129 486 2149 et
503 2127 620 2154 Austriae,
638 2130 660 2149 ct
677 2127 696 2149 si
714 2127 753 2156 qui
769 2127 837 2155 pauci
856 2127 878 2149 in
896 2127 967 2149 Gallia
980 2127 1141 2155 inveniuntur,
1159 2129 1212 2149 sunt

356 2173 476 2201 anonymi.
492 2186 522 2189 —
549 2173 677 2201 Legitimus
702 2174 878 2195 Bonaveuturae
903 2172 1089 2195 Commentarius
1115 2172 1212 2195 habetur

357 2223 420 2242 certo
437 2220 459 2242 in
478 2220 507 2243 ⁴3
533 2220 654 2243 codicibus
680 2221 777 2249 nostris,
795 2226 896 2249 quorum
914 2226 1000 2243 novem
1018 2223 1072 2243 sunt
1093 2220 1211 2248 anonymi.

357 2268 462 2290 Fortasse
479 2268 547 2290 etiam
565 2269 670 2291 nonnulli
689 2268 725 2290 alii
743 2268 852 2296 anonymi
879 2268 956 2296 potius
978 2267 1065 2290 liabent
1087 2268 1212 2291 Commen-

357 2315 441 2338 tarium
458 2316 635 2338 bonaventurae
652 2316 722 2343 paulo
740 2319 854 2338 mutatum
873 2322 944 2344 quam
963 2316 1070 2338 Gon-rani.

421 2362 530 2386 Secundo
548 2366 649 2391 constat,
666 2363 845 2386 Bonax‘enturae
857 2362 1009 2385 tribuendum
1022 2369 1073 2385 esse
1084 2363 1149 2385 illum
1162 2369 1213 2391 pro·

357 2410 437 2437 logum
455 2416 467 2432 a
485 2410 589 2432 Gorrano
606 2410 695 2438 integre
712 2413 845 2438 receptum:
865 2410 924 2433 Ecce
941 2409 1054 2439 intelliyet
1071 2412 1124 2438 etc.,
1141 2416 1212 2438 quem

356 2456 394 2478 ille
419 2456 524 2479 recitaxit
543 2457 588 2479 «in
613 2457 698 2479 scholis
723 2457 828 2484 Parisiis,
850 2457 945 2486 quando
968 2457 1054 2485 incepit
1070 2457 1177 2479 loannem
1191 2466 1212 2479 n.

358 2503 406 2526 Iloc
423 2502 483 2525 bene
500 2504 652 2526 contii-matur
669 2504 748 2527 verbis
765 2504 930 2527 Commentarii
953 2510 982 2532 tc.
1000 2505 1021 2526 2.
1040 2511 1062 2526 ιι.
1080 2504 1124 2534 6.):
1145 2513 1156 2525 ε
1168 2504 1213 2527 Me-

358 2551 419 2573 treta
436 2551 520 2573 dicitur
537 2558 549 2573 a
568 2553 673 2579 metron,
691 2552 755 2581 quod
767 2555 802 2574 est
814 2557 936 2580 mensura,
953 2555 976 2574 et
987 2555 1085 2574 vocatur
1102 2551 1140 2574 liic
1152 2557 1214 2574 men-

357 2604 411 2619 sura
429 2599 562 2621 communis
579 2602 601 2621 ct
618 2599 714 2627 usitata,
731 2599 791 2622 sicut
808 2598 918 2622 Parisius
935 2598 1072 2622 sextarium
1089 2598 1139 2622 vini
1156 2598 1213 2622 dici-

359 2651 413 2668 mus
425 2653 451 2667 n.
465 2645 523 2668 Cum
541 2649 618 2668 autem
645 2645 670 2668 in
686 2645 774 2669 scholis
793 2646 874 2669 tradita
892 2646 920 2669 sit
937 2648 994 2669 haec
1011 2646 1114 2673 Postilla,
1133 2646 1213 2669 verisi-

359 2691 412 2713 mile
429 2695 475 2720 est,
493 2698 544 2714 eam
562 2693 645 2715 factam
671 2699 722 2716 esse
739 2697 792 2716 ante
817 2700 854 2715 an.
876 2694 946 2722 1257;
963 2696 986 2716 et
1002 2696 1065 2716 certo
1091 2696 1144 2716 ante
1160 2700 1213 2716 eam

359 2744 420 2767 quae
437 2741 471 2761 est
489 2739 510 2761 in
528 2740 681 2767 Evangelium
698 2740 783 2763 Lucae.

423 2785 518 2808 Criteria
536 2786 637 2813 interna,
663 2787 746 2809 diffuse
771 2794 783 2809 a
810 2788 834 2810 P.
859 2788 946 2810 Bonclli
964 2788 986 2810 in
1003 2788 1133 2811 Prodromo
1150 2790 1173 2810 et
1190 2788 1213 2810 in

359 2833 420 2855 nous
436 2834 548 2861 exposita,
565 2840 662 2862 prorsus
678 2835 816 2857 confirmant
832 2835 963 2857 testimonia
981 2838 1088 2864 externa3
1105 2836 1170 2865 quod
1182 2837 1212 2858 sa·

360 2879 402 2901 cile
419 2879 528 2908 intelliget
547 2880 589 2909 qui
614 2883 720 2903 versatus
737 2884 771 2904 est
791 2882 814 2903 in
837 2882 945 2909 genuinis
966 2882 1143 2904 Bonaventurae
1159 2889 1214 2911 ope-

360 2925 432 2948 ribus.

424 2974 519 3001 Propter
537 2974 640 2997 intimam
658 2975 806 3003 relationem,
823 2982 894 3004 quam
921 2983 974 2999 cum
996 2979 1075 2999 nostro
1092 2976 1214 2999 Commen-

362 3021 418 3044 tario
437 3021 506 3044 habet
523 3028 584 3050 opus
601 3022 710 3051 Gorrani,
728 3023 749 3045 in
767 3023 861 3046 elencho
878 3024 986 3047 codicum
1003 3025 1137 3052 promiscue
1154 3024 1215 3047 codi-

1266 288 1304 305 ces
1321 281 1443 310 utriusque
1460 282 1600 309 allegamus,
1617 282 1669 304 ticet
1685 278 1842 310 distinguendi
1854 282 1900 305 sint
1911 282 2032 312 utriusque
2045 285 2121 305 aucto-

1266 330 1297 352 ris
1322 329 1497 352 Commentarii.
1520 329 1566 352 Nec
1583 329 1769 368 dissentimusga
1795 330 1892 358 Bonelti,
1910 330 1949 359 qui
1969 330 2058 356 (prodr.
2075 330 2119 353 col.

1267 376 1321 405 648)
1339 383 1406 400 suam
1424 376 1605 405 disputationem
1623 376 1658 399 liis
1683 376 1762 399 verbis
1779 377 1907 400 concludit:
1929 386 1939 398 ι
1952 377 2010 400 Nihil
2035 377 2058 399 in
2083 383 2117 400 re-

1266 423 1335 452 liquis
1353 423 1482 446 detractum
1501 423 1561 453 [esse
1577 423 1640 453 volo]
1659 423 1786 446 clarissimo
1806 424 1902 447 Gorrani
1919 424 2021 453 nomini,
2039 426 2119 452 utpote

1267 470 1386 498 scriptoris
1403 470 1505 499 egregii,
1522 477 1594 500 quem
1611 477 1654 493 nos
1672 477 1767 500 quoque
1785 471 1863 499 magui
1881 471 2010 494 facimus».

1686 566 1702 588 1.

1298 657 1390 682 Codices
1407 657 1570 682 Commentarii
1586 658 1611 681 in
1628 658 1781 688 Evangelium
1799 659 1821 682 S.
1840 659 1932 683 loannis
1948 666 1999 683 oum
2015 659 2084 683 textu

1397 712 1411 728 a.
1427 705 1453 729 P.
1470 705 1590 729 Benedicta
1606 705 1694 729 Bonelli
1711 705 1772 729 odito
1789 713 1802 729 a
1819 705 1884 730 nobis
1900 705 1989 730 eonati.

1331 800 1352 822 4.
1371 799 1511 828 Οιάεουίιιε,
1524 799 1663 823 bibliotheca
1680 800 1851 828 Univemitatis,
1863 801 1915 824 cod.
1928 801 1996 824 4393,
2008 801 2054 824 ΑΑ.
2067 801 2121 824 Vlll.

1268 847 1305 869 12.
1322 846 1421 870 membr.
1438 847 1462 869 in
1485 847 1537 869 solio
1559 853 1619 870 saec.
1643 848 1700 871 xltl.
1719 848 1801 876 incipit
1818 854 1872 876 pag.
1890 849 1903 870 2
1921 849 1964 871 col.
1983 849 2004 877 l,
2021 848 2060 871 cui
2077 848 2121 871 alia

1267 901 1350 917 manus
1367 901 1428 917 saec.
1446 895 1507 918 xlv.
1524 895 1658 923 praemisit:
1677 895 1776 919 Postilla
1795 902 1868 925 snper
1880 895 2031 926 evanqelium
2045 895 2125 920 sancti

1267 941 1388 965 Iohwnnis.
1405 942 1463 965 Hinc
1480 943 1590 965 inferius:
1607 943 1678 972 Ecce,
1699 942 1812 973 intelliyel
1828 949 1913 967 sert-us
1930 949 1998 967 meus
2014 945 2038 967 et
2052 942 2122 967 exal-

1266 988 1356 1012 tabitur
1373 990 1396 1012 ει
1411 989 1541 1012 elevabitur
1558 991 1579 1013 el
1596 989 1642 1013 erit
1657 989 1767 1013 sublimis
1779 989 1855 1013 valde.
1869 990 1931 1018 Ouia
1948 990 2121 1014 commendatio

1266 1036 1373 1059 auctoris
1393 1036 1514 1060 redundat
1535 1036 1560 1060 in
1583 1043 1642 1067 opus
1659 1040 1702 1059 etc.
1721 1037 1807 1060 Desinit
1828 1043 1882 1066 pag.
1903 1037 1946 1060 Ι157
1964 1038 2008 1060 col.
2025 1038 2052 1060 1l:
2068 1038 2122 1067 Ipso

1267 1082 1406 1112 mliiicante,
1428 1083 1470 1114 (sni
1491 1084 1547 1107 cit-il
1563 1086 1585 1107 et
1608 1086 1696 1114 reqnstt
1720 1084 1743 1107 in
1769 1084 1851 1108 secula
1875 1084 2022 1108 seculorum.
2039 1084 2122 1108 Amen.

1267 1130 1332 1155 Litus
1345 1131 1387 1155 libi
1397 1133 1430 1155 est
1442 1132 1496 1160 Xle‚
1509 1132 1625 1162 quoniam
1638 1131 1707 1155 labor
1718 1132 1816 1162 explicit
1827 1132 1876 1156 iste.
1885 1145 1916 1150 -
1926 1133 2034 1161 Signatur
2043 1133 2083 1155 litt.
2095 1133 2122 1155 H.

1332 1179 1369 1201 Est
1385 1185 1533 1207 anonymus;
1551 1180 1592 1202 sed
1614 1180 1734 1207 convenit,
1752 1180 1833 1208 paucis
1859 1180 1961 1208 propriis
1985 1179 2123 1203 lectionibus

1268 1226 1381 1253 exceptis,
1399 1232 1453 1248 cum
1471 1226 1539 1249 codd.
1558 1226 1614 1249 bibl.
1633 1226 1777 1249 Florentinae
1794 1229 1816 1249 et
1834 1227 1984 1250 Monacensis.

1332 1274 1354 1295 2.
1371 1272 1496 1302 Erlanoen
1509 1273 1530 1295 in
1544 1274 1654 1301 Bavaria,
1667 1273 1807 1296 bibliotheca
1819 1274 1991 1302 Universitatis,
2002 1274 2056 1297 cod.
2069 1274 2122 1297 373.

1268 1320 1369 1343 membr.
1387 1321 1407 1342 iu
1432 1321 1470 1343 sol.
1489 1326 1563 1349 parvo
1586 1327 1646 1343 saec.
1665 1321 1724 1343 XlV.
1743 1321 1850 1344 ineuntis.
1871 1322 1893 1344 ln
1910 1322 2012 1344 chartula
2035 1321 2123 1345 adnexa

1269 1368 1298 1390 ad
1316 1368 1401 1391 calcem
1420 1368 1466 1390 solii
1483 1368 1593 1397 secundi,
1608 1371 1699 1391 exarata
1717 1375 1729 1390 a
1748 1375 1817 1391 manu
1835 1375 1895 1392 saec.
1908 1369 1960 1397 XV,
1971 1371 2063 1397 praeter
2079 1369 2123 1392 alia

1269 1416 1368 1444 legitur:
1385 1416 1444 1438 Item
1461 1415 1557 1439 Postille
1575 1416 1742 1439 Bonaventm·e
1758 1422 1831 1445 snper
1848 1417 1971 1439 Ioannem.
1988 1417 2075 1439 Eodem
2094 1417 2125 1439 [ο-

1268 1463 1298 1486 lio
1316 1463 1395 1491 incipit
1411 1462 1597 1486 Commentarius
1614 1465 1636 1485 et
1653 1463 1803 1492 prosequitur
1820 1466 1845 1486 ut
1863 1464 1884 1486 in
1901 1464 1972 1487 edito.
1985 1464 2037 1487 Post
2052 1470 2124 1487 amen

1269 1510 1358 1533 addidit
1375 1510 1465 1538 primus
1482 1511 1596 1538 scriptor:
1615 1511 1679 1533 Laus
1697 1509 1739 1533 tibi
1754 1510 1786 1534 sit
1801 1511 1859 1538 Χία,
1877 1510 1992 1541 quoniam
2009 1510 2068 1534 liber
2084 1517 2124 1534 [1:15-

1265 1557 1335 1587 plicit
1351 1557 1400 1580 iste.
1416 1570 1448 1574 —
1466 1557 1530 1585 Sign.
1548 1557 1590 1580 litt.
1607 1558 1634 1580 G.

1332 1606 1365 1628 De
1382 1606 1426 1627 hoc
1443 1605 1497 1627 cod.
1513 1605 1576 1627 idem
1594 1605 1655 1627 valet
1672 1604 1796 1633 iudicium,
1814 1605 1877 1634 quod
1896 1605 1925 1628 de
1943 1605 2104 1634 praecedente.

1333 1653 1353 1675 3.
1372 1651 1519 1679 Florentiae,
1537 1651 1676 1675 bibliotheca
1700 1652 1979 1682 Mediceo-Laurentiana,
1997 1653 2050 1676 cod.
2068 1653 2124 1676 olim

1269 1703 1361 1723 sanctae
1379 1700 1463 1722 Mariae
1480 1700 1587 1722 Novellae
1604 1699 1658 1727 848,
1683 1699 1755 1722 modo
1772 1706 1829 1722 vero
1847 1706 1945 1723 numero
1963 1703 2052 1723 mutato
2069 1701 2122 1723 363.

1269 1747 1369 1770 membr.
1388 1747 1411 1769 in
1429 1747 1465 1769 sol.
1483 1752 1543 1769 saec.
1562 1746 1619 1769 Xlll.
1636 1746 1746 1777 exeuntis
1764 1747 1787 1769 ln
1806 1747 1907 1769 chartula
1931 1747 2020 1770 adiecta
2040 1747 2124 1775 legitur

1268 1795 1328 1817 inter
1345 1795 1388 1816 alia
1412 1800 1424 1816 a
1451 1800 1522 1816 manu
1544 1799 1604 1816 saec.
1622 1793 1683 1816 XlV.
1702 1798 1809 1816 exarata:
1826 1793 1913 1817 Postili-
1932 1794 1982 1823 (sic)
1999 1800 2072 1824 supter
2090 1795 2124 1817 Io-

1269 1841 1373 1865 hannem
1391 1840 1478 1871 fratris
1494 1840 1584 1864 Donati
1602 1840 1630 1863 (Ie
1649 1840 1783 1869 Florentia,
1801 1840 1892 1864 ordinis
1914 1841 2024 1871 fratrum
2045 1840 2125 1864 Procli-

1270 1890 1388 1912 catorum.
1407 1887 1521 1912 Iohannis
1544 1887 1694 1912 Parisiensis.
1712 1889 1739 1911 Et
1754 1889 1829 1911 infra:
1846 1889 1921 1912 Istam
1943 1888 2068 1912 Postillctm
2087 1895 2126 1912 su-

1267 1943 1312 1966 per
1329 1936 1459 1959 Iohannem
1477 1935 1525 1959 emi
1539 1941 1582 1965 eqo
1598 1935 1676 1966 frater
1692 1936 1800 1959 Donatus
1819 1942 1859 1959 ser
1876 1935 1999 1959 Michaelis
2015 1942 2031 1959 α
2046 1935 2126 1965 finire

1270 1982 1373 2006 Antonio
1391 1982 1419 2005 de
1440 1981 1509 2006 Senis
1522 1982 1565 2011 (i),
1583 1983 1639 2005 tnnc
1661 1982 1746 2005 Priore
1762 1983 1844 2005 sancte
1861 1982 1949 2011 Mar-ie,
1967 1981 2059 2006 ordinis
2075 1982 2125 2012 fra-

1270 2032 1336 2054 trum
1362 2029 1550 2053 Predicnlormn.
1573 2031 1599 2052 Et
1624 2030 1718 2052 inferius
1744 2030 1781 2052 sol.
1800 2031 1821 2052 t.
1839 2030 1882 2053 col.
1900 2030 1921 2053 ι1.
1944 2030 2026 2058 incipit
2049 2030 2124 2058 prima

1270 2084 1369 2101 manns:
1388 2078 1459 2106 Ecca,
1476 2084 1561 2101 sert-ns
1578 2083 1645 2100 meus
1671 2077 1784 2106 intelliqet
1800 2080 1843 2100 etc.
1860 2077 1949 2100 Desinit
1971 2077 2024 2100 tolio
2046 2077 2085 2100 71.
2105 2083 2123 2099 r.

1270 2127 1313 2149 col.
1330 2127 1353 2149 2.
1372 2126 1458 2149 Eadem
1475 2126 1550 2154 prima
1568 2132 1653 2148 manns
1670 2125 1775 2148 addidit:
1794 2125 1857 2148 Laus
1875 2125 1918 2148 tibi
1932 2124 1965 2148 sit
1979 2125 2050 2153 Xsle,
2071 2130 2126 2154 quo-

1269 2173 1337 2197 niam
1354 2173 1422 2197 labor
1439 2172 1537 2202 explicit
1553 2172 1602 2196 iste.
1620 2172 1748 2195 identidem
1773 2175 1898 2195 occurrunt
1922 2172 2015 2195 notulae
2038 2177 2051 2194 a
2072 2171 2126 2194 scri-

1270 2224 1336 2249 ptore
1353 2220 1438 2243 sacculi
1456 2220 1515 2243 XlV.
1533 2222 1646 2243 exaratae.
1663 2232 1696 2236 —
1713 2220 1775 2248 Sign.
1793 2219 1834 2242 litt.
1854 2220 1868 2242 l,

1334 2268 1375 2290 llic
1392 2268 1459 2294 eod.,
1476 2267 1536 2290 sicut
1552 2269 1575 2290 et
1590 2267 1638 2290 duo
1655 2273 1728 2296 seqq„
1746 2267 1797 2289 licet
1817 2267 1957 2296 plerumque
1972 2266 2028 2289 satis
2044 2272 2127 2289 conve-

1270 2316 1335 2338 niant
1356 2321 1410 2338 cum
1433 2314 1600 2337 Parisiensibus
1622 2314 1755 2343 codicibus,
1771 2315 1819 2336 sere
1835 2320 1929 2342 semper
1945 2314 2041 2337 easdem
2058 2319 2125 2342 prae·

1271 2363 1326 2386 bent
1342 2363 1453 2386 lectiones
1467 2363 1591 2391 speciales,
1603 2368 1664 2392 quae
1675 2362 1744 2384 etiam
1760 2362 1876 2384 multoties
1887 2361 2026 2384 exhibentur
2043 2367 2055 2384 a
2073 2361 2125 2384 cod.

1271 2410 1328 2434 bibl.
1346 2411 1501 2438 Monacensis,
1519 2410 1560 2439 qui
1576 2410 1638 2438 sign.
1655 2410 1682 2432 Μ.

1335 2458 1357 2481 4.
1375 2457 1476 2485 Ibidem,
1494 2458 1518 2480 in
1534 2457 1616 2480 eadem
1634 2456 1786 2484 bibliotheca,
1801 2456 1856 2479 olim
1874 2459 1967 2479 sanctae
1984 2456 2068 2479 Martae
2085 2456 2127 2479 No·

1270 2506 1345 2528 vellae
1362 2504 1419 2533 645,
1437 2504 1508 2527 modo
1526 2505 1564 2527 99.
1584 2504 1638 2527 465.
1654 2503 1755 2526 membr.
1772 2504 1794 2526 in
1812 2505 1851 2526 sol.
1868 2509 1930 2526 saec.
1942 2504 1998 2526 Xlll.
2014 2503 2127 2526 exeuntis.

1270 2552 1437 2581 Complectitur
1462 2551 1564 2580 plurium
1589 2557 1674 2579 opera,
1691 2556 1752 2580 quae
1772 2557 1854 2573 manus
1875 2556 1937 2573 saec.
1954 2551 2005 2573 XV.
2022 2550 2126 2577 notavit3

1272 2601 1309 2623 sol.
1326 2601 1345 2623 l.
1357 2600 1416 2622 inter
1432 2599 1474 2621 alia
1493 2598 1577 2621 habet:
1590 2597 1689 2621 Postilla
1704 2604 1778 2627 super
1791 2597 1933 2626 Iohannem,
1949 2603 2033 2620 manus
2049 2597 2127 2620 adhuc

1270 2647 1385 2670 recentior
1410 2646 1574 2675 prosequitur:
1590 2644 1723 2669 secundum
1748 2644 1878 2668 Dominum
1903 2645 2038 2675 Huqonem.
2059 2644 2128 2668 Com-

1271 2695 1400 2717 mentarIus
1425 2693 1497 2716 sancti
1521 2693 1699 2716 Bonaventurae
1723 2692 1803 2720 incipit
1823 2693 1861 2715 [ο1.
1879 2692 1931 2715 144.
1949 2698 1968 2715 r.
1985 2691 2031 2715 sub
2047 2691 2126 2714 titulo:

1271 2740 1396 2771 Eapositio
1419 2740 1537 2770 evanqelii
1558 2739 1690 2764 secundum
1707 2739 1844 2763 Iohannem.
1862 2739 1934 2762 Hinc:
1952 2739 2022 2767 Ecce,
2043 2737 2128 2762 intelli-

1271 2790 1310 2819 μοι
1325 2791 1368 2811 etc.
1387 2787 1529 2811 protrahitur
1546 2793 1622 2816 usque
1639 2787 1669 2809 ad
1687 2787 1724 2809 sol.
1742 2786 1797 2809 225.
1813 2793 1837 2808 v.
1854 2786 1896 2809 col.
1914 2787 1937 2808 2.
1955 2789 1980 2808 ut
2001 2786 2024 2808 in
2045 2785 2127 2812 editis;

1271 2836 1381 2859 additur:
1397 2836 1462 2859 Laus
1479 2834 1511 2858 sit
1527 2834 1568 2858 libi
1583 2834 1642 2862 Xte,
1660 2837 1686 2856 ut
1701 2833 1726 2856 in
1743 2833 1823 2856 codice
1840 2833 2003 2862 praecedente.
2014 2844 2046 2850 —
2062 2832 2126 2860 Sign.

1271 2883 1313 2906 litt.
1330 2883 1365 2910 K;
1383 2882 1438 2905 vide
1455 2889 1477 2905 u.
1496 2882 1517 2904 3.

1335 2930 1358 2952 5.
1375 2929 1475 2957 Ibidem,
1493 2929 1516 2951 in
1532 2929 1615 2951 eadem
1633 2928 1785 2955 bibliotheca,
1797 2928 1849 2951 cod.
1861 2928 1914 2950 olim
1933 2929 2026 2950 sanctae
2043 2925 2128 2949 Mariae

1272 2978 1380 3000 Novellae
1406 2976 1459 3005 847,
1480 2982 1542 2999 nunc
1566 2982 1623 2999 vero
1649 2976 1702 2998 360.
1724 2974 1817 2998 membr
1841 2975 1864 2997 in
1881 2975 1919 2997 fol.
1938 2980 1999 2997 saec.
2017 2973 2079 2996 xlv.
2096 2973 2128 2995 in-

1272 3024 1355 3047 euntis.
1373 3023 1560 3047 Commentarius
1577 3022 1651 3045 sancti
1668 3023 1845 3045 Bonaventurzie
1862 3021 1967 3050 sequitur
1984 3020 2130 3043 commenta-
