2296 3316
11 1059 46 1075 Mla
59 1060 115 1074 mem>

14 1032 69 1059 *iqisio
81 1037 114 1056 per

14 1081 51 1098 Ora.

16 1313 35 1331 Je
47 1313 113 1337 primo.

27 2156 114 2176 secundo.

721 146 890 175 COMMENT.
914 145 945 173 IN
966 144 1157 172 SAPIENTIAM
1179 144 1206 172 C.
1229 145 1281 173 Vll.

124 228 206 257 *enim
221 228 318 262 illius‚·
339 227 468 256 Glossa1:
493 226 545 255 ‹xld
564 229 605 255 est
626 226 654 254 in
668 227 802 262 potestate
818 234 848 258 »;
870 227 895 252 et
908 231 975 256 nos,

129 277 177 313 qui
209 275 370 313 sapientiam
398 274 549 308 habemus;
575 272 704 302 Ieremiae
730 271 836 300 decimo
863 273 974 299 octavo:

134 335 148 349 «
163 323 239 351 Sicut
259 322 351 351 lutum
372 321 400 350 in
428 328 511 349 manu
533 320 626 357 figuli,
648 319 686 348 sic
713 321 741 347 et
761 325 810 346 vos
835 317 862 346 in
892 325 976 345 manu

130 377 191 398 mea
205 380 235 403 »;
258 369 323 397 item
346 367 560 396 Proverbiorum
581 366 713 404 vigesimo
741 365 846 402 primo:
872 375 886 388 «
901 364 977 392 Sicut

129 416 277 445 divisiones
290 422 443 452 aquarum,
466 414 503 442 ita
517 421 565 442 cor
586 413 659 450 regis
673 412 700 441 in
722 420 807 440 manu
829 410 974 439 Domini».

131 464 166 491 Et
189 470 335 491 sermones
362 461 478 494 nostri;
507 460 721 489 Proverbiorum
752 457 858 486 decimo
879 460 975 485 sexto:

135 521 148 536 <t
162 509 283 538 Hominis
297 511 339 537 est
353 516 519 545 praeparare
535 507 675 540 animum,
690 505 797 534 Domini
819 504 976 541 gubernare

130 558 251 595 linguam
266 567 297 589 »;
330 555 457 584 Matthaei
478 555 598 584 decimo:
625 565 638 579 «
653 554 711 581 Non
732 552 797 581 estis
818 552 866 588 qui
888 550 977 588 loqui-

131 604 213 638 mini,
236 603 282 632 sed
304 603 423 639 Spiritus
444 602 531 630 Patris
552 600 666 629 vestri»
684 603 735 628 etc.
760 600 794 627 Et
814 598 909 627 omnis
929 606 977 626 sa-

126 651 254 689 pientia,
276 657 348 687 quae
369 649 472 678 scilicet
492 650 534 677 est
555 647 674 685 cognitio
692 654 787 675 rerum
802 646 976 679 divinarum,

129 701 155 727 et
185 705 322 735 operum,
355 696 458 725 scilicet
485 695 689 729 humanorum,
721 693 858 732 scientiae
889 692 977 721 disei-

126 744 211 782 plina
223 744 247 778 ²;
270 743 352 772 Isaiae
373 742 505 779 vigesimo
522 743 614 770 sexto:
640 752 653 766 α
665 740 764 769 Omnia
783 748 868 777 opera
883 742 977 768 nostra

129 793 260 828 operatus
281 798 311 819 es
331 790 359 818 in
381 789 472 823 nobis,
494 788 609 817 Domine
624 800 650 816 ».

383 889 496 921 Seoundo,
515 889 593 921 qualia.
610 888 720 912 docuerit.

210 979 274 1015 Ipse
294 978 369 1007 enim
396 976 471 1006 milti
502 977 586 1005 dedit.
617 976 663 1005 Hic
694 975 829 1009 ostendit,
851 983 922 1012 quae
950 977 977 1004 et

131 1025 233 1064 qualia
247 1025 341 1054 docuit
355 1033 419 1054 eum
435 1025 521 1058 Deus,
543 1026 570 1052 et
591 1023 693 1060 primo,
709 1022 783 1059 quod
804 1022 897 1051 docuit
911 1030 976 1051 eum

131 1073 271 1102 scientiam
293 1072 485 1109 temporalium
508 1079 687 1103 causarum,-
708 1070 842 1103 secundo,
871 1072 978 1106 tempo-

131 1120 232 1149 ralium
247 1119 545 1148 transmutationum:
569 1118 691 1146 Initium
705 1120 730 1145 et
751 1117 977 1145 consummatio-

130 1176 215 1200 nem;
236 1167 333 1200 terti0‚
349 1165 544 1202 temporalium
565 1163 733 1202 effectuum:
757 1163 891 1192 Natura-s
913 1164 977 1192 ani-

131 1214 263 1243 malium..

210 1261 298 1294 (Vers.
324 1261 389 1295 17.).
412 1260 476 1297 Ipse
496 1260 588 1293 enim,
611 1259 714 1288 scilicet
728 1259 817 1292 Deus,
839 1258 887 1295 qui
903 1258 978 1287 solus

131 1307 215 1337 corda
228 1307 319 1341 docet,
334 1306 486 1335 secundum
510 1306 577 1334 illud
592 1305 768 1343 Augustini³:
788 1317 801 1330 ι(
812 1304 977 1334 Cathedram

131 1354 214 1383 habet
228 1354 255 1382 in
277 1353 352 1382 caelo
366 1353 413 1390 qui
436 1352 519 1382 corda
533 1352 612 1381 docet
626 1352 653 1380 in
676 1355 752 1381 terra
767 1362 793 1385 »;
815 1352 891 1381 dedit
905 1350 979 1380 milii

132 1400 238 1430 horum
266 1409 340 1439 quae
359 1404 444 1434 sunt,
466 1400 493 1428 id
516 1402 558 1428 est
579 1407 674 1428 rerum
695 1399 890 1433 existentium,
912 1398 979 1435 quia

131 1448 165 1477 de
185 1456 240 1476 non
259 1447 444 1476 existentibus
465 1455 519 1475 non
540 1449 581 1475 est
595 1446 720 1481 scientia;
742 1446 816 1475 unde
836 1445 902 1474 dicit
916 1445 978 1474 Phi-

132 1495 299 1532 losophus4:
320 1506 333 1519 «
347 1493 426 1530 Quod
447 1501 501 1522 non
523 1496 565 1522 est
585 1501 639 1521 non
655 1496 697 1522 est
717 1493 788 1522 scire
802 1504 829 1520 ».
849 1504 862 1518 «
875 1493 976 1521 Unum-

131 1541 262 1579 quodque
282 1541 356 1570 enim
378 1541 449 1570 sicut
470 1548 499 1569 se
521 1540 603 1569 habet
624 1540 657 1568 ad
678 1548 750 1574 esse,
779 1540 817 1569 sic
839 1548 867 1568 se
895 1539 979 1569 babet

131 1589 166 1618 ad
186 1589 329 1618 veritatem
350 1600 376 1623 »,
399 1588 470 1617 sicut
484 1588 542 1625 ipse
556 1587 630 1616 dicit.
647 1587 803 1616 Scientiam
818 1595 936 1621 veram,
952 1587 979 1616 id

131 1639 173 1666 est
193 1636 374 1673 cognitionem
396 1638 500 1664 certam
521 1637 548 1664 et
568 1635 637 1663 nulli
659 1635 769 1663 falsitati
794 1634 977 1671 permixtam;

131 1683 205 1713 tertii
227 1684 330 1720 Regum
345 1682 482 1720 quartofi:
509 1682 613 1710 «Dedit
627 1682 701 1710 Deus
722 1681 883 1718 sapientiam
905 1681 979 1709 Salo-

131 1730 205 1759 moni
220 1733 247 1759 et
261 1729 436 1767 prudentiam
452 1729 568 1757 multam
583 1728 665 1757 nimis
680 1740 706 1755 ».
728 1728 762 1756 Ua
776 1727 869 1756 seiam
883 1727 979 1764 dispo-

132 1777 265 1806 saionem
286 1776 365 1805 orbis
387 1779 552 1809 terrarum,
575 1774 602 1803 id
623 1778 664 1803 est
684 1775 751 1803 caeli
772 1774 917 1803 ambientis
939 1777 978 1803 to-

132 1827 192 1853 tum
202 1819 358 1857 ⁴mundum;
374 1822 553 1851 Ecclesiastici
569 1821 701 1859 vigesimo
715 1824 828 1858 quarto:
849 1833 863 1847 «
873 1821 979 1857 Gyrum

132 1871 199 1900 caeli
214 1870 329 1900 circuivi
351 1870 450 1903 sola»;
471 1873 496 1897 et
516 1869 638 1897 virtutes
658 1868 874 1902 elementorum,
896 1868 923 1896 id
938 1871 979 1897 est

132 1917 278 1955 qualitates
298 1920 326 1946 et
347 1916 492 1946 seminales
513 1916 634 1944 rationes
654 1918 681 1944 et
702 1915 912 1944 commixtiones
936 1915 979 1944 vel

132 1965 318 1994 connexiones
332 1967 360 1993 et
373 1963 621 2000 contemperantias
635 1963 848 1997 elementorum;
864 1963 979 1991 Prover-

133 2012 242 2041 biorum
269 2014 379 2040 octavo:
414 2022 426 2035 κ
442 2010 556 2047 Quando
584 2009 766 2047 praeparabat
787 2009 889 2043 caelos,
915 2009 978 2038 ade-

132 2066 208 2093 ram;
229 2057 339 2095 quando
360 2060 435 2086 certa
455 2057 514 2094 lege
535 2059 562 2085 et
582 2064 650 2093 gyro
671 2056 790 2085 vallabat
810 2056 924 2092 abyssos
938 2068 964 2084 2».

211 2105 300 2141 (Vers.
325 2105 390 2141 18.).
413 2104 535 2132 Initium
549 2103 866 2132 &consummationem
883 2106 908 2131 et
921 2111 979 2131 me-

132 2153 265 2182 dietatem
286 2155 462 2189 temporum,
484 2151 587 2180 scilicet
607 2153 728 2190 quatuor
750 2153 908 2185 temporum
930 2158 980 2178 seu

133 2199 254 2237 partium
274 2199 352 2233 anni,
373 2205 445 2235 quae
466 2200 617 2226 causantur
638 2205 688 2234 per
709 2199 816 2226 motum
837 2197 914 2231 solis,
937 2205 980 2225 se-

133 2246 255 2275 cundum
286 2248 407 2282 quatuor
437 2244 558 2281 quadras
589 2243 710 2278 zodiaci;
741 2243 980 2272 vicissitudinum

131 2292 377 2331 permutationes,
398 2291 426 2320 id
446 2293 488 2320 est
512 2290 719 2320 successionum
746 2290 855 2319 dierum
883 2292 911 2319 et
931 2298 980 2318 no-

135 2340 235 2374 ctium,
255 2339 358 2376 quibus
384 2338 503 2376 qualitas
523 2337 596 2367 aeris
616 2339 801 2374 permutatur,
833 2337 936 2366 scilicet
963 2345 979 2365 a

198 2491 206 2504 ¹
224 2493 312 2520 Nempe
336 2491 503 2515 interlinearis.
523 2503 555 2508 —
575 2492 708 2520 Sequuntur
733 2492 773 2514 ler.
798 2492 839 2520 48,
862 2492 892 2519 6;
915 2492 982 2514 Prov.

135 2532 173 2559 24,
191 2532 212 2554 4.
229 2534 251 2554 et
274 2531 315 2558 46,
334 2531 354 2559 4,
375 2530 415 2553 ubi
441 2536 484 2558 pro
509 2529 618 2553 animum
640 2530 739 2559 Vulgata
764 2530 886 2559 ammaim
903 2531 980 2553 Mattb.

136 2571 179 2598 40,
196 2570 241 2593 20:
258 2570 307 2593 Non
323 2570 384 2592 enim
401 2575 444 2592 vos
460 2570 515 2592 estis
531 2572 574 2592 etc.

198 2608 208 2622 2
224 2610 254 2632 lta
272 2610 340 2632 etiarn
363 2609 426 2631 card.
443 2609 510 2637 Hugo
536 2611 559 2631 et
582 2610 685 2637 Lyranus
692 2618 697 2637 3
715 2609 828 2637 Vulgata:
845 2611 866 2632 et
883 2615 982 2639 operum

135 2648 233 2673 scientia
250 2649 271 2672 el
287 2647 419 2678 disciplina.
430 2659 462 2664 —
474 2648 583 2677 Sequitur
599 2648 650 2671 lsai.
666 2648 709 2676 26,
728 2648 765 2670 42.
781 2648 911 2670 Lectionem
930 2648 983 2670 Vul-

136 2690 204 2716 gatae
224 2687 279 2710 vide
301 2693 370 2715 supra
393 2693 449 2715 pag.
465 2687 508 2715 92,
525 2689 579 2709 nota
595 2687 618 2709 9.
634 2699 665 2703 —
682 2687 714 2709 De
732 2687 876 2710 distinctione
892 2686 982 2716 sapien·

136 2726 182 2750 tiae
198 2729 221 2749 et
236 2726 346 2750 scientiae
362 2727 403 2749 cfr.
419 2732 490 2755 supra
507 2732 561 2754 pag.
580 2726 637 2754 408,
655 2728 707 2748 nota
724 2726 747 2749 7.

198 2763 208 2778 ³
225 2766 271 2788 lam
289 2771 359 2794 supra
375 2771 430 2794 pag.
450 2765 508 2794 439,
525 2767 578 2787 nota
596 2765 618 2787 8.
635 2765 766 2792 allegatum.

199 2803 209 2816 ⁶
225 2803 287 2827 Lihr.
304 2804 318 2826 l.
336 2804 420 2827 Poster.
438 2809 458 2826 c.
470 2805 493 2826 2.
510 2804 564 2833 Seq.
581 2804 653 2832 ipsius
670 2804 780 2826 sententia
797 2806 831 2826 est
848 2804 870 2826 ll.
883 2804 982 2832 Metaph.

137 2846 189 2866 text.
206 2843 228 2866 4.
247 2843 276 2872 (1.
292 2842 393 2872 brevior,
410 2850 430 2866 c.
448 2843 487 2872 4.).

199 2880 209 2894 ⁵
226 2882 291 2904 Vers.
308 2882 346 2904 29.
357 2894 388 2898 —
403 2882 537 2910 Sequuntur
554 2881 620 2904 Eccli.
638 2881 680 2910 24,
698 2882 723 2904 8.—
736 2884 759 2904 et
775 2882 843 2904 Prov.
860 2882 885 2910 8,
902 2881 940 2904 27.
951 2894 982 2898 —

137 2921 231 2943 Interius
247 2927 290 2949 pro
306 2920 431 2944 seminales
447 2921 552 2944 rationes
571 2921 619 2946 (cfr.
636 2921 660 2943 ll.
678 2921 738 2943 Sent.
757 2921 780 2943 d.
798 2921 833 2943 48.
851 2927 873 2943 a.
891 2921 911 2943 4.
924 2927 946 2949 q.
959 2921 982 2943 2.

137 2960 197 2989 seq.)
215 2959 268 2982 edd.
285 2959 397 2988 speciales
413 2959 526 2982 raciones.

1824 147 1876 174 155

1033 222 1156 250 claritate
1178 222 1205 250 in
1225 222 1421 251 obscuritatem
1443 225 1470 251 et
1491 230 1505 251 e
1527 222 1678 256 contrario;
1700 226 1726 251 et
1746 231 1879 252 eonsum-

1033 268 1190 297 mationem
1202 269 1212 285 ⁶
1228 272 1403 306 temporum,
1419 269 1445 297 id
1465 272 1507 297 est
1521 269 1657 298 mensium
1673 273 1728 298 tam
1747 270 1879 299 solarium

1033 323 1117 352 quam
1133 315 1281 344 lunarium.
1304 316 1391 352 Aliqui
1407 316 1511 344 addunt
1533 316 1589 344 hic:
1604 324 1721 345 morum
1742 317 1879 346 mulatio-

1032 370 1082 390 nes
1096 365 1121 390 ei
1136 362 1291 391 divisiones
1313 367 1474 400 temporum
1483 373 1492 396 ‚·
1513 372 1629 391 morum
1644 364 1836 398 mutationes,
1851 364 1878 393 id

1033 412 1075 438 est
1096 410 1283 438 humanarum
1304 409 1553 444 consuetudinum,
1582 410 1734 439 secundum
1754 410 1879 439 diversos

1034 458 1122 485 status
1144 456 1303 491 hominum;
1325 456 1481 485 divisiones
1502 461 1680 494 temporum,
1703 457 1729 486 id
1744 461 1785 486 est
1805 461 1878 486 aeta-

1034 506 1093 531 tum
1116 502 1211 531 mundi
1234 503 1276 531 vel
1295 503 1447 531 hominis⁷.

1113 549 1201 585 (Vers.
1227 550 1270 578 19.
1293 550 1360 585 ΩΟ).
1385 550 1465 578 Anni
1484 551 1639 585 cursumss,
1661 551 1688 579 id
1709 554 1751 580 est
1769 555 1878 588 tempus

1033 599 1178 625 causatum
1199 604 1215 625 a
1235 600 1312 625 motu
1341 598 1405 626 solis
1433 600 1522 626 totum
1542 605 1591 634 per
1613 598 1771 632 zodiacum
1792 598 1878 627 Gene-

1034 643 1071 672 sis
1092 643 1196 680 primo:
1224 655 1237 668 «
1252 643 1286 672 Ut
1306 643 1360 672 sint
1381 644 1409 672 in
1430 644 1507 681 signa
1528 647 1555 672 et
1576 648 1700 681 tempora
1727 647 1754 673 et
1774 644 1832 673 dies
1853 647 1880 673 et

1033 698 1120 719 annos
1134 702 1160 718 ».
1182 691 1218 719 Et
1229 690 1396 724 stellarum,
1409 690 1512 719 scilicet
1532 691 1650 719 aliarum
1666 700 1682 719 a
1699 692 1768 726 sole,
1784 692 1879 729 ‹lispo-

1033 738 1164 771 sitiones,
1186 737 1275 774 quoad
1291 737 1452 774 qualitatem
1467 738 1605 772 noctium;
1620 737 1648 766 in
1663 738 1782 767 Psalmo:
1803 750 1816 763 (ι
1827 739 1879 767 Lu-

1034 793 1097 813 nam
1118 787 1146 813 et
1170 784 1262 813 stellas
1289 784 1317 813 in
1339 787 1500 821 potestatem
1529 785 1617 813 noctis
1632 796 1658 813 ».
1684 802 1720 806 —
1746 784 1880 814 Naturae

1034 832 1228 866 animalium,
1250 832 1353 861 scilicet
1374 832 1500 866 mitium,
1522 835 1548 860 et
1568 831 1632 860 iras
1653 831 1830 865 bestiarum,
1852 832 1879 861 id

1033 883 1075 908 est
1095 882 1188 908 motus
1215 879 1349 907 ferocium
1370 879 1546 913 animalium,
1567 881 1600 907 ut
1627 879 1713 908 leonis
1734 882 1761 907 et
1782 879 1879 908 huius-

1033 926 1115 955 modi.
1132 926 1163 954 Et
1184 926 1352 960 notandum,
1367 926 1440 963 quod
1461 926 1539 955 dicit:
1554 929 1681 954 naturas
1703 926 1879 955 animalium

1034 978 1060 1002 ec
1079 974 1144 1001 iras
1166 973 1341 1007 bestiarum,
1363 976 1498 1010 quantum
1519 973 1553 1001 ad
1580 973 1726 1001 sensibiles
1751 973 1879 1002 substan-

1034 1021 1094 1049 tias.
1117 1020 1219 1049 Deinde
1234 1020 1327 1049 subdit
1340 1024 1476 1057 quantum
1497 1021 1531 1049 ad
1546 1029 1590 1049 res
1608 1021 1804 1049 inanimatas.-
1819 1021 1879 1049 vim

1033 1071 1202 1101 ventorum,
1224 1068 1272 1104 qui
1294 1071 1359 1096 sunt
1386 1068 1544 1102 duodecim,
1566 1071 1687 1105 quatuor
1714 1067 1879 1105 principales

1034 1117 1061 1143 et
1081 1117 1143 1143 octo
1174 1114 1345 1143 collaterales
1359 1114 1385 1149 ⁹;
1407 1119 1434 1143 et
1465 1118 1530 1144 sunt
1554 1123 1668 1152 magnae
1699 1115 1825 1149 virtutis,
1847 1117 1879 1143 ut

1035 1164 1109 1198 patet
1131 1161 1176 1189 lob
1198 1161 1287 1198 primo
1308 1164 1334 1190 et
1350 1161 1435 1190 Exodi
1456 1161 1562 1190 decimo
1577 1165 1690 1198 quarto,
1712 1162 1739 1190 in
1760 1162 1879 1190 desicca-

1035 1208 1108 1237 tione
1129 1208 1226 1242 maris,
1248 1212 1275 1237 et
1295 1209 1323 1237 in
1344 1209 1438 1237 multis
1459 1209 1519 1237 aliis
1541 1208 1614 1237 locis.
1639 1209 1672 1237 Et
1693 1209 1879 1246 cogitationes

1035 1254 1195 1284 hominum.

1113 1302 1239 1331 CONTRA:
1261 1303 1341 1332 Solus
1355 1303 1428 1332 Deus
1442 1304 1518 1332 novit
1532 1304 1616 1332 corda
1636 1304 1793 1338 hominum;
1808 1304 1881 1332 unde

1035 1350 1141 1387 primae
1155 1350 1189 1379 ad
1203 1350 1360 1379 Corinthios
1371 1350 1491 1379 secundo
1504 1351 1538 1379 ¹⁰:
1556 1362 1569 1375 «
1581 1351 1648 1387 Quis
1663 1351 1806 1379 hominum
1821 1350 1880 1385 scit,

1035 1406 1106 1434 quae
1127 1401 1193 1426 sunt
1214 1398 1345 1431 bominis,
1367 1398 1417 1426 nisi
1440 1398 1570 1434 spiritus,
1592 1398 1639 1434 qui
1662 1398 1689 1425 in
1710 1398 1769 1434 ipso
1789 1400 1831 1426 est
1845 1400 1882 1425 »2

1035 1445 1114 1481 quasi
1135 1444 1222 1473 dicat:
1244 1445 1339 1473 nullus
1360 1444 1411 1473 nisi
1432 1445 1514 1473 Deus.

1115 1491 1280 1525 Dicendum,
1302 1491 1376 1528 quod
1397 1491 1443 1520 hic
1464 1491 1587 1528 loquitur
1601 1491 1635 1520 de
1657 1491 1770 1520 scientia
1790 1491 1883 1520 conie-

1035 1540 1153 1571 cturae,
1176 1545 1230 1566 non
1261 1537 1443 1567 certitudinis.
1465 1538 1513 1566 Vel
1544 1537 1706 1572 dicendum,
1735 1537 1809 1574 quod
1833 1545 1883 1574 per

1035 1584 1189 1621 Sapientiae
1209 1584 1403 1613 revelationem
1426 1585 1490 1614 sciri
1506 1588 1621 1622 possunt
1638 1585 1673 1613 ab
1692 1585 1814 1619 homine,
1829 1592 1881 1613 non

1036 1639 1086 1668 per
1107 1635 1235 1660 naturam
1256 1632 1299 1661 vel
1319 1632 1461 1669 propriam
1482 1632 1655 1661 industriam.

1115 1677 1301 1716 Differentias
1331 1679 1545 1717 virgultorum,
1577 1679 1603 1707 id
1635 1682 1676 1708 est
1707 1679 1881 1716 plantarum,

1035 1729 1062 1754 et
1074 1726 1195 1754 virtutes
1215 1726 1369 1760 radicum,
1385 1726 1488 1755 scilicet
1502 1726 1669 1760 herbarum;
1687 1726 1759 1754 tertii
1779 1726 1881 1762 Regum

1036 1776 1136 1810 quarto
1151 1774 1189 1801 ¹¹:
1216 1784 1229 1797 «
1244 1773 1399 1809 Disputavit
1418 1773 1452 1801 de
1466 1773 1595 1801 omnibus
1615 1773 1695 1809 lignis
1709 1781 1725 1801 a
1739 1772 1821 1801 cedro
1840 1772 1882 1800 Li—

1036 1820 1098 1848 bani
1120 1828 1210 1857 usque
1231 1820 1265 1849 ad
1286 1820 1437 1857 hyssopum
1454 1832 1467 1845 »
1492 1823 1543 1849 etc.

1114 1867 1203 1903 (Vers.
1225 1867 1293 1902 21).
1316 1867 1352 1895 Et
1370 1875 1567 1905 quaecumque
1580 1870 1650 1895 sunt
1663 1866 1819 1900 absconsa,
1838 1866 1881 1894 vel

1036 1913 1205 1942 abscondita
1218 1914 1250 1947 ¹²,
1265 1922 1281 1942 a
1295 1914 1352 1942 suis
1366 1914 1469 1947 causis,
1484 1917 1509 1942 et
1523 1913 1694 1950 improvisa,
1710 1912 1882 1946 hominibus,

1035 1961 1128 1989 didici
1134 1971 1144 1993 ;
1166 1960 1343 1989 Ecclesiastae
1358 1960 1489 1997 septimo:
1509 1972 1522 1985 «
1538 1960 1664 1989 Lustravi
1679 1960 1809 1988 universa
1823 1959 1882 1987 ani-

1035 2016 1081 2036 mo
1102 2016 1179 2041 meo,
1200 2011 1232 2036 ut
1257 2008 1356 2036 scirem
1384 2011 1411 2036 et
1438 2007 1641 2036 considerarem
1669 2010 1697 2036 et
1717 2014 1881 2044 quaererem

1036 2055 1197 2092 sapientiam
1214 2067 1239 2083 ».

1229 2155 1320 2186 Tertio,
1336 2162 1375 2186 per
1391 2155 1448 2186 quod
1463 2154 1560 2179 medium
1575 2155 1685 2179 docuerit.

1118 2242 1257 2271 Omnium
1283 2242 1360 2271 enim
1380 2241 1492 2279 artifex·
1516 2245 1566 2271 etc.
1598 2242 1644 2271 Hic
1672 2241 1805 2276 ostendit,
1833 2250 1883 2279 per

1037 2289 1111 2327 quod
1124 2289 1253 2318 medium
1273 2289 1386 2318 edoctus
1400 2292 1454 2323 est,
1477 2289 1580 2318 scilicet
1598 2296 1648 2326 per
1663 2289 1827 2326 Sapientiam
1842 2289 1883 2318 in-

1020 2337 1173 2371 ·creatam,
1195 2344 1211 2364 a
1238 2336 1318 2365 Patre
1344 2336 1479 2373 genitam;
1501 2338 1528 2365 et
1553 2336 1627 2373 quod
1655 2336 1753 2364 docere
1771 2336 1883 2373 potuit,

1101 2489 1111 2503 Β
1128 2491 1227 2518 Vulgata
1250 2489 1460 2518 commutationes;
1483 2489 1547 2512 card.
1568 2490 1635 2517 Hugo
1659 2492 1682 2512 et
1705 2490 1809 2517 Lyranus
1833 2495 1885 2513 con-

1037 2529 1216 2558 summationes,
1228 2530 1269 2559 qui
1285 2529 1355 2552 etiam
1372 2530 1394 2552 in
1411 2529 1516 2558 margine
1533 2529 1641 2552 exhibent
1657 2529 1812 2556 additionem,
1824 2535 1884 2557 quae

1038 2570 1108 2598 paulo
1121 2569 1214 2591 inferius
1224 2571 1328 2591 notatur:
1340 2574 1436 2591 morum
1447 2568 1597 2596 mutationes,
1607 2567 1732 2591 divisiones
1744 2569 1885 2597 temporum.

1101 2606 1109 2620 ⁷
1127 2608 1173 2631 Csr.
1190 2608 1304 2637 Breviloq.
1321 2608 1410 2635 Prolog.
1428 2607 1441 2636 S
1458 2608 1480 2630 2.
1497 2610 1519 2630 et
1541 2607 1620 2630 Collat.
1641 2607 1663 2629 in
1686 2606 1793 2629 uexaem.
1810 2607 1884 2629 collat.

1039 2647 1076 2670 46.
1095 2647 1164 2675 (ῑοῐη.
1182 2647 1210 2670 V.
1228 2653 1282 2675 pag.
1302 2647 1346 2669 203
1363 2649 1386 2669 et
1404 2646 1469 2675 403).

1101 2684 1110 2698 ⁸
1127 2686 1227 2714 Vulgata
1244 2691 1338 2709 cursus.
1355 2698 1386 2702 —
1402 2686 1452 2708 Duo
1474 2691 1540 2715 seqq.
1557 2685 1600 2707 loci
1622 2688 1675 2708 sunt
1697 2686 1753 2707 Gen.
1771 2685 1790 2713 4,
1808 2685 1816 2707 4
1824 2684 1845 2707 4.
1862 2687 1883 2707 et

1038 2726 1075 2748 rs.
1092 2726 1149 2754 435,
1166 2726 1190 2748 9.
1631 2717 1634 2720 ’

1100 2762 1110 2776 ‘³
1127 2764 1186 2787 Vide
1203 2770 1273 2792 supra
1291 2769 1345 2791 pag.
1364 2764 1404 2791 42,
1421 2766 1475 2786 nota
1500 2764 1536 2785 40.
1555 2776 1583 2779 -
1604 2762 1707 2785 Subinde
1729 2762 1881 2790 respiciuntur

1038 2803 1078 2826 lob
1096 2804 1121 2831 4,
1140 2804 1177 2826 49.
1194 2806 1216 2826 et
1233 2803 1304 2825 Exod.
1322 2802 1364 2830 44,
1381 2803 1418 2824 24.
1435 2802 1480 2825 Cfr.
1498 2808 1567 2830 supra
1586 2808 1640 2830 pag.
1659 2802 1716 2829 443,
1734 2804 1785 2823 nota
1804 2802 1841 2823 42.

1101 2841 1120 2854 ¹⁰
1138 2843 1204 2865 Vers.
1221 2843 1263 2870 44,
1281 2841 1320 2864 ubi
1337 2844 1389 2869 post
1405 2841 1505 2871 spiritus
1522 2841 1620 2869 Vulgata
1638 2841 1702 2863 addit
1719 2839 1827 2863 hominis.

1101 2880 1119 2894 ¹¹
1139 2882 1203 2904 Vers.
1221 2881 1259 2903 33.
1282 2874 1285 2875 ⁷

1101 2919 1120 2932 ¹²
1138 2920 1235 2948 Vulgata
1247 2920 1331 2942 omittit
1341 2919 1378 2942 vel
1393 2918 1530 2942 abscondita
1546 2918 1597 2947 vel;
1614 2918 1678 2941 card.
1692 2918 1759 2945 Hugo
1777 2920 1798 2939 et
1814 2918 1881 2944 Lyra-

1037 2965 1081 2981 nus
1097 2959 1213 2987 duplicem
1232 2959 1351 2981 lectionem
1368 2960 1454 2981 notant.
1470 2970 1501 2975 —
1518 2958 1626 2986 Sequitur
1643 2957 1716 2979 Eccle.
1732 2956 1758 2982 7,
1776 2956 1813 2978 26.

1897 792 1924 811 De
1938 793 2000 812 tertio.

1897 1309 1993 1333 Quaestio.

1900 1496 1956 1520 neap.

1900 2246 1971 2265 Divisio
1982 2251 2017 2269 per

1907 2270 1944 2289 duo
1959 2275 2017 2288 mem-

1908 2293 1949 2312 bra.
