2296 3316
393 185 450 213 6⁹20

389 265 499 299 prm-as
519 259 708 296 adimplerem
728 258 803 287 unde
818 257 862 286 hic
882 257 985 286 dicitur
997 257 1024 284 1;
1050 267 1064 281 «
1078 255 1240 284 Nesciebant

392 308 580 344 scripturam,
601 306 667 343 quia
688 305 850 342 oportebat,
871 311 937 333 eum
957 311 972 331 a
994 302 1114 331 mortuis
1145 309 1240 331 resur-

391 362 456 392 gere
470 364 498 387 »ς
519 356 548 382 et
567 353 684 382 Actuum
705 351 843 381 secundo:
870 362 883 376 «ι
898 351 986 387 Quem
1008 350 1082 379 Deus
1096 348 1240 378 suscitavit

391 410 407 430 a
428 400 563 434 mortuis,
585 400 685 429 solutis
703 398 847 428 doloribus
866 397 965 426 inserui
977 419 984 431 ‚
1006 396 1087 425 iuxta
1100 395 1176 433 quod
1189 395 1240 424 im-

391 447 520 485 possihile
541 449 617 481 erat,
641 446 728 475 teneri
742 453 813 475 eum
833 445 868 473 ab
889 444 944 472 illo.
966 443 1053 472 David
1073 443 1147 472 enim
1174 442 1241 471 dicit

393 495 419 524 in
431 502 511 523 eum:
527 493 706 522 Providebam
719 492 869 521 Dominum
881 498 974 520 coram
988 498 1033 519 me
1048 498 1158 527 semper
1172 492 1240 524 etc.;

392 541 523 578 quoniam
544 547 597 568 non
619 540 799 576 derelinques
817 538 937 567 animam
959 545 1049 566 meam
1077 537 1106 565 in
1134 536 1241 565 inferno

392 595 442 616 nec
463 587 542 616 dahis
561 587 692 616 Sanctum
714 589 795 616 tuum
816 585 910 614 videre
931 584 1140 621 corruptionem
1154 594 1182 612 >›.
1205 600 1241 606 -—

282 645 374 665 secunda.
392 634 532 668 Secundo,
554 638 585 663 ut
600 634 730 670 captivos
745 633 888 662 liberaret.
906 632 965 669 {pso
980 631 1052 660 enim
1068 634 1242 668 resurgente,

392 684 613 711 resurrexerunt
633 680 682 718 qui
703 680 804 717 captivi
825 679 992 709 tenebantur
1013 679 1042 707 in
1064 678 1164 712 limbo;
1186 677 1242 715 pri-

391 735 452 758 mae
472 728 506 757 ad
527 728 684 757 Corinthios
712 727 820 757 decimo
846 727 987 764 quint02:
1014 726 1171 755 «Christus
1199 732 1243 754 re·

392 776 518 805 surrexit
538 775 554 804 a
575 775 711 809 mortuis,
736 774 874 812 primitiae
902 772 1101 802 dormientium
1116 784 1147 807 »3
1172 783 1243 801 unt.w

394 823 530 852 Ecclesia:

614 902 771 930 Triumphans
788 906 875 930 pompa
893 899 976 923 nobili.

614 940 693 963 Victor
710 939 784 968 surgit
801 938 831 962 de
849 940 936 961 funere.

472 1011 583 1045 Tertio,
602 1014 634 1040 ut
661 1010 822 1048 dez-cipulos
849 1008 1038 1047 consor-taret.
1068 1008 1145 1037 Sicut
1171 1007 1244 1037 enim

394 1059 487 1088 tristes
508 1058 623 1087 fuerunt
643 1065 680 1086 ex
701 1057 762 1086 eius
782 1056 925 1094 passione,
948 1056 985 1084 ita
1006 1055 1092 1092 gavisi
1114 1057 1181 1084 sunt
1202 1062 1245 1083 re—

395 1106 568 1135 surrectione
588 1113 625 1134 ex
643 1105 706 1134 eius
718 1104 838 1138 visione;
854 1103 962 1132 loannis
976 1102 1108 1140 vigesimo
1119 1102 1146 1130 ³:
1167 1113 1182 1127 «
1194 1102 1246 1130 Ga—

300 1164 377 1188 Quana.
395 1153 445 1182 visi
474 1156 539 1182 suut
566 1151 708 1189 discipuli,
730 1151 789 1180 viso
810 1151 971 1179 Domino».
1000 1166 1036 1170 —
1065 1150 1187 1186 Quarto,
1214 1151 1247 1177 ut

394 1200 480 1237 fidem
501 1199 708 1236 confirmarem
729 1198 804 1227 unde
824 1198 931 1235 primae
953 1197 989 1226 ad
1017 1196 1175 1225 Corinthios
1199 1196 1247 1225 de-

395 1249 465 1277 cimo
486 1247 599 1284 quinto:
625 1257 639 1272 «
654 1246 681 1274 Si
702 1245 830 1274 Christus
850 1253 905 1274 non
927 1244 1070 1278 surrexit,
1092 1244 1181 1273 inanis
1206 1246 1248 1273 est

394 1298 487 1324 nostra
511 1293 677 1331 praedicatio
698 1296 726 1321 et
746 1292 814 1321 fides
835 1295 931 1321 nostra
945 1302 973 1326 »;
995 1295 1022 1320 et
1043 1291 1163 1320 iterum:
1191 1302 1205 1316 α
1220 1291 1247 1319 Si

394 1345 486 1371 autem
508 1341 636 1369 Christus
657 1339 847 1377 praedicatur,
863 1339 929 1376 quia
943 1338 1070 1368 surrexit
1084 1346 1100 1367 a
1115 1338 1247 1372 mortuis,

394 1388 532 1426 quomodo
554 1387 666 1425 quidam
689 1387 716 1415 in
738 1386 816 1415 vohis
836 1386 949 1420 dicunt,
974 1385 1050 1423 quod
1078 1385 1248 1414 resurrectio

301 1446 378 1470 Quinta.
395 1438 572 1464 mortuorum
593 1443 648 1463 non
664 1437 705 1463 est
720 1436 751 1462 n?
766 1450 804 1454 —
818 1433 953 1470 Quintum
974 1435 1028 1467 est,
1048 1436 1079 1461 ut
1093 1441 1189 1461 mores
1204 1432 1247 1461 in-

395 1482 549 1520 formaret.

474 1530 501 1558 2.
524 1529 556 1557 Et
576 1532 656 1562 nota,
671 1527 747 1565 quod
761 1526 906 1565 informat
920 1534 970 1555 nos
985 1525 1155 1555 resurrectio
1169 1525 1248 1554 Chri-

251 1588 351 1611 Dequinto
359 1576 433 1614 rto-sti
453 1575 487 1605 ad
509 1575 698 1604 desertionem
710 1578 913 1612 peccatorum,
928 1573 963 1602 ad
981 1572 1148 1611 profectum
1161 1572 1248 1601 meri·

262 1614 326 1659 ξῗὲζω
339 1616 494 1652 ‘³⁰¹⁰'torum
503 1646 512 1657 ,
528 1623 562 1652 ad
578 1622 763 1651 tolerantiam
778 1621 972 1650 adversorum
981 1644 990 1655 ‚
1005 1620 1039 1649 ad
1054 1623 1248 1657 emnempccem

288 1681 379 1700 Primum.
396 1670 620 1699 mundanorum
641 1672 667 1697 et
688 1668 723 1697 ad
744 1667 922 1696 desiderium
941 1670 1137 1695 aeternorum.
1153 1682 1190 1688 —
1207 1666 1249 1695 ln-

396 1717 497 1745 sormat
518 1723 585 1753 ergo
605 1722 656 1744 nos
677 1714 847 1744 resurreetio
873 1714 976 1743 Christi
1001 1713 1035 1742 ad
1061 1713 1249 1742 desertionern

393 1766 591 1801 peccator-eam.
614 1763 690 1791 Sicut
711 1770 777 1799 ergo
798 1762 927 1791 Christus
940 1761 1085 1790 mortalem
1102 1761 1187 1790 vitam
1202 1761 1249 1790 de

397 1811 500 1844 seruit,
522 1810 633 1848 quando
654 1809 829 1843 resurrexit;
844 1808 918 1837 unde
932 1808 966 1837 ad
981 1809 1118 1837 Romanos
1132 1811 1213 1837 sexto
1224 1809 1248 1836 4:

401 1857 573 1891 «Christus,
605 1864 756 1893 resurgens
777 1863 813 1885 ex
836 1855 969 1889 mortuis,
998 1855 1053 1883 iam
1081 1863 1137 1884 non
1164 1855 1249 1884 mori-

397 1907 444 1933 tur
455 1916 469 1929 »
482 1907 533 1933 etc.
550 1919 587 1925 —
601 1906 630 1932 et
643 1903 771 1940 sequitur
783 1918 820 1923 —
833 1902 934 1931 «itaet
949 1910 998 1931 vos
1011 1901 1185 1936 existimate,
1201 1910 1250 1931 vos

395 1951 512 1989 quidem
532 1953 659 1979 mortuos
680 1958 742 1980 esse
762 1952 890 1987 peccato,
906 1949 1030 1978 viventes
1044 1952 1138 1978 autem
1154 1949 1211 1978 Deo
1222 1960 1248 1984 »;

398 2002 425 2028 et
446 1999 564 2027 iterum:
593 1997 674 2026 «Sed
702 2005 793 2035 neque
820 1997 978 2026 exhiheatis
1004 1996 1130 2025 membra
1157 2000 1250 2026 vestra

398 2054 475 2075 arma
496 2045 650 2083 iniquitatis
670 2048 799 2082 peccato,
822 2044 869 2074 sed
890 2044 1022 2073 exhibete
1042 2052 1092 2073 vos
1112 2044 1169 2073 Deo
1191 2048 1250 2073 tan-

267 2105 381 2125 seeundum.
398 2101 482 2131 quam
503 2101 540 2122 ex
562 2092 680 2121 mortuis
700 2092 825 2121 viventes
839 2104 853 2117 »
878 2095 929 2120 etc.
953 2107 990 2113 —
1013 2091 1080 2120 item
1101 2091 1135 2120 ad
1151 2091 1250 2129 profe-

398 2143 477 2168 ctum
498 2139 681 2168 memorum.
704 2139 770 2167 Nam
790 2142 818 2168 et
839 2138 967 2167 Christus
988 2139 1016 2167 in
1044 2138 1251 2168 resurrectione

398 2187 548 2216 novitatem
569 2186 644 2215 vitae
663 2186 812 2220 assumsit;
835 2185 910 2214 uude
924 2185 958 2214 ad
974 2186 1110 2215 Romanos
1131 2186 1250 2215 sextofi:

404 2246 417 2259 α
432 2234 574 2271 Quomodo
596 2234 724 2262 Christus
745 2233 872 2262 surrexit
892 2241 908 2262 a
928 2233 1049 2262 mortuis
1069 2241 1120 2270 per
1135 2233 1251 2270 gloriam

400 2281 502 2316 Patris,
523 2281 562 2309 ita
576 2284 603 2310 et
624 2289 674 2309 nos
695 2281 723 2309 in
744 2280 865 2309 novitate
886 2280 958 2309 vitae
979 2280 1156 2309 ambulemus
1171 2292 1197 2308 ι).
1214 2296 1251 2301 —-

291 2341 382 2361 Tertium.
399 2328 467 2357 Item
481 2328 515 2357 ad
530 2328 716 2357 tolerantiam.
727 2328 930 2356 adversorum.
943 2327 1072 2356 Videntes
1083 2327 1166 2362 enim,
1178 2327 1253 2364 quod

400 2380 442 2405 est
462 2378 524 2413 post
544 2378 662 2404 mortem
684 2375 794 2409 vivere,
815 2383 870 2403 non
895 2374 1030 2404 dehemus
1057 2376 1176 2403 mortem
1202 2382 1253 2411 pro

400 2422 510 2452 Christo
532 2422 675 2460 refugere;
697 2425 724 2451 et
744 2421 818 2456 ideo,
834 2422 906 2451 sicut
919 2421 1039 2450 hahetur
1060 2420 1094 2450 ad
1115 2421 1253 2450 Hebraeos

305 1069 376 1088 Tertia.

465 2592 472 2605 ¹
493 2594 558 2615 Vers.
576 2593 597 2615 9,
616 2605 645 2608 -
663 2593 772 2621 Sequitur
790 2593 838 2615 Act.
856 2593 883 2619 2,
901 2592 938 2615 24.
956 2593 993 2615 25.
1011 2596 1034 2615 et
1051 2593 1094 2620 27,
1112 2592 1151 2615 ubi
1169 2593 1252 2621 allega-

402 2635 440 2656 tur
455 2633 493 2656 Ps.
511 2632 552 2661 15,
569 2633 592 2655 8.
609 2638 662 2661 seq.

464 2671 475 2684 2
492 2672 558 2694 Vers.
568 2671 607 2694 20.
615 2683 648 2688 —
656 2672 750 2699 Versus,
763 2672 803 2701 qui
815 2675 952 2701 sequuntur,
963 2672 1034 2694 sumti
1045 2674 1099 2694 sunt
1110 2677 1139 2694 ex
1149 2672 1253 2699 Hymno:

402 2711 502 2734 Aurora
519 2709 580 2733 lucis
597 2709 695 2738 rutilat,
713 2716 782 2739 quem
800 2711 836 2733 Fr.
854 2711 898 2734 los.
921 2711 987 2733 Mune
1009 2710 1103 2739 (Hymni
1126 2710 1188 2733 latini
1208 2716 1254 2732 me-

403 2750 434 2772 dii
452 2750 517 2777 aevi,
534 2749 641 2777 Friburgi
658 2750 793 2778 Brisgoviae
815 2750 874 2772 ⁴853
898 2752 953 2773 tom.
971 2750 985 2772 l.
1003 2756 1059 2778 pag.
1077 2750 1134 2777 1¹90,
1152 2751 1254 2778 hymnus

405 2789 444 2811 441
458 2798 463 2811 :
480 2788 518 2812 Ad
533 2789 663 2812 matutinos
678 2789 791 2819 paschae)
810 2790 891 2817 refert,
907 2790 975 2812 cuius
994 2790 1061 2812 tertia
1084 2790 1179 2818 stropha
1196 2790 1253 2812 haec

404 2827 474 2850 habet
491 2827 578 2850 verba:

688 2867 724 2890 llle
741 2867 781 2896 qui
799 2868 892 2890 clausus
908 2867 985 2896 lapide

656 2905 790 2929 Custoditur
807 2905 851 2929 sub
869 2906 952 2935 milite,

655 2945 815 2973 Triumphans
830 2951 917 2973 pompa
933 2945 1018 2973 nobili,

658 2984 737 3007 Victor
754 2984 828 3013 surgit
846 2984 874 3007 de
892 2985 977 3007 sunere.

840 177 1066 208 COLLATIONES
1087 177 1120 206 IN
1141 176 1288 205 lOANNEM
1310 175 1379 204 CAP.
1401 175 1456 203 XX.
1478 173 1572 203 COLL.
1595 174 1703 203 Lxxut.

1297 253 1463 286 undecimo,
1488 252 1628 281 «distenti
1650 255 1745 281 sunt»
1763 252 1853 281 Sancti
1875 263 1888 278 «
1900 260 1956 281 non
1970 252 2152 290 suscipientes
2285 159 2290 271 ἱ

1299 299 1535 337 redemptionem,
1555 303 1587 328 ut
1614 298 1756 328 meliorem
1784 299 1941 329 invenirent
1969 299 2151 328 resurrectio-

1295 353 1361 376 ‚nem
1377 357 1404 380 »;
1426 346 1461 375 ad
1483 346 1618 375 Romanos
1638 348 1734 375 sexto:
1759 346 1815 375 «Si
1835 346 2012 383 complantati
2026 346 2089 376 sacti
2105 354 2151 376 su·
2282 383 2283 386 Ἴ

1297 401 1361 423 mus
1382 392 1555 423 similitudini
1571 392 1669 422 mortis
1689 393 1767 427 eius,
1787 393 1870 422 simul
1891 396 1919 422 et
1940 393 2152 422 resurrectionis
2264 389 2285 428 0st

1296 440 1404 470 erimus
1419 451 1446 468 ».
1470 456 1504 461 -
1528 440 1594 469 {tem
1615 440 1648 469 ad
1670 443 1863 478 contemptum
1881 440 2104 469 mundanorum
2125 443 2153 469 et
2170 437 2293 478 onagrum&

1298 487 1333 516 ad
1347 487 1525 516 desiderium
1541 490 1745 520 aeternorum,
1768 486 2004 524 quemadmodum
2023 486 2153 516 Christus
2183 473 2294 520 ¹³⁰¹m¹¹¹335⁸

1299 535 1328 564 in
1348 542 1399 563 sua
1421 534 1626 564 resurrectione
1647 532 1785 563 mundum
1805 533 1930 563 deseruit
1950 536 1978 563 et
1996 534 2030 563 ad
2045 534 2152 563 Patrem

1299 581 1430 611 ascendit.
1453 580 1492 611 De
1513 582 1557 610 his
1577 581 1688 611 duobus
1708 580 1743 610 ad
1763 581 1939 610 Colossenses
1957 581 2078 611 tertio⁶t
2098 581 2153 610 «Si
2286 607 2287 611 ,

1300 629 1521 658 consurrexistis
1540 636 1605 657 cum
1625 628 1752 661 Christo,
1774 636 1845 665 quae
1860 635 1974 658 sursum
1990 631 2055 658 sunt
2069 635 2154 666 quae-
2283 623 2287 661 ,¹

1301 676 1370 709 rite,
1392 675 1439 704 ubi
1461 674 1590 704 Christus
1610 674 1701 704 estin
1725 674 1842 704 dextera
1864 674 1914 704 Dei
1933 674 2059 704 sedens»
2084 677 2153 708 etc.;
2284 674 2290 709 J

1301 726 1328 752 et
1349 723 1467 751 iterum:
1498 722 1603 758 «Quae
1631 728 1746 751 sursum
1774 724 1840 752 sunt
1869 721 1972 759 sapite,
2001 729 2055 751 non
2083 729 2155 760 quae
2287 689 2294 794 ξ

1301 777 1387 807 super
1408 773 1555 798 terram».

1601 871 1745 895 COLLATlO
1762 871 1860 895 Lxxm,

1383 958 1472 995 (Vers.
1498 959 1565 995 17.).
1588 957 1720 987 Ascendo
1740 958 1781 986 ad
1802 958 1925 986 Patrem
1946 960 2082 987 ‘meum-et
2095 957 2156 987 Ρα-

1305 1008 1378 1034 trem
1398 1009 1537 1034 vestrum.

1386 1053 1409 1081 1.
1431 1052 1516 1087 Nota,
1536 1052 1612 1090 quod
1639 1052 1853 1090 quadruplicem
1879 1059 2026 1081 ascensum
2053 1051 2156 1081 Christi
2173 1057 2291 1087 Quadrupes-i

1304 1098 1422 1135 legimus
1446 1099 1476 1128 in
1503 1100 1663 1136 Scriptura,
1692 1099 1797 1128 seilicet
1823 1106 1970 1128 ascensum
1998 1098 2100 1128 Christi
2127 1098 2156 1128 in
2190 1087 2270 1126 ffiissil?

1304 1154 1443 1181 cat-nem,
1475 1154 1622 1175 ascensum
1652 1146 1754 1175 Christi
1787 1146 1814 1175 in
1845 1154 1981 1180 comem,
2011 1153 2156 1175 ascensum

1304 1193 1406 1222 Christi
1429 1193 1465 1222 ab
1487 1192 1594 1231 inferis
1614 1196 1642 1222 et
1665 1201 1812 1223 ascensum
1840 1193 1941 1222 Christi
1963 1193 2004 1222 ad
2023 1193 2155 1222 Patrem.

1305 1256 1344 1263 -—
1371 1241 1411 1270 De
1437 1249 1555 1270 ascensu
1586 1240 1688 1270 Christi
1718 1241 1745 1269 in
1768 1248 1906 1275 carnem,
1938 1241 2022 1270 Isaiae
2051 1240 2158 1270 decimo
2175 1246 2243 1266 Prima.

1304 1288 1417 1317 n0n07:
1444 1300 1457 1313 «
1473 1288 1556 1322 Ecce,
1577 1288 1707 1317 ascendet
1727 1288 1862 1317 Dominus
1889 1295 1975 1325 super
1996 1287 2099 1317 nubem
2119 1287 2169 1324 le-⁴

1305 1344 1366 1365 vem
1388 1338 1416 1364 et
1440 1335 1612 1372 ingredietur
1631 1336 1783 1372 Aegyptum
1800 1347 1826 1363 ».
1842 1351 1880 1355 —
1894 1335 1933 1364 De
1947 1342 2064 1364 ascensu
2079 1334 2159 1363 Chri·
2175 1341 2264 1360 secunda.

1305 1383 1339 1412 sti
1355 1383 1384 1412 in
1398 1391 1532 1417 erucem,
1549 1382 1632 1411 Isaiae
1654 1382 1885 1419 quinquagesimo
1907 1382 2005 1411 tertio:
2031 1393 2045 1407 α
2059 1382 2159 1411 Ascen-

1304 1430 1351 1459 det
1372 1430 1444 1459 sicut
1465 1430 1618 1467 virgultum
1637 1437 1732 1458 coram
1754 1437 1787 1458 eo
1808 1432 1835 1458 et
1854 1429 1926 1458 sicut
1940 1429 2021 1458 radix
2035 1428 2069 1458 de
2083 1431 2160 1458 terra

1305 1477 1407 1506 sitienti
1430 1489 1457 1505 ».
1488 1494 1522 1497 -
1553 1477 1592 1506 De
1623 1484 1739 1505 ascensu
1771 1476 1873 1505 Christi
1905 1475 1942 1505 ab
1973 1475 2098 1514 inferis,
2131 1476 2159 1505 in
2176 1481 2245 1502 Tertia-

1306 1525 1428 1553 Psalmo:
1454 1524 1537 1553 «lter
1558 1524 1639 1553 facite
1660 1524 1684 1553 ei
1706 1521 1755 1561 qui
1776 1523 1899 1552 ascendit
1913 1531 1998 1560 super
2012 1531 2158 1558 occasum;

1306 1571 1441 1600 Dominus
1463 1578 1563 1599 nomen
1585 1570 1622 1599 illi
1641 1582 1666 1599 ».
1683 1587 1718 1591 —
1735 1570 1774 1599 De
1789 1578 1906 1599 ascensu
1927 1570 2029 1599 Christi
2044 1570 2085 1599 acl
2101 1570 2159 1599 Pa·
2175 1575 2251 1600 Quarta·

1306 1622 1396 1653 crem,
1419 1618 1480 1647 hic:
1503 1617 1635 1646 Ascendo
1656 1618 1697 1646 acl
1719 1617 1840 1646 Patrem
1862 1625 1959 1646 'meum
1980 1620 2032 1647 etc.

1386 1667 1412 1695 ι).
1435 1666 1467 1694 Et
1488 1665 1587 1699 notass,
1610 1665 1685 1702 quod
1712 1671 1844 1694 ascensus
1872 1664 1923 1694 iste
1950 1664 2082 1700 ultimus,
2111 1663 2296 1712 quivgqtgartanw

1306 1713 1379 1741 inter
1407 1712 1475 1741 alios
1503 1714 1546 1741 est
1574 1711 1749 1749 principalis,
1770 1710 1973 1740 nobilissimus
1992 1711 2045 1741 fuit
2073 1720 2160 1750 quan-
2183 1698 2296 1737 tussr'f‘qw'

1305 1762 1366 1788 tum
1388 1759 1421 1788 ad
1444 1759 1612 1797 primatum,
1631 1758 1851 1796 potentissimus
1878 1761 2015 1796 quantum
2043 1758 2077 1788 ad
2102 1766 2160 1788 mo*

1306 1806 1389 1841 dum,
1412 1805 1649 1835 iucundissimus
1668 1808 1805 1843 quantum
1826 1804 1861 1833 ad
1882 1813 2029 1843 pompam,
2051 1805 2160 1834 altissi-

1306 1862 1375 1882 mus
1402 1855 1539 1891 quantum
1568 1853 1601 1881 ad
1631 1852 1791 1882 terminum.
1815 1868 1852 1874 —
1872 1851 2080 1882 Nobilz'ssz'mus
2107 1853 2160 1882 fuit
2177 1858 2265 1878 Prin-urn-

1306 1904 1444 1939 quantum
1465 1900 1500 1929 ad
1518 1900 1695 1938 wimarum.
1717 1900 1816 1929 Nullus
1829 1900 1903 1929 enim
1919 1899 2042 1930 ascendit
2056 1900 2084 1929 in
2099 1908 2160 1930 cae-

1307 1949 1365 1978 lum
1387 1948 1478 1985 primo
1498 1951 1526 1976 et
1550 1955 1602 1985 per
1622 1955 1652 1976 se
1680 1947 1732 1976 nisi
1761 1947 1897 1976 Christus.
1927 1947 1994 1976 Nam
2022 1950 2161 1985 quotquot

1307 1999 1419 2033 praeter
1440 1995 1531 2032 ipsum
1553 1994 1722 2029 ascendunt,
1741 2002 1796 2032 per
1816 1994 1908 2032 ipsum
1929 1997 1957 2024 et
1974 1993 2159 2032 poscipsum3

1307 2046 1335 2072 et
1355 2043 1417 2072 ideo
1437 2042 1545 2071 loannis
1565 2042 1688 2071 tertioss:
1714 2042 1824 2071 «Nemo
1846 2041 1969 2071 ascendit
1990 2041 2017 2071 in
2036 2042 2160 2077 caelum,

1307 2090 1360 2119 nisi
1375 2090 1423 2128 qui
1438 2089 1580 2119 descendit
1599 2089 1633 2118 de
1647 2089 1736 2124 caelo,
1751 2089 1835 2118 Filius
1855 2089 1992 2124 hominis,
2007 2089 2056 2127 qui
2070 2091 2112 2118 est
2132 2089 2161 2118 in

1308 2138 1384 2167 caelo
1398 2150 1424 2166 ι).
1442 2154 1479 2159 -
1498 2138 1560 2166 Fuit
1577 2137 1798 2175 potentissimus
1818 2139 1955 2175 quantum
1976 2136 2011 2166 ad
2031 2136 2160 2166 modum.
2178 2140 2287 2160 Secundum·

1309 2186 1367 2214 Non
1388 2185 1461 2214 enim
1490 2184 1613 2213 ascendit
1641 2184 1808 2218 translatus,
1829 2187 1861 2213 ut
1882 2184 2009 2219 Henoeh,
2030 2182 2075 2213 vel
2095 2183 2161 2213 sub-

1309 2235 1421 2267 vectus⁷
1443 2236 1474 2262 ut
1496 2232 1581 2267 Elias,
1603 2231 1650 2261 sed
1672 2232 1787 2269 propria
1807 2231 1912 2260 virtute
1933 2231 2074 2266 elevatus;
2087 2230 2161 2260 unde

1309 2283 1489 2317 comparatur
1501 2280 1561 2309 eius
1572 2279 1697 2309 ascensio
1712 2278 1830 2313 volatui;
1846 2279 1971 2308 Psalmus
1983 2279 2021 2308 ¹⁰:
2037 2290 2053 2304 α
2063 2279 2161 2308 Ascen-

1309 2327 1350 2356 dit
1370 2335 1455 2364 super
1476 2326 1627 2356 Cherubim
1649 2329 1676 2356 et
1697 2325 1840 2355 volavit».
1863 2342 1902 2347 —-
1922 2325 2162 2355 [mundissimus
2178 2329 2267 2349 Tertium-

1310 2378 1446 2411 quantum
1467 2374 1501 2403 ad
1521 2382 1661 2412 pompam
1668 2384 1680 2407 ;
1699 2373 1774 2403 unde
1795 2373 1823 2402 in
1852 2373 1975 2402 Psalmo:
2008 2385 2022 2398 α
2036 2372 2162 2402 Ascendit

1310 2421 1384 2450 Deus
1406 2421 1433 2450 in
1454 2421 1542 2450 iubilo
1561 2424 1589 2450 et
1609 2420 1745 2450 Dominus
1765 2420 1792 2449 in
1815 2428 1882 2450 voce
1903 2418 1986 2450 tubae
2001 2432 2026 2448 ».
2049 2435 2086 2442 --
2101 2420 2162 2449 Fuit
2179 2424 2275 2449 Quartum·

1373 2591 1382 2604 ⁹
1401 2593 1466 2615 Vers.
1484 2593 1522 2614 20.
1541 2604 1570 2608 —
1587 2592 1721 2621 Sequuntur
1738 2591 1752 2613 l.
1769 2591 1821 2614 Cor.
1840 2592 1882 2618 45,
1901 2591 1938 2614 114.
1965 2590 2014 2620 (ubi
2040 2597 2083 2619 pro
2104 2590 2162 2621 fides

1310 2633 1395 2655 nostra
1413 2632 1512 2659 Vulgata
1529 2630 1587 2661 fides
1604 2630 1693 2660 veslra)
1712 2633 1733 2653 et
1752 2631 1789 2653 12.

1373 2670 1383 2683 ⁴
1401 2671 1468 2694 Vers.
1485 2672 1507 2693 9.
1526 2671 1534 2693 4
1543 2671 1562 2693 1.
1581 2674 1603 2693 et
1621 2671 1657 2693 13Δ

1375 2709 1384 2722 ⁵
1401 2710 1471 2732 Vers.
1482 2710 1503 2732 4.
1515 2721 1546 2727 —
1558 2710 1609 2732 Duo
1621 2715 1685 2739 seqq.
1699 2709 1744 2732 loci
1755 2712 1808 2732 sunt
1820 2709 1888 2732 Hebr.
1905 2710 1910 2731 1
1921 2710 1939 2737 l,
1951 2709 1989 2732 35.
2001 2709 2098 2732 etRom.
2108 2709 2130 2736 6,
2140 2709 2161 2731 5.

1373 2748 1383 2761 ⁶
1401 2750 1466 2772 Vers.
1485 2750 1506 2772 1.
1524 2752 1547 2772 et
1564 2750 1586 2772 2.

1374 2786 1382 2799 ⁷
1402 2788 1469 2810 Vers.
1488 2789 1506 2811 1.
1523 2799 1554 2805 -
1573 2788 1622 2810 Duo
1639 2793 1706 2817 seqq.
1722 2788 1765 2810 loci
1778 2790 1831 2810 sunt
1842 2787 1891 2810 lsai.
1909 2787 1952 2815 53,
1969 2787 1991 2810 2.
2003 2789 2026 2810 et
2038 2787 2073 2810 Ps.
2085 2787 2128 2815 67,
2140 2786 2162 2809 5.

1374 2825 1385 2839 ⁸
1401 2826 1459 2850 eod.
1475 2826 1493 2850 C
1510 2825 1539 2850 Et
1555 2827 1626 2850 iuxta
1642 2826 1824 2857 meadruplicem
1842 2825 1939 2850 Domini
1954 2824 2162 2849 ascensum‘noca.

1374 2865 1384 2878 ⁹
1402 2867 1468 2889 Vers.
1486 2867 1524 2889 13.

1376 2904 1396 2917 ²⁰
1412 2906 1495 2928 Psalm.
1513 2905 1555 2934 47,
1575 2906 1609 2928 11.
1627 2906 1661 2929 De
1682 2906 1777 2929 Henocli
1794 2907 1836 2929 cst.
1847 2906 1904 2928 Gen.
1925 2906 1952 2934 5,
1970 2905 2012 2934 24,
2030 2907 2052 2927 et
2068 2904 2098 2928 de
2115 2905 2161 2927 Elia

1312 2945 1367 2968 vide
1384 2945 1420 2967 lV.
1438 2945 1496 2973 Reg.
1514 2946 1542 2972 2,
1559 2945 1597 2968 tt.
1612 2956 1645 2962 ——
1661 2945 1719 2968 Tres
1738 2951 1807 2974 seqq.
1827 2945 1871 2968 loci
1892 2947 1945 2967 sunt
1962 2945 1997 2968 Ps.
2015 2944 2057 2972 156,
2074 2944 2101 2972 ὃς
2119 2944 2161 2973 67,

1313 2983 1350 3006 34.
1367 2986 1390 3007 et
1408 2984 1508 3013 Ephsh,
1528 2985 1565 3006 to.
