2296 3316
731 144 901 173 COMMENT.
924 144 957 173 1Ν
978 143 1215 172 ΕΟΟΙ.Ε5ΙΑ8ΤΕΝ
1235 143 1263 172 C.
1285 143 1338 172 vlt.

239 225 352 254 CONTRA
373 225 425 253 hoc
446 227 503 253 est:
525 223 590 261 quia
604 223 738 252 Dominus
759 225 861 252 statum
876 222 1008 259 pauperis

15 285 21 312 3
65 279 141 299 eontra.
158 272 319 309 praeposuit
330 274 357 300 et
371 271 442 300 sacto
456 273 484 300 et
502 270 603 305 verbo,
623 270 751 299 Matthaei
772 270 878 298 decimo
899 277 972 298 nono
986 268 1005 297 ¹.

7 329 20 369 Ἴ
237 318 410 356 Respondeo:
432 317 595 352 dicendum,
616 317 691 354 quod
706 317 809 354 triplex
825 319 866 345 est
886 324 1006 353 pauper-

84 372 140 397 neap.
158 368 214 395 tas:
236 374 293 395 una
313 374 348 394 ex
368 365 594 402 complacentia,
617 364 670 393 alia
697 373 732 392 em
760 363 932 397 tolerantia,
954 363 1007 392 alia

7 392 88 446 'Liripiex
96 424 141 444 pau·
158 421 227 441 cum
246 412 437 449 impatientia.
469 411 559 440 Prima
586 411 658 440 bona
678 414 706 440 et
726 410 863 448 perfecta,
885 410 1006 439 secunda

6 447 19 487 ,Ῑῖ
45 445 114 468 νοω
157 462 199 489 est
219 459 395 496 imperfecta,
423 458 505 488 tertia
535 461 576 487 est
607 457 801 495 vituperanda;
826 457 1004 486 Ecclesiastici

157 506 264 535 decimo
279 506 393 535 tertio2:
414 506 607 543 «Nequissima
621 508 771 542 paupertas
785 505 812 533 in
827 512 876 533 ore
890 504 968 541 impii
978 514 1008 532 »:

155 570 195 575 —
215 553 330 590 Quando
350 553 465 587 dicitur⁷
486 553 561 590 quod
592 552 726 589 sapientia
750 551 847 580 melior
878 554 919 580 est
941 559 1005 582 cum

155 601 257 630 divitiis
283 609 367 638 quam
388 601 462 634 sine,
485 600 648 636 intelligitur
673 600 706 628 de.
733 602 911 636 paupertate,
933 607 1005 636 quae

156 650 197 676 est
217 655 281 676 cum
303 647 475 681 tolerantia,
497 647 540 675 vel
562 646 752 683 impatientia.

235 695 262 723 2.
294 694 373 731 Quod
403 694 533 723 obiicitur
563 693 597 722 de
627 693 808 727 difficultate,
840 693 1003 727 dicendum,

14 741 85 793 lsai-:uo
93 746 144 766 ad2
157 741 231 778 quod
252 744 293 770 est
313 741 462 770 difficultas
490 741 596 769 ratione
616 740 730 778 yeneiis
752 740 866 777 operis,
888 742 915 768 et
937 740 1004 769 haec

157 788 191 817 ad
211 788 344 817 virtutem
364 788 497 817 maiorem
518 788 595 822 sacit;
618 790 645 816 et
665 789 707 816 est
728 786 877 816 difficultas
898 787 1004 816 ratione

157 835 385 864 inordinationis
417 834 593 869 voluntatis,
626 835 698 864 sicut
731 842 833 863 avarus
864 834 1005 863 difficilius

156 883 203 912 dat
222 883 326 912 donum
347 891 430 920 quam
453 883 559 920 largus,
581 884 608 911 et
628 882 680 911 ista
694 881 798 915 nihil³;
821 881 859 910 sic
880 884 907 910 et
928 881 1005 911 dives

69 935 138 954 Amer-
154 929 293 959 difficilius
314 930 445 959 salvatur.
468 946 506 950 —
527 929 610 958 Aliter
632 928 763 957 solvitur:
786 928 850 965 quia
876 928 1004 965 intelligi-

155 980 202 1006 tur
223 977 257 1006 de
278 977 470 1014 superfluitate
491 980 518 1005 et
539 976 623 1005 nimia
643 978 772 1013 egestate.

235 1024 263 1053 11.
285 1024 436 1061 Quaeritur
466 1024 500 1052 de
531 1024 584 1052 hoc
611 1023 685 1060 quod
711 1023 790 1051 dicit:
814 1023 897 1059 Quod
921 1032 1004 1052 nemo

12 1104 13 1115 ἵ
152 1074 245 1109 potest
266 1072 430 1109 corripere,
452 1080 536 1109 quem
560 1071 635 1099 Deus
656 1070 823 1107 despexerit

12 1129 13 1148 l
235 1120 259 1147 1.
282 1119 333 1149 Sed
354 1119 428 1147 Deus
448 1118 564 1155 despicit
590 1126 699 1147 omnem
725 1120 911 1154 peccatorem,
938 1118 1004 1156 quia

12 1169 138 1213 Mounesi—
155 1164 324 1194 Atttsstmus
345 1165 411 1194 odio
432 1164 515 1194 ltabet
532 1168 713 1202 peecata-,es
741 1164 905 1193 Ecclesiatici
934 1165 1003 1194 duo-

11 1216 12 1222 *
155 1212 299 1247 decimo&
322 1215 364 1241 et:
380 1212 521 1241 Similiter
539 1211 744 1240 abominabilis
765 1215 806 1239 est
822 1212 877 1240 Deo
892 1212 1003 1249 impius

153 1262 180 1288 et
198 1259 333 1297 impietas
354 1259 425 1288 etus.

232 1308 258 1335 2.
282 1307 363 1341 Item,
386 1306 407 1335 si
429 1314 483 1335 non
499 1308 588 1343 potest
609 1305 726 1343 corrigi,
742 1313 808 1342 ergo
823 1314 873 1335 nec
888 1306 1001 1335 salvari:

153 1361 219 1390 ergo
239 1362 294 1382 000
315 1353 396 1382 debet
418 1353 469 1382 sibi
491 1353 630 1390 imputari.

232 1400 406 1437 Respondeo:
435 1400 598 1434 dicendum,
627 1400 701 1437 quod
727 1400 799 1429 sicut
827 1400 932 1437 duplex
960 1404 1002 1430 est

153 1447 281 1486 dilectio,
302 1447 406 1476 scilicet
434 1451 553 1476 aeterna
578 1450 605 1476 et
632 1447 793 1476 secandum
819 1451 1002 1484 praesentem

153 1494 298 1523 iustitiam
309 1494 336 1527 ⁵‚·
351 1494 388 1523 ita
401 1494 506 1531 duplex
521 1497 563 1523 est
578 1493 726 1522 hominum
747 1494 905 1531 ‹lespeetz'o;
920 1498 947 1523 et
962 1495 1001 1523 lo-

152 1542 249 1579 quitur
264 1542 309 1570 hic
322 1541 356 1571 de
372 1541 482 1570 homine
496 1550 551 1570 non
566 1549 757 1579 quocumque,
772 1541 818 1570 sed
839 1542 1000 1579 reprobato,

151 1596 202 1617 nec
222 1588 256 1617 de
277 1596 454 1626 quacumque
475 1588 664 1625 despectione,
693 1588 741 1617 sed
767 1588 801 1617 de
827 1588 1001 1625 despectione

151 1635 304 1665 secundum
319 1635 541 1672 reprobationem
556 1639 712 1670 aeternam,
734 1635 815 1664 cuius
836 1636 945 1673 signum
960 1640 1002 1665 est

151 1683 298 1712 obduratio
326 1683 353 1711 in
382 1683 535 1720 praesenti;
564 1686 591 1711 et
616 1683 654 1711 ita
674 1691 728 1711 non
751 1683 834 1712 babet
856 1683 946 1712 locum
967 1684 1001 1713 de

152 1729 225 1758 omni
247 1732 404 1767 peccatore,
426 1729 473 1758 sed
494 1729 528 1758 de
549 1729 684 1766 reprobis.

231 1779 257 1806 2.
279 1777 358 1814 Quod
379 1777 521 1810 obiicitur,
543 1772 621 1813 quod.
639 1785 693 1805 non
724 1777 805 1806 debet
827 1778 877 1807 sibi
910 1778 1000 1815 impu-

151 1824 203 1853 tari
213 1835 219 1858 ;
241 1824 401 1857 dicendum,
423 1823 498 1861 quod
519 1823 617 1857 immo,
633 1824 697 1861 quia
713 1824 786 1853 Deus
802 1825 939 1854 neminem
953 1825 1000 1854 de-

152 1871 232 1908 spicit
246 1871 304 1900 sine
319 1879 410 1900 causa.
424 1871 498 1900 Unde
510 1874 545 1904 ct,
558 1871 685 1907 quamvis
700 1880 755 1900 non
771 1872 855 1909 possit
870 1880 999 1909 surgere,

151 1918 203 1947 nisi
225 1918 299 1954 Deus
326 1919 449 1955 porrigat
478 1926 606 1952 inanum,
629 1921 718 1947 tamen
748 1927 802 1947 non
829 1923 999 1953 excusatur,

150 1965 215 2002 quia
237 1965 319 2002 culpa
339 1973 389 1994 sua
409 1968 465 1999 est,
487 1965 561 2002 quod
583 1974 683 1994 manus
714 1974 768 1994 non
790 1966 943 2003 porrigitur
965 1966 998 1995 ei.

150 2012 226 2041 Unde
240 2012 306 2041 dicit
321 2007 489 2050 Augustinus
511 2012 537 2041 in
561 2012 630 2041 libro
650 2012 684 2041 de
705 2013 880 2042 Correctione
895 2016 922 2042 et
936 2022 998 2050 gra-

150 2059 223 2093 tia⁶‚
245 2059 319 2097 quod
340 2067 422 2088 nemo
442 2060 593 2097 corrigitur
614 2060 665 2089 nisi
688 2060 790 2089 volens.

231 2106 268 2134 lll.
292 2106 356 2135 Item
385 2106 530 2144 quaeritur
561 2106 594 2135 de
621 2107 672 2135 boc
699 2106 774 2143 quod
798 2107 876 2135 dicit:
899 2107 999 2135 [astus

149 2153 226 2190 perit
245 2153 407 2182 iniustitia
428 2162 495 2187 sua,
517 2157 542 2182 et
557 2154 666 2191 impias
682 2154 751 2182 vivit
773 2153 858 2191 lonyo
874 2157 999 2191 tempore

150 2200 182 2228 in
204 2200 356 2237 impietate.

232 2249 255 2276 1.
278 2248 330 2276 San
351 2255 473 2277 courum
490 2248 516 2276 10
533 2248 638 2276 Psalmo
650 2248 675 2276 ⁷:
698 2248 761 2276 Viri
773 2249 955 2286 sanquinum
974 2253 998 2277 et

150 2294 243 2323 dolosi
261 2303 320 2323 non
340 2295 541 2324 dimidiabunt
560 2296 622 2325 dies
641 2304 719 2324 suos.

229 2343 255 2370 2.
279 2342 357 2377 ltem,
372 2342 405 2371 de
420 2342 512 2377 bonis,
528 2343 613 2371 Exodi
631 2343 793 2380 vigesiinoss:
811 2344 930 2372 Honora
942 2353 998 2381 pa-

151 2392 223 2417 trem
249 2392 349 2423 titum,
378 2392 412 2417 ut
434 2389 477 2417 sis
508 2389 665 2427 longaevas
695 2399 785 2427 super
813 2394 941 2425 ter-ram,
969 2394 997 2419 et

16 1452 77 1478 Resp.
90 1457 133 1472 com

17 1475 141 1495 distinctione.

14 1828 79 1848 violatio
88 1830 111 1848 ad
120 1829 138 1849 2.

202 2558 221 2574 -¹
240 2559 305 2582 Vers.
322 2560 360 2582 21.

213 2596 222 2610 ²
240 2598 306 2620 Vers.
324 2598 361 2621 30.
378 2611 409 2615 —
426 2599 485 2621 Vide
503 2600 546 2628 Qq.
569 2600 678 2628 disputat.
701 2600 730 2622 de
753 2600 891 2633 Pei-sectione
913 2607 997 2628 evang.

151 2636 216 2661 (toni.
233 2636 270 2665 V.)
289 2644 312 2665 q.
330 2638 352 2659 2.
369 2644 389 2659 a.
409 2638 429 2659 i.
446 2638 475 2660 ad
495 2639 520 2664 1;
539 2638 594 2661 ibid.
612 2645 636 2667 q.
653 2640 674 2661 3.
691 2639 719 2661 ad
739 2640 759 2661 b'.
781 2639 907 2661 insinuatur
930 2640 997 2662 solut.

150 2681 200 2705 seq.
224 2676 367 2699 obiectionis.
389 2690 419 2694 —
440 2678 490 2700 Mox
513 2677 558 2700 tide
581 2677 624 2700 AC
648 2679 769 2706 posuimus
791 2678 931 2708 intetltqttw·
954 2686 996 2707 pro

151 2721 198 2738 uon
210 2715 356 2745 intentantur.
516 2716 525 2728 ⁵
538 2718 635 2745 Supple:
649 2718 678 2740 ad
692 2718 802 2740 maiorem
816 2719 923 2741 virtutem
938 2719 997 2741 lacit.

212 2752 222 2765 ⁴
240 2754 305 2776 Vers.
326 2755 347 2777 3.
365 2767 395 2771 —
413 2755 521 2783 Sequitur
540 2756 592 2783 Sap.
611 2755 652 2783 it,
669 2756 691 2778 9.

213 2791 222 2805 ⁵
239 2792 282 2816 Ct'r.
302 2794 316 2815 l.
334 2794 397 2816 sent.
414 2794 437 2816 d.
455 2794 492 2817 40.
509 2800 529 2816 a.
548 2796 570 2817 2.
587 2801 611 2823 q.
628 2796 649 2817 2.
666 2795 694 2817 ad
714 2796 735 2818 1,
752 2798 773 2818 et
791 2797 812 2818 2.
831 2809 860 2812 ——
878 2797 920 2818 Pro
942 2796 998 2819 dile-

152 2831 196 2854 ctio
215 2832 265 2854 Vat.
282 2831 360 2855 electio
379 2833 428 2859 (cfr.
447 2833 490 2855 loc.
509 2833 546 2855 cit.
564 2840 584 2856 a.
603 2835 624 2857 3.
641 2841 664 2862 q.
681 2835 703 2856 sl.
721 2841 782 2863 seq.;
800 2835 856 2857 ibid.
874 2842 894 2857 a.
913 2835 934 2858 Ιι.
951 2836 998 2863 agi-

152 2873 188 2892 tur
205 2871 235 2893 de
252 2870 414 2899 reprobatione
431 2875 453 2894 et
470 2872 640 2901 obduratione).
661 2874 756 2896 luserius
773 2874 845 2896 verba
861 2874 902 2897 sed
916 2881 997 2904 repro-

151 2907 204 2931 hato
221 2908 249 2932 de
266 2915 415 2939 marcumque
431 2910 575 2940 despectione
592 2913 752 2940 supplevimus
770 2919 796 2935 ex
814 2914 840 2935 A.

213 2945 223 2959 ⁰
240 2947 296 2975 Cap.
314 2948 336 2971 5.
353 2955 376 2970 u.
393 2949 414 2971 7.
433 2956 498 2978 seqq.
515 2953 537 2972 et
553 2956 573 2972 c.
594 2951 628 2973 14.
646 2957 667 2973 11.
686 2951 722 2973 43.
735 2958 782 2980 seq.
795 2952 901 2974 Secunda
916 2959 998 2976 manus

1873 147 1908 175 59

1064 221 1145 258 longo
1166 222 1243 251 vivas
1263 225 1403 259 tempore:
1425 231 1492 261 ergo
1512 224 1668 253 observanti
1697 226 1825 255 mandata
1845 236 1909 264 pro-

1064 267 1192 305 longatur
1210 269 1274 297 vita.

1142 315 1316 351 Respondeo:
1344 316 1507 352 dicendum,
1536 318 1609 355 quod
1638 319 1710 348 sicut
1736 320 1837 349 dicitur
1863 322 1909 350 Sa—
1927 324 1983 348 Resp-

1063 361 1182 398 pientiae
1202 364 1325 399 quarto⁹
1346 363 1380 393 de
1401 365 1489 393 iusto:
1514 365 1741 395 Consummatus
1769 368 1799 396 in
1828 368 1908 397 breui

1063 408 1212 446 complevit
1233 413 1364 447 tempora
1383 411 1491 446 multa,
1513 416 1540 441 et
1561 414 1640 450 pauci
1663 414 1690 442 in
1712 415 1814 444 multos
1835 423 1908 444 com-

1062 458 1213 492 putantur;
1236 456 1274 485 sic
1295 465 1310 485 e
1331 458 1470 487 contrario
1491 459 1518 487 in
1540 460 1634 494 malis,
1656 461 1695 489 sic
1713 462 1794 490 eliam
1809 462 1842 491 de
1857 472 1908 492 nu-

1062 509 1140 530 mero
1154 502 1350 532 salvandorum
1362 507 1389 532 et
1403 505 1635 541 damnandorum
1651 511 1678 535 et
1693 508 1829 545 longiores
1843 513 1908 539 sunt

1062 548 1120 578 dies
1134 549 1287 583 bonorum,
1303 550 1369 587 quia
1383 551 1522 586 meliores,
1538 561 1591 581 non
1608 554 1673 591 quia
1686 554 1791 584 diutius
1806 556 1905 585 vivant.

1141 596 1294 624 Notandum
1316 601 1424 632 autem,
1446 599 1520 635 quod
1542 599 1712 629 breviantur
1733 603 1796 631 anni
1818 603 2051 646 h0111i-⁰⁰*}}}‡‘J2210-

1062 643 1145 672 nibus
1165 643 1328 680 aliquando,
1343 652 1377 673 ne
1392 645 1465 674 mali
1484 646 1563 681 sant
1586 648 1738 684 Sapientiae
1759 653 1859 686 quarto
1872 651 1905 679 ¹⁰:
1942 633 2053 693 ἶζθνῑξῖῑὲἐ

1063 690 1247 727 Raptus-est,
1262 699 1297 718 ne
1310 691 1426 720 malitia
1441 697 1570 722 mutaret
1584 695 1754 724 intellectam
1768 697 1831 725 eius
1845 701 1906 732 etc,
1944 680 2054 721 {wagen-

1061 737 1224 774 aliquando,
1247 745 1281 766 ne
1299 739 1413 775 peiores
1434 740 1513 774 fiant;
1529 741 1555 769 in
1572 741 1692 771 Psalmo:
1711 743 1774 771 Viri
1785 745 1907 782 Sangui-

1061 792 1134 812 num
1155 788 1179 812 et
1201 784 1294 813 dolosi
1312 794 1370 814 non
1391 786 1663 817 dimidiabuntdies
1677 798 1754 818 31103.
1771 807 1806 812 -
1824 791 1908 820 Elon-

1059 834 1173 868 9antwr
1199 834 1293 861 autem
1314 832 1348 861 ad
1370 834 1578 871 purgationem
1604 836 1701 871 bonis;
1729 837 1906 868 Ecclesiastici

1061 878 1198 907 secundo:
1222 879 1368 915 Quoniam
1390 880 1422 909 in
1443 881 1508 918 igme
1525 882 1672 919 probatur
1694 893 1823 919 aarum,-
1850 894 1907 914 ma-

1061 925 1110 960 lis,
1131 926 1165 954 ad
1193 934 1273 955 suam
1300 927 1542 963 emendationmm
1563 930 1596 958 ad
1619 931 1752 960 Romanos
1773 933 1906 961 secundo:

1062 974 1111 1001 An
1130 973 1269 1010 ignor-ae,
1291 974 1431 1012 quoniam
1455 976 1506 1004 Dei
1526 976 1688 1014 bemym‘tas
1708 979 1748 1007 ad
1764 980 1907 1016 poeniten-

1061 1021 1134 1050 tiam
1155 1025 1180 1050 te
1200 1022 1343 1050 adducit?

1135 1121 1231 1153 Quarto,
1250 1123 1383 1148 documenta
1400 1125 1497 1155 quatuor
1514 1125 1543 1149 ad
1560 1126 1686 1150 habendam
1703 1127 1828 1151 iustitiam.

1140 1210 1207 1238 Noli
1227 1219 1285 1239 esse
1307 1211 1403 1240 iustus
1424 1212 1557 1241 maltum
1588 1214 1677 1250 Supra
1706 1215 1797 1251 posuit
1823 1215 1906 1244 docu-
1925 1213 2002 1232 ‘'wisi‘'-

1060 1259 1152 1285 menta
1172 1257 1207 1286 ad
1228 1258 1382 1287 habendam
1398 1259 1568 1295 modestiam,
1591 1262 1770 1290 constantiam
1792 1266 1819 1291 et
1840 1271 1907 1299 pru-

1058 1303 1195 1339 dentiam,
1219 1298 1263 1334 bic
1284 1309 1385 1342 quarto
1407 1307 1483 1343 ponit
1511 1307 1677 1337 documenta
1697 1308 1730 1336 ad
1753 1310 1905 1338 habendam

1059 1351 1218 1384 iustitiaim
1239 1355 1266 1381 et
1287 1353 1353 1390 quia
1374 1362 1428 1382 1100
1449 1357 1490 1383 est
1512 1355 1615 1384 iustitia
1637 1364 1717 1390 vera,
1733 1365 1803 1393 quac
1825 1365 1906 1386 exce-

1059 1398 1098 1427 dit
1120 1399 1147 1427 in
1169 1399 1260 1436 rigore
1281 1404 1308 1428 et
1329 1400 1508 1435 crudelitate,
1531 1402 1581 1431 nisi
1605 1406 1828 1440 contemperetur
1850 1405 1905 1441 pie-

1059 1449 1128 1475 tate:
1151 1446 1211 1475 ideo
1239 1447 1315 1484 ponit
1344 1448 1387 1477 hic
1418 1452 1540 1486 quatuor
1567 1449 1739 1478 documenta.
1763 1451 1790 1478 ln
1817 1451 1906 1487 primo

1055 1492 1189 1531 prohibet
1209 1494 1337 1531 riyorem
1357 1496 1520 1524 seueritatis
1541 1497 1583 1525 vel
1605 1504 1750 1526 excessum
1773 1497 1904 1531 iustitiae;

1059 1539 1086 1568 in
1107 1541 1237 1575 secundo,
1258 1542 1466 1579 praecipitium
1489 1544 1664 1581 iinpt'ctatis;
1686 1544 1712 1572 in
1736 1545 1816 1573 tertio
1831 1554 1905 1574 com-

1058 1587 1177 1616 mendat
1196 1587 1399 1618 emlztbz‘tz'oraem
1419 1590 1654 1625 misericor-ditm,-
1670 1591 1696 1620 in
1711 1595 1825 1629 quarm,
1847 1593 1906 1621 clis-

1057 1634 1274 1664 simalationem
1289 1637 1432 1673 propriae
1452 1638 1589 1667 iniuriae.

1138 1682 1226 1718 (Vers.
1252 1684 1316 1719 17.).
1341 1684 1367 1712 10
1390 1684 1480 1722 primo
1501 1685 1586 1722 igitur
1600 1686 1766 1715 documento
1787 1687 1904 1716 dissita-

1058 1729 1105 1757 (tet
1123 1737 1272 1757 excessum
1287 1730 1417 1759 iustitiae
1432 1732 1462 1759 in
1475 1733 1638 1769 puniendo,
1661 1741 1723 1762 cuin
1745 1734 1822 1762 dicit:
1839 1734 1906 1762 Noli

1057 1784 1116 1804 csse
1137 1776 1234 1805 iustus
1255 1778 1397 1812 inultum,
1420 1779 1446 1807 id
1467 1782 1524 1813 est,
1553 1788 1587 1808 ne
1615 1781 1733 1809 excedas
1755 1781 1781 1809 in
1807 1782 1905 1819 ripere

1057 1823 1202 1858 iustitiae,
1224 1825 1290 1861 quia
1321 1826 1402 1862 culpa
1432 1830 1473 1855 est
1506 1830 1588 1855 totam
1622 1828 1730 1864 vulpam
1757 1829 1902 1865 prosequi;

1058 1870 1130 1899 unde
1153 1871 1239 1900 lacobi
1261 1872 1382 1901 secundo
1395 1874 1432 1900 ¹¹:
1460 1885 1472 1897 «
1490 1873 1621 1902 Iudicium
1638 1874 1696 1902 sine
1717 1874 1903 1903 misericordia

1058 1917 1104 1946 fiet
1122 1918 1145 1946 ei
1165 1919 1212 1955 qui
1235 1927 1289 1947 non
1304 1919 1368 1948 facit
1383 1920 1597 1949 inisericordiam
1611 1933 1636 1949 ».
1652 1922 1709 1949 Non
1724 1921 1807 1950 debes
1821 1922 1901 1950 etiam

1056 1965 1192 1994 excedere
1207 1966 1233 1994 in
1247 1967 1463 2003 perscrutando
1478 1967 1611 2004 culpam,-
1627 1968 1686 1996 ideo
1704 1968 1785 1997 dicit:
1809 1968 1903 2007 Neque

1053 2012 1122 2048 plus
1136 2013 1248 2049 sapiae,
1264 2021 1354 2050 quam
1369 2022 1478 2042 necesse
1491 2018 1541 2047 est,
1553 2015 1619 2051 quia
1629 2015 1729 2043 dicitur
1742 2016 1903 2044 Proverbio-

1056 2067 1119 2087 rum
1131 2059 1286 2096 trigesimo:
1299 2071 1313 2084 «
1325 2060 1375 2096 Qui
1388 2060 1567 2089 vehementer
1578 2062 1701 2098 emungit
1712 2062 1903 2100 elicitsangui-

1055 2113 1119 2134 nem
1131 2116 1156 2140 »ς
1169 2106 1229 2134 ideo
1240 2106 1273 2135 ad
1286 2107 1420 2135 Romanos
1430 2107 1607 2137 duodecimo:
1625 2121 1637 2133 «
1650 2109 1706 2137 Nou
1720 2110 1782 2146 plus
1794 2118 1902 2147 sapere.

1055 2161 1139 2189 quam
1161 2157 1270 2190 oportet
1291 2162 1404 2191 sapere,
1427 2155 1473 2183 sed
1495 2163 1592 2192 sapore
1613 2156 1647 2185 ad
1669 2157 1844 2187 sobrietatem
1857 2170 1882 2186 ι).

1134 2201 1223 2235 (Vers.
1250 2202 1292 2229 17.
1318 2202 1382 2234 18).
1408 2201 1448 2230 Nc
1462 2202 1646 2240 obstupescas
1661 2207 1711 2233 etc.
1728 2205 1843 2233 Notatur
1860 2205 1902 2235 bic

1055 2247 1207 2276 secundum
1223 2248 1419 2277 documentum
1436 2249 1462 2277 iu
1477 2258 1533 2287 quo
1545 2249 1677 2287 prohibet
1694 2252 1903 2288 praecipitium

1055 2295 1229 2333 impietatis;
1251 2296 1377 2333 impietas
1398 2297 1471 2325 enim
1493 2297 1582 2326 reddit
1598 2298 1737 2327 hominem
1751 2299 1903 2335 stapizlum

1055 2343 1086 2371 in
1101 2342 1205 2381 affecta
1220 2346 1247 2372 et
1260 2343 1373 2372 durum.
1391 2344 1451 2373 ldco
1465 2344 1543 2373 dicit:
1560 2344 1601 2373 Ne
1615 2345 1816 2382 obstupescas,-
1832 2346 1902 2376 lere-

1056 2391 1126 2419 miae
1141 2391 1281 2427 trigesimo
1292 2391 1382 2427 primo
1395 2391 1433 2419 ¹2:
1449 2391 1581 2425 «Omnis,
1597 2392 1643 2428 qui
1657 2392 1805 2421 comederit
1820 2401 1900 2421 uvam

1924 1448 2039 1466 Documenta

1939 1473 2026 1494 quatuor.

1923 1683 2011 1702 Primum.

1921 2199 2034 2218 Secundum,

1056 2563 1076 2584 iu
1094 2563 1110 2584 Ε
1127 2562 1261 2584 sententiam
1280 2562 1400 2589 Augustini
1419 2562 1450 2584 ita
1467 2562 1576 2589 explicat:
1600 2562 1652 2590 quia
1677 2568 1744 2584 ueino
1766 2562 1900 2590 corrigitur,

1054 2601 1095 2623 nisi
1113 2601 1237 2623 adiuvante
1254 2601 1339 2628 gratia,
1356 2603 1379 2623 et
1396 2604 1471 2624 tamen
1488 2607 1533 2623 0011
1552 2601 1634 2623 tollitur
1652 2600 1748 2623 liberum
1771 2601 1900 2624 arbitrium.

1116 2638 1124 2651 ⁷
1143 2641 1225 2662 Psalm.
1243 2640 1284 2666 54,
1302 2640 1338 2662 24.
1754 2639 1763 2651 ⁸
1782 2641 1846 2663 Vers.
1862 2641 1899 2662 412.

1117 2678 1126 2691 ⁹
1144 2680 1209 2702 Vers.
1228 2680 1264 2703 l3.
1284 2680 1380 2705 Vulgata
1398 2679 1506 2708 emptura.

1118 2717 1136 2730 ¹⁰
1155 2719 1219 2741 Vers.
1241 2719 1275 2741 11.
1287 2731 1318 2735 -
1330 2718 1433 2740 Subinde
1450 2719 1577 2744 allegantur
1595 2719 1629 2741 l‘s.
1647 2718 1688 2744 54,
1706 2718 1748 2745 2st
1762 2719 1827 2741 liccli.
1839 2719 1865 2745 2,
1878 2719 1898 2740 5.

1054 2761 1076 2780 et
1099 2759 1165 2780 Rom.
1191 2759 1217 2786 2,
1242 2758 1262 2780 li.
1279 2770 1310 2774 —
1327 2758 1420 2780 interius
1445 2765 1487 2786 pro
1513 2757 1689 2787 Elonyanlur...
1714 2758 1802 2781 bonis...
1829 2757 1898 2780 malis

1056 2798 1105 2819 Vnt.
1124 2803 1246 2825 perperam
1265 2796 1430 2825 Obliqrrntur...
1449 2796 1526 2819 honi...
1544 2797 1609 2819 mali.

1119 2835 1136 2848 ¹¹
1156 2837 1220 2858 Vers.
1249 2837 1287 2862 13,
1313 2835 1351 2858 ubi
1378 2842 1421 2863 pro
1445 2836 1483 2866 fiet
1505 2836 1527 2858 ei
1543 2836 1642 2863 Vulgata
1661 2835 1702 2857 illi.
1720 2848 1749 2852 --
1768 2837 1899 2863 Sequuulur

1055 2876 1123 2897 prov.
1140 2875 1182 2902 30,
1200 2876 1239 2897 33.
1255 2879 1277 2897 et
1294 2876 1361 2897 Rom.
1377 2875 1420 2901 stit,
1439 2875 1459 2896 3.

1118 2912 1136 2925 ¹²
1155 2914 1220 2936 Vers.
1238 2914 1317 2936 30.—
1330 2913 1432 2935 Subinde
1449 2914 1575 2940 allegantur
1592 2914 1626 2935 ps.
1644 2913 1685 2941 74,
1704 2914 1729 2941 ὃς
1749 2913 1814 2934 Eccli.
1832 2912 1858 2938 7,
1876 2912 1897 2933 3.

1054 2956 1076 2974 et
1095 2953 1161 2975 l‘rov.
1179 2952 1221 2981 24,
1239 2953 1260 2974 8.
