<?xml version="1.0" encoding="UTF-8"?>
<!DOCTYPE html PUBLIC "-//W3C//DTD XHTML 1.0 Transitional//EN"
    "http://www.w3.org/TR/xhtml1/DTD/xhtml1-transitional.dtd">
<html xmlns="http://www.w3.org/1999/xhtml" xml:lang="en" lang="en">
 <head>
  <title>
</title>
<meta http-equiv="Content-Type" content="text/html;charset=utf-8" />
  <meta name='ocr-system' content='tesseract 3.04.00' />
  <meta name='ocr-capabilities' content='ocr_page ocr_carea ocr_par ocr_line ocrx_word'/>
</head>
<body>
  <div class='ocr_page' id='page_1' title='image "./doctorisseraphic06bona_0136.png"; bbox 0 0 2296 3316; ppageno 0'>
   <div class='ocr_carea' id='block_1_1' title="bbox 239 384 360 449">
    <p class='ocr_par' dir='ltr' id='par_1_1' title="bbox 239 384 360 449">
     <span class='ocr_line' id='line_1_1' title="bbox 262 384 360 407; baseline 0 -5"><span class='ocrx_word' id='word_1_1' title='bbox 262 385 289 402; x_wconf 82' lang='lat' dir='ltr'>De</span> <span class='ocrx_word' id='word_1_2' title='bbox 302 384 360 407; x_wconf 78' lang='lat' dir='ltr'>siguis</span> 
     </span>
     <span class='ocr_line' id='line_1_2' title="bbox 239 407 360 431; baseline -0.008 -5"><span class='ocrx_word' id='word_1_3' title='bbox 239 411 319 431; x_wconf 77' lang='lat' dir='ltr'>quatuor</span> <span class='ocrx_word' id='word_1_4' title='bbox 329 407 360 425; x_wconf 75' lang='lat' dir='ltr'>de-</span> 
     </span>
     <span class='ocr_line' id='line_1_3' title="bbox 240 431 324 449; baseline 0 0"><span class='ocrx_word' id='word_1_5' title='bbox 240 431 324 449; x_wconf 57' lang='lat' dir='ltr'>hilii-atis.</span> 
     </span>
    </p>
   </div>
   <div class='ocr_carea' id='block_1_2' title="bbox 252 572 359 595">
    <p class='ocr_par' dir='ltr' id='par_1_2' title="bbox 252 572 359 595">
     <span class='ocr_line' id='line_1_4' title="bbox 252 572 359 595; baseline 0 -6"><span class='ocrx_word' id='word_1_6' title='bbox 252 572 278 590; x_wconf 78' lang='lat' dir='ltr'>De</span> <span class='ocrx_word' id='word_1_7' title='bbox 292 572 359 595; x_wconf 83' lang='lat' dir='ltr'>primo.</span> 
     </span>
    </p>
   </div>
   <div class='ocr_carea' id='block_1_3' title="bbox 230 898 358 917">
    <p class='ocr_par' dir='ltr' id='par_1_3' title="bbox 230 898 358 917">
     <span class='ocr_line' id='line_1_5' title="bbox 230 898 358 917; baseline 0.008 -1"><span class='ocrx_word' id='word_1_8' title='bbox 230 898 258 917; x_wconf 82' lang='lat' dir='ltr'>De</span> <span class='ocrx_word' id='word_1_9' title='bbox 269 899 358 917; x_wconf 74' lang='lat' dir='ltr'>secundo.</span> 
     </span>
    </p>
   </div>
   <div class='ocr_carea' id='block_1_4' title="bbox 254 1275 356 1293">
    <p class='ocr_par' dir='ltr' id='par_1_4' title="bbox 254 1275 356 1293">
     <span class='ocr_line' id='line_1_6' title="bbox 254 1275 356 1293; baseline 0 0"><span class='ocrx_word' id='word_1_10' title='bbox 254 1275 279 1293; x_wconf 83' lang='lat' dir='ltr'>De</span> <span class='ocrx_word' id='word_1_11' title='bbox 294 1275 356 1293; x_wconf 82' lang='lat' dir='ltr'>tertio.</span> 
     </span>
    </p>
   </div>
   <div class='ocr_carea' id='block_1_5' title="bbox 240 1697 355 1721">
    <p class='ocr_par' dir='ltr' id='par_1_5' title="bbox 240 1697 355 1721">
     <span class='ocr_line' id='line_1_7' title="bbox 240 1697 355 1721; baseline -0.009 -5"><span class='ocrx_word' id='word_1_12' title='bbox 240 1697 269 1716; x_wconf 82' lang='lat' dir='ltr'>De</span> <span class='ocrx_word' id='word_1_13' title='bbox 283 1700 355 1721; x_wconf 80' lang='lat' dir='ltr'>quarto.</span> 
     </span>
    </p>
   </div>
   <div class='ocr_carea' id='block_1_6' title="bbox 378 161 415 188">
    <p class='ocr_par' dir='ltr' id='par_1_6' title="bbox 378 161 415 188">
     <span class='ocr_line' id='line_1_8' title="bbox 378 161 415 188; baseline 0 -1"><span class='ocrx_word' id='word_1_14' title='bbox 378 161 415 188; x_wconf 68' lang='lat'>94</span> 
     </span>
    </p>
   </div>
   <div class='ocr_carea' id='block_1_7' title="bbox 374 234 1226 2287">
    <p class='ocr_par' dir='ltr' id='par_1_7' title="bbox 376 234 1223 320">
     <span class='ocr_line' id='line_1_9' title="bbox 376 234 1223 273; baseline -0.004 -8"><span class='ocrx_word' id='word_1_15' title='bbox 376 240 555 270; x_wconf 79' lang='lat' dir='ltr'>sustentare,</span> <span class='ocrx_word' id='word_1_16' title='bbox 577 245 631 265; x_wconf 92' lang='lat' dir='ltr'>non</span> <span class='ocrx_word' id='word_1_17' title='bbox 652 239 768 273; x_wconf 81' lang='lat' dir='ltr'><strong>possunt</strong></span> <span class='ocrx_word' id='word_1_18' title='bbox 788 235 949 268; x_wconf 80' lang='lat' dir='ltr'>comedere,</span> <span class='ocrx_word' id='word_1_19' title='bbox 972 243 1026 263; x_wconf 91' lang='lat' dir='ltr'>non</span> <span class='ocrx_word' id='word_1_20' title='bbox 1052 236 1167 271; x_wconf 78' lang='lat' dir='ltr'>possunt</span> <span class='ocrx_word' id='word_1_21' title='bbox 1181 234 1223 262; x_wconf 83' lang='lat' dir='ltr'>vi-</span> 
     </span>
     <span class='ocr_line' id='line_1_10' title="bbox 376 281 1136 320; baseline -0.004 -8"><span class='ocrx_word' id='word_1_22' title='bbox 376 285 458 317; x_wconf 77' lang='lat' dir='ltr'>dere,</span> <span class='ocrx_word' id='word_1_23' title='bbox 481 291 535 312; x_wconf 91' lang='lat' dir='ltr'>non</span> <span class='ocrx_word' id='word_1_24' title='bbox 556 285 672 320; x_wconf 81' lang='lat' dir='ltr'>possunt</span> <span class='ocrx_word' id='word_1_25' title='bbox 692 282 786 319; x_wconf 90' lang='lat' dir='ltr'>loqui,</span> <span class='ocrx_word' id='word_1_26' title='bbox 808 290 862 309; x_wconf 93' lang='lat' dir='ltr'>non</span> <span class='ocrx_word' id='word_1_27' title='bbox 884 284 1000 318; x_wconf 76' lang='lat' dir='ltr'><strong>possunt</strong></span> <span class='ocrx_word' id='word_1_28' title='bbox 1021 281 1136 310; x_wconf 60' lang='lat' dir='ltr'>aridirc.</span> 
     </span>
    </p>

    <p class='ocr_par' dir='ltr' id='par_1_8' title="bbox 377 327 1223 507">
     <span class='ocr_line' id='line_1_11' title="bbox 458 327 1223 368; baseline -0.004 -10"><span class='ocrx_word' id='word_1_29' title='bbox 458 330 578 358; x_wconf 59' lang='lat' dir='ltr'>Efficelsa</span> <span class='ocrx_word' id='word_1_30' title='bbox 592 338 704 368; x_wconf 84' lang='lat' dir='ltr'>quoque</span> <span class='ocrx_word' id='word_1_31' title='bbox 718 328 856 357; x_wconf 84' lang='lat' dir='ltr'>timebunt</span> <span class='ocrx_word' id='word_1_32' title='bbox 870 331 920 356; x_wconf 86' lang='lat' dir='ltr'>etc.</span> <span class='ocrx_word' id='word_1_33' title='bbox 937 328 1027 364; x_wconf 88' lang='lat' dir='ltr'>Supra</span> <span class='ocrx_word' id='word_1_34' title='bbox 1042 328 1133 364; x_wconf 80' lang='lat' dir='ltr'>posuit</span> <span class='ocrx_word' id='word_1_35' title='bbox 1147 327 1223 356; x_wconf 92' lang='lat' dir='ltr'>debi—</span> 
     </span>
     <span class='ocr_line' id='line_1_12' title="bbox 377 374 1223 413; baseline -0.004 -8"><span class='ocrx_word' id='word_1_36' title='bbox 377 377 526 405; x_wconf 74' lang='lat' dir='ltr'>litationem</span> <span class='ocrx_word' id='word_1_37' title='bbox 549 376 673 413; x_wconf 86' lang='lat' dir='ltr'>corporis</span> <span class='ocrx_word' id='word_1_38' title='bbox 691 376 718 404; x_wconf 94' lang='lat' dir='ltr'>in</span> <span class='ocrx_word' id='word_1_39' title='bbox 734 383 813 409; x_wconf 88' lang='lat' dir='ltr'>sene;</span> <span class='ocrx_word' id='word_1_40' title='bbox 830 375 875 404; x_wconf 92' lang='lat' dir='ltr'>hic</span> <span class='ocrx_word' id='word_1_41' title='bbox 889 374 1032 411; x_wconf 88' lang='lat' dir='ltr'>subiungit</span> <span class='ocrx_word' id='word_1_42' title='bbox 1045 375 1133 412; x_wconf 72' lang='lat' dir='ltr'>siqua</span> <span class='ocrx_word' id='word_1_43' title='bbox 1147 374 1223 403; x_wconf 78' lang='lat' dir='ltr'>‹lebi—</span> 
     </span>
     <span class='ocr_line' id='line_1_13' title="bbox 377 421 1223 460; baseline -0.002 -9"><span class='ocrx_word' id='word_1_44' title='bbox 377 423 533 457; x_wconf 75' lang='lat' dir='ltr'>litationis,</span> <span class='ocrx_word' id='word_1_45' title='bbox 550 431 620 460; x_wconf 81' lang='lat' dir='ltr'>quae</span> <span class='ocrx_word' id='word_1_46' title='bbox 635 425 700 451; x_wconf 89' lang='lat' dir='ltr'>sunt</span> <span class='ocrx_word' id='word_1_47' title='bbox 714 424 835 459; x_wconf 87' lang='lat' dir='ltr'>quatuor</span> <span class='ocrx_word' id='word_1_48' title='bbox 849 432 854 449; x_wconf 90' lang='lat'>:</span> <span class='ocrx_word' id='word_1_49' title='bbox 870 425 978 450; x_wconf 82' lang='lat' dir='ltr'>tremor</span> <span class='ocrx_word' id='word_1_50' title='bbox 993 421 1126 458; x_wconf 87' lang='lat' dir='ltr'>corporis,</span> <span class='ocrx_word' id='word_1_51' title='bbox 1142 421 1223 450; x_wconf 80' lang='lat' dir='ltr'>cani-</span> 
     </span>
     <span class='ocr_line' id='line_1_14' title="bbox 378 467 1213 507; baseline -0.002 -9"><span class='ocrx_word' id='word_1_52' title='bbox 378 470 428 498; x_wconf 78' lang='lat' dir='ltr'>ties</span> <span class='ocrx_word' id='word_1_53' title='bbox 449 470 560 507; x_wconf 60' lang='lat' dir='ltr'>eapitis,</span> <span class='ocrx_word' id='word_1_54' title='bbox 583 474 680 498; x_wconf 83' lang='lat' dir='ltr'>tumor</span> <span class='ocrx_word' id='word_1_55' title='bbox 701 468 806 497; x_wconf 88' lang='lat' dir='ltr'>ventris</span> <span class='ocrx_word' id='word_1_56' title='bbox 826 471 853 497; x_wconf 88' lang='lat' dir='ltr'>et</span> <span class='ocrx_word' id='word_1_57' title='bbox 875 467 1063 506; x_wconf 69' lang='lat' dir='ltr'>iiis&#39;t·i9id‹ttz&#39;o</span> <span class='ocrx_word' id='word_1_58' title='bbox 1086 468 1213 497; x_wconf 90' lang='lat' dir='ltr'>libidinis.</span> 
     </span>
    </p>

    <p class='ocr_par' dir='ltr' id='par_1_9' title="bbox 374 515 1226 2287">
     <span class='ocr_line' id='line_1_15' title="bbox 456 515 1224 553; baseline -0.001 -8"><span class='ocrx_word' id='word_1_59' title='bbox 456 517 545 553; x_wconf 82' lang='lat' dir='ltr'>(Vers.</span> <span class='ocrx_word' id='word_1_60' title='bbox 569 517 615 552; x_wconf 82' lang='grc'>5.).</span> <span class='ocrx_word' id='word_1_61' title='bbox 639 516 762 544; x_wconf 86' lang='lat' dir='ltr'>Primum</span> <span class='ocrx_word' id='word_1_62' title='bbox 783 516 869 552; x_wconf 79' lang='lat' dir='ltr'>igitur</span> <span class='ocrx_word' id='word_1_63' title='bbox 890 516 999 552; x_wconf 75' lang='lat' dir='ltr'>signmn</span> <span class='ocrx_word' id='word_1_64' title='bbox 1015 515 1182 544; x_wconf 82' lang='lat' dir='ltr'>infirmitatis</span> <span class='ocrx_word' id='word_1_65' title='bbox 1197 515 1224 544; x_wconf 94' lang='lat' dir='ltr'>in</span> 
     </span>
     <span class='ocr_line' id='line_1_16' title="bbox 378 562 1224 600; baseline -0.002 -8"><span class='ocrx_word' id='word_1_66' title='bbox 378 571 441 592; x_wconf 89' lang='lat' dir='ltr'>sene</span> <span class='ocrx_word' id='word_1_67' title='bbox 462 567 503 592; x_wconf 86' lang='lat' dir='ltr'>est</span> <span class='ocrx_word' id='word_1_68' title='bbox 525 568 633 591; x_wconf 83' lang='lat' dir='ltr'>tremor</span> <span class='ocrx_word' id='word_1_69' title='bbox 654 562 808 600; x_wconf 82' lang='lat' dir='ltr'>corporis,-</span> <span class='ocrx_word' id='word_1_70' title='bbox 830 565 943 599; x_wconf 81' lang='lat' dir='ltr'>propter</span> <span class='ocrx_word' id='word_1_71' title='bbox 964 562 1038 599; x_wconf 88' lang='lat' dir='ltr'>quod</span> <span class='ocrx_word' id='word_1_72' title='bbox 1059 562 1144 591; x_wconf 87' lang='lat' dir='ltr'>dicit:</span> <span class='ocrx_word' id='word_1_73' title='bbox 1168 563 1224 590; x_wconf 75' lang='lat' dir='ltr'>Ea:-</span> 
     </span>
     <span class='ocr_line' id='line_1_17' title="bbox 377 607 1223 648; baseline -0.002 -9"><span class='ocrx_word' id='word_1_74' title='bbox 377 610 452 639; x_wconf 83' lang='lat' dir='ltr'>celsa</span> <span class='ocrx_word' id='word_1_75' title='bbox 473 618 584 648; x_wconf 84' lang='lat' dir='ltr'>qaoque</span> <span class='ocrx_word' id='word_1_76' title='bbox 606 609 744 637; x_wconf 79' lang='lat' dir='ltr'>timebunt</span> <span class='ocrx_word' id='word_1_77' title='bbox 764 612 789 637; x_wconf 82' lang='lat' dir='ltr'>et</span> <span class='ocrx_word' id='word_1_78' title='bbox 810 607 1014 646; x_wconf 79' lang='lat' dir='ltr'>formidabunt</span> <span class='ocrx_word' id='word_1_79' title='bbox 1042 610 1073 638; x_wconf 81' lang='lat' dir='ltr'>in</span> <span class='ocrx_word' id='word_1_80' title='bbox 1102 609 1168 642; x_wconf 80' lang='lat' dir='ltr'>via,</span> <span class='ocrx_word' id='word_1_81' title='bbox 1197 608 1223 637; x_wconf 86' lang='lat' dir='ltr'>id</span> 
     </span>
     <span class='ocr_line' id='line_1_18' title="bbox 377 656 1223 692; baseline -0.001 -7"><span class='ocrx_word' id='word_1_82' title='bbox 377 661 433 690; x_wconf 80' lang='lat' dir='ltr'>est,</span> <span class='ocrx_word' id='word_1_83' title='bbox 459 656 550 685; x_wconf 88' lang='lat' dir='ltr'>onmia</span> <span class='ocrx_word' id='word_1_84' title='bbox 578 656 703 684; x_wconf 86' lang='lat' dir='ltr'>membra</span> <span class='ocrx_word' id='word_1_85' title='bbox 731 656 856 692; x_wconf 86' lang='lat' dir='ltr'>corporis</span> <span class='ocrx_word' id='word_1_86' title='bbox 877 656 1032 685; x_wconf 75' lang='lat' dir='ltr'>allicientur</span> <span class='ocrx_word' id='word_1_87' title='bbox 1055 656 1223 689; x_wconf 84' lang='lat' dir='ltr'>tremulosa;</span> 
     </span>
     <span class='ocr_line' id='line_1_19' title="bbox 376 702 1224 740; baseline -0.002 -8"><span class='ocrx_word' id='word_1_88' title='bbox 376 707 403 732; x_wconf 87' lang='lat' dir='ltr'>et</span> <span class='ocrx_word' id='word_1_89' title='bbox 424 703 491 732; x_wconf 89' lang='lat' dir='ltr'>illud</span> <span class='ocrx_word' id='word_1_90' title='bbox 512 706 554 732; x_wconf 90' lang='lat' dir='ltr'>est</span> <span class='ocrx_word' id='word_1_91' title='bbox 574 703 684 740; x_wconf 82' lang='lat' dir='ltr'>signum</span> <span class='ocrx_word' id='word_1_92' title='bbox 707 703 882 732; x_wconf 78' lang='lat' dir='ltr'>resolutionis</span> <span class='ocrx_word' id='word_1_93' title='bbox 903 706 930 731; x_wconf 83' lang='lat' dir='ltr'>et</span> <span class='ocrx_word' id='word_1_94' title='bbox 950 703 1145 731; x_wconf 81' lang='lat' dir='ltr'>debilitationis</span> <span class='ocrx_word' id='word_1_95' title='bbox 1169 702 1224 730; x_wconf 92' lang='lat' dir='ltr'>vir-</span> 
     </span>
     <span class='ocr_line' id='line_1_20' title="bbox 376 750 1224 787; baseline -0.002 -8"><span class='ocrx_word' id='word_1_96' title='bbox 376 750 443 779; x_wconf 87' lang='lat' dir='ltr'>tutis</span> <span class='ocrx_word' id='word_1_97' title='bbox 464 750 635 779; x_wconf 83' lang='lat' dir='ltr'>contentivae</span> <span class='ocrx_word' id='word_1_98' title='bbox 657 750 864 784; x_wconf 80' lang='lat' dir='ltr'>membrorum,</span> <span class='ocrx_word' id='word_1_99' title='bbox 884 758 955 787; x_wconf 84' lang='lat' dir='ltr'>quae</span> <span class='ocrx_word' id='word_1_100' title='bbox 970 750 1095 778; x_wconf 84' lang='lat' dir='ltr'>membra</span> <span class='ocrx_word' id='word_1_101' title='bbox 1108 758 1162 777; x_wconf 90' lang='lat' dir='ltr'>non</span> <span class='ocrx_word' id='word_1_102' title='bbox 1178 757 1224 777; x_wconf 84' lang='lat' dir='ltr'>va-</span> 
     </span>
     <span class='ocr_line' id='line_1_21' title="bbox 377 796 1223 834; baseline -0.001 -9"><span class='ocrx_word' id='word_1_103' title='bbox 377 798 413 826; x_wconf 92' lang='lat' dir='ltr'>let</span> <span class='ocrx_word' id='word_1_104' title='bbox 434 797 594 829; x_wconf 85' lang='lat' dir='ltr'>continere;</span> <span class='ocrx_word' id='word_1_105' title='bbox 617 800 644 825; x_wconf 88' lang='lat' dir='ltr'>et</span> <span class='ocrx_word' id='word_1_106' title='bbox 665 796 726 825; x_wconf 82' lang='lat' dir='ltr'>ideo</span> <span class='ocrx_word' id='word_1_107' title='bbox 747 797 922 834; x_wconf 75' lang='lat' dir='ltr'>compellitur</span> <span class='ocrx_word' id='word_1_108' title='bbox 950 796 1079 825; x_wconf 87' lang='lat' dir='ltr'>continue</span> <span class='ocrx_word' id='word_1_109' title='bbox 1104 796 1223 833; x_wconf 79' lang='lat' dir='ltr'>agitare;</span> 
     </span>
     <span class='ocr_line' id='line_1_22' title="bbox 376 842 1225 881; baseline -0.002 -9"><span class='ocrx_word' id='word_1_110' title='bbox 376 844 449 873; x_wconf 91' lang='lat' dir='ltr'>unde</span> <span class='ocrx_word' id='word_1_111' title='bbox 471 844 554 873; x_wconf 88' lang='lat' dir='ltr'>miser</span> <span class='ocrx_word' id='word_1_112' title='bbox 575 852 662 873; x_wconf 84' lang='lat' dir='ltr'>senex</span> <span class='ocrx_word' id='word_1_113' title='bbox 683 847 773 881; x_wconf 85' lang='lat' dir='ltr'>potest</span> <span class='ocrx_word' id='word_1_114' title='bbox 793 844 885 873; x_wconf 89' lang='lat' dir='ltr'>dicere</span> <span class='ocrx_word' id='word_1_115' title='bbox 906 844 973 872; x_wconf 88' lang='lat' dir='ltr'>illud</span> <span class='ocrx_word' id='word_1_116' title='bbox 993 843 1089 872; x_wconf 79' lang='lat' dir='ltr'>Psalmi</span> <span class='ocrx_word' id='word_1_117' title='bbox 1103 843 1132 871; x_wconf 84' lang='lat'>¹:</span> <span class='ocrx_word' id='word_1_118' title='bbox 1152 854 1165 867; x_wconf 89' lang='lat'><strong><em>«</em></strong></span> <span class='ocrx_word' id='word_1_119' title='bbox 1181 842 1225 871; x_wconf 92' lang='lat' dir='ltr'>Ti-</span> 
     </span>
     <span class='ocr_line' id='line_1_23' title="bbox 376 889 1224 928; baseline -0.002 -9"><span class='ocrx_word' id='word_1_120' title='bbox 376 899 438 919; x_wconf 85' lang='lat' dir='ltr'>mor</span> <span class='ocrx_word' id='word_1_121' title='bbox 452 895 479 920; x_wconf 91' lang='lat' dir='ltr'>et</span> <span class='ocrx_word' id='word_1_122' title='bbox 494 895 598 920; x_wconf 88' lang='lat' dir='ltr'>tremor</span> <span class='ocrx_word' id='word_1_123' title='bbox 613 894 749 920; x_wconf 88' lang='lat' dir='ltr'>venerunt</span> <span class='ocrx_word' id='word_1_124' title='bbox 763 899 847 928; x_wconf 79' lang='lat' dir='ltr'>super</span> <span class='ocrx_word' id='word_1_125' title='bbox 862 899 905 919; x_wconf 88' lang='lat' dir='ltr'>me</span> <span class='ocrx_word' id='word_1_126' title='bbox 920 903 933 915; x_wconf 85' lang='lat'>»</span> <span class='ocrx_word' id='word_1_127' title='bbox 953 894 1003 919; x_wconf 88' lang='lat' dir='ltr'>etc.</span> <span class='ocrx_word' id='word_1_128' title='bbox 1018 906 1054 910; x_wconf 90' lang='lat'>—</span> <span class='ocrx_word' id='word_1_129' title='bbox 1066 889 1224 918; x_wconf 79' lang='lat' dir='ltr'>Secundum</span> 
     </span>
     <span class='ocr_line' id='line_1_24' title="bbox 376 937 1223 976; baseline -0.002 -9"><span class='ocrx_word' id='word_1_130' title='bbox 376 939 485 976; x_wconf 82' lang='lat' dir='ltr'>signum</span> <span class='ocrx_word' id='word_1_131' title='bbox 507 942 548 967; x_wconf 89' lang='lat' dir='ltr'>est</span> <span class='ocrx_word' id='word_1_132' title='bbox 569 939 690 967; x_wconf 72' lang='lat' dir='ltr'>canities</span> <span class='ocrx_word' id='word_1_133' title='bbox 711 939 832 976; x_wconf 84' lang='lat' dir='ltr'>capitis,</span> <span class='ocrx_word' id='word_1_134' title='bbox 854 941 990 975; x_wconf 87' lang='lat' dir='ltr'>quantum</span> <span class='ocrx_word' id='word_1_135' title='bbox 1006 937 1040 966; x_wconf 87' lang='lat' dir='ltr'>ad</span> <span class='ocrx_word' id='word_1_136' title='bbox 1054 937 1129 974; x_wconf 88' lang='lat' dir='ltr'>quod</span> <span class='ocrx_word' id='word_1_137' title='bbox 1143 937 1223 965; x_wconf 87' lang='lat' dir='ltr'>dicit:</span> 
     </span>
     <span class='ocr_line' id='line_1_25' title="bbox 378 984 1224 1023; baseline -0.002 -9"><span class='ocrx_word' id='word_1_138' title='bbox 378 985 503 1014; x_wconf 85' lang='lat' dir='ltr'>Florebit</span> <span class='ocrx_word' id='word_1_139' title='bbox 523 985 714 1023; x_wconf 72' lang='lat' dir='ltr'>anzyqdalus,</span> <span class='ocrx_word' id='word_1_140' title='bbox 730 985 756 1013; x_wconf 92' lang='lat' dir='ltr'>id</span> <span class='ocrx_word' id='word_1_141' title='bbox 771 988 828 1018; x_wconf 84' lang='lat' dir='ltr'>est,</span> <span class='ocrx_word' id='word_1_142' title='bbox 843 987 969 1013; x_wconf 76' lang='lat' dir='ltr'>canescet</span> <span class='ocrx_word' id='word_1_143' title='bbox 983 987 1067 1021; x_wconf 88' lang='lat' dir='ltr'>caput</span> <span class='ocrx_word' id='word_1_144' title='bbox 1081 987 1108 1012; x_wconf 89' lang='lat' dir='ltr'>et</span> <span class='ocrx_word' id='word_1_145' title='bbox 1123 984 1224 1017; x_wconf 86' lang='lat' dir='ltr'>barba;</span> 
     </span>
     <span class='ocr_line' id='line_1_26' title="bbox 375 1030 1224 1069; baseline -0.002 -8"><span class='ocrx_word' id='word_1_146' title='bbox 375 1032 536 1069; x_wconf 80' lang='lat' dir='ltr'>amygdalus</span> <span class='ocrx_word' id='word_1_147' title='bbox 564 1032 652 1064; x_wconf 87' lang='lat' dir='ltr'>enim,</span> <span class='ocrx_word' id='word_1_148' title='bbox 680 1032 747 1060; x_wconf 89' lang='lat' dir='ltr'>dum</span> <span class='ocrx_word' id='word_1_149' title='bbox 776 1032 872 1064; x_wconf 83' lang='lat' dir='ltr'>floret,</span> <span class='ocrx_word' id='word_1_150' title='bbox 905 1031 1065 1064; x_wconf 83' lang='lat' dir='ltr'>dealbatur,</span> <span class='ocrx_word' id='word_1_151' title='bbox 1096 1033 1124 1059; x_wconf 90' lang='lat' dir='ltr'>et</span> <span class='ocrx_word' id='word_1_152' title='bbox 1151 1030 1224 1059; x_wconf 87' lang='lat' dir='ltr'>istud</span> 
     </span>
     <span class='ocr_line' id='line_1_27' title="bbox 375 1077 1225 1115; baseline -0.004 -7"><span class='ocrx_word' id='word_1_153' title='bbox 375 1082 416 1108; x_wconf 90' lang='lat' dir='ltr'>est</span> <span class='ocrx_word' id='word_1_154' title='bbox 444 1079 554 1115; x_wconf 80' lang='lat' dir='ltr'>signum</span> <span class='ocrx_word' id='word_1_155' title='bbox 580 1078 729 1107; x_wconf 84' lang='lat' dir='ltr'>debilitatis</span> <span class='ocrx_word' id='word_1_156' title='bbox 756 1078 883 1111; x_wconf 84' lang='lat' dir='ltr'>virtutis;</span> <span class='ocrx_word' id='word_1_157' title='bbox 912 1078 978 1114; x_wconf 86' lang='lat' dir='ltr'>quia</span> <span class='ocrx_word' id='word_1_158' title='bbox 1005 1077 1077 1106; x_wconf 87' lang='lat' dir='ltr'>enim</span> <span class='ocrx_word' id='word_1_159' title='bbox 1105 1077 1132 1105; x_wconf 90' lang='lat' dir='ltr'>in</span> <span class='ocrx_word' id='word_1_160' title='bbox 1160 1085 1225 1105; x_wconf 85' lang='lat' dir='ltr'>sene</span> 
     </span>
     <span class='ocr_line' id='line_1_28' title="bbox 375 1123 1225 1159; baseline -0.004 -5"><span class='ocrx_word' id='word_1_161' title='bbox 375 1126 534 1154; x_wconf 79' lang='lat' dir='ltr'>debilitatur</span> <span class='ocrx_word' id='word_1_162' title='bbox 557 1125 646 1153; x_wconf 88' lang='lat' dir='ltr'>virtus</span> <span class='ocrx_word' id='word_1_163' title='bbox 667 1125 823 1153; x_wconf 82' lang='lat' dir='ltr'>contentiva</span> <span class='ocrx_word' id='word_1_164' title='bbox 846 1124 1012 1157; x_wconf 88' lang='lat' dir='ltr'>humorum,</span> <span class='ocrx_word' id='word_1_165' title='bbox 1041 1123 1101 1152; x_wconf 92' lang='lat' dir='ltr'>ideo</span> <span class='ocrx_word' id='word_1_166' title='bbox 1130 1126 1225 1159; x_wconf 90' lang='lat' dir='ltr'>putre-</span> 
     </span>
     <span class='ocr_line' id='line_1_29' title="bbox 375 1170 1223 1208; baseline -0.004 -7"><span class='ocrx_word' id='word_1_167' title='bbox 375 1176 456 1202; x_wconf 88' lang='lat' dir='ltr'>scunt</span> <span class='ocrx_word' id='word_1_168' title='bbox 471 1173 604 1201; x_wconf 88' lang='lat' dir='ltr'>humores</span> <span class='ocrx_word' id='word_1_169' title='bbox 618 1175 645 1201; x_wconf 89' lang='lat' dir='ltr'>et</span> <span class='ocrx_word' id='word_1_170' title='bbox 660 1172 741 1200; x_wconf 85' lang='lat' dir='ltr'>etiam</span> <span class='ocrx_word' id='word_1_171' title='bbox 757 1172 956 1208; x_wconf 77' lang='lat' dir='ltr'>refrigescunt,</span> <span class='ocrx_word' id='word_1_172' title='bbox 973 1171 999 1198; x_wconf 91' lang='lat' dir='ltr'>in</span> <span class='ocrx_word' id='word_1_173' title='bbox 1015 1171 1095 1199; x_wconf 90' lang='lat' dir='ltr'>cuius</span> <span class='ocrx_word' id='word_1_174' title='bbox 1114 1170 1223 1207; x_wconf 82' lang='lat' dir='ltr'>signum</span> 
     </span>
     <span class='ocr_line' id='line_1_30' title="bbox 375 1216 1225 1256; baseline -0.004 -9"><span class='ocrx_word' id='word_1_175' title='bbox 375 1219 582 1256; x_wconf 72' lang='lat' dir='ltr'>superfluitates</span> <span class='ocrx_word' id='word_1_176' title='bbox 609 1218 643 1246; x_wconf 89' lang='lat' dir='ltr'>de</span> <span class='ocrx_word' id='word_1_177' title='bbox 663 1226 784 1255; x_wconf 72' lang='lat' dir='ltr'>corpore</span> <span class='ocrx_word' id='word_1_178' title='bbox 805 1218 877 1246; x_wconf 85' lang='lat' dir='ltr'>senis</span> <span class='ocrx_word' id='word_1_179' title='bbox 897 1218 975 1246; x_wconf 86' lang='lat' dir='ltr'>albae</span> <span class='ocrx_word' id='word_1_180' title='bbox 997 1216 1170 1253; x_wconf 90' lang='lat' dir='ltr'>procedunt;</span> <span class='ocrx_word' id='word_1_181' title='bbox 1198 1220 1225 1245; x_wconf 91' lang='lat' dir='ltr'>et</span> 
     </span>
     <span class='ocr_line' id='line_1_31' title="bbox 376 1263 1225 1301; baseline -0.004 -6"><span class='ocrx_word' id='word_1_182' title='bbox 376 1266 436 1295; x_wconf 90' lang='lat' dir='ltr'>ideo</span> <span class='ocrx_word' id='word_1_183' title='bbox 457 1268 614 1294; x_wconf 87' lang='lat' dir='ltr'>canescunt.</span> <span class='ocrx_word' id='word_1_184' title='bbox 637 1282 675 1285; x_wconf 97' lang='lat'><strong>—</strong></span> <span class='ocrx_word' id='word_1_185' title='bbox 696 1265 820 1293; x_wconf 89' lang='lat' dir='ltr'>Tertium</span> <span class='ocrx_word' id='word_1_186' title='bbox 841 1265 951 1301; x_wconf 78' lang='lat' dir='ltr'>signum</span> <span class='ocrx_word' id='word_1_187' title='bbox 972 1264 1065 1293; x_wconf 87' lang='lat' dir='ltr'>senilis</span> <span class='ocrx_word' id='word_1_188' title='bbox 1080 1263 1225 1292; x_wconf 84' lang='lat' dir='ltr'>infirmita-</span> 
     </span>
     <span class='ocr_line' id='line_1_32' title="bbox 376 1312 1224 1342; baseline -0.004 0"><span class='ocrx_word' id='word_1_189' title='bbox 376 1313 410 1342; x_wconf 87' lang='lat' dir='ltr'>tis</span> <span class='ocrx_word' id='word_1_190' title='bbox 431 1316 472 1341; x_wconf 92' lang='lat' dir='ltr'>est</span> <span class='ocrx_word' id='word_1_191' title='bbox 494 1316 591 1341; x_wconf 81' lang='lat' dir='ltr'>tumor</span> <span class='ocrx_word' id='word_1_192' title='bbox 612 1312 721 1341; x_wconf 76' lang='lat' dir='ltr'>ventris</span> <span class='ocrx_word' id='word_1_193' title='bbox 742 1312 784 1341; x_wconf 89' lang='lat' dir='ltr'>vel</span> <span class='ocrx_word' id='word_1_194' title='bbox 806 1312 923 1340; x_wconf 89' lang='lat' dir='ltr'>aliorum</span> <span class='ocrx_word' id='word_1_195' title='bbox 946 1312 1138 1341; x_wconf 87' lang='lat' dir='ltr'>membrorum</span> <span class='ocrx_word' id='word_1_196' title='bbox 1164 1319 1224 1340; x_wconf 91' lang='lat' dir='ltr'>cor-</span> 
     </span>
     <span class='ocr_line' id='line_1_33' title="bbox 376 1358 1225 1397; baseline -0.002 -9"><span class='ocrx_word' id='word_1_197' title='bbox 376 1360 469 1397; x_wconf 87' lang='lat' dir='ltr'>poris;</span> <span class='ocrx_word' id='word_1_198' title='bbox 492 1363 628 1396; x_wconf 89' lang='lat' dir='ltr'>quantum</span> <span class='ocrx_word' id='word_1_199' title='bbox 651 1359 684 1388; x_wconf 86' lang='lat' dir='ltr'>ad</span> <span class='ocrx_word' id='word_1_200' title='bbox 700 1359 773 1396; x_wconf 88' lang='lat' dir='ltr'>quod</span> <span class='ocrx_word' id='word_1_201' title='bbox 788 1358 868 1387; x_wconf 80' lang='lat' dir='ltr'>dicit:</span> <span class='ocrx_word' id='word_1_202' title='bbox 892 1358 1133 1396; x_wconf 71' lang='lat' dir='ltr'>Jmpinyuabitur</span> <span class='ocrx_word' id='word_1_203' title='bbox 1148 1358 1225 1386; x_wconf 84' lang='lat' dir='ltr'>locu-</span> 
     </span>
     <span class='ocr_line' id='line_1_34' title="bbox 375 1405 1223 1444; baseline -0.001 -9"><span class='ocrx_word' id='word_1_204' title='bbox 375 1411 430 1436; x_wconf 90' lang='lat' dir='ltr'>sta.</span> <span class='ocrx_word' id='word_1_205' title='bbox 453 1406 634 1444; x_wconf 82' lang='lat' dir='ltr'>Impinguatio</span> <span class='ocrx_word' id='word_1_206' title='bbox 657 1407 778 1435; x_wconf 86' lang='lat' dir='ltr'>locustae</span> <span class='ocrx_word' id='word_1_207' title='bbox 799 1406 882 1435; x_wconf 84' lang='lat' dir='ltr'>etiam</span> <span class='ocrx_word' id='word_1_208' title='bbox 911 1406 984 1434; x_wconf 77' lang='lat' dir='ltr'>circa</span> <span class='ocrx_word' id='word_1_209' title='bbox 1011 1414 1094 1434; x_wconf 86' lang='lat' dir='ltr'>suum</span> <span class='ocrx_word' id='word_1_210' title='bbox 1116 1405 1223 1434; x_wconf 87' lang='lat' dir='ltr'>senium</span> 
     </span>
     <span class='ocr_line' id='line_1_35' title="bbox 376 1453 1224 1491; baseline -0.002 -8"><span class='ocrx_word' id='word_1_211' title='bbox 376 1458 417 1484; x_wconf 86' lang='lat' dir='ltr'>est</span> <span class='ocrx_word' id='word_1_212' title='bbox 442 1455 533 1491; x_wconf 87' lang='lat' dir='ltr'>potius</span> <span class='ocrx_word' id='word_1_213' title='bbox 562 1457 654 1482; x_wconf 91' lang='lat' dir='ltr'>tumor</span> <span class='ocrx_word' id='word_1_214' title='bbox 682 1462 767 1491; x_wconf 87' lang='lat' dir='ltr'>quam</span> <span class='ocrx_word' id='word_1_215' title='bbox 798 1462 863 1482; x_wconf 92' lang='lat' dir='ltr'>vera</span> <span class='ocrx_word' id='word_1_216' title='bbox 885 1453 1038 1490; x_wconf 73' lang='lat' dir='ltr'>pinguedo,</span> <span class='ocrx_word' id='word_1_217' title='bbox 1064 1461 1113 1490; x_wconf 92' lang='lat' dir='ltr'>per</span> <span class='ocrx_word' id='word_1_218' title='bbox 1141 1460 1224 1490; x_wconf 89' lang='lat' dir='ltr'>quem</span> 
     </span>
     <span class='ocr_line' id='line_1_36' title="bbox 375 1499 1226 1536; baseline -0.002 -7"><span class='ocrx_word' id='word_1_219' title='bbox 375 1501 488 1529; x_wconf 91' lang='lat' dir='ltr'>modum</span> <span class='ocrx_word' id='word_1_220' title='bbox 517 1503 557 1529; x_wconf 84' lang='lat' dir='ltr'>est</span> <span class='ocrx_word' id='word_1_221' title='bbox 586 1500 613 1528; x_wconf 94' lang='lat' dir='ltr'>in</span> <span class='ocrx_word' id='word_1_222' title='bbox 643 1500 756 1529; x_wconf 86' lang='lat' dir='ltr'>senibus</span> <span class='ocrx_word' id='word_1_223' title='bbox 777 1500 973 1536; x_wconf 79' lang='lat' dir='ltr'>impinguatio,</span> <span class='ocrx_word' id='word_1_224' title='bbox 996 1503 1023 1528; x_wconf 89' lang='lat' dir='ltr'>et</span> <span class='ocrx_word' id='word_1_225' title='bbox 1044 1500 1096 1528; x_wconf 92' lang='lat' dir='ltr'>hoc</span> <span class='ocrx_word' id='word_1_226' title='bbox 1124 1503 1165 1528; x_wconf 88' lang='lat' dir='ltr'>est</span> <span class='ocrx_word' id='word_1_227' title='bbox 1193 1499 1226 1527; x_wconf 92' lang='lat' dir='ltr'>si-</span> 
     </span>
     <span class='ocr_line' id='line_1_37' title="bbox 376 1547 1225 1585; baseline -0.001 -9"><span class='ocrx_word' id='word_1_228' title='bbox 376 1556 461 1585; x_wconf 79' lang='lat' dir='ltr'>gnum</span> <span class='ocrx_word' id='word_1_229' title='bbox 483 1547 631 1576; x_wconf 84' lang='lat' dir='ltr'>debilitatis</span> <span class='ocrx_word' id='word_1_230' title='bbox 652 1548 752 1576; x_wconf 84' lang='lat' dir='ltr'>caloris</span> <span class='ocrx_word' id='word_1_231' title='bbox 773 1547 931 1584; x_wconf 74' lang='lat' dir='ltr'>digerentis.</span> <span class='ocrx_word' id='word_1_232' title='bbox 960 1547 1030 1583; x_wconf 81' lang='lat' dir='ltr'>Quia</span> <span class='ocrx_word' id='word_1_233' title='bbox 1056 1547 1129 1575; x_wconf 85' lang='lat' dir='ltr'>enim</span> <span class='ocrx_word' id='word_1_234' title='bbox 1151 1547 1225 1575; x_wconf 86' lang='lat' dir='ltr'>calor</span> 
     </span>
     <span class='ocr_line' id='line_1_38' title="bbox 375 1594 1226 1632; baseline -0.001 -9"><span class='ocrx_word' id='word_1_235' title='bbox 375 1595 503 1632; x_wconf 79' lang='lat' dir='ltr'>digerens</span> <span class='ocrx_word' id='word_1_236' title='bbox 523 1594 630 1628; x_wconf 80' lang='lat' dir='ltr'>delicit,</span> <span class='ocrx_word' id='word_1_237' title='bbox 652 1594 774 1623; x_wconf 77' lang='lat' dir='ltr'>abundat</span> <span class='ocrx_word' id='word_1_238' title='bbox 790 1595 891 1623; x_wconf 90' lang='lat' dir='ltr'>humor</span> <span class='ocrx_word' id='word_1_239' title='bbox 906 1594 1124 1631; x_wconf 77' lang='lat' dir='ltr'>phlegmaticus,</span> <span class='ocrx_word' id='word_1_240' title='bbox 1140 1602 1226 1631; x_wconf 86' lang='lat' dir='ltr'>aquo-</span> 
     </span>
     <span class='ocr_line' id='line_1_39' title="bbox 376 1641 1225 1679; baseline -0.002 -8"><span class='ocrx_word' id='word_1_241' title='bbox 376 1650 424 1671; x_wconf 91' lang='lat' dir='ltr'>sus</span> <span class='ocrx_word' id='word_1_242' title='bbox 444 1646 471 1671; x_wconf 90' lang='lat' dir='ltr'>et</span> <span class='ocrx_word' id='word_1_243' title='bbox 493 1642 659 1679; x_wconf 80' lang='lat' dir='ltr'>indigestus,</span> <span class='ocrx_word' id='word_1_244' title='bbox 682 1642 729 1679; x_wconf 90' lang='lat' dir='ltr'>qui</span> <span class='ocrx_word' id='word_1_245' title='bbox 752 1649 854 1678; x_wconf 89' lang='lat' dir='ltr'>corpus</span> <span class='ocrx_word' id='word_1_246' title='bbox 875 1642 947 1670; x_wconf 86' lang='lat' dir='ltr'>senis</span> <span class='ocrx_word' id='word_1_247' title='bbox 969 1641 1064 1678; x_wconf 86' lang='lat' dir='ltr'>implet</span> <span class='ocrx_word' id='word_1_248' title='bbox 1085 1645 1112 1670; x_wconf 85' lang='lat' dir='ltr'>et</span> <span class='ocrx_word' id='word_1_249' title='bbox 1127 1641 1225 1678; x_wconf 90' lang='lat' dir='ltr'>impin—</span> 
     </span>
     <span class='ocr_line' id='line_1_40' title="bbox 375 1688 1225 1727; baseline -0.001 -10"><span class='ocrx_word' id='word_1_250' title='bbox 375 1697 461 1727; x_wconf 84' lang='lat' dir='ltr'>guare</span> <span class='ocrx_word' id='word_1_251' title='bbox 482 1689 601 1717; x_wconf 89' lang='lat' dir='ltr'>videtur.</span> <span class='ocrx_word' id='word_1_252' title='bbox 624 1704 660 1709; x_wconf 91' lang='lat'>—-</span> <span class='ocrx_word' id='word_1_253' title='bbox 682 1688 818 1724; x_wconf 84' lang='lat' dir='ltr'>Quartum</span> <span class='ocrx_word' id='word_1_254' title='bbox 844 1688 953 1724; x_wconf 72' lang='lat' dir='ltr'>signum</span> <span class='ocrx_word' id='word_1_255' title='bbox 975 1691 1017 1716; x_wconf 86' lang='lat' dir='ltr'>est</span> <span class='ocrx_word' id='word_1_256' title='bbox 1036 1688 1170 1716; x_wconf 79' lang='lat' dir='ltr'>remissio</span> <span class='ocrx_word' id='word_1_257' title='bbox 1193 1688 1225 1716; x_wconf 92' lang='lat' dir='ltr'>li-</span> 
     </span>
     <span class='ocr_line' id='line_1_41' title="bbox 376 1735 1223 1772; baseline -0.001 -8"><span class='ocrx_word' id='word_1_258' title='bbox 376 1736 501 1769; x_wconf 81' lang='lat' dir='ltr'>bidinis;</span> <span class='ocrx_word' id='word_1_259' title='bbox 522 1738 636 1772; x_wconf 87' lang='lat' dir='ltr'>propter</span> <span class='ocrx_word' id='word_1_260' title='bbox 657 1735 731 1772; x_wconf 89' lang='lat' dir='ltr'>quod</span> <span class='ocrx_word' id='word_1_261' title='bbox 752 1735 835 1764; x_wconf 85' lang='lat' dir='ltr'>dicit:</span> <span class='ocrx_word' id='word_1_262' title='bbox 860 1735 1060 1772; x_wconf 77' lang='lat' dir='ltr'>Dissipabitur</span> <span class='ocrx_word' id='word_1_263' title='bbox 1074 1735 1223 1772; x_wconf 83' lang='lat' dir='ltr'>capparis.</span> 
     </span>
     <span class='ocr_line' id='line_1_42' title="bbox 376 1782 1224 1819; baseline 0 -8"><span class='ocrx_word' id='word_1_264' title='bbox 376 1783 506 1819; x_wconf 81' lang='lat' dir='ltr'>Capparis</span> <span class='ocrx_word' id='word_1_265' title='bbox 527 1785 569 1811; x_wconf 81' lang='lat' dir='ltr'>est</span> <span class='ocrx_word' id='word_1_266' title='bbox 590 1782 677 1811; x_wconf 86' lang='lat' dir='ltr'>herba</span> <span class='ocrx_word' id='word_1_267' title='bbox 695 1782 847 1819; x_wconf 83' lang='lat' dir='ltr'>quaedam,</span> <span class='ocrx_word' id='word_1_268' title='bbox 863 1790 934 1819; x_wconf 86' lang='lat' dir='ltr'>quae</span> <span class='ocrx_word' id='word_1_269' title='bbox 954 1794 967 1807; x_wconf 94' lang='lat'>«</span> <span class='ocrx_word' id='word_1_270' title='bbox 982 1783 1054 1811; x_wconf 84' lang='lat' dir='ltr'>valet</span> <span class='ocrx_word' id='word_1_271' title='bbox 1068 1783 1182 1811; x_wconf 87' lang='lat' dir='ltr'>renibus</span> <span class='ocrx_word' id='word_1_272' title='bbox 1196 1794 1224 1816; x_wconf 84' lang='lat'>»‚</span> 
     </span>
     <span class='ocr_line' id='line_1_43' title="bbox 375 1830 1224 1867; baseline -0.001 -8"><span class='ocrx_word' id='word_1_273' title='bbox 375 1834 406 1859; x_wconf 91' lang='lat' dir='ltr'>ut</span> <span class='ocrx_word' id='word_1_274' title='bbox 427 1830 493 1858; x_wconf 90' lang='lat' dir='ltr'>dicit</span> <span class='ocrx_word' id='word_1_275' title='bbox 512 1830 607 1858; x_wconf 86' lang='lat' dir='ltr'>Glossa</span> <span class='ocrx_word' id='word_1_276' title='bbox 619 1830 645 1863; x_wconf 77' lang='lat'>2,</span> <span class='ocrx_word' id='word_1_277' title='bbox 666 1833 693 1858; x_wconf 84' lang='lat' dir='ltr'>et</span> <span class='ocrx_word' id='word_1_278' title='bbox 714 1830 851 1858; x_wconf 81' lang='lat' dir='ltr'>confortat</span> <span class='ocrx_word' id='word_1_279' title='bbox 869 1833 961 1858; x_wconf 83' lang='lat' dir='ltr'>actum</span> <span class='ocrx_word' id='word_1_280' title='bbox 978 1830 1089 1858; x_wconf 90' lang='lat' dir='ltr'>virtutis</span> <span class='ocrx_word' id='word_1_281' title='bbox 1110 1838 1224 1867; x_wconf 81' lang='lat' dir='ltr'>genera-</span> 
     </span>
     <span class='ocr_line' id='line_1_44' title="bbox 375 1876 1224 1912; baseline -0.001 -6"><span class='ocrx_word' id='word_1_282' title='bbox 375 1878 465 1911; x_wconf 84' lang='lat' dir='ltr'>tivae;</span> <span class='ocrx_word' id='word_1_283' title='bbox 487 1880 514 1905; x_wconf 86' lang='lat' dir='ltr'>et</span> <span class='ocrx_word' id='word_1_284' title='bbox 535 1877 688 1905; x_wconf 89' lang='lat' dir='ltr'>secundum</span> <span class='ocrx_word' id='word_1_285' title='bbox 718 1876 915 1912; x_wconf 85' lang='lat' dir='ltr'>Hieronymum</span> <span class='ocrx_word' id='word_1_286' title='bbox 944 1877 971 1905; x_wconf 90' lang='lat' dir='ltr'>in</span> <span class='ocrx_word' id='word_1_287' title='bbox 1001 1877 1123 1905; x_wconf 83' lang='lat' dir='ltr'>Hebraeo</span> <span class='ocrx_word' id='word_1_288' title='bbox 1151 1885 1224 1905; x_wconf 88' lang='lat' dir='ltr'>com-</span> 
     </span>
     <span class='ocr_line' id='line_1_45' title="bbox 374 1924 1224 1953; baseline -0.001 0"><span class='ocrx_word' id='word_1_289' title='bbox 374 1933 458 1953; x_wconf 90' lang='lat' dir='ltr'>mune</span> <span class='ocrx_word' id='word_1_290' title='bbox 481 1932 579 1953; x_wconf 89' lang='lat' dir='ltr'>nomen</span> <span class='ocrx_word' id='word_1_291' title='bbox 602 1924 686 1952; x_wconf 87' lang='lat' dir='ltr'>habet</span> <span class='ocrx_word' id='word_1_292' title='bbox 707 1924 740 1952; x_wconf 84' lang='lat' dir='ltr'>ad</span> <span class='ocrx_word' id='word_1_293' title='bbox 763 1924 878 1952; x_wconf 80' lang='lat' dir='ltr'>herbam</span> <span class='ocrx_word' id='word_1_294' title='bbox 901 1927 928 1952; x_wconf 89' lang='lat' dir='ltr'>et</span> <span class='ocrx_word' id='word_1_295' title='bbox 949 1924 981 1952; x_wconf 88' lang='lat' dir='ltr'>ad</span> <span class='ocrx_word' id='word_1_296' title='bbox 997 1932 1120 1952; x_wconf 89' lang='lat' dir='ltr'>amorem</span> <span class='ocrx_word' id='word_1_297' title='bbox 1136 1924 1224 1953; x_wconf 88' lang='lat' dir='ltr'>libidi-</span> 
     </span>
     <span class='ocr_line' id='line_1_46' title="bbox 375 1970 1223 2007; baseline -0.001 -7"><span class='ocrx_word' id='word_1_298' title='bbox 375 1979 482 2000; x_wconf 88' lang='lat' dir='ltr'>nosum.</span> <span class='ocrx_word' id='word_1_299' title='bbox 506 1971 533 1999; x_wconf 88' lang='lat' dir='ltr'>ln</span> <span class='ocrx_word' id='word_1_300' title='bbox 552 1978 729 2007; x_wconf 87' lang='lat' dir='ltr'>quacumque</span> <span class='ocrx_word' id='word_1_301' title='bbox 744 1970 829 2006; x_wconf 79' lang='lat' dir='ltr'>igitur</span> <span class='ocrx_word' id='word_1_302' title='bbox 844 1970 1041 2007; x_wconf 79' lang='lat' dir='ltr'>significatione</span> <span class='ocrx_word' id='word_1_303' title='bbox 1056 1971 1223 2007; x_wconf 77' lang='lat' dir='ltr'>accipiatur,</span> 
     </span>
     <span class='ocr_line' id='line_1_47' title="bbox 375 2016 1223 2054; baseline 0 -8"><span class='ocrx_word' id='word_1_304' title='bbox 375 2020 468 2047; x_wconf 89' lang='lat' dir='ltr'>rectus</span> <span class='ocrx_word' id='word_1_305' title='bbox 496 2021 537 2046; x_wconf 90' lang='lat' dir='ltr'>est</span> <span class='ocrx_word' id='word_1_306' title='bbox 564 2025 680 2046; x_wconf 88' lang='lat' dir='ltr'>sensus:</span> <span class='ocrx_word' id='word_1_307' title='bbox 710 2016 906 2053; x_wconf 80' lang='lat' dir='ltr'>dissipabitur</span> <span class='ocrx_word' id='word_1_308' title='bbox 934 2017 1091 2054; x_wconf 82' lang='lat' dir='ltr'>capparis,</span> <span class='ocrx_word' id='word_1_309' title='bbox 1118 2017 1144 2045; x_wconf 89' lang='lat' dir='ltr'>id</span> <span class='ocrx_word' id='word_1_310' title='bbox 1166 2021 1223 2051; x_wconf 90' lang='lat' dir='ltr'>est,</span> 
     </span>
     <span class='ocr_line' id='line_1_48' title="bbox 375 2064 1223 2101; baseline -0.001 -7"><span class='ocrx_word' id='word_1_311' title='bbox 375 2066 532 2094; x_wconf 85' lang='lat' dir='ltr'>remittetur</span> <span class='ocrx_word' id='word_1_312' title='bbox 553 2065 645 2093; x_wconf 83' lang='lat' dir='ltr'>fervor</span> <span class='ocrx_word' id='word_1_313' title='bbox 667 2064 804 2097; x_wconf 89' lang='lat' dir='ltr'>libidinis;</span> <span class='ocrx_word' id='word_1_314' title='bbox 827 2067 854 2092; x_wconf 88' lang='lat' dir='ltr'>et</span> <span class='ocrx_word' id='word_1_315' title='bbox 877 2064 948 2092; x_wconf 84' lang='lat' dir='ltr'>istud</span> <span class='ocrx_word' id='word_1_316' title='bbox 977 2067 1018 2092; x_wconf 89' lang='lat' dir='ltr'>est</span> <span class='ocrx_word' id='word_1_317' title='bbox 1045 2064 1154 2101; x_wconf 82' lang='lat' dir='ltr'>signum</span> <span class='ocrx_word' id='word_1_318' title='bbox 1177 2064 1223 2093; x_wconf 88' lang='lat' dir='ltr'>de-</span> 
     </span>
     <span class='ocr_line' id='line_1_49' title="bbox 375 2111 1224 2147; baseline 0 -7"><span class='ocrx_word' id='word_1_319' title='bbox 375 2112 534 2140; x_wconf 82' lang='lat' dir='ltr'>bilitationis</span> <span class='ocrx_word' id='word_1_320' title='bbox 555 2112 582 2140; x_wconf 92' lang='lat' dir='ltr'>in</span> <span class='ocrx_word' id='word_1_321' title='bbox 604 2119 676 2140; x_wconf 89' lang='lat' dir='ltr'>sene.</span> <span class='ocrx_word' id='word_1_322' title='bbox 700 2111 726 2139; x_wconf 91' lang='lat' dir='ltr'>ln</span> <span class='ocrx_word' id='word_1_323' title='bbox 748 2114 811 2140; x_wconf 86' lang='lat' dir='ltr'>actu</span> <span class='ocrx_word' id='word_1_324' title='bbox 833 2111 905 2139; x_wconf 84' lang='lat' dir='ltr'>enim</span> <span class='ocrx_word' id='word_1_325' title='bbox 925 2111 1110 2147; x_wconf 84' lang='lat' dir='ltr'>generationis</span> <span class='ocrx_word' id='word_1_326' title='bbox 1132 2114 1224 2140; x_wconf 89' lang='lat' dir='ltr'>movet</span> 
     </span>
     <span class='ocr_line' id='line_1_50' title="bbox 375 2157 1223 2194; baseline 0 -7"><span class='ocrx_word' id='word_1_327' title='bbox 375 2159 466 2192; x_wconf 91' lang='lat' dir='ltr'>calor,</span> <span class='ocrx_word' id='word_1_328' title='bbox 481 2162 508 2187; x_wconf 89' lang='lat' dir='ltr'>et</span> <span class='ocrx_word' id='word_1_329' title='bbox 522 2158 665 2187; x_wconf 82' lang='lat' dir='ltr'>materiam</span> <span class='ocrx_word' id='word_1_330' title='bbox 682 2158 875 2186; x_wconf 83' lang='lat' dir='ltr'>subministrat</span> <span class='ocrx_word' id='word_1_331' title='bbox 889 2157 1012 2194; x_wconf 69' lang='lat' dir='ltr'>digestus</span> <span class='ocrx_word' id='word_1_332' title='bbox 1027 2158 1138 2186; x_wconf 86' lang='lat' dir='ltr'>humor.</span> <span class='ocrx_word' id='word_1_333' title='bbox 1154 2158 1223 2194; x_wconf 85' lang='lat' dir='ltr'>Quia</span> 
     </span>
     <span class='ocr_line' id='line_1_51' title="bbox 375 2205 1224 2243; baseline 0 -8"><span class='ocrx_word' id='word_1_334' title='bbox 375 2206 459 2243; x_wconf 77' lang='lat' dir='ltr'>igitur</span> <span class='ocrx_word' id='word_1_335' title='bbox 481 2209 608 2235; x_wconf 90' lang='lat' dir='ltr'>senectus</span> <span class='ocrx_word' id='word_1_336' title='bbox 629 2209 670 2234; x_wconf 88' lang='lat' dir='ltr'>est</span> <span class='ocrx_word' id='word_1_337' title='bbox 691 2205 789 2242; x_wconf 79' lang='lat' dir='ltr'>frigida</span> <span class='ocrx_word' id='word_1_338' title='bbox 817 2208 844 2233; x_wconf 88' lang='lat' dir='ltr'>et</span> <span class='ocrx_word' id='word_1_339' title='bbox 872 2205 958 2239; x_wconf 87' lang='lat' dir='ltr'>sicca,</span> <span class='ocrx_word' id='word_1_340' title='bbox 980 2205 1072 2233; x_wconf 83' lang='lat' dir='ltr'>deficit</span> <span class='ocrx_word' id='word_1_341' title='bbox 1094 2205 1168 2234; x_wconf 89' lang='lat' dir='ltr'>calor</span> <span class='ocrx_word' id='word_1_342' title='bbox 1196 2209 1224 2235; x_wconf 88' lang='lat' dir='ltr'>et</span> 
     </span>
     <span class='ocr_line' id='line_1_52' title="bbox 375 2252 1043 2287; baseline -0.001 -6"><span class='ocrx_word' id='word_1_343' title='bbox 375 2254 492 2287; x_wconf 87' lang='lat' dir='ltr'>humor,</span> <span class='ocrx_word' id='word_1_344' title='bbox 514 2256 541 2282; x_wconf 91' lang='lat' dir='ltr'>et</span> <span class='ocrx_word' id='word_1_345' title='bbox 562 2253 622 2281; x_wconf 92' lang='lat' dir='ltr'>ideo</span> <span class='ocrx_word' id='word_1_346' title='bbox 644 2252 763 2281; x_wconf 87' lang='lat' dir='ltr'>libidinis</span> <span class='ocrx_word' id='word_1_347' title='bbox 785 2252 920 2281; x_wconf 90' lang='lat' dir='ltr'>minuitur</span> <span class='ocrx_word' id='word_1_348' title='bbox 942 2252 1043 2281; x_wconf 84' lang='lat' dir='ltr'>fervor.</span> 
     </span>
    </p>
   </div>
   <div class='ocr_carea' id='block_1_8' title="bbox 403 2344 1193 2431">
    <p class='ocr_par' dir='ltr' id='par_1_10' title="bbox 403 2344 1193 2431">
     <span class='ocr_line' id='line_1_53' title="bbox 403 2344 1193 2376; baseline 0 0"><span class='ocrx_word' id='word_1_349' title='bbox 403 2346 441 2376; x_wconf 90' lang='lat' dir='ltr'>De</span> <span class='ocrx_word' id='word_1_350' title='bbox 461 2345 580 2376; x_wconf 85' lang='lat' dir='ltr'>miseriis</span> <span class='ocrx_word' id='word_1_351' title='bbox 601 2345 718 2375; x_wconf 80' lang='lat' dir='ltr'>mortem</span> <span class='ocrx_word' id='word_1_352' title='bbox 739 2344 987 2375; x_wconf 77' lang='lat' dir='ltr'>concomitantibus</span> <span class='ocrx_word' id='word_1_353' title='bbox 1007 2344 1038 2374; x_wconf 87' lang='lat' dir='ltr'>in</span> <span class='ocrx_word' id='word_1_354' title='bbox 1058 2345 1193 2376; x_wconf 82' lang='lat' dir='ltr'>moriente</span> 
     </span>
     <span class='ocr_line' id='line_1_54' title="bbox 649 2391 940 2431; baseline 0 -9"><span class='ocrx_word' id='word_1_355' title='bbox 649 2392 678 2422; x_wconf 78' lang='lat' dir='ltr'>et</span> <span class='ocrx_word' id='word_1_356' title='bbox 698 2391 940 2431; x_wconf 77' lang='lat' dir='ltr'>compatientibus,</span> 
     </span>
    </p>
   </div>
   <div class='ocr_carea' id='block_1_9' title="bbox 374 2487 1221 2572">
    <p class='ocr_par' dir='ltr' id='par_1_11' title="bbox 374 2487 1221 2572">
     <span class='ocr_line' id='line_1_55' title="bbox 454 2487 1220 2525; baseline 0.001 -10"><span class='ocrx_word' id='word_1_357' title='bbox 454 2488 542 2525; x_wconf 87' lang='lat' dir='ltr'>(Vers.</span> <span class='ocrx_word' id='word_1_358' title='bbox 565 2488 613 2519; x_wconf 79' lang='grc'>5..)</span> <span class='ocrx_word' id='word_1_359' title='bbox 636 2488 782 2524; x_wconf 83' lang='lat' dir='ltr'>Quoniam</span> <span class='ocrx_word' id='word_1_360' title='bbox 804 2487 857 2516; x_wconf 88' lang='lat' dir='ltr'>ibit</span> <span class='ocrx_word' id='word_1_361' title='bbox 877 2487 960 2516; x_wconf 72' lang='lat' dir='ltr'>homo</span> <span class='ocrx_word' id='word_1_362' title='bbox 982 2488 1013 2515; x_wconf 86' lang='lat' dir='ltr'>in</span> <span class='ocrx_word' id='word_1_363' title='bbox 1035 2487 1155 2516; x_wconf 79' lang='lat' dir='ltr'>domum</span> <span class='ocrx_word' id='word_1_364' title='bbox 1169 2490 1220 2517; x_wconf 89' lang='lat' dir='ltr'>etc.</span> 
     </span>
     <span class='ocr_line' id='line_1_56' title="bbox 374 2534 1221 2572; baseline -0.002 -8"><span class='ocrx_word' id='word_1_365' title='bbox 374 2535 532 2572; x_wconf 88' lang='lat' dir='ltr'>Descriptae</span> <span class='ocrx_word' id='word_1_366' title='bbox 554 2538 619 2563; x_wconf 87' lang='lat' dir='ltr'>sunt</span> <span class='ocrx_word' id='word_1_367' title='bbox 645 2535 773 2563; x_wconf 84' lang='lat' dir='ltr'>miseriae</span> <span class='ocrx_word' id='word_1_368' title='bbox 801 2534 992 2563; x_wconf 82' lang='lat' dir='ltr'>antecedentes</span> <span class='ocrx_word' id='word_1_369' title='bbox 1020 2537 1146 2563; x_wconf 91' lang='lat' dir='ltr'>mortem.</span> <span class='ocrx_word' id='word_1_370' title='bbox 1177 2534 1221 2563; x_wconf 85' lang='lat' dir='ltr'>Hic</span> 
     </span>
    </p>
   </div>
   <div class='ocr_carea' id='block_1_10' title="bbox 1252 243 1256 2567">
    <p class='ocr_par' dir='ltr' id='par_1_12' title="bbox 1252 243 1256 2567">
     <span class='ocr_line' id='line_1_57' title="bbox 1252 243 1256 2567; baseline 0 0"><span class='ocrx_word' id='word_1_371' title='bbox 1252 243 1256 2567; x_wconf 95' lang='lat' dir='ltr'> </span> 
     </span>
    </p>
   </div>
   <div class='ocr_carea' id='block_1_11' title="bbox 948 156 1554 186">
    <p class='ocr_par' dir='ltr' id='par_1_13' title="bbox 948 156 1554 186">
     <span class='ocr_line' id='line_1_58' title="bbox 948 156 1554 186; baseline -0.005 0"><span class='ocrx_word' id='word_1_372' title='bbox 948 157 1118 186; x_wconf 88' lang='lat' dir='ltr'>COMMENT.</span> <span class='ocrx_word' id='word_1_373' title='bbox 1141 157 1172 185; x_wconf 80' lang='grc' dir='ltr'>ΙΝ</span> <span class='ocrx_word' id='word_1_374' title='bbox 1195 156 1430 184; x_wconf 78' lang='lat' dir='ltr'>ECCLESIASTEN</span> <span class='ocrx_word' id='word_1_375' title='bbox 1452 156 1479 184; x_wconf 87' lang='lat' dir='ltr'>C.</span> <span class='ocrx_word' id='word_1_376' title='bbox 1502 156 1554 183; x_wconf 81' lang='grc' dir='ltr'>ΧΠ.</span> 
     </span>
    </p>
   </div>
   <div class='ocr_carea' id='block_1_12' title="bbox 1278 233 2129 878">
    <p class='ocr_par' dir='ltr' id='par_1_14' title="bbox 1278 233 2129 878">
     <span class='ocr_line' id='line_1_59' title="bbox 1278 233 2124 270; baseline 0.002 -9"><span class='ocrx_word' id='word_1_377' title='bbox 1278 233 1446 262; x_wconf 86' lang='lat' dir='ltr'>describitur</span> <span class='ocrx_word' id='word_1_378' title='bbox 1467 233 1526 270; x_wconf 88' lang='lat' dir='ltr'>ipsa</span> <span class='ocrx_word' id='word_1_379' title='bbox 1546 233 1669 262; x_wconf 82' lang='lat' dir='ltr'>miseria</span> <span class='ocrx_word' id='word_1_380' title='bbox 1682 234 1786 262; x_wconf 87' lang='lat' dir='ltr'>mortis</span> <span class='ocrx_word' id='word_1_381' title='bbox 1807 236 1835 262; x_wconf 89' lang='lat' dir='ltr'>et</span> <span class='ocrx_word' id='word_1_382' title='bbox 1856 234 1883 262; x_wconf 92' lang='lat' dir='ltr'>in</span> <span class='ocrx_word' id='word_1_383' title='bbox 1904 234 2042 263; x_wconf 87' lang='lat' dir='ltr'>moriente</span> <span class='ocrx_word' id='word_1_384' title='bbox 2056 237 2083 263; x_wconf 90' lang='lat' dir='ltr'>et</span> <span class='ocrx_word' id='word_1_385' title='bbox 2098 235 2124 263; x_wconf 91' lang='lat' dir='ltr'>in</span> 
     </span>
     <span class='ocr_line' id='line_1_60' title="bbox 1279 279 2125 317; baseline 0.001 -9"><span class='ocrx_word' id='word_1_386' title='bbox 1279 279 1526 317; x_wconf 74' lang='lat' dir='ltr'>compatientibus.</span> <span class='ocrx_word' id='word_1_387' title='bbox 1549 280 1576 308; x_wconf 93' lang='lat' dir='ltr'>ln</span> <span class='ocrx_word' id='word_1_388' title='bbox 1598 280 1752 315; x_wconf 86' lang='lat' dir='ltr'>moriente,</span> <span class='ocrx_word' id='word_1_389' title='bbox 1781 289 1844 309; x_wconf 90' lang='lat' dir='ltr'>cum</span> <span class='ocrx_word' id='word_1_390' title='bbox 1872 280 1956 309; x_wconf 87' lang='lat' dir='ltr'>dicit:</span> <span class='ocrx_word' id='word_1_391' title='bbox 1980 281 2125 317; x_wconf 75' lang='lat' dir='ltr'>Quoniam</span> 
     </span>
     <span class='ocr_line' id='line_1_61' title="bbox 1280 325 2126 363; baseline 0.001 -8"><span class='ocrx_word' id='word_1_392' title='bbox 1280 326 1331 355; x_wconf 83' lang='lat' dir='ltr'>ibit</span> <span class='ocrx_word' id='word_1_393' title='bbox 1352 325 1435 355; x_wconf 76' lang='lat' dir='ltr'>homo</span> <span class='ocrx_word' id='word_1_394' title='bbox 1457 327 1488 354; x_wconf 86' lang='lat' dir='ltr'>in</span> <span class='ocrx_word' id='word_1_395' title='bbox 1509 326 1628 355; x_wconf 79' lang='lat' dir='ltr'>(tomum</span> <span class='ocrx_word' id='word_1_396' title='bbox 1649 327 1830 356; x_wconf 72' lang='lat' dir='ltr'>aeternitatis</span> <span class='ocrx_word' id='word_1_397' title='bbox 1849 336 1939 362; x_wconf 87' lang='lat' dir='ltr'>suae,</span> <span class='ocrx_word' id='word_1_398' title='bbox 1955 328 1980 356; x_wconf 91' lang='lat' dir='ltr'>id</span> <span class='ocrx_word' id='word_1_399' title='bbox 1996 331 2053 363; x_wconf 88' lang='lat' dir='ltr'>est,</span> <span class='ocrx_word' id='word_1_400' title='bbox 2068 336 2126 356; x_wconf 89' lang='lat' dir='ltr'>mo-</span> 
     </span>
     <span class='ocr_line' id='line_1_62' title="bbox 1280 374 2127 413; baseline 0.002 -11"><span class='ocrx_word' id='word_1_401' title='bbox 1280 374 1377 402; x_wconf 86' lang='lat' dir='ltr'>rietur.</span> <span class='ocrx_word' id='word_1_402' title='bbox 1400 374 1504 402; x_wconf 90' lang='lat' dir='ltr'>Domus</span> <span class='ocrx_word' id='word_1_403' title='bbox 1524 374 1597 402; x_wconf 89' lang='lat' dir='ltr'>enim</span> <span class='ocrx_word' id='word_1_404' title='bbox 1619 377 1680 411; x_wconf 89' lang='lat' dir='ltr'>post</span> <span class='ocrx_word' id='word_1_405' title='bbox 1700 377 1816 403; x_wconf 89' lang='lat' dir='ltr'>mortem</span> <span class='ocrx_word' id='word_1_406' title='bbox 1838 378 1950 404; x_wconf 88' lang='lat' dir='ltr'>aeterna</span> <span class='ocrx_word' id='word_1_407' title='bbox 1970 378 2027 410; x_wconf 88' lang='lat' dir='ltr'>est,</span> <span class='ocrx_word' id='word_1_408' title='bbox 2048 375 2127 413; x_wconf 85' lang='lat' dir='ltr'>quia,</span> 
     </span>
     <span class='ocr_line' id='line_1_63' title="bbox 1280 420 2126 459; baseline 0.002 -10"><span class='ocrx_word' id='word_1_409' title='bbox 1280 429 1366 458; x_wconf 89' lang='lat' dir='ltr'>supra</span> <span class='ocrx_word' id='word_1_410' title='bbox 1386 420 1533 449; x_wconf 88' lang='lat' dir='ltr'>undecimo</span> <span class='ocrx_word' id='word_1_411' title='bbox 1544 421 1564 455; x_wconf 76' lang='lat'>³,</span> <span class='ocrx_word' id='word_1_412' title='bbox 1592 433 1605 446; x_wconf 73' lang='grc' dir='ltr'>«ι</span> <span class='ocrx_word' id='word_1_413' title='bbox 1620 421 1641 449; x_wconf 90' lang='lat' dir='ltr'>si</span> <span class='ocrx_word' id='word_1_414' title='bbox 1667 421 1797 450; x_wconf 85' lang='lat' dir='ltr'>ceciderit</span> <span class='ocrx_word' id='word_1_415' title='bbox 1815 422 1920 459; x_wconf 82' lang='lat' dir='ltr'>lignum</span> <span class='ocrx_word' id='word_1_416' title='bbox 1934 423 1968 451; x_wconf 87' lang='lat' dir='ltr'>ad</span> <span class='ocrx_word' id='word_1_417' title='bbox 1982 425 2126 456; x_wconf 86' lang='lat' dir='ltr'>austrum,</span> 
     </span>
     <span class='ocr_line' id='line_1_64' title="bbox 1281 467 2125 505; baseline 0.001 -8"><span class='ocrx_word' id='word_1_418' title='bbox 1281 468 1317 497; x_wconf 89' lang='lat' dir='ltr'>ibi</span> <span class='ocrx_word' id='word_1_419' title='bbox 1340 468 1410 502; x_wconf 87' lang='lat' dir='ltr'>erit;</span> <span class='ocrx_word' id='word_1_420' title='bbox 1433 467 1455 496; x_wconf 90' lang='lat' dir='ltr'>si</span> <span class='ocrx_word' id='word_1_421' title='bbox 1477 467 1510 496; x_wconf 86' lang='lat' dir='ltr'>ad</span> <span class='ocrx_word' id='word_1_422' title='bbox 1531 467 1705 505; x_wconf 81' lang='lat' dir='ltr'>aquilonem,</span> <span class='ocrx_word' id='word_1_423' title='bbox 1728 468 1764 497; x_wconf 89' lang='lat' dir='ltr'>ibi</span> <span class='ocrx_word' id='word_1_424' title='bbox 1785 469 1838 497; x_wconf 89' lang='lat' dir='ltr'>erit</span> <span class='ocrx_word' id='word_1_425' title='bbox 1854 480 1879 503; x_wconf 71' lang='grc' dir='ltr'>»ς</span> <span class='ocrx_word' id='word_1_426' title='bbox 1907 472 1935 498; x_wconf 89' lang='lat' dir='ltr'>et</span> <span class='ocrx_word' id='word_1_427' title='bbox 1963 470 2000 498; x_wconf 89' lang='lat' dir='ltr'>ita</span> <span class='ocrx_word' id='word_1_428' title='bbox 2026 469 2125 498; x_wconf 86' lang='lat' dir='ltr'>domus</span> 
     </span>
     <span class='ocr_line' id='line_1_65' title="bbox 1281 514 2126 553; baseline 0.001 -9"><span class='ocrx_word' id='word_1_429' title='bbox 1281 518 1342 552; x_wconf 89' lang='lat' dir='ltr'>post</span> <span class='ocrx_word' id='word_1_430' title='bbox 1364 516 1480 543; x_wconf 87' lang='lat' dir='ltr'>mortem</span> <span class='ocrx_word' id='word_1_431' title='bbox 1503 517 1577 543; x_wconf 90' lang='lat' dir='ltr'>recte</span> <span class='ocrx_word' id='word_1_432' title='bbox 1598 514 1700 543; x_wconf 88' lang='lat' dir='ltr'>dicitur</span> <span class='ocrx_word' id='word_1_433' title='bbox 1720 515 1821 544; x_wconf 90' lang='lat' dir='ltr'>domus</span> <span class='ocrx_word' id='word_1_434' title='bbox 1834 515 2012 545; x_wconf 81' lang='lat' dir='ltr'>aeternitatis.</span> <span class='ocrx_word' id='word_1_435' title='bbox 2034 516 2126 553; x_wconf 85' lang='lat' dir='ltr'>Quan-</span> 
     </span>
     <span class='ocr_line' id='line_1_66' title="bbox 1281 561 2128 598; baseline 0.001 -7"><span class='ocrx_word' id='word_1_436' title='bbox 1281 565 1341 591; x_wconf 90' lang='lat' dir='ltr'>tum</span> <span class='ocrx_word' id='word_1_437' title='bbox 1363 561 1396 590; x_wconf 86' lang='lat' dir='ltr'>ad</span> <span class='ocrx_word' id='word_1_438' title='bbox 1425 561 1564 589; x_wconf 86' lang='lat' dir='ltr'>iniseriam</span> <span class='ocrx_word' id='word_1_439' title='bbox 1586 561 1612 589; x_wconf 93' lang='lat' dir='ltr'>in</span> <span class='ocrx_word' id='word_1_440' title='bbox 1635 561 1874 598; x_wconf 80' lang='lat' dir='ltr'>compatientibus</span> <span class='ocrx_word' id='word_1_441' title='bbox 1901 562 1984 592; x_wconf 86' lang='lat' dir='ltr'>dicit:</span> <span class='ocrx_word' id='word_1_442' title='bbox 2009 563 2043 591; x_wconf 88' lang='lat' dir='ltr'>Et</span> <span class='ocrx_word' id='word_1_443' title='bbox 2069 563 2128 592; x_wconf 89' lang='lat' dir='ltr'>cir-</span> 
     </span>
     <span class='ocr_line' id='line_1_67' title="bbox 1281 607 2128 647; baseline 0.004 -11"><span class='ocrx_word' id='word_1_444' title='bbox 1281 608 1401 636; x_wconf 83' lang='lat' dir='ltr'>cuibunt</span> <span class='ocrx_word' id='word_1_445' title='bbox 1432 608 1464 636; x_wconf 79' lang='lat' dir='ltr'>in</span> <span class='ocrx_word' id='word_1_446' title='bbox 1492 608 1591 644; x_wconf 82' lang='lat' dir='ltr'>platea</span> <span class='ocrx_word' id='word_1_447' title='bbox 1621 607 1811 645; x_wconf 75' lang='lat' dir='ltr'>planyentes,·</span> <span class='ocrx_word' id='word_1_448' title='bbox 1839 608 2036 644; x_wconf 84' lang='lat' dir='ltr'>circumeunt,</span> <span class='ocrx_word' id='word_1_449' title='bbox 2062 610 2128 647; x_wconf 90' lang='lat' dir='ltr'>quia</span> 
     </span>
     <span class='ocr_line' id='line_1_68' title="bbox 1281 654 2128 694; baseline 0.004 -12"><span class='ocrx_word' id='word_1_450' title='bbox 1281 662 1347 691; x_wconf 82' lang='lat' dir='ltr'>prae</span> <span class='ocrx_word' id='word_1_451' title='bbox 1367 654 1461 682; x_wconf 92' lang='lat' dir='ltr'>dolore</span> <span class='ocrx_word' id='word_1_452' title='bbox 1488 654 1632 690; x_wconf 85' lang='lat' dir='ltr'>quiescere</span> <span class='ocrx_word' id='word_1_453' title='bbox 1653 654 1798 688; x_wconf 89' lang='lat' dir='ltr'>nesciunt;</span> <span class='ocrx_word' id='word_1_454' title='bbox 1822 655 1986 684; x_wconf 83' lang='lat' dir='ltr'>Psalmus⁴:</span> <span class='ocrx_word' id='word_1_455' title='bbox 2012 667 2026 681; x_wconf 87' lang='lat'>«</span> <span class='ocrx_word' id='word_1_456' title='bbox 2039 656 2128 694; x_wconf 84' lang='lat' dir='ltr'>Caput</span> 
     </span>
     <span class='ocr_line' id='line_1_69' title="bbox 1280 700 2129 740; baseline 0.004 -11"><span class='ocrx_word' id='word_1_457' title='bbox 1280 701 1415 729; x_wconf 85' lang='lat' dir='ltr'>circuitus</span> <span class='ocrx_word' id='word_1_458' title='bbox 1445 708 1559 735; x_wconf 88' lang='lat' dir='ltr'>eorum,</span> <span class='ocrx_word' id='word_1_459' title='bbox 1592 700 1669 729; x_wconf 87' lang='lat' dir='ltr'>labor</span> <span class='ocrx_word' id='word_1_460' title='bbox 1701 701 1836 730; x_wconf 84' lang='lat' dir='ltr'>labiorum</span> <span class='ocrx_word' id='word_1_461' title='bbox 1868 702 1992 739; x_wconf 87' lang='lat' dir='ltr'>ipsorum</span> <span class='ocrx_word' id='word_1_462' title='bbox 2023 703 2129 740; x_wconf 87' lang='lat' dir='ltr'>operiet</span> 
     </span>
     <span class='ocr_line' id='line_1_70' title="bbox 1281 747 2128 785; baseline 0.002 -8"><span class='ocrx_word' id='word_1_463' title='bbox 1281 756 1328 777; x_wconf 89' lang='lat' dir='ltr'>eos</span> <span class='ocrx_word' id='word_1_464' title='bbox 1342 760 1368 776; x_wconf 85' lang='lat'>».</span> <span class='ocrx_word' id='word_1_465' title='bbox 1393 748 1423 776; x_wconf 90' lang='lat' dir='ltr'>Et</span> <span class='ocrx_word' id='word_1_466' title='bbox 1440 747 1581 785; x_wconf 77' lang='lat' dir='ltr'>ptanyent</span> <span class='ocrx_word' id='word_1_467' title='bbox 1595 755 1679 784; x_wconf 91' lang='lat' dir='ltr'>super</span> <span class='ocrx_word' id='word_1_468' title='bbox 1694 751 1806 777; x_wconf 87' lang='lat' dir='ltr'>mortuo</span> <span class='ocrx_word' id='word_1_469' title='bbox 1826 749 1904 785; x_wconf 90' lang='lat' dir='ltr'>quasi</span> <span class='ocrx_word' id='word_1_470' title='bbox 1927 749 2050 778; x_wconf 86' lang='lat' dir='ltr'>nolentes</span> <span class='ocrx_word' id='word_1_471' title='bbox 2064 757 2128 779; x_wconf 89' lang='lat' dir='ltr'>con—</span> 
     </span>
     <span class='ocr_line' id='line_1_71' title="bbox 1281 795 2128 834; baseline 0.004 -11"><span class='ocrx_word' id='word_1_472' title='bbox 1281 795 1382 830; x_wconf 85' lang='lat' dir='ltr'>solari,</span> <span class='ocrx_word' id='word_1_473' title='bbox 1404 795 1450 824; x_wconf 90' lang='lat' dir='ltr'>sed</span> <span class='ocrx_word' id='word_1_474' title='bbox 1473 803 1527 823; x_wconf 93' lang='lat' dir='ltr'>non</span> <span class='ocrx_word' id='word_1_475' title='bbox 1548 795 1587 824; x_wconf 89' lang='lat' dir='ltr'>sic</span> <span class='ocrx_word' id='word_1_476' title='bbox 1608 795 1723 829; x_wconf 89' lang='lat' dir='ltr'>debent;</span> <span class='ocrx_word' id='word_1_477' title='bbox 1746 795 1925 825; x_wconf 88' lang='lat' dir='ltr'>Ecclesiastici</span> <span class='ocrx_word' id='word_1_478' title='bbox 1941 797 2071 834; x_wconf 82' lang='lat' dir='ltr'>vigesimo</span> <span class='ocrx_word' id='word_1_479' title='bbox 2086 805 2128 826; x_wconf 88' lang='lat' dir='ltr'>se-</span> 
     </span>
     <span class='ocr_line' id='line_1_72' title="bbox 1281 842 1920 878; baseline 0.003 -8"><span class='ocrx_word' id='word_1_480' title='bbox 1281 842 1390 871; x_wconf 89' lang='lat' dir='ltr'>cundo:</span> <span class='ocrx_word' id='word_1_481' title='bbox 1417 854 1430 867; x_wconf 93' lang='lat'>«</span> <span class='ocrx_word' id='word_1_482' title='bbox 1446 842 1548 871; x_wconf 85' lang='lat' dir='ltr'>Luctus</span> <span class='ocrx_word' id='word_1_483' title='bbox 1569 842 1673 870; x_wconf 90' lang='lat' dir='ltr'>mortui</span> <span class='ocrx_word' id='word_1_484' title='bbox 1695 844 1801 878; x_wconf 88' lang='lat' dir='ltr'>septem</span> <span class='ocrx_word' id='word_1_485' title='bbox 1820 842 1920 872; x_wconf 85' lang='lat' dir='ltr'>dies».</span> 
     </span>
    </p>
   </div>
   <div class='ocr_carea' id='block_1_13' title="bbox 1418 935 1990 975">
    <p class='ocr_par' dir='ltr' id='par_1_15' title="bbox 1418 935 1990 975">
     <span class='ocr_line' id='line_1_73' title="bbox 1418 935 1990 975; baseline 0.003 -10"><span class='ocrx_word' id='word_1_486' title='bbox 1418 935 1456 966; x_wconf 91' lang='lat' dir='ltr'>De</span> <span class='ocrx_word' id='word_1_487' title='bbox 1476 935 1596 965; x_wconf 87' lang='lat' dir='ltr'>miseriis</span> <span class='ocrx_word' id='word_1_488' title='bbox 1617 936 1734 965; x_wconf 80' lang='lat' dir='ltr'>mortem</span> <span class='ocrx_word' id='word_1_489' title='bbox 1755 936 1990 975; x_wconf 80' lang='lat' dir='ltr'>consequentibus.</span> 
     </span>
    </p>
   </div>
   <div class='ocr_carea' id='block_1_14' title="bbox 1277 1028 2131 2431">
    <p class='ocr_par' dir='ltr' id='par_1_16' title="bbox 1281 1028 2130 1207">
     <span class='ocr_line' id='line_1_74' title="bbox 1363 1028 2128 1068; baseline 0.003 -10"><span class='ocrx_word' id='word_1_490' title='bbox 1363 1031 1525 1068; x_wconf 79' lang='lat' dir='ltr'>Antequam</span> <span class='ocrx_word' id='word_1_491' title='bbox 1537 1033 1699 1067; x_wconf 74' lang='lat' dir='ltr'>rumpatur</span> <span class='ocrx_word' id='word_1_492' title='bbox 1709 1028 1794 1066; x_wconf 74' lang='lat' dir='ltr'>funis</span> <span class='ocrx_word' id='word_1_493' title='bbox 1808 1032 1859 1058; x_wconf 87' lang='lat' dir='ltr'>etc.</span> <span class='ocrx_word' id='word_1_494' title='bbox 1872 1030 1962 1066; x_wconf 90' lang='lat' dir='ltr'>Supra</span> <span class='ocrx_word' id='word_1_495' title='bbox 1976 1031 2064 1068; x_wconf 83' lang='lat' dir='ltr'>tetigit</span> <span class='ocrx_word' id='word_1_496' title='bbox 2079 1031 2128 1060; x_wconf 91' lang='lat' dir='ltr'>mi-</span> 
     </span>
     <span class='ocr_line' id='line_1_75' title="bbox 1282 1076 2127 1111; baseline 0.002 -7"><span class='ocrx_word' id='word_1_497' title='bbox 1282 1076 1368 1105; x_wconf 89' lang='lat' dir='ltr'>serias</span> <span class='ocrx_word' id='word_1_498' title='bbox 1381 1076 1573 1105; x_wconf 86' lang='lat' dir='ltr'>antecedentes</span> <span class='ocrx_word' id='word_1_499' title='bbox 1588 1078 1615 1105; x_wconf 93' lang='lat' dir='ltr'>et</span> <span class='ocrx_word' id='word_1_500' title='bbox 1629 1076 1844 1104; x_wconf 86' lang='lat' dir='ltr'>concomitantes</span> <span class='ocrx_word' id='word_1_501' title='bbox 1859 1079 1976 1105; x_wconf 87' lang='lat' dir='ltr'>mortem</span> <span class='ocrx_word' id='word_1_502' title='bbox 1989 1088 1995 1111; x_wconf 91' lang='lat'>;</span> <span class='ocrx_word' id='word_1_503' title='bbox 2011 1077 2055 1106; x_wconf 90' lang='lat' dir='ltr'>hic</span> <span class='ocrx_word' id='word_1_504' title='bbox 2069 1080 2127 1106; x_wconf 88' lang='lat' dir='ltr'>tan-</span> 
     </span>
     <span class='ocr_line' id='line_1_76' title="bbox 1281 1123 2130 1161; baseline 0.002 -10"><span class='ocrx_word' id='word_1_505' title='bbox 1281 1123 1320 1159; x_wconf 80' lang='lat' dir='ltr'>git</span> <span class='ocrx_word' id='word_1_506' title='bbox 1331 1127 1539 1161; x_wconf 77' lang='lat' dir='ltr'>consequentes,</span> <span class='ocrx_word' id='word_1_507' title='bbox 1554 1131 1626 1160; x_wconf 88' lang='lat' dir='ltr'>quae</span> <span class='ocrx_word' id='word_1_508' title='bbox 1638 1126 1703 1152; x_wconf 89' lang='lat' dir='ltr'>sunt</span> <span class='ocrx_word' id='word_1_509' title='bbox 1713 1123 1846 1159; x_wconf 84' lang='lat' dir='ltr'>corporis</span> <span class='ocrx_word' id='word_1_510' title='bbox 1857 1123 1993 1152; x_wconf 76' lang='lat' dir='ltr'>resolutio</span> <span class='ocrx_word' id='word_1_511' title='bbox 2003 1126 2031 1152; x_wconf 89' lang='lat' dir='ltr'>et</span> <span class='ocrx_word' id='word_1_512' title='bbox 2041 1124 2130 1161; x_wconf 87' lang='lat' dir='ltr'>spiri-</span> 
     </span>
     <span class='ocr_line' id='line_1_77' title="bbox 1282 1168 2123 1207; baseline 0.002 -10"><span class='ocrx_word' id='word_1_513' title='bbox 1282 1172 1329 1197; x_wconf 83' lang='lat' dir='ltr'>tus</span> <span class='ocrx_word' id='word_1_514' title='bbox 1343 1169 1383 1198; x_wconf 76' lang='lat' dir='ltr'>acl</span> <span class='ocrx_word' id='word_1_515' title='bbox 1395 1170 1487 1198; x_wconf 85' lang='lat' dir='ltr'>Deum</span> <span class='ocrx_word' id='word_1_516' title='bbox 1497 1169 1653 1207; x_wconf 64' lang='lat' dir='ltr'>miqratioe</span> <span class='ocrx_word' id='word_1_517' title='bbox 1664 1178 1735 1206; x_wconf 90' lang='lat' dir='ltr'>quae</span> <span class='ocrx_word' id='word_1_518' title='bbox 1747 1169 1799 1198; x_wconf 88' lang='lat' dir='ltr'>isto</span> <span class='ocrx_word' id='word_1_519' title='bbox 1810 1168 1907 1198; x_wconf 89' lang='lat' dir='ltr'>ordine</span> <span class='ocrx_word' id='word_1_520' title='bbox 1917 1169 2005 1198; x_wconf 81' lang='lat' dir='ltr'>deseri</span> <span class='ocrx_word' id='word_1_521' title='bbox 2010 1170 2123 1200; x_wconf 89' lang='lat' dir='ltr'>buntur.</span> 
     </span>
    </p>

    <p class='ocr_par' dir='ltr' id='par_1_17' title="bbox 1277 1216 2131 2431">
     <span class='ocr_line' id='line_1_78' title="bbox 1361 1216 2129 1252; baseline 0.003 -8"><span class='ocrx_word' id='word_1_522' title='bbox 1361 1216 1449 1252; x_wconf 87' lang='lat' dir='ltr'>(Vers.</span> <span class='ocrx_word' id='word_1_523' title='bbox 1473 1217 1498 1244; x_wconf 88' lang='lat'>6.</span> <span class='ocrx_word' id='word_1_524' title='bbox 1522 1217 1570 1252; x_wconf 92' lang='grc'>7.).</span> <span class='ocrx_word' id='word_1_525' title='bbox 1594 1216 1684 1245; x_wconf 89' lang='lat' dir='ltr'>Primo</span> <span class='ocrx_word' id='word_1_526' title='bbox 1711 1218 1824 1245; x_wconf 88' lang='lat' dir='ltr'>notatur</span> <span class='ocrx_word' id='word_1_527' title='bbox 1852 1216 2003 1245; x_wconf 81' lang='lat' dir='ltr'>dissolutio</span> <span class='ocrx_word' id='word_1_528' title='bbox 2028 1226 2129 1246; x_wconf 81' lang='lat' dir='ltr'>nervo—</span> 
     </span>
     <span class='ocr_line' id='line_1_79' title="bbox 1282 1263 2129 1302; baseline 0.002 -10"><span class='ocrx_word' id='word_1_529' title='bbox 1282 1272 1367 1297; x_wconf 87' lang='lat' dir='ltr'>rum,</span> <span class='ocrx_word' id='word_1_530' title='bbox 1389 1272 1454 1292; x_wconf 90' lang='lat' dir='ltr'>cum</span> <span class='ocrx_word' id='word_1_531' title='bbox 1479 1264 1563 1292; x_wconf 87' lang='lat' dir='ltr'>dicit:</span> <span class='ocrx_word' id='word_1_532' title='bbox 1593 1266 1758 1302; x_wconf 84' lang='lat' dir='ltr'>Antequam</span> <span class='ocrx_word' id='word_1_533' title='bbox 1786 1267 1948 1301; x_wconf 84' lang='lat' dir='ltr'>rumpatur</span> <span class='ocrx_word' id='word_1_534' title='bbox 1974 1263 2058 1301; x_wconf 84' lang='lat' dir='ltr'>funis</span> <span class='ocrx_word' id='word_1_535' title='bbox 2079 1273 2129 1294; x_wconf 86' lang='lat' dir='ltr'>ar—</span> 
     </span>
     <span class='ocr_line' id='line_1_80' title="bbox 1280 1310 2129 1347; baseline 0.004 -9"><span class='ocrx_word' id='word_1_536' title='bbox 1280 1314 1414 1347; x_wconf 62' lang='lat' dir='ltr'>gemeus,</span> <span class='ocrx_word' id='word_1_537' title='bbox 1429 1313 1456 1339; x_wconf 90' lang='lat' dir='ltr'>et</span> <span class='ocrx_word' id='word_1_538' title='bbox 1470 1310 1551 1339; x_wconf 90' lang='lat' dir='ltr'>debet</span> <span class='ocrx_word' id='word_1_539' title='bbox 1572 1310 1659 1347; x_wconf 87' lang='lat' dir='ltr'>repeti</span> <span class='ocrx_word' id='word_1_540' title='bbox 1681 1310 1797 1339; x_wconf 90' lang='lat' dir='ltr'>verbum</span> <span class='ocrx_word' id='word_1_541' title='bbox 1811 1310 1837 1338; x_wconf 81' lang='lat'>⁵:</span> <span class='ocrx_word' id='word_1_542' title='bbox 1865 1322 1878 1335; x_wconf 88' lang='lat'>«</span> <span class='ocrx_word' id='word_1_543' title='bbox 1893 1311 2028 1340; x_wconf 87' lang='lat' dir='ltr'>Memento</span> <span class='ocrx_word' id='word_1_544' title='bbox 2048 1311 2129 1341; x_wconf 90' lang='lat' dir='ltr'>Crea-</span> 
     </span>
     <span class='ocr_line' id='line_1_81' title="bbox 1283 1357 2128 1396; baseline 0.002 -11"><span class='ocrx_word' id='word_1_545' title='bbox 1283 1357 1350 1385; x_wconf 92' lang='lat' dir='ltr'>toris</span> <span class='ocrx_word' id='word_1_546' title='bbox 1362 1357 1401 1385; x_wconf 92' lang='lat' dir='ltr'>tui</span> <span class='ocrx_word' id='word_1_547' title='bbox 1414 1369 1427 1381; x_wconf 85' lang='lat'>»</span> <span class='ocrx_word' id='word_1_548' title='bbox 1446 1360 1496 1385; x_wconf 89' lang='lat' dir='ltr'>etc.</span> <span class='ocrx_word' id='word_1_549' title='bbox 1514 1357 1667 1386; x_wconf 78' lang='lat' dir='ltr'>Nervorum</span> <span class='ocrx_word' id='word_1_550' title='bbox 1683 1357 1816 1385; x_wconf 88' lang='lat' dir='ltr'>involutio</span> <span class='ocrx_word' id='word_1_551' title='bbox 1832 1360 1905 1386; x_wconf 89' lang='lat' dir='ltr'>recte</span> <span class='ocrx_word' id='word_1_552' title='bbox 1919 1357 2021 1387; x_wconf 87' lang='lat' dir='ltr'>dicitur</span> <span class='ocrx_word' id='word_1_553' title='bbox 2034 1358 2128 1396; x_wconf 86' lang='lat' dir='ltr'>funis,</span> 
     </span>
     <span class='ocr_line' id='line_1_82' title="bbox 1282 1403 2130 1442; baseline 0.004 -11"><span class='ocrx_word' id='word_1_554' title='bbox 1282 1403 1347 1440; x_wconf 88' lang='lat' dir='ltr'>quia</span> <span class='ocrx_word' id='word_1_555' title='bbox 1371 1407 1457 1431; x_wconf 93' lang='lat' dir='ltr'>totum</span> <span class='ocrx_word' id='word_1_556' title='bbox 1479 1411 1581 1439; x_wconf 89' lang='lat' dir='ltr'>corpus</span> <span class='ocrx_word' id='word_1_557' title='bbox 1602 1403 1686 1440; x_wconf 83' lang='lat' dir='ltr'>cingit</span> <span class='ocrx_word' id='word_1_558' title='bbox 1701 1406 1728 1432; x_wconf 91' lang='lat' dir='ltr'>et</span> <span class='ocrx_word' id='word_1_559' title='bbox 1742 1403 1823 1440; x_wconf 81' lang='lat' dir='ltr'>ligat,</span> <span class='ocrx_word' id='word_1_560' title='bbox 1838 1406 1866 1432; x_wconf 85' lang='lat' dir='ltr'>et</span> <span class='ocrx_word' id='word_1_561' title='bbox 1880 1407 2051 1441; x_wconf 69' lang='lat' dir='ltr'>arycateus,</span> <span class='ocrx_word' id='word_1_562' title='bbox 2066 1413 2130 1442; x_wconf 89' lang='lat' dir='ltr'>pro-</span> 
     </span>
     <span class='ocr_line' id='line_1_83' title="bbox 1282 1450 2130 1490; baseline 0.002 -11"><span class='ocrx_word' id='word_1_563' title='bbox 1282 1455 1343 1487; x_wconf 89' lang='lat' dir='ltr'>pter</span> <span class='ocrx_word' id='word_1_564' title='bbox 1369 1451 1501 1487; x_wconf 78' lang='lat' dir='ltr'>ipsorum</span> <span class='ocrx_word' id='word_1_565' title='bbox 1522 1450 1675 1479; x_wconf 88' lang='lat' dir='ltr'>albedinem</span> <span class='ocrx_word' id='word_1_566' title='bbox 1697 1454 1724 1479; x_wconf 89' lang='lat' dir='ltr'>et</span> <span class='ocrx_word' id='word_1_567' title='bbox 1746 1451 1933 1487; x_wconf 89' lang='lat' dir='ltr'>pervietatem.</span> <span class='ocrx_word' id='word_1_568' title='bbox 1955 1452 2037 1481; x_wconf 89' lang='lat' dir='ltr'>Funis</span> <span class='ocrx_word' id='word_1_569' title='bbox 2064 1460 2130 1490; x_wconf 85' lang='lat' dir='ltr'>ergo</span> 
     </span>
     <span class='ocr_line' id='line_1_84' title="bbox 1282 1498 2131 1536; baseline 0.004 -10"><span class='ocrx_word' id='word_1_570' title='bbox 1282 1501 1430 1535; x_wconf 81' lang='lat' dir='ltr'>argenteus</span> <span class='ocrx_word' id='word_1_571' title='bbox 1451 1498 1620 1535; x_wconf 82' lang='lat' dir='ltr'>rumpitur,</span> <span class='ocrx_word' id='word_1_572' title='bbox 1642 1498 1753 1535; x_wconf 88' lang='lat' dir='ltr'>quando</span> <span class='ocrx_word' id='word_1_573' title='bbox 1774 1506 1925 1527; x_wconf 91' lang='lat' dir='ltr'>nervorum</span> <span class='ocrx_word' id='word_1_574' title='bbox 1945 1499 2063 1536; x_wconf 83' lang='lat' dir='ltr'>ligatura</span> <span class='ocrx_word' id='word_1_575' title='bbox 2075 1500 2131 1529; x_wconf 83' lang='lat' dir='ltr'>dis-</span> 
     </span>
     <span class='ocr_line' id='line_1_85' title="bbox 1283 1539 2129 1580; baseline 0.002 -6"><span class='ocrx_word' id='word_1_576' title='bbox 1283 1546 1407 1574; x_wconf 89' lang='lat' dir='ltr'>solvitur.</span> <span class='ocrx_word' id='word_1_577' title='bbox 1431 1562 1467 1566; x_wconf 97' lang='lat'><strong>—</strong></span> <span class='ocrx_word' id='word_1_578' title='bbox 1489 1545 1631 1580; x_wconf 83' lang='lat' dir='ltr'>Secundo,</span> <span class='ocrx_word' id='word_1_579' title='bbox 1653 1545 1789 1574; x_wconf 84' lang='lat' dir='ltr'>resolutio</span> <span class='ocrx_word' id='word_1_580' title='bbox 1807 1539 1952 1575; x_wconf 81' lang='lat' dir='ltr'>venarum</span> <span class='ocrx_word' id='word_1_581' title='bbox 1980 1547 2037 1576; x_wconf 87' lang='lat' dir='ltr'>sive</span> <span class='ocrx_word' id='word_1_582' title='bbox 2057 1550 2129 1577; x_wconf 89' lang='lat' dir='ltr'>arte-</span> 
     </span>
     <span class='ocr_line' id='line_1_86' title="bbox 1283 1593 2129 1628; baseline 0.002 -7"><span class='ocrx_word' id='word_1_583' title='bbox 1283 1593 1405 1627; x_wconf 83' lang='lat' dir='ltr'>riarum,</span> <span class='ocrx_word' id='word_1_584' title='bbox 1427 1601 1490 1622; x_wconf 88' lang='lat' dir='ltr'>cum</span> <span class='ocrx_word' id='word_1_585' title='bbox 1513 1593 1597 1621; x_wconf 87' lang='lat' dir='ltr'>dicit:</span> <span class='ocrx_word' id='word_1_586' title='bbox 1615 1594 1649 1621; x_wconf 89' lang='lat' dir='ltr'>Et</span> <span class='ocrx_word' id='word_1_587' title='bbox 1664 1597 1803 1622; x_wconf 86' lang='lat' dir='ltr'>recurrat</span> <span class='ocrx_word' id='word_1_588' title='bbox 1816 1594 1886 1622; x_wconf 79' lang='lat' dir='ltr'>vitta</span> <span class='ocrx_word' id='word_1_589' title='bbox 1910 1602 2026 1628; x_wconf 89' lang='lat' dir='ltr'>aurea;</span> <span class='ocrx_word' id='word_1_590' title='bbox 2048 1602 2129 1623; x_wconf 89' lang='lat' dir='ltr'>vena-</span> 
     </span>
     <span class='ocr_line' id='line_1_87' title="bbox 1283 1640 2130 1679; baseline 0.004 -11"><span class='ocrx_word' id='word_1_591' title='bbox 1283 1648 1345 1669; x_wconf 90' lang='lat' dir='ltr'>rum</span> <span class='ocrx_word' id='word_1_592' title='bbox 1368 1640 1502 1669; x_wconf 88' lang='lat' dir='ltr'>involutio</span> <span class='ocrx_word' id='word_1_593' title='bbox 1524 1644 1598 1669; x_wconf 85' lang='lat' dir='ltr'>recte</span> <span class='ocrx_word' id='word_1_594' title='bbox 1618 1640 1720 1669; x_wconf 86' lang='lat' dir='ltr'>dicitur</span> <span class='ocrx_word' id='word_1_595' title='bbox 1741 1641 1853 1676; x_wconf 76' lang='lat' dir='ltr'>vitta⁶,</span> <span class='ocrx_word' id='word_1_596' title='bbox 1875 1641 1956 1679; x_wconf 90' lang='lat' dir='ltr'>quia,</span> <span class='ocrx_word' id='word_1_597' title='bbox 1977 1641 2048 1671; x_wconf 87' lang='lat' dir='ltr'>sicut</span> <span class='ocrx_word' id='word_1_598' title='bbox 2065 1642 2130 1671; x_wconf 82' lang='lat' dir='ltr'>vitta</span> 
     </span>
     <span class='ocr_line' id='line_1_88' title="bbox 1282 1687 2129 1725; baseline 0.002 -9"><span class='ocrx_word' id='word_1_599' title='bbox 1282 1687 1527 1722; x_wconf 82' lang='lat' dir='ltr'>circumvolvitur,</span> <span class='ocrx_word' id='word_1_600' title='bbox 1556 1690 1584 1716; x_wconf 90' lang='lat' dir='ltr'>et</span> <span class='ocrx_word' id='word_1_601' title='bbox 1611 1696 1643 1716; x_wconf 88' lang='lat' dir='ltr'>ea</span> <span class='ocrx_word' id='word_1_602' title='bbox 1671 1690 1759 1717; x_wconf 90' lang='lat' dir='ltr'>totum</span> <span class='ocrx_word' id='word_1_603' title='bbox 1789 1688 1903 1725; x_wconf 82' lang='lat' dir='ltr'>ligatum</span> <span class='ocrx_word' id='word_1_604' title='bbox 1928 1689 2070 1724; x_wconf 86' lang='lat' dir='ltr'>salvatur;</span> <span class='ocrx_word' id='word_1_605' title='bbox 2092 1689 2129 1718; x_wconf 79' lang='lat' dir='ltr'>sir</span> 
     </span>
     <span class='ocr_line' id='line_1_89' title="bbox 1282 1735 2130 1772; baseline 0.002 -9"><span class='ocrx_word' id='word_1_606' title='bbox 1282 1735 1359 1763; x_wconf 88' lang='lat' dir='ltr'>venis</span> <span class='ocrx_word' id='word_1_607' title='bbox 1380 1738 1407 1763; x_wconf 89' lang='lat' dir='ltr'>et</span> <span class='ocrx_word' id='word_1_608' title='bbox 1427 1735 1538 1764; x_wconf 88' lang='lat' dir='ltr'>arteriis</span> <span class='ocrx_word' id='word_1_609' title='bbox 1566 1738 1622 1764; x_wconf 91' lang='lat' dir='ltr'>tota</span> <span class='ocrx_word' id='word_1_610' title='bbox 1647 1735 1773 1772; x_wconf 91' lang='lat' dir='ltr'>corporis</span> <span class='ocrx_word' id='word_1_611' title='bbox 1793 1736 1921 1764; x_wconf 85' lang='lat' dir='ltr'>machina</span> <span class='ocrx_word' id='word_1_612' title='bbox 1941 1736 2130 1765; x_wconf 88' lang='lat' dir='ltr'>circumdatur</span> 
     </span>
     <span class='ocr_line' id='line_1_90' title="bbox 1282 1782 2130 1813; baseline 0.004 -3"><span class='ocrx_word' id='word_1_613' title='bbox 1282 1785 1309 1811; x_wconf 87' lang='lat' dir='ltr'>et</span> <span class='ocrx_word' id='word_1_614' title='bbox 1329 1782 1460 1811; x_wconf 86' lang='lat' dir='ltr'>salvatur.</span> <span class='ocrx_word' id='word_1_615' title='bbox 1484 1782 1537 1810; x_wconf 83' lang='lat' dir='ltr'>Ista</span> <span class='ocrx_word' id='word_1_616' title='bbox 1552 1790 1685 1811; x_wconf 88' lang='lat' dir='ltr'>venarum</span> <span class='ocrx_word' id='word_1_617' title='bbox 1702 1782 1836 1811; x_wconf 90' lang='lat' dir='ltr'>involutio</span> <span class='ocrx_word' id='word_1_618' title='bbox 1856 1786 1883 1811; x_wconf 88' lang='lat' dir='ltr'>ct</span> <span class='ocrx_word' id='word_1_619' title='bbox 1904 1783 2071 1812; x_wconf 86' lang='lat' dir='ltr'>arteriarum</span> <span class='ocrx_word' id='word_1_620' title='bbox 2086 1791 2130 1813; x_wconf 89' lang='lat' dir='ltr'>re-</span> 
     </span>
     <span class='ocr_line' id='line_1_91' title="bbox 1281 1829 2130 1866; baseline 0.004 -9"><span class='ocrx_word' id='word_1_621' title='bbox 1281 1833 1324 1858; x_wconf 90' lang='lat' dir='ltr'>cte</span> <span class='ocrx_word' id='word_1_622' title='bbox 1344 1829 1447 1857; x_wconf 88' lang='lat' dir='ltr'>dicitur</span> <span class='ocrx_word' id='word_1_623' title='bbox 1474 1838 1587 1864; x_wconf 81' lang='lat' dir='ltr'>aurea,</span> <span class='ocrx_word' id='word_1_624' title='bbox 1615 1829 1681 1866; x_wconf 89' lang='lat' dir='ltr'>quia</span> <span class='ocrx_word' id='word_1_625' title='bbox 1708 1838 1810 1858; x_wconf 89' lang='lat' dir='ltr'>aurum</span> <span class='ocrx_word' id='word_1_626' title='bbox 1839 1830 1957 1859; x_wconf 89' lang='lat' dir='ltr'>rubrum</span> <span class='ocrx_word' id='word_1_627' title='bbox 1984 1833 2011 1859; x_wconf 88' lang='lat' dir='ltr'>et</span> <span class='ocrx_word' id='word_1_628' title='bbox 2032 1831 2130 1860; x_wconf 88' lang='lat' dir='ltr'>huius-</span> 
     </span>
     <span class='ocr_line' id='line_1_92' title="bbox 1281 1876 2129 1914; baseline 0.004 -10"><span class='ocrx_word' id='word_1_629' title='bbox 1281 1876 1353 1905; x_wconf 87' lang='lat' dir='ltr'>modi</span> <span class='ocrx_word' id='word_1_630' title='bbox 1377 1884 1461 1905; x_wconf 88' lang='lat' dir='ltr'>venae</span> <span class='ocrx_word' id='word_1_631' title='bbox 1483 1876 1586 1905; x_wconf 89' lang='lat' dir='ltr'>rubeae</span> <span class='ocrx_word' id='word_1_632' title='bbox 1614 1879 1727 1913; x_wconf 89' lang='lat' dir='ltr'>propter</span> <span class='ocrx_word' id='word_1_633' title='bbox 1749 1877 1868 1905; x_wconf 88' lang='lat' dir='ltr'>contenti</span> <span class='ocrx_word' id='word_1_634' title='bbox 1891 1877 2032 1914; x_wconf 81' lang='lat' dir='ltr'>sanguinis</span> <span class='ocrx_word' id='word_1_635' title='bbox 2053 1878 2129 1907; x_wconf 91' lang='lat' dir='ltr'>rubi-</span> 
     </span>
     <span class='ocr_line' id='line_1_93' title="bbox 1281 1923 2129 1961; baseline 0.002 -10"><span class='ocrx_word' id='word_1_636' title='bbox 1281 1923 1459 1951; x_wconf 87' lang='lat' dir='ltr'>cunditatem.</span> <span class='ocrx_word' id='word_1_637' title='bbox 1482 1924 1559 1952; x_wconf 90' lang='lat' dir='ltr'>Tunc</span> <span class='ocrx_word' id='word_1_638' title='bbox 1580 1931 1647 1960; x_wconf 84' lang='lat' dir='ltr'>ergo</span> <span class='ocrx_word' id='word_1_639' title='bbox 1662 1923 1791 1951; x_wconf 82' lang='lat' dir='ltr'>recurrit</span> <span class='ocrx_word' id='word_1_640' title='bbox 1804 1924 1877 1952; x_wconf 78' lang='lat' dir='ltr'>vitta</span> <span class='ocrx_word' id='word_1_641' title='bbox 1892 1932 2002 1958; x_wconf 89' lang='lat' dir='ltr'>aurea,</span> <span class='ocrx_word' id='word_1_642' title='bbox 2018 1924 2129 1961; x_wconf 86' lang='lat' dir='ltr'>quando</span> 
     </span>
     <span class='ocr_line' id='line_1_94' title="bbox 1281 1969 2128 2007; baseline 0.002 -10"><span class='ocrx_word' id='word_1_643' title='bbox 1281 1977 1415 1998; x_wconf 87' lang='lat' dir='ltr'>venarum</span> <span class='ocrx_word' id='word_1_644' title='bbox 1443 1972 1470 1997; x_wconf 89' lang='lat' dir='ltr'>et</span> <span class='ocrx_word' id='word_1_645' title='bbox 1497 1969 1665 1998; x_wconf 85' lang='lat' dir='ltr'>arteriarum</span> <span class='ocrx_word' id='word_1_646' title='bbox 1693 1969 1827 1998; x_wconf 86' lang='lat' dir='ltr'>involutio</span> <span class='ocrx_word' id='word_1_647' title='bbox 1852 1978 1905 1998; x_wconf 91' lang='lat' dir='ltr'>non</span> <span class='ocrx_word' id='word_1_648' title='bbox 1927 1970 2068 2007; x_wconf 86' lang='lat' dir='ltr'>perdurat.</span> <span class='ocrx_word' id='word_1_649' title='bbox 2089 1987 2128 1992; x_wconf 91' lang='lat'>——</span> 
     </span>
     <span class='ocr_line' id='line_1_95' title="bbox 1280 2014 2127 2052; baseline 0.004 -8"><span class='ocrx_word' id='word_1_650' title='bbox 1280 2016 1372 2044; x_wconf 89' lang='lat' dir='ltr'>Tertio</span> <span class='ocrx_word' id='word_1_651' title='bbox 1394 2019 1506 2044; x_wconf 89' lang='lat' dir='ltr'>notatur</span> <span class='ocrx_word' id='word_1_652' title='bbox 1528 2014 1690 2052; x_wconf 63' lang='lat' dir='ltr'>confractio</span> <span class='ocrx_word' id='word_1_653' title='bbox 1711 2016 1792 2044; x_wconf 83' lang='lat' dir='ltr'>vasis</span> <span class='ocrx_word' id='word_1_654' title='bbox 1813 2016 1936 2051; x_wconf 89' lang='lat' dir='ltr'>urinae,</span> <span class='ocrx_word' id='word_1_655' title='bbox 1958 2025 2022 2046; x_wconf 84' lang='lat' dir='ltr'>cuin</span> <span class='ocrx_word' id='word_1_656' title='bbox 2042 2018 2127 2047; x_wconf 86' lang='lat' dir='ltr'>dicit:</span> 
     </span>
     <span class='ocr_line' id='line_1_96' title="bbox 1283 2062 2128 2103; baseline 0.005 -12"><span class='ocrx_word' id='word_1_657' title='bbox 1283 2064 1317 2091; x_wconf 88' lang='lat' dir='ltr'>Et</span> <span class='ocrx_word' id='word_1_658' title='bbox 1337 2066 1506 2091; x_wconf 80' lang='lat' dir='ltr'>conteratur</span> <span class='ocrx_word' id='word_1_659' title='bbox 1527 2062 1638 2101; x_wconf 70' lang='lat' dir='ltr'>ltyrlria</span> <span class='ocrx_word' id='word_1_660' title='bbox 1657 2072 1747 2100; x_wconf 81' lang='lat' dir='ltr'>super</span> <span class='ocrx_word' id='word_1_661' title='bbox 1761 2062 1878 2100; x_wconf 82' lang='lat' dir='ltr'>fontem.</span> <span class='ocrx_word' id='word_1_662' title='bbox 1895 2064 2012 2103; x_wconf 76' lang='lat' dir='ltr'>Hydria</span> <span class='ocrx_word' id='word_1_663' title='bbox 2027 2069 2068 2094; x_wconf 88' lang='lat' dir='ltr'>est</span> <span class='ocrx_word' id='word_1_664' title='bbox 2083 2073 2128 2095; x_wconf 83' lang='lat' dir='ltr'>re-</span> 
     </span>
     <span class='ocr_line' id='line_1_97' title="bbox 1280 2110 2129 2147; baseline 0.005 -9"><span class='ocrx_word' id='word_1_665' title='bbox 1280 2110 1454 2147; x_wconf 85' lang='lat' dir='ltr'>ceptaculum</span> <span class='ocrx_word' id='word_1_666' title='bbox 1482 2118 1571 2146; x_wconf 85' lang='lat' dir='ltr'>aquae</span> <span class='ocrx_word' id='word_1_667' title='bbox 1598 2110 1752 2139; x_wconf 83' lang='lat' dir='ltr'>exhaustae</span> <span class='ocrx_word' id='word_1_668' title='bbox 1773 2119 1789 2139; x_wconf 87' lang='lat' dir='ltr'>a</span> <span class='ocrx_word' id='word_1_669' title='bbox 1810 2111 1897 2146; x_wconf 85' lang='lat' dir='ltr'>fonte,</span> <span class='ocrx_word' id='word_1_670' title='bbox 1922 2114 1949 2140; x_wconf 91' lang='lat' dir='ltr'>et</span> <span class='ocrx_word' id='word_1_671' title='bbox 1970 2112 2067 2141; x_wconf 82' lang='lat' dir='ltr'>vesica</span> <span class='ocrx_word' id='word_1_672' title='bbox 2087 2117 2129 2142; x_wconf 90' lang='lat' dir='ltr'>est</span> 
     </span>
     <span class='ocr_line' id='line_1_98' title="bbox 1280 2151 2126 2197; baseline 0.004 -12"><span class='ocrx_word' id='word_1_673' title='bbox 1280 2157 1486 2194; x_wconf 85' lang='lat' dir='ltr'>receptaculum</span> <span class='ocrx_word' id='word_1_674' title='bbox 1508 2157 1605 2186; x_wconf 91' lang='lat' dir='ltr'>urinae</span> <span class='ocrx_word' id='word_1_675' title='bbox 1626 2157 1800 2194; x_wconf 86' lang='lat' dir='ltr'>procedentis</span> <span class='ocrx_word' id='word_1_676' title='bbox 1821 2158 1855 2186; x_wconf 90' lang='lat' dir='ltr'>ab</span> <span class='ocrx_word' id='word_1_677' title='bbox 1877 2151 1976 2196; x_wconf 85' lang='lat' dir='ltr'>hepate</span> <span class='ocrx_word' id='word_1_678' title='bbox 1993 2155 2126 2197; x_wconf 60' lang='lat' dir='ltr'>⁴tanquam</span> 
     </span>
     <span class='ocr_line' id='line_1_99' title="bbox 1279 2205 2128 2243; baseline 0.004 -10"><span class='ocrx_word' id='word_1_679' title='bbox 1279 2213 1295 2233; x_wconf 90' lang='lat' dir='ltr'>a</span> <span class='ocrx_word' id='word_1_680' title='bbox 1314 2205 1397 2233; x_wconf 83' lang='lat' dir='ltr'>fonte.</span> <span class='ocrx_word' id='word_1_681' title='bbox 1420 2205 1503 2233; x_wconf 90' lang='lat' dir='ltr'>Urina</span> <span class='ocrx_word' id='word_1_682' title='bbox 1523 2205 1596 2234; x_wconf 87' lang='lat' dir='ltr'>enim</span> <span class='ocrx_word' id='word_1_683' title='bbox 1611 2208 1653 2234; x_wconf 86' lang='lat' dir='ltr'>est</span> <span class='ocrx_word' id='word_1_684' title='bbox 1667 2205 1851 2234; x_wconf 88' lang='lat' dir='ltr'>colamentum</span> <span class='ocrx_word' id='word_1_685' title='bbox 1867 2206 2008 2243; x_wconf 82' lang='lat' dir='ltr'>sanguinis</span> <span class='ocrx_word' id='word_1_686' title='bbox 2022 2211 2049 2236; x_wconf 90' lang='lat' dir='ltr'>et</span> <span class='ocrx_word' id='word_1_687' title='bbox 2062 2207 2128 2236; x_wconf 88' lang='lat' dir='ltr'>alio-</span> 
     </span>
     <span class='ocr_line' id='line_1_100' title="bbox 1280 2252 2128 2291; baseline 0.004 -11"><span class='ocrx_word' id='word_1_688' title='bbox 1280 2260 1343 2281; x_wconf 90' lang='lat' dir='ltr'>rum</span> <span class='ocrx_word' id='word_1_689' title='bbox 1366 2252 1534 2286; x_wconf 88' lang='lat' dir='ltr'>humorum,</span> <span class='ocrx_word' id='word_1_690' title='bbox 1556 2252 1602 2289; x_wconf 92' lang='lat' dir='ltr'>qui</span> <span class='ocrx_word' id='word_1_691' title='bbox 1625 2252 1660 2281; x_wconf 89' lang='lat' dir='ltr'>ab</span> <span class='ocrx_word' id='word_1_692' title='bbox 1682 2252 1781 2289; x_wconf 90' lang='lat' dir='ltr'>hepate</span> <span class='ocrx_word' id='word_1_693' title='bbox 1796 2253 1823 2281; x_wconf 90' lang='lat' dir='ltr'>in</span> <span class='ocrx_word' id='word_1_694' title='bbox 1839 2256 1926 2282; x_wconf 90' lang='lat' dir='ltr'>totum</span> <span class='ocrx_word' id='word_1_695' title='bbox 1948 2261 2050 2290; x_wconf 87' lang='lat' dir='ltr'>corpus</span> <span class='ocrx_word' id='word_1_696' title='bbox 2064 2262 2128 2291; x_wconf 89' lang='lat' dir='ltr'>pro-</span> 
     </span>
     <span class='ocr_line' id='line_1_101' title="bbox 1279 2299 2128 2337; baseline 0.001 -9"><span class='ocrx_word' id='word_1_697' title='bbox 1279 2299 1381 2328; x_wconf 88' lang='lat' dir='ltr'>cedunt</span> <span class='ocrx_word' id='word_1_698' title='bbox 1402 2302 1534 2336; x_wconf 87' lang='lat' dir='ltr'>tanquam</span> <span class='ocrx_word' id='word_1_699' title='bbox 1555 2307 1571 2327; x_wconf 89' lang='lat' dir='ltr'>a</span> <span class='ocrx_word' id='word_1_700' title='bbox 1592 2299 1674 2328; x_wconf 89' lang='lat' dir='ltr'>sonte.</span> <span class='ocrx_word' id='word_1_701' title='bbox 1690 2299 1810 2337; x_wconf 71' lang='lat' dir='ltr'>Hydria</span> <span class='ocrx_word' id='word_1_702' title='bbox 1823 2308 1890 2337; x_wconf 83' lang='lat' dir='ltr'>ergo</span> <span class='ocrx_word' id='word_1_703' title='bbox 1904 2300 2065 2329; x_wconf 84' lang='lat' dir='ltr'>conteritur</span> <span class='ocrx_word' id='word_1_704' title='bbox 2078 2309 2128 2329; x_wconf 87' lang='lat' dir='ltr'>su-</span> 
     </span>
     <span class='ocr_line' id='line_1_102' title="bbox 1277 2345 2127 2383; baseline 0.001 -8"><span class='ocrx_word' id='word_1_705' title='bbox 1277 2355 1330 2383; x_wconf 85' lang='lat' dir='ltr'>per</span> <span class='ocrx_word' id='word_1_706' title='bbox 1349 2345 1474 2383; x_wconf 80' lang='lat' dir='ltr'>sbntern,</span> <span class='ocrx_word' id='word_1_707' title='bbox 1496 2346 1607 2383; x_wconf 89' lang='lat' dir='ltr'>quando</span> <span class='ocrx_word' id='word_1_708' title='bbox 1628 2346 1719 2375; x_wconf 88' lang='lat' dir='ltr'>vesica</span> <span class='ocrx_word' id='word_1_709' title='bbox 1740 2347 1881 2383; x_wconf 87' lang='lat' dir='ltr'>rumpitur</span> <span class='ocrx_word' id='word_1_710' title='bbox 1901 2350 1928 2376; x_wconf 89' lang='lat' dir='ltr'>et</span> <span class='ocrx_word' id='word_1_711' title='bbox 1942 2347 2127 2376; x_wconf 87' lang='lat' dir='ltr'>colamentum</span> 
     </span>
     <span class='ocr_line' id='line_1_103' title="bbox 1280 2394 2128 2431; baseline 0.002 -9"><span class='ocrx_word' id='word_1_712' title='bbox 1280 2395 1430 2423; x_wconf 90' lang='lat' dir='ltr'>humorum</span> <span class='ocrx_word' id='word_1_713' title='bbox 1452 2402 1506 2422; x_wconf 93' lang='lat' dir='ltr'>non</span> <span class='ocrx_word' id='word_1_714' title='bbox 1527 2397 1617 2431; x_wconf 87' lang='lat' dir='ltr'>potest</span> <span class='ocrx_word' id='word_1_715' title='bbox 1638 2394 1776 2431; x_wconf 88' lang='lat' dir='ltr'>recipere,</span> <span class='ocrx_word' id='word_1_716' title='bbox 1798 2394 1873 2431; x_wconf 87' lang='lat' dir='ltr'>quod</span> <span class='ocrx_word' id='word_1_717' title='bbox 1893 2394 2017 2431; x_wconf 87' lang='lat' dir='ltr'>procedit</span> <span class='ocrx_word' id='word_1_718' title='bbox 2030 2395 2065 2423; x_wconf 89' lang='lat' dir='ltr'>ab</span> <span class='ocrx_word' id='word_1_719' title='bbox 2079 2395 2128 2424; x_wconf 86' lang='lat' dir='ltr'>he-</span> 
     </span>
    </p>
   </div>
   <div class='ocr_carea' id='block_1_15' title="bbox 2148 1220 2291 1268">
    <p class='ocr_par' dir='ltr' id='par_1_18' title="bbox 2148 1220 2291 1268">
     <span class='ocr_line' id='line_1_104' title="bbox 2150 1220 2287 1252; baseline -0.007 -9"><span class='ocrx_word' id='word_1_720' title='bbox 2150 1224 2177 1243; x_wconf 78' lang='lat' dir='ltr'>De</span> <span class='ocrx_word' id='word_1_721' title='bbox 2190 1220 2274 1252; x_wconf 63' lang='lat' dir='ltr'>corpori:y</span> <span class='ocrx_word' id='word_1_722' title='bbox 2286 1237 2287 1242; x_wconf 72' lang='lat'>.</span> 
     </span>
     <span class='ocr_line' id='line_1_105' title="bbox 2148 1248 2291 1268; baseline 0 -2"><span class='ocrx_word' id='word_1_723' title='bbox 2148 1248 2266 1268; x_wconf 72' lang='grc' dir='ltr'>ΓεεοΙιιῑιοιιοι</span> <span class='ocrx_word' id='word_1_724' title='bbox 2290 1260 2291 1264; x_wconf 84' lang='lat'>.</span> 
     </span>
    </p>
   </div>
   <div class='ocr_carea' id='block_1_16' title="bbox 2147 1271 2216 1291">
    <p class='ocr_par' dir='ltr' id='par_1_19' title="bbox 2147 1271 2216 1291">
     <span class='ocr_line' id='line_1_106' title="bbox 2147 1271 2216 1291; baseline 0.014 -1"><span class='ocrx_word' id='word_1_725' title='bbox 2147 1271 2216 1291; x_wconf 84' lang='lat' dir='ltr'>Primo.</span> 
     </span>
    </p>
   </div>
   <div class='ocr_carea' id='block_1_17' title="bbox 2146 1553 2238 1573">
    <p class='ocr_par' dir='ltr' id='par_1_20' title="bbox 2146 1553 2238 1573">
     <span class='ocr_line' id='line_1_107' title="bbox 2146 1553 2238 1573; baseline 0.011 -1"><span class='ocrx_word' id='word_1_726' title='bbox 2146 1553 2238 1573; x_wconf 78' lang='lat' dir='ltr'>Secundo.</span> 
     </span>
    </p>
   </div>
   <div class='ocr_carea' id='block_1_18' title="bbox 2145 2024 2215 2043">
    <p class='ocr_par' dir='ltr' id='par_1_21' title="bbox 2145 2024 2215 2043">
     <span class='ocr_line' id='line_1_108' title="bbox 2145 2024 2215 2043; baseline 0 0"><span class='ocrx_word' id='word_1_727' title='bbox 2145 2024 2215 2043; x_wconf 80' lang='lat' dir='ltr'>Tertlo.</span> 
     </span>
    </p>
   </div>
   <div class='ocr_carea' id='block_1_19' title="bbox 1280 2441 2222 2480">
    <p class='ocr_par' dir='ltr' id='par_1_22' title="bbox 1280 2441 2222 2480">
     <span class='ocr_line' id='line_1_109' title="bbox 1280 2441 2222 2480; baseline 0.003 -10"><span class='ocrx_word' id='word_1_728' title='bbox 1280 2444 1349 2478; x_wconf 86' lang='lat' dir='ltr'>pate.</span> <span class='ocrx_word' id='word_1_729' title='bbox 1374 2457 1410 2462; x_wconf 90' lang='lat'>--</span> <span class='ocrx_word' id='word_1_730' title='bbox 1431 2441 1536 2477; x_wconf 86' lang='lat' dir='ltr'>Quarto</span> <span class='ocrx_word' id='word_1_731' title='bbox 1563 2444 1676 2470; x_wconf 86' lang='lat' dir='ltr'>notatur</span> <span class='ocrx_word' id='word_1_732' title='bbox 1704 2441 1860 2470; x_wconf 84' lang='lat' dir='ltr'>destructio</span> <span class='ocrx_word' id='word_1_733' title='bbox 1887 2445 2002 2470; x_wconf 82' lang='lat' dir='ltr'>meatus</span> <span class='ocrx_word' id='word_1_734' title='bbox 2029 2450 2127 2480; x_wconf 89' lang='lat' dir='ltr'>super—</span> <span class='ocrx_word' id='word_1_735' title='bbox 2143 2455 2222 2478; x_wconf 70' lang='lat' dir='ltr'>Quarto.</span> 
     </span>
    </p>
   </div>
   <div class='ocr_carea' id='block_1_20' title="bbox 1278 2487 2127 2572">
    <p class='ocr_par' dir='ltr' id='par_1_23' title="bbox 1278 2487 2127 2572">
     <span class='ocr_line' id='line_1_110' title="bbox 1280 2487 2127 2525; baseline 0.001 -9"><span class='ocrx_word' id='word_1_736' title='bbox 1280 2487 1394 2516; x_wconf 87' lang='lat' dir='ltr'>ssuitatis</span> <span class='ocrx_word' id='word_1_737' title='bbox 1416 2487 1557 2524; x_wconf 86' lang='lat' dir='ltr'>impurae,</span> <span class='ocrx_word' id='word_1_738' title='bbox 1579 2496 1642 2517; x_wconf 89' lang='lat' dir='ltr'>cum</span> <span class='ocrx_word' id='word_1_739' title='bbox 1664 2487 1748 2517; x_wconf 85' lang='lat' dir='ltr'>dicit:</span> <span class='ocrx_word' id='word_1_740' title='bbox 1766 2489 1807 2516; x_wconf 63' lang='lat' dir='ltr'>&lt;Et</span> <span class='ocrx_word' id='word_1_741' title='bbox 1826 2487 2037 2525; x_wconf 71' lang='lat' dir='ltr'>confrinqatur</span> <span class='ocrx_word' id='word_1_742' title='bbox 2060 2492 2127 2518; x_wconf 88' lang='lat' dir='ltr'>rota</span> 
     </span>
     <span class='ocr_line' id='line_1_111' title="bbox 1278 2534 2127 2572; baseline 0.001 -10"><span class='ocrx_word' id='word_1_743' title='bbox 1278 2543 1367 2572; x_wconf 83' lang='lat' dir='ltr'>super</span> <span class='ocrx_word' id='word_1_744' title='bbox 1381 2535 1547 2563; x_wconf 85' lang='lat' dir='ltr'>cisternam.</span> <span class='ocrx_word' id='word_1_745' title='bbox 1561 2535 1634 2563; x_wconf 85' lang='lat' dir='ltr'>Rota</span> <span class='ocrx_word' id='word_1_746' title='bbox 1649 2539 1690 2563; x_wconf 90' lang='lat' dir='ltr'>est</span> <span class='ocrx_word' id='word_1_747' title='bbox 1704 2534 1931 2569; x_wconf 89' lang='lat' dir='ltr'>instrumentum,</span> <span class='ocrx_word' id='word_1_748' title='bbox 1947 2542 1996 2572; x_wconf 89' lang='lat' dir='ltr'>per</span> <span class='ocrx_word' id='word_1_749' title='bbox 2011 2535 2085 2572; x_wconf 90' lang='lat' dir='ltr'>quod</span> <span class='ocrx_word' id='word_1_750' title='bbox 2097 2535 2127 2563; x_wconf 85' lang='lat' dir='ltr'>fit</span> 
     </span>
    </p>
   </div>
   <div class='ocr_carea' id='block_1_21' title="bbox 995 2647 1511 2649">
    <p class='ocr_par' dir='ltr' id='par_1_24' title="bbox 995 2647 1511 2649">
     <span class='ocr_line' id='line_1_112' title="bbox 995 2647 1511 2649; baseline 0 0"><span class='ocrx_word' id='word_1_751' title='bbox 995 2647 1511 2649; x_wconf 95' lang='lat' dir='ltr'> </span> 
     </span>
    </p>
   </div>
   <div class='ocr_carea' id='block_1_22' title="bbox 375 2728 1223 2993">
    <p class='ocr_par' dir='ltr' id='par_1_25' title="bbox 438 2728 649 2756">
     <span class='ocr_line' id='line_1_113' title="bbox 438 2728 649 2756; baseline 0.005 -6"><span class='ocrx_word' id='word_1_752' title='bbox 438 2728 445 2740; x_wconf 91' lang='lat'><em>¹</em></span> <span class='ocrx_word' id='word_1_753' title='bbox 464 2728 546 2751; x_wconf 83' lang='lat' dir='ltr'>Psalm.</span> <span class='ocrx_word' id='word_1_754' title='bbox 566 2728 608 2756; x_wconf 76' lang='lat'>54,</span> <span class='ocrx_word' id='word_1_755' title='bbox 626 2729 649 2751; x_wconf 86' lang='grc'>6.</span> 
     </span>
    </p>

    <p class='ocr_par' dir='ltr' id='par_1_26' title="bbox 375 2766 1223 2953">
     <span class='ocr_line' id='line_1_114' title="bbox 437 2766 1222 2796; baseline 0 -6"><span class='ocrx_word' id='word_1_756' title='bbox 437 2766 446 2780; x_wconf 80' lang='lat'><strong>²</strong></span> <span class='ocrx_word' id='word_1_757' title='bbox 464 2768 543 2790; x_wconf 82' lang='lat' dir='ltr'>Glossa</span> <span class='ocrx_word' id='word_1_758' title='bbox 560 2767 686 2790; x_wconf 78' lang='lat' dir='ltr'>ordinaria</span> <span class='ocrx_word' id='word_1_759' title='bbox 703 2768 766 2796; x_wconf 85' lang='lat' dir='ltr'>apud</span> <span class='ocrx_word' id='word_1_760' title='bbox 783 2767 890 2790; x_wconf 83' lang='lat' dir='ltr'>Strabum</span> <span class='ocrx_word' id='word_1_761' title='bbox 903 2771 924 2790; x_wconf 84' lang='lat' dir='ltr'>et</span> <span class='ocrx_word' id='word_1_762' title='bbox 939 2769 1064 2796; x_wconf 77' lang='lat' dir='ltr'>Lyranum.</span> <span class='ocrx_word' id='word_1_763' title='bbox 1074 2781 1107 2785; x_wconf 96' lang='lat'><strong>—</strong></span> <span class='ocrx_word' id='word_1_764' title='bbox 1118 2769 1222 2795; x_wconf 86' lang='lat' dir='ltr'>Hieron.,</span> 
     </span>
     <span class='ocr_line' id='line_1_115' title="bbox 375 2807 1223 2836; baseline 0 -6"><span class='ocrx_word' id='word_1_765' title='bbox 375 2807 503 2830; x_wconf 79' lang='lat' dir='ltr'>Commeat.</span> <span class='ocrx_word' id='word_1_766' title='bbox 521 2807 542 2829; x_wconf 91' lang='lat' dir='ltr'>in</span> <span class='ocrx_word' id='word_1_767' title='bbox 561 2808 621 2830; x_wconf 91' lang='lat' dir='ltr'>hunc</span> <span class='ocrx_word' id='word_1_768' title='bbox 637 2808 727 2833; x_wconf 84' lang='lat' dir='ltr'>locum,</span> <span class='ocrx_word' id='word_1_769' title='bbox 744 2808 787 2830; x_wconf 83' lang='lat' dir='ltr'>ait:</span> <span class='ocrx_word' id='word_1_770' title='bbox 804 2809 827 2830; x_wconf 91' lang='lat' dir='ltr'>ln</span> <span class='ocrx_word' id='word_1_771' title='bbox 844 2814 872 2830; x_wconf 90' lang='lat' dir='ltr'>eo</span> <span class='ocrx_word' id='word_1_772' title='bbox 889 2814 957 2836; x_wconf 87' lang='lat' dir='ltr'>vero,</span> <span class='ocrx_word' id='word_1_773' title='bbox 981 2807 1020 2830; x_wconf 86' lang='lat' dir='ltr'>ubi</span> <span class='ocrx_word' id='word_1_774' title='bbox 1042 2814 1083 2830; x_wconf 89' lang='lat' dir='ltr'>nos</span> <span class='ocrx_word' id='word_1_775' title='bbox 1109 2807 1223 2831; x_wconf 81' lang='lat' dir='ltr'>habemus</span> 
     </span>
     <span class='ocr_line' id='line_1_116' title="bbox 375 2846 1221 2876; baseline 0 -6"><span class='ocrx_word' id='word_1_776' title='bbox 375 2846 512 2876; x_wconf 81' lang='lat' dir='ltr'>capparim,</span> <span class='ocrx_word' id='word_1_777' title='bbox 531 2847 552 2869; x_wconf 93' lang='lat' dir='ltr'>in</span> <span class='ocrx_word' id='word_1_778' title='bbox 570 2846 674 2870; x_wconf 83' lang='lat' dir='ltr'>Hebraeo</span> <span class='ocrx_word' id='word_1_779' title='bbox 691 2847 760 2870; x_wconf 85' lang='lat' dir='ltr'>habet</span> <span class='ocrx_word' id='word_1_780' title='bbox 774 2846 872 2875; x_wconf 76' lang='lat' dir='ltr'>abiona,</span> <span class='ocrx_word' id='word_1_781' title='bbox 885 2848 947 2876; x_wconf 89' lang='lat' dir='ltr'>quod</span> <span class='ocrx_word' id='word_1_782' title='bbox 961 2849 983 2869; x_wconf 81' lang='lat' dir='ltr'>et</span> <span class='ocrx_word' id='word_1_783' title='bbox 995 2847 1070 2875; x_wconf 85' lang='lat' dir='ltr'>ipsum</span> <span class='ocrx_word' id='word_1_784' title='bbox 1083 2847 1221 2876; x_wconf 76' lang='lat' dir='ltr'>ambiguum</span> 
     </span>
     <span class='ocr_line' id='line_1_117' title="bbox 375 2886 1222 2916; baseline 0.002 -9"><span class='ocrx_word' id='word_1_785' title='bbox 375 2889 409 2908; x_wconf 79' lang='lat' dir='ltr'>est</span> <span class='ocrx_word' id='word_1_786' title='bbox 433 2886 642 2915; x_wconf 83' lang='lat' dir='ltr'>interpretaturque</span> <span class='ocrx_word' id='word_1_787' title='bbox 667 2893 750 2915; x_wconf 83' lang='lat' dir='ltr'>amor,</span> <span class='ocrx_word' id='word_1_788' title='bbox 775 2886 931 2915; x_wconf 83' lang='lat' dir='ltr'>desiderium,</span> <span class='ocrx_word' id='word_1_789' title='bbox 958 2886 1158 2916; x_wconf 80' lang='lat' dir='ltr'>concupiscentia,</span> <span class='ocrx_word' id='word_1_790' title='bbox 1184 2887 1222 2909; x_wconf 88' lang='lat' dir='ltr'>vel</span> 
     </span>
     <span class='ocr_line' id='line_1_118' title="bbox 375 2923 1222 2953; baseline 0 -6"><span class='ocrx_word' id='word_1_791' title='bbox 375 2923 495 2953; x_wconf 80' lang='lat' dir='ltr'>capparis.</span> <span class='ocrx_word' id='word_1_792' title='bbox 1089 2924 1098 2937; x_wconf 78' lang='lat'>³</span> <span class='ocrx_word' id='word_1_793' title='bbox 1116 2926 1181 2948; x_wconf 82' lang='lat' dir='ltr'>Vers.</span> <span class='ocrx_word' id='word_1_794' title='bbox 1199 2926 1222 2947; x_wconf 88' lang='grc'>3.</span> 
     </span>
    </p>

    <p class='ocr_par' dir='ltr' id='par_1_27' title="bbox 437 2963 1222 2993">
     <span class='ocr_line' id='line_1_119' title="bbox 437 2963 1222 2993; baseline 0.001 -8"><span class='ocrx_word' id='word_1_795' title='bbox 437 2963 446 2975; x_wconf 70' lang='lat'>*³</span> <span class='ocrx_word' id='word_1_796' title='bbox 464 2964 546 2986; x_wconf 79' lang='lat' dir='ltr'>Psalm.</span> <span class='ocrx_word' id='word_1_797' title='bbox 568 2964 623 2991; x_wconf 77' lang='lat'>139,</span> <span class='ocrx_word' id='word_1_798' title='bbox 642 2964 678 2986; x_wconf 78' lang='grc'>10.</span> <span class='ocrx_word' id='word_1_799' title='bbox 695 2977 725 2981; x_wconf 92' lang='lat'>--</span> <span class='ocrx_word' id='word_1_800' title='bbox 743 2965 851 2993; x_wconf 83' lang='lat' dir='ltr'>Sequitur</span> <span class='ocrx_word' id='word_1_801' title='bbox 868 2965 935 2987; x_wconf 84' lang='lat' dir='ltr'>Eccli.</span> <span class='ocrx_word' id='word_1_802' title='bbox 953 2966 995 2991; x_wconf 75' lang='lat'>22,</span> <span class='ocrx_word' id='word_1_803' title='bbox 1016 2965 1050 2987; x_wconf 90' lang='grc'>13.</span> <span class='ocrx_word' id='word_1_804' title='bbox 1067 2965 1108 2987; x_wconf 86' lang='lat' dir='ltr'>ler.</span> <span class='ocrx_word' id='word_1_805' title='bbox 1128 2965 1165 2991; x_wconf 77' lang='grc'>31,</span> <span class='ocrx_word' id='word_1_806' title='bbox 1185 2964 1222 2987; x_wconf 74' lang='grc'>15.</span> 
     </span>
    </p>
   </div>
   <div class='ocr_carea' id='block_1_23' title="bbox 1249 2898 1252 2990">
    <p class='ocr_par' dir='ltr' id='par_1_28' title="bbox 1249 2898 1252 2990">
     <span class='ocr_line' id='line_1_120' title="bbox 1249 2898 1252 2990; baseline 0 0"><span class='ocrx_word' id='word_1_807' title='bbox 1249 2898 1252 2990; x_wconf 72' lang='lat' dir='ltr'>l</span> 
     </span>
    </p>
   </div>
   <div class='ocr_carea' id='block_1_24' title="bbox 1278 2728 2126 2992">
    <p class='ocr_par' dir='ltr' id='par_1_29' title="bbox 1280 2728 2126 2797">
     <span class='ocr_line' id='line_1_121' title="bbox 1280 2728 2126 2752; baseline 0.001 -1"><span class='ocrx_word' id='word_1_808' title='bbox 1280 2729 1364 2752; x_wconf 84' lang='lat' dir='ltr'>dicitnr</span> <span class='ocrx_word' id='word_1_809' title='bbox 1380 2729 1410 2752; x_wconf 85' lang='lat' dir='ltr'>de</span> <span class='ocrx_word' id='word_1_810' title='bbox 1426 2729 1488 2751; x_wconf 84' lang='lat' dir='ltr'>luctu</span> <span class='ocrx_word' id='word_1_811' title='bbox 1507 2729 1606 2751; x_wconf 81' lang='lat' dir='ltr'>Rachel:</span> <span class='ocrx_word' id='word_1_812' title='bbox 1623 2729 1735 2751; x_wconf 78' lang='lat' dir='ltr'>Plorantis</span> <span class='ocrx_word' id='word_1_813' title='bbox 1751 2729 1810 2751; x_wconf 79' lang='lat' dir='ltr'>otios</span> <span class='ocrx_word' id='word_1_814' title='bbox 1827 2735 1881 2751; x_wconf 88' lang='lat' dir='ltr'>suos</span> <span class='ocrx_word' id='word_1_815' title='bbox 1897 2732 1919 2751; x_wconf 90' lang='lat' dir='ltr'>et</span> <span class='ocrx_word' id='word_1_816' title='bbox 1930 2728 2030 2752; x_wconf 83' lang='lat' dir='ltr'>nolentis</span> <span class='ocrx_word' id='word_1_817' title='bbox 2047 2734 2126 2752; x_wconf 80' lang='lat' dir='ltr'>conso-</span> 
     </span>
     <span class='ocr_line' id='line_1_122' title="bbox 1280 2768 1690 2797; baseline -0.002 -6"><span class='ocrx_word' id='word_1_818' title='bbox 1280 2768 1329 2791; x_wconf 87' lang='lat' dir='ltr'>lari</span> <span class='ocrx_word' id='word_1_819' title='bbox 1344 2775 1415 2796; x_wconf 86' lang='lat' dir='ltr'>super</span> <span class='ocrx_word' id='word_1_820' title='bbox 1432 2768 1477 2796; x_wconf 84' lang='lat' dir='ltr'>eis,</span> <span class='ocrx_word' id='word_1_821' title='bbox 1495 2769 1549 2797; x_wconf 86' lang='lat' dir='ltr'>quia</span> <span class='ocrx_word' id='word_1_822' title='bbox 1566 2775 1612 2791; x_wconf 91' lang='lat' dir='ltr'>non</span> <span class='ocrx_word' id='word_1_823' title='bbox 1629 2771 1690 2791; x_wconf 89' lang='lat' dir='ltr'>sunt.</span> 
     </span>
    </p>

    <p class='ocr_par' dir='ltr' id='par_1_30' title="bbox 1278 2805 2126 2908">
     <span class='ocr_line' id='line_1_123' title="bbox 1341 2805 2124 2835; baseline 0 -6"><span class='ocrx_word' id='word_1_824' title='bbox 1341 2805 1351 2818; x_wconf 82' lang='lat'><em>⁶</em></span> <span class='ocrx_word' id='word_1_825' title='bbox 1370 2808 1435 2830; x_wconf 85' lang='lat' dir='ltr'>Vers.</span> <span class='ocrx_word' id='word_1_826' title='bbox 1453 2807 1474 2830; x_wconf 80' lang='lat' dir='ltr'>l.</span> <span class='ocrx_word' id='word_1_827' title='bbox 1492 2807 1554 2830; x_wconf 82' lang='lat' dir='ltr'>Idem</span> <span class='ocrx_word' id='word_1_828' title='bbox 1572 2809 1650 2829; x_wconf 86' lang='lat' dir='ltr'>monet</span> <span class='ocrx_word' id='word_1_829' title='bbox 1666 2807 1758 2830; x_wconf 83' lang='lat' dir='ltr'>Hieron.</span> <span class='ocrx_word' id='word_1_830' title='bbox 1771 2807 1793 2829; x_wconf 89' lang='lat' dir='ltr'>in</span> <span class='ocrx_word' id='word_1_831' title='bbox 1806 2808 1867 2830; x_wconf 86' lang='lat' dir='ltr'>hunc</span> <span class='ocrx_word' id='word_1_832' title='bbox 1883 2808 1967 2830; x_wconf 88' lang='lat' dir='ltr'>locum.</span> <span class='ocrx_word' id='word_1_833' title='bbox 1984 2819 2016 2823; x_wconf 97' lang='lat'><strong>—</strong></span> <span class='ocrx_word' id='word_1_834' title='bbox 2027 2807 2124 2835; x_wconf 81' lang='lat' dir='ltr'>Vulgata</span> 
     </span>
     <span class='ocr_line' id='line_1_124' title="bbox 1278 2845 2126 2876; baseline -0.001 -7"><span class='ocrx_word' id='word_1_835' title='bbox 1278 2846 1401 2876; x_wconf 78' lang='lat' dir='ltr'>funiculus</span> <span class='ocrx_word' id='word_1_836' title='bbox 1424 2853 1466 2874; x_wconf 84' lang='lat' dir='ltr'>pro</span> <span class='ocrx_word' id='word_1_837' title='bbox 1488 2846 1564 2876; x_wconf 60' lang='lat' dir='ltr'>funis,</span> <span class='ocrx_word' id='word_1_838' title='bbox 1582 2846 1646 2875; x_wconf 87' lang='lat' dir='ltr'>qnod</span> <span class='ocrx_word' id='word_1_839' title='bbox 1667 2846 1703 2869; x_wconf 88' lang='lat' dir='ltr'>hic</span> <span class='ocrx_word' id='word_1_840' title='bbox 1721 2846 1806 2868; x_wconf 84' lang='lat' dir='ltr'>habent</span> <span class='ocrx_word' id='word_1_841' title='bbox 1828 2846 1870 2869; x_wconf 89' lang='lat' dir='ltr'>BC</span> <span class='ocrx_word' id='word_1_842' title='bbox 1881 2846 1910 2873; x_wconf 92' lang='lat' dir='ltr'>D,</span> <span class='ocrx_word' id='word_1_843' title='bbox 1927 2849 1950 2868; x_wconf 89' lang='lat' dir='ltr'>et</span> <span class='ocrx_word' id='word_1_844' title='bbox 1967 2846 2021 2868; x_wconf 81' lang='lat' dir='ltr'>infra</span> <span class='ocrx_word' id='word_1_845' title='bbox 2039 2845 2126 2874; x_wconf 82' lang='lat' dir='ltr'>pluries</span> 
     </span>
     <span class='ocr_line' id='line_1_125' title="bbox 1279 2886 1417 2908; baseline 0 0"><span class='ocrx_word' id='word_1_846' title='bbox 1279 2886 1347 2908; x_wconf 83' lang='lat' dir='ltr'>etiam</span> <span class='ocrx_word' id='word_1_847' title='bbox 1366 2886 1417 2908; x_wconf 83' lang='lat' dir='ltr'>Vat.</span> 
     </span>
    </p>

    <p class='ocr_par' dir='ltr' id='par_1_31' title="bbox 1279 2923 2125 2992">
     <span class='ocr_line' id='line_1_126' title="bbox 1341 2923 2125 2953; baseline 0 -6"><span class='ocrx_word' id='word_1_848' title='bbox 1341 2923 1351 2936; x_wconf 67' lang='grc' dir='ltr'>θ</span> <span class='ocrx_word' id='word_1_849' title='bbox 1368 2925 1419 2947; x_wconf 82' lang='lat' dir='ltr'>Vat.</span> <span class='ocrx_word' id='word_1_850' title='bbox 1436 2925 1502 2953; x_wconf 85' lang='lat' dir='ltr'>legit:</span> <span class='ocrx_word' id='word_1_851' title='bbox 1520 2925 1551 2948; x_wconf 84' lang='lat' dir='ltr'>Et</span> <span class='ocrx_word' id='word_1_852' title='bbox 1565 2925 1678 2948; x_wconf 85' lang='lat' dir='ltr'>recurrat</span> <span class='ocrx_word' id='word_1_853' title='bbox 1688 2924 1746 2948; x_wconf 83' lang='lat' dir='ltr'>vitta</span> <span class='ocrx_word' id='word_1_854' title='bbox 1762 2930 1851 2953; x_wconf 85' lang='lat' dir='ltr'>aurea,</span> <span class='ocrx_word' id='word_1_855' title='bbox 1870 2924 1895 2947; x_wconf 85' lang='lat' dir='ltr'>id</span> <span class='ocrx_word' id='word_1_856' title='bbox 1911 2926 1945 2947; x_wconf 83' lang='lat' dir='ltr'>est</span> <span class='ocrx_word' id='word_1_857' title='bbox 1961 2930 2078 2947; x_wconf 83' lang='lat' dir='ltr'>venarum</span> <span class='ocrx_word' id='word_1_858' title='bbox 2093 2923 2125 2947; x_wconf 86' lang='lat' dir='ltr'>in-</span> 
     </span>
     <span class='ocr_line' id='line_1_127' title="bbox 1279 2963 2125 2992; baseline -0.001 -5"><span class='ocrx_word' id='word_1_859' title='bbox 1279 2963 1375 2987; x_wconf 83' lang='lat' dir='ltr'>volutio.</span> <span class='ocrx_word' id='word_1_860' title='bbox 1384 2964 1451 2987; x_wconf 84' lang='lat' dir='ltr'>Recte</span> <span class='ocrx_word' id='word_1_861' title='bbox 1461 2963 1548 2987; x_wconf 84' lang='lat' dir='ltr'>dicitur</span> <span class='ocrx_word' id='word_1_862' title='bbox 1561 2963 1682 2987; x_wconf 64' lang='lat' dir='ltr'>involutio.</span> <span class='ocrx_word' id='word_1_863' title='bbox 1693 2963 1797 2986; x_wconf 83' lang='lat' dir='ltr'>Subinde</span> <span class='ocrx_word' id='word_1_864' title='bbox 1809 2964 1824 2986; x_wconf 88' lang='lat' dir='ltr'>E</span> <span class='ocrx_word' id='word_1_865' title='bbox 1836 2963 1944 2987; x_wconf 78' lang='lat' dir='ltr'>solvatur</span> <span class='ocrx_word' id='word_1_866' title='bbox 1956 2970 1998 2992; x_wconf 89' lang='lat' dir='ltr'>pro</span> <span class='ocrx_word' id='word_1_867' title='bbox 2007 2963 2125 2987; x_wconf 79' lang='lat' dir='ltr'>salvatur.</span> 
     </span>
    </p>
   </div>
   <div class='ocr_carea' id='block_1_25' title="bbox 2271 2899 2282 3179">
    <p class='ocr_par' dir='ltr' id='par_1_32' title="bbox 2271 2899 2282 3179">
     <span class='ocr_line' id='line_1_128' title="bbox 2271 2899 2282 3179; textangle 90"><span class='ocrx_word' id='word_1_868' title='bbox 2274 3175 2278 3179; x_wconf 69' lang='grc'>,</span> <span class='ocrx_word' id='word_1_869' title='bbox 2271 3042 2282 3137; x_wconf 23' lang='grc' dir='ltr'>μήὴῂ-</span> <span class='ocrx_word' id='word_1_870' title='bbox 2275 2997 2277 3001; x_wconf 89' lang='grc'><strong>,</strong></span> <span class='ocrx_word' id='word_1_871' title='bbox 2275 2935 2278 2966; x_wconf 54' lang='grc' dir='ltr'>Η,</span> <span class='ocrx_word' id='word_1_872' title='bbox 2275 2899 2276 2903; x_wconf 31' lang='grc' dir='ltr'><em>Α</em></span> 
     </span>
    </p>
   </div>
  </div>
 </body>
</html>
