2296 3316
245 531 272 551 Do
286 531 349 551 tertio.

242 1189 270 1208 De
284 1192 356 1213 quarto.

243 1331 271 1350 De
284 1331 356 1355 quinto.

230 2168 303 2187 Divisio
316 2168 336 2187 in
349 2169 360 2186 b

254 2192 346 2211 membra.

381 166 436 194 152

460 244 493 272 Et
514 243 716 272 delectamento
736 241 845 270 somnii
855 240 864 256 ¹
886 241 1083 276 conveniente,
1098 242 1142 271 vel
1163 250 1229 270 con-

380 290 530 324 venienti-9,
553 290 580 319 id
600 292 642 318 est
658 292 723 318 actu
743 288 896 318 delectabili
911 288 1067 317 communis
1086 288 1229 317 dormitio-

378 337 421 366 nis
442 337 495 366 viri
517 344 580 366 cum
603 336 728 365 muliere.
751 336 820 364 Haec
841 337 934 364 autem
951 334 1097 364 delectatio
1118 342 1229 373 compa-

379 388 458 413 ratur
479 384 652 413 delectationi
673 383 787 416 somnii,
809 382 874 419 quia
895 382 1030 411 rationem
1055 382 1120 419 ligat
1134 385 1161 411 et
1175 382 1229 411 cito

378 431 490 465 transit,
512 431 584 460 sicut
604 430 747 460 delectatio
768 429 875 458 somnii.

458 478 547 515 (Vers.
570 478 617 514 3.).
641 478 676 506 Ει
696 485 746 515 eyo
760 480 851 505 natus
865 476 965 513 accept
985 484 1166 505 communem
1181 479 1228 505 ae·-

379 534 455 559 rem,
478 525 512 553 ad
532 524 722 553 necessitatem
744 522 946 561 respirationis;
968 523 1147 552 Ecclesiastae
1172 525 1228 552 ter-

379 572 417 600 tio
428 572 454 599 2:
482 583 495 596 «
511 571 641 600 Similiter
655 571 762 608 spirant
776 570 868 599 omnia
882 582 908 598 υ.
926 570 961 598 Et
974 569 1109 598 similiter
1123 570 1227 604 decidi,

378 619 411 648 de
440 621 536 647 ventre
568 619 680 653 matris,
713 619 744 647 in
775 621 888 647 terram
917 616 1048 655 factam,
1081 617 1185 646 scilicet
1212 626 1228 646 a

377 666 449 700 Deo,
464 665 577 695 Genesis
599 666 700 703 primo,
715 669 743 695 et
763 666 816 695 hoc
830 668 967 703 quantum
982 665 1015 693 ad
1036 664 1228 694 necessitatem

377 712 449 741 vitae
469 715 497 741 et
518 713 735 742 sustentationis.
759 714 793 742 Et
822 712 955 750 primam
974 720 1071 741 vocem
1102 711 1228 740 similem

377 759 528 794 omnibus,
550 759 654 789 scilicet
675 760 868 795 nascentibus,
893 759 978 789 emisi
994 759 1127 797 plorans.
1158 758 1228 787 Dicit

377 807 547 844 Augustinus
558 807 579 841 ³,
601 807 676 845 quod
701 819 715 833 «
730 816 800 845 puer
821 816 837 837 a
858 808 968 845 ploratu
986 815 1037 836 suo
1058 805 1154 843 incipit
1168 813 1227 835 esse

376 854 513 892 propheta
534 862 601 883 suae
622 854 827 889 calamitatis»;
855 866 868 880 ‹<
883 855 972 884 solum
994 857 1101 888 autem,
1117 853 1228 891 quando

376 904 459 930 natus
479 904 537 935 est,
558 901 667 936 ferunt,
689 901 716 930 id
736 905 779 931 est
792 902 901 936 dicunt,
923 901 1017 930 risisse
1039 901 1227 935 Zoroastrem,

376 956 471 986 regem
491 948 700 977 Bactrianorum
716 960 744 977 »,
766 949 846 977 Solus
867 949 950 977 etiam
973 948 1086 977 loannes
1108 947 1228 984 Baptista

376 998 472 1025 contra
494 996 581 1033 legem
603 996 775 1025 nascentium
790 996 961 1024 nativitatem
983 1003 1062 1024 suam
1084 994 1187 1024 laetitia
1201 997 1228 1024 et

376 1042 562 1071 exsultatione
587 1042 746 1079 praevenit;
776 1043 865 1071 Lucae
889 1042 1016 1079 primo4:
1043 1053 1057 1067 «
1072 1041 1229 1071 Exsultavit

376 1089 404 1118 in
425 1089 525 1127 gaudio
546 1089 635 1118 intans
656 1089 684 1117 in
706 1093 787 1118 utero
808 1097 870 1118 meo
885 1101 911 1117 ».

456 1136 545 1173 (Vers.
561 1137 587 1165 [ι.
605 1137 630 1165 ὃ.
648 1137 696 1172 6.).
712 1137 748 1165 Jn
762 1136 983 1171 involumentis,
1006 1136 1110 1166 scilicet
1123 1144 1228 1174 panno-

377 1192 451 1217 rum,
473 1184 606 1212 nutritus
626 1192 694 1212 sum
705 1194 715 1217 ;
730 1184 819 1213 Lucae
834 1184 993 1213 secund0⁵:
1014 1195 1028 1209 «
1043 1183 1142 1212 Pannis
1163 1191 1227 1212 eum

375 1231 531 1260 involvit».
550 1232 584 1259 Et
597 1231 679 1260 curis
700 1231 840 1269 maynis:
861 1231 983 1260 secundo
997 1231 1228 1260 machabaeorum

376 1279 511 1315 septimo:
548 1290 561 1303 «
582 1278 713 1307 Triennio
741 1278 782 1307 lac
810 1278 871 1307 dedi
900 1282 927 1307 et
955 1279 983 1307 in
1011 1278 1083 1307 hanc
1110 1280 1227 1307 aetatem

376 1325 496 1363 perduxi
513 1337 539 1353 n.
556 1341 592 1346 —
610 1325 698 1354 Nemo
719 1325 795 1354 enim
817 1334 851 1354 eac
873 1325 991 1363 reyibus
1019 1325 1104 1354 aliud
1125 1324 1229 1353 habuit

377 1373 541 1401 nativitatis
555 1372 689 1406 initium,
704 1373 769 1410 quia
783 1373 811 1401 in
826 1373 1002 1402 naturalibus
1019 1380 1074 1401 non
1089 1374 1131 1400 est
1151 1371 1227 1400 diffe-

378 1420 467 1449 rentia
488 1420 560 1448 inter
581 1427 661 1457 reges
675 1423 702 1449 et
723 1419 863 1454 subditos,
885 1419 932 1448 sed
954 1419 981 1447 in
996 1419 1076 1448 bonis
1090 1419 1226 1447 fortunae.

379 1484 415 1487 —
436 1467 517 1495 Unus
537 1475 606 1504 erqo
624 1467 763 1496 introitus
781 1470 822 1496 est
835 1466 970 1495 omnibus
988 1466 1029 1495 ad
1048 1466 1154 1499 vitam,
1176 1465 1228 1494 sci-

378 1514 440 1543 licet
455 1522 505 1552 per
520 1514 700 1552 temporalem
720 1514 890 1543 nativitatem
905 1514 943 1542 ita
960 1514 1055 1548 vilem,
1070 1516 1102 1542 ut
1122 1513 1228 1542 dictum

378 1565 433 1596 est3
455 1565 480 1590 et
500 1562 606 1590 similis
624 1562 736 1595 exitus,
758 1562 861 1590 scilicet
883 1569 932 1598 per
954 1564 1072 1590 mortem
1092 1561 1129 1589 ita
1149 1568 1227 1597 aspe-

378 1617 453 1644 ram,
475 1609 547 1638 sicut
577 1609 745 1638 describitur
777 1609 954 1638 Ecclesiastae
985 1608 1083 1637 ultimo
1094 1608 1114 1636 ⁶.
1144 1608 1227 1642 Item,

378 1664 457 1684 unus
478 1659 520 1684 est
539 1656 694 1689 introitus,
716 1655 820 1684 scilicet
840 1663 890 1692 per
919 1662 1071 1692 pauperem
1100 1654 1227 1683 nativita-

377 1706 452 1737 tem;
484 1707 510 1731 et
538 1703 646 1731 similis
666 1703 778 1737 exitus,
801 1702 904 1731 scilicet
932 1709 981 1739 per
1009 1704 1128 1730 mortem
1158 1709 1227 1738 pau—

377 1750 543 1787 perrimam;
576 1750 622 1778 lob
652 1750 758 1787 primo:
784 1749 908 1778 «Nudus
940 1756 1069 1786 egressus
1100 1756 1163 1777 sum
1193 1748 1227 1777 de

377 1800 458 1826 utero
479 1797 578 1826 matris
597 1804 687 1831 meae,
702 1800 730 1826 et
743 1797 837 1826 nudus
857 1799 984 1825 revertar
1005 1796 1071 1825 illuc
1083 1807 1113 1831 »;
1136 1795 1227 1825 Eccle-

377 1844 476 1874 siastae
496 1844 608 1882 quinto:
636 1856 648 1869 a
663 1844 824 1873 Miserabilis
846 1851 962 1881 prorsus
982 1843 1142 1878 infirmitas3
1158 1851 1227 1881 quo-

377 1891 458 1921 modo
479 1892 569 1926 venit,
591 1891 629 1921 sic
651 1894 810 1920 revertetur
825 1903 851 1919 ι),

452 1993 553 2017 Secundo
570 1992 685 2024 ostendit,
703 1992 760 2024 quod
776 1993 819 2016 hac
837 1992 953 2016 occasione
970 1992 999 2016 ad
1015 1991 1154 2023 sapientiam

702 2032 838 2063 provocatus
855 2031 895 2055 sit.

456 2128 580 2165 Propter
601 2126 653 2156 hoc
668 2127 766 2164 optavi·
779 2130 830 2156 etc.
846 2127 893 2156 Hic
914 2126 1045 2160 ostendit,
1061 2126 1136 2163 quod
1157 2126 1226 2155 haec

376 2175 482 2204 occasio
497 2174 531 2203 ad
545 2174 742 2211 acquirendam
758 2173 919 2211 sapientiam
934 2181 999 2202 eum
1014 2172 1186 2210 provocavit;
1199 2174 1226 2201 et

980 162 1150 192 COMMENT.
1173 163 1205 192 IN
1227 163 1419 192 SAPIENTIAM
1440 163 1468 192 C.
1490 163 1543 192 Vll.

1286 241 1377 278 primo
1398 242 1485 279 tangit
1497 241 1649 279 sapientiae
1663 244 1772 280 optatae
1786 243 1982 280 adeptionem,-
2000 242 2134 278 secundo,

1285 288 1400 325 adeptae
1420 289 1668 318 aestimationem:
1691 290 1727 318 Et
1739 290 1900 327 praeposui
1919 290 2019 325 illam,-
2037 290 2134 325 tertio,

1285 335 1445 364 aestimatae
1459 335 1652 366 dilectionem.-
1672 336 1768 374 Super
1791 337 1929 371 sulutem,-
1950 340 2064 375 quarto,
2085 337 2135 367 ha-

1285 382 1358 411 bitae
1388 385 1415 411 et
1448 382 1564 411 dilectae
1597 384 1909 413 communicationem.-
1946 385 2043 421 Quam
2072 385 2135 414 sine

1284 429 1398 466 fictione
1419 429 1518 458 didici.

1364 476 1453 513 (Vers.
1470 478 1496 505 7.
1512 476 1560 513 8.).
1577 477 1701 514 Propter
1715 476 1781 512 hoe,
1797 478 1825 507 id
1839 481 1881 507 est
1895 481 2009 516 propter
2027 479 2135 516 praedi-

1285 525 1394 552 ctarum
1412 523 1589 552 miseriarum
1604 523 1851 553 considerationem
1867 525 2007 562 pulsatus;
2021 526 2134 563 optavi,

1285 570 1389 599 scilicet
1418 570 1589 607 sapientiam.
1622 571 1657 599 Et
1677 571 1767 600 datus
1797 575 1839 600 est
1859 571 1933 601 milii
1962 581 2082 607 sensus,
2107 573 2135 601 id

1285 620 1326 646 est
1346 617 1494 654 sapientia;
1517 617 1732 647 proverbiorum
1758 618 1864 648 decimo
1879 619 1906 648 ⁷:
1933 630 1946 645 «
1961 619 2135 649 Desiderium

1284 672 1367 693 suum
1389 664 1469 693 iustis
1500 664 1612 693 dabitur
1628 677 1653 693 u.
1679 666 1713 694 Et
1744 665 1895 700 invocavi,
1917 666 2027 696 Glossa:
2054 666 2135 695 «Do-

1284 711 1391 740 minum
1407 722 1437 745 »;
1460 710 1547 740 Iacobi
1577 711 1682 748 primo:
1709 723 1723 737 «
1738 712 1764 741 Si
1794 712 1857 750 quis
1885 716 2011 742 vestrum
2032 713 2135 750 indiget

1284 758 1433 795 sapientia,
1454 758 1576 795 postulet
1596 766 1613 787 a
1634 759 1690 788 Deo
1704 771 1731 788 ».
1755 760 1790 788 Et
1810 760 1886 789 venit
1914 760 1947 789 in
1974 768 2036 794 me,
2057 760 2135 788 invo-

1284 808 1391 834 cantem
1402 828 1409 839 ‚
1430 805 1555 842 spiritus
1569 806 1747 843 sapientiae,
1763 806 1918 835 secundum
1939 807 2008 835 illud
2023 806 2134 836 Psalmi:

1289 863 1302 877 «
1317 851 1354 881 Os
1374 859 1469 881 meum
1496 852 1636 889 aperui»,
1658 853 1762 882 scilicet
1789 853 1818 882 in
1845 853 1982 888 oratione,
2009 864 2023 879 «
2040 855 2068 882 et
2094 856 2136 881 at-

1284 899 1358 928 traxi
1381 899 1510 936 spiritum
1525 910 1556 933 »3
1589 899 1654 928 item
1684 899 1863 929 Ecclesiastici
1895 900 2002 929 decimo
2022 899 2135 937 quinto:

1288 946 1346 975 «ln
1374 946 1464 975 medio
1494 946 1625 975 ecclesiae
1656 946 1766 983 aperuit
1785 954 1817 975 os
1847 946 1923 981 eius,
1955 949 1982 976 et
2012 945 2137 983 implevit

1284 1001 1349 1023 eum
1364 993 1497 1022 Dominus
1511 993 1611 1030 spiritu
1626 993 1775 1030 sapientiae
1786 1004 1814 1022 ».
1830 1009 1866 1014 —
1884 994 1917 1023 Et
1927 992 2091 1031 praeposui
2103 992 2137 1021 il-

1285 1041 1358 1075 lam,
1387 1040 1491 1070 scilicet
1518 1040 1708 1069 aestimatione
1739 1040 1858 1074 valoris,
1888 1040 2007 1078 reyniS,
2036 1040 2064 1069 id
2095 1043 2137 1069 est

1283 1088 1464 1126 dignitatibus
1485 1095 1602 1125 regum3
1631 1091 1657 1116 et
1682 1087 1813 1121 sedibus,
1835 1087 1862 1116 id
1890 1089 1932 1116 est
1956 1087 2136 1125 dignitatibus

1284 1136 1426 1170 iudicum;
1458 1138 1486 1165 et
1515 1135 1630 1169 merito,
1663 1135 1729 1172 quia
1759 1134 1840 1164 dicit:
1867 1145 1880 1160 «
1902 1134 1953 1164 Per
1982 1142 2027 1164 me
2057 1142 2136 1172 reges

1284 1185 1443 1221 regnant»,
1476 1182 1691 1212 Proverbiorum
1719 1184 1816 1211 octavo
1828 1181 1847 1209 Β.
1878 1182 1914 1210 Et
1944 1181 2064 1210 divitias
2091 1182 2136 1210 ni—

1285 1230 1327 1259 hil
1346 1239 1405 1259 esse
1426 1231 1502 1259 clztaei
1518 1231 1549 1259 in
1571 1229 1790 1267 comparatione
1804 1229 1900 1262 iltius,-
1922 1229 2135 1258 Proverbiorum

1285 1269 1382 1307 tertio:
1409 1290 1422 1303 «
1437 1278 1586 1308 Pretiosior
1600 1281 1641 1307 est
1656 1277 1763 1306 cunctis
1783 1277 1921 1314 opibus».
1949 1288 1962 1302 κ
1977 1276 2048 1313 Quid
2063 1277 2135 1306 enim

1284 1324 1397 1361 prodest
1417 1325 1503 1353 stulto
1517 1325 1620 1353 habere
1641 1324 1766 1358 divitias,
1782 1331 1846 1352 cum
1867 1322 2029 1360 sapientiam
2044 1330 2136 1352 emere

1285 1379 1339 1400 non
1361 1372 1448 1409 possit
1462 1375 1500 1400 »?

1364 1419 1453 1455 (Vers.
1476 1420 1524 1453 9.).
1548 1412 1606 1448 Nee
1626 1419 1800 1457 comparavi
1819 1417 1876 1453 itti,
1898 1417 1925 1447 id
1939 1420 1981 1447 est
1998 1417 2059 1448 eius
2073 1426 2136 1456 pre-

1284 1466 1322 1495 tio
1347 1466 1390 1495 vel
1419 1466 1532 1500 virtuti,
1564 1466 1690 1504 lapidem
1719 1465 1882 1503 pretiosum
1890 1476 1900 1499 ;
1931 1465 1959 1494 in
1987 1465 2094 1495 Psalmo
2108 1465 2135 1494 ⁹:

1288 1524 1302 1538 «
1317 1512 1408 1541 Dilexi
1436 1513 1565 1541 mandata
1590 1516 1638 1542 tua
1666 1520 1751 1550 super
1779 1520 1881 1541 aurum
1909 1515 1936 1541 et
1963 1513 2089 1550 topazion
2104 1523 2135 1547 »;

1284 1561 1350 1589 item
1372 1560 1418 1589 lob
1446 1560 1579 1597 vigesimo
1607 1563 1722 1589 octavo:
1750 1560 1836 1589 «Non
1864 1560 2023 1590 conferetur
2044 1560 2136 1589 tinctis

1284 1607 1375 1636 Indiae
1399 1607 1539 1636 coloribus
1563 1615 1612 1636 nec
1634 1607 1718 1645 lapidi
1745 1607 1918 1644 sardonycho
1938 1607 2137 1644 pretiosissimo

1285 1655 1327 1684 vel
1349 1654 1480 1692 sapphiro
1496 1666 1521 1682 ».
1543 1666 1556 1679 ι(
1571 1654 1629 1683 Non
1643 1654 1844 1691 adaequabitur
1859 1653 1883 1682 ei
1899 1654 2023 1691 topazius
2040 1653 2074 1683 de
2088 1654 2136 1683 Ae-

1284 1701 1389 1738 thiopia
1410 1714 1435 1729 ».
1470 1701 1616 1737 Quoniam
1637 1704 1708 1735 etc,
1740 1700 1820 1738 quasi
1850 1700 1937 1729 dicat:
1956 1702 1994 1729 'et
2020 1700 2135 1734 merito,

1285 1748 1351 1786 quia
1372 1757 1454 1777 omne
1476 1756 1605 1781 aurum,
1627 1747 1653 1776 id
1675 1749 1717 1776 est
1738 1750 1827 1776 totum
1848 1754 1970 1781 aurum,
1999 1746 2074 1784 quod
2094 1749 2137 1776 est

1285 1796 1312 1824 in
1340 1795 1460 1829 mundo,
1489 1795 1521 1823 in
1549 1794 1767 1832 comparatione
1794 1794 1875 1823 illius
1902 1802 1997 1823 arena
2023 1797 2080 1828 est,
2109 1793 2136 1822 id

1284 1845 1326 1871 est
1340 1845 1415 1871 terra
1429 1842 1614 1876 infructuosa;
1637 1841 1794 1871 Bernardus
1807 1841 1841 1869 ¹⁰:
1861 1852 1875 1866 «
1887 1841 1958 1878 Quid
1972 1843 2014 1870 est
2034 1848 2135 1870 aurum

1284 1889 1336 1918 nisi
1357 1892 1433 1918 terra
1461 1889 1549 1917 rubra
1562 1901 1576 1914 »
1590 1889 1749 1927 ‘2¹exi9ua,
1772 1888 1799 1917 id
1826 1891 1868 1917 est
1888 1888 1967 1925 parvi
1989 1885 2134 1925 ponderis;

1284 1936 1331 1965 Iob
1351 1936 1484 1973 vigesimo
1504 1938 1617 1965 octavo:
1643 1947 1657 1961 «
1672 1936 1730 1965 Non
1751 1935 1863 1964 dabitur
1884 1943 1986 1964 aurum
2008 1934 2135 1963 obrizum

1284 1991 1335 2020 pro
1356 1991 1425 2011 ea».
1450 1983 1485 2011 Et
1499 1986 1642 2021 tanquam
1664 1982 1774 2017 lutum,
1790 1982 1817 2011 id
1838 1985 1880 2011 est
1893 1981 1999 2011 nullius
2019 1981 2134 2016 valoris,

1284 2029 1489 2058 aestimabitur
1511 2033 1667 2067 amentum
1688 2030 1719 2058 in
1741 2033 1893 2067 conspeetu
1915 2028 2013 2062 illius‚·
2034 2028 2081 2057 lob
2094 2028 2136 2057 vi—

1283 2077 1387 2114 gesimo
1402 2079 1498 2105 octavo
1511 2077 1546 2104 ¹¹:
1570 2088 1583 2101 «
1598 2077 1655 2105 Non
1671 2077 1843 2114 appendetur
1858 2079 2006 2114 argentum
2020 2076 2049 2105 in
2060 2084 2135 2105 com-

1283 2124 1437 2153 mutatione
1458 2124 1518 2153 eius
1533 2135 1563 2158 »;
1586 2124 1801 2153 Proverbiorum
1823 2124 1920 2153 tertio:
1947 2135 1961 2149 «
1975 2123 2070 2153 Melior
2094 2126 2136 2152 est

1283 2171 1429 2209 acquisitio
1460 2171 1520 2200 eius
1552 2171 1735 2208 negotiatione
1761 2171 1822 2199 auri
1854 2173 1881 2199 et
1911 2170 2018 2208 argenti
2043 2182 2056 2196 »
2082 2173 2133 2200 etc.

439 2357 447 2370 ¹
465 2358 529 2380 Hanc
545 2357 666 2380 lectionem
684 2357 749 2379 affert
765 2357 829 2379 card.
846 2357 914 2384 Hugo
926 2363 938 2379 a
951 2357 973 2379 S.
985 2356 1060 2379 Charo
1072 2356 1095 2379 in
1108 2356 1226 2384 margine,

375 2397 416 2426 qui
433 2397 503 2420 etiam
520 2395 612 2419 exhibet
629 2395 787 2420 convenientis
793 2404 803 2424 ;
823 2396 933 2424 Vulgata:
957 2395 1036 2419 somni
1060 2395 1226 2422 conveniente5

375 2436 399 2458 in
415 2435 531 2465 aliquibus
548 2435 602 2458 edd.
618 2435 702 2463 legitur
718 2434 815 2458 somnii.

438 2473 447 2487 ²
466 2475 532 2498 Vers.
549 2475 586 2497 19.
604 2487 633 2490 -
651 2474 759 2503 Sequitur
784 2475 839 2497 Gen.
865 2475 884 2503 l,
903 2475 928 2497 l:
951 2474 975 2496 ln
1000 2474 1114 2502 principio
1139 2474 1227 2497 creavit

375 2515 436 2538 Deus
453 2515 541 2537 caelum
559 2518 581 2537 et
599 2517 692 2537 terram.

438 2552 448 2565 Β
466 2555 539 2576 Serm.
557 2554 611 2576 167.
629 2554 693 2583 (alias
716 2553 754 2576 24.
777 2553 807 2576 de
830 2552 913 2576 Verbis
936 2553 1065 2582 Apostoli),
1083 2559 1103 2575 c.
1121 2554 1142 2575 1.
1159 2560 1182 2575 n.
1200 2554 1226 2575 rl:

375 2593 479 2616 Nascitur
497 2593 579 2623 [puer]
597 2596 619 2615 et
635 2593 711 2615 statim
729 2593 818 2621 plorat;
836 2596 888 2620 post
909 2593 987 2615 nescio
1009 2595 1066 2621 quot
1088 2592 1138 2615 dies
1160 2592 1226 2614 ridet.

376 2633 473 2661 Quando
490 2632 597 2660 plorabat
614 2639 722 2659 nascens,
740 2633 854 2660 propheta
878 2638 933 2654 suae
959 2631 1094 2654 calamitatis
1115 2634 1179 2659 erat;
1196 2632 1227 2654 la-

376 2678 470 2700 crymae
494 2672 556 2695 enim
582 2674 650 2695 testes
675 2675 728 2694 sunt
753 2672 868 2694 miseriae.
887 2671 995 2694 Nondum
1013 2671 1114 2700 loquitur
1137 2674 1159 2693 et
1173 2671 1225 2693 -iam

376 2712 505 2740 prophetat.
523 2711 584 2740 Quid
601 2711 743 2739 prophetat?
761 2711 784 2733 ln
801 2710 879 2732 labore
896 2716 921 2733 se
939 2712 1042 2733 futurum
1059 2713 1103 2732 etc.
1120 2711 1146 2732 Et
1162 2710 1224 2733 XXl.

376 2750 406 2772 de
428 2750 477 2773 Civ.
497 2750 551 2777 Dei,
568 2756 588 2773 c.
606 2750 651 2773 114:
672 2750 759 2779 «Quae
783 2750 879 2779 quidem
903 2749 1032 2779 [infantia],
1055 2749 1120 2778 quod
1145 2755 1191 2772 non
1214 2756 1228 2771 a

376 2790 436 2814 risu,
453 2790 494 2812 sed
512 2796 524 2812 a
542 2791 596 2812 ssetu
613 2790 703 2812 orditur
721 2791 780 2812 hanc
800 2790 888 2816 lucem,
906 2789 963 2818 quid
985 2790 1100 2811 malorum
1123 2789 1226 2817 ingressa

377 2828 418 2855 sit,
435 2828 539 2851 nesciens
561 2829 683 2856 prophetat
707 2829 810 2857 quodam
837 2828 915 2851 modo.
934 2828 1026 2855 Solum,
1043 2828 1137 2857 quando
1159 2830 1226 2850 natus

377 2870 423 2895 est,
441 2868 515 2890 serunt
531 2868 607 2890 risisse
625 2868 781 2896 Zoroastrem,
800 2874 842 2890 nec
860 2868 879 2889 ei
898 2867 953 2889 boni
965 2867 1052 2896 aliquid
1065 2870 1226 2889 monstruosus

377 2907 437 2930 risus
454 2907 489 2929 ille
505 2907 628 2935 portendit.
647 2907 703 2929 Nam
725 2907 869 2937 magicarum
892 2907 976 2929 artium
999 2906 1069 2928 fuisse
1091 2906 1226 2934 perhibetur

376 2946 505 2968 inventor„
529 2948 571 2968 etc.
595 2946 691 2974 Plinius,
709 2946 754 2968 Vll.
777 2946 825 2968 Nat.
848 2946 904 2968 Hist.
926 2952 946 2968 c.
970 2946 1011 2967 ¹5:
1032 2945 1118 2967 Risisse
1142 2945 1225 2967 eodem

377 2985 427 3012 dIe,
442 2991 489 3013 quo
507 2985 597 3013 genitus
613 2988 686 3012 esset,
698 2991 770 3007 unum
789 2985 905 3007 hominem
923 2985 1056 3012 accepimus
1073 2985 1225 3007 Zoroastrem.

1282 2355 1363 2378 Eidem
1375 2354 1498 2377 cerebrum
1510 2354 1540 2377 ita
1553 2354 1689 2382 palpitasse,
1702 2356 1726 2376 ut
1738 2354 1870 2382 impositam
1888 2354 2009 2382 repelleret
2026 2360 2136 2382 manum,

1283 2395 1373 2417 suturae
1391 2393 1513 2422 praesagio
1531 2393 1646 2416 scientiae.

1345 2432 1355 2445 ⁴
1373 2434 1439 2456 Vers.
1457 2433 1495 2455 44.

1346 2471 1356 2485 ⁶
1372 2473 1439 2496 Vers.
1455 2472 1477 2495 7.
1495 2485 1526 2489 —
1543 2472 1652 2501 Sequitur
1669 2472 1692 2494 ll.
1710 2472 1782 2494 Mach.
1800 2472 1822 2501 7,
1840 2472 1882 2494 27:
1900 2473 1945 2494 Lac
1965 2472 2063 2495 triennio
2080 2472 2134 2495 dedi

1283 2515 1305 2535 et
1321 2512 1367 2535 alui
1384 2515 1406 2534 et
1423 2512 1445 2534 in
1462 2514 1560 2534 aetatem
1579 2512 1644 2534 istam
1663 2511 1768 2538 perduxi.

1346 2550 1355 2563 Β
1375 2551 1438 2574 Vers.
1459 2552 1481 2573 3.
1504 2557 1569 2580 seqq.
1588 2564 1617 2566 —
1634 2551 1685 2573 Duo
1710 2557 1774 2580 seqq.
1798 2551 1840 2573 loci
1866 2552 1919 2573 sunt
1943 2549 1982 2573 lob
2008 2550 2029 2579 l,
2052 2550 2090 2573 2l.
2112 2553 2135 2572 et

1285 2591 1356 2613 Eccle.
1374 2591 1400 2617 5,
1419 2591 1457 2613 15.

1346 2627 1354 2641 ⁷
1373 2630 1440 2652 Vers.
1457 2629 1495 2651 24.
1511 2642 1543 2646 —
1560 2630 1694 2658 Sequuntur
1711 2630 1790 2652 Glossa
1812 2628 1988 2657 interlinearis,-
2006 2629 2050 2651 lac.
2068 2629 2089 2657 l,
2107 2628 2134 2656 5;

1284 2669 1318 2691 Ps.
1337 2669 1395 2695 118,
1414 2669 1467 2691 131.
1484 2671 1507 2691 et
1523 2669 1591 2691 Eccli.
1608 2669 1650 2696 45,
1669 2669 1694 2691 5:
1711 2669 1736 2691 ln
1758 2668 1835 2691 medio
1861 2668 1971 2691 ecclesiae
1996 2667 2084 2696 aperiet
2107 2674 2134 2691 os

1283 2708 1332 2731 eius
1349 2710 1371 2730 et
1388 2707 1524 2736 adimplebit
1541 2708 1605 2730 illum
1622 2708 1704 2736 spiritu
1721 2707 1855 2735 sapientiae.

1346 2746 1355 2759 ⁸
1375 2748 1440 2770 Vers.
1458 2748 1494 2770 15.
1514 2760 1542 2764 -
1560 2748 1610 2770 Duo
1628 2753 1693 2776 seqq.
1708 2747 1750 2769 loci
1768 2749 1821 2770 sunt
1837 2746 1894 2769 ibid.
1907 2747 1934 2774 3,
1947 2746 1983 2768 15.
2002 2749 2024 2769 et
2041 2746 2134 2774 17,16;

1284 2787 1345 2816 Quid
1362 2787 1457 2815 prodest
1472 2787 1540 2809 stulto
1557 2789 1600 2809 etc.

1346 2825 1356 2838 ⁹
1372 2827 1456 2849 Psalm.
1475 2827 1530 2853 118,
1550 2826 1603 2849 127.
1619 2838 1651 2843 -
1667 2825 1776 2855 Sequitur
1793 2825 1833 2848 lob
1851 2826 1893 2852 28,
1912 2825 1949 2847 16.
1966 2827 1989 2847 et
2006 2825 2042 2847 19.

1346 2865 1366 2878 ¹⁰
1382 2867 1457 2889 Serm.
1472 2865 1494 2888 4.
1510 2866 1541 2888 de
1557 2865 1664 2888 Adventu
1682 2865 1788 2892 Domini,
1800 2871 1824 2887 n.
1837 2865 1844 2886 1
1857 2872 1862 2886 :
1874 2866 1963 2887 Aurum
1975 2866 1998 2886 et
2009 2865 2132 2891 argentum

1283 2912 1359 2928 nonne
1375 2908 1434 2928 terra
1452 2908 1486 2927 est
1503 2904 1573 2927 rubra
1591 2907 1613 2927 et
1629 2904 1694 2932 alba,
1711 2910 1783 2933 quam
1800 2905 1863 2927 solus
1881 2903 2002 2926 bominum
2020 2908 2084 2925 error
2101 2903 2134 2924 sa-

1283 2945 1325 2972 rit,
1343 2948 1367 2967 ut
1384 2945 1459 2972 magis
1475 2947 1566 2973 reputet
1583 2944 1725 2972 pretiosam?
1737 2955 1767 2960 -·
1780 2944 1833 2972 Seq.
1851 2943 1914 2965 locus
1931 2944 1965 2965 est
1981 2941 2021 2965 lob
2039 2942 2081 2968 28,
2095 2941 2132 2964 15.

1346 2983 1364 2996 ²²
1382 2984 1449 3006 Vers.
1467 2984 1504 3006 15.
1520 2996 1551 3000 -
1568 2984 1701 3012 Sequuntur
1718 2983 1786 3005 Prov.
1803 2983 1829 3010 3,
1849 2982 1885 3004 14.
1903 2984 1925 3004 et
1942 2981 2026 3004 Hebae.
2044 2981 2069 3009 2,
2089 2980 2111 3002 6.

2153 487 2180 507 De
2192 488 2264 512 primo„

2154 1002 2181 1022 Do
2192 1002 2268 1022 secund
2279 990 2281 997 ¹
