2296 3316
232 1196 303 1215 Horum
311 1200 365 1220 expo-

274 1220 324 1238 sitio.

238 1948 283 1967 'ri-ia
295 1950 372 1971 tangun-

254 1974 285 1990 tur
297 1972 321 1990 de
331 1972 372 1996 Spi-

254 1996 292 2014 ritu
305 1995 325 2014 S.

241 2584 310 2606 Prim0,
323 2584 364 2607 ipse

249 2608 355 2628 descendit.

380 172 435 200 542

380 250 500 278 lucerna
529 249 556 276 in
585 247 675 276 medio
703 245 798 283 templi
820 245 861 273 ad
881 244 1133 277 ittuminandum;
1155 243 1228 272 sicut

379 295 515 324 columna
536 295 563 322 in
586 293 676 322 medio
695 292 795 321 domus
809 291 850 320 ad
863 290 1085 324 sustinendum,
1100 291 1128 318 et
1142 289 1228 317 huius

379 342 486 371 similia.

460 390 503 417 11.
527 388 639 417 Medius
659 390 786 415 vestrum
809 385 892 414 stetit.
914 384 994 419 Nota,
1009 383 1083 421 quod
1099 382 1228 411 Christus

234 445 362 492 mqgipiffltss
378 436 486 465 medius
506 435 597 468 stetit,
620 433 728 462 medius
749 432 859 466 iacuit,
881 431 989 460 medius
1009 430 1099 463 sedit,
1118 429 1228 458 medius

295 492 362 511 dicun-

375 482 526 521 pependit,
541 481 650 510 medius
664 479 835 508 ambulavit.
851 495 890 499 -—
905 478 1002 507 lacuit
1015 477 1042 506 in
1058 476 1148 505 medio
1169 476 1228 505 ani—

379 530 513 563 malium;
536 528 661 557 Habacuc
684 527 807 556 tertio¹:
833 526 891 554 «ln
913 525 1003 554 medio
1023 524 1144 553 duorum
1169 523 1228 552 ani-

377 577 491 605 malium
512 574 723 612 cognosceris».
753 574 781 602 ln
804 573 894 601 medio
919 572 1040 601 duorum
1066 571 1227 600 animalium

378 623 505 660 cognitus
525 626 567 651 est
588 622 680 650 iacens
701 621 728 649 in
750 620 907 658 praesepio,
930 620 1019 647 Lucae
1040 618 1170 647 secundo.
1190 634 1227 639 -

378 670 456 700 Sedit
477 670 504 698 in
525 669 616 698 medio
636 669 801 702 doctorum;
824 668 913 695 Lucae
928 665 1065 695 secundo:
1091 665 1228 694 «Invene-

378 721 445 746 runt
465 717 544 746 illuni
565 717 593 745 in
615 716 718 753 templo
739 714 879 744 sedentem
894 714 922 742 in
938 713 1028 742 medio
1041 712 1187 742 doctorum
1200 724 1227 741 ».

379 781 415 786 —
444 764 586 802 Pependit
612 763 639 792 in
667 762 758 792 medio
789 762 952 795 latronum;
986 760 1092 789 loannis
1122 760 1229 789 decimo

378 812 492 842 non02:
519 823 532 836 α
547 811 757 840 Crucifixerunt
788 817 853 838 cum
874 817 907 837 eo
935 809 1003 837 alios
1023 808 1094 836 duos
1116 807 1180 836 hinc
1201 810 1229 836 et

379 860 456 894 inde,
478 859 599 888 medium
621 861 714 887 autem
738 857 826 886 lesum
840 868 866 884 ».
882 872 920 875 -
943 854 1114 884 Ambutavit
1128 854 1155 883 in
1172 861 1228 883 me-

377 907 422 936 dio
443 906 694 939 candelabrorum;
716 903 891 941 Apocalypsis
913 902 1054 932 secundo:
1080 902 1174 930 «llaec
1187 901 1228 929 di-

378 954 415 983 cit
445 954 493 991 qui
520 952 645 982 ambulat
677 951 704 980 in
741 950 832 979 medio
867 949 1097 979 candelabrorum
1129 956 1228 977 aureo-

378 1009 441 1030 rum
454 1012 480 1028 ».
497 1017 533 1021 —
556 999 636 1028 Stetit
656 998 684 1027 in
706 997 797 1026 medio
817 996 1037 1033 discipulorum;
1060 995 1167 1024 Ioannis
1189 995 1228 1023 vi-

378 1048 494 1085 gesimo:
512 1059 525 1072 «
538 1046 617 1075 Stetit
633 1046 708 1074 Iesus
722 1044 749 1073 in
762 1044 877 1073 medio»
896 1043 1098 1080 discipulorum
1112 1050 1228 1071 suorum

383 1107 396 1120 «r
411 1098 438 1123 et
458 1094 529 1123 dixit
550 1094 605 1122 eis:
627 1093 684 1121 Pax
706 1092 822 1120 vobis».

457 1142 524 1170 Nota
545 1143 572 1170 et
592 1147 718 1177 expone,
740 1139 815 1176 quod
836 1138 965 1167 Christus
987 1138 1079 1166 iacens
1094 1137 1121 1166 in
1137 1137 1228 1166 medio

378 1188 556 1218 animalium
572 1187 618 1216 dat
633 1187 751 1215 formam
765 1185 966 1215 innocentibus
980 1184 1164 1223 relinquendi
1178 1193 1229 1213 va-

377 1237 506 1265 nitatem.
528 1252 568 1256 —
587 1234 716 1263 Christus
736 1233 835 1262 sedens
856 1233 883 1261 in
906 1232 996 1261 medio
1015 1232 1168 1260 doctorum
1183 1231 1230 1260 dat

377 1284 495 1313 formam
516 1281 698 1311 studentibus
719 1280 890 1319 inquirendi
910 1280 1069 1308 veritatem.
1093 1295 1129 1300 -
1149 1279 1229 1308 Chri-

377 1334 437 1360 stus
457 1330 604 1359 ambulans
632 1329 659 1358 in
680 1328 770 1358 medio
791 1327 1038 1357 candelabrorum
1064 1335 1229 1355 aureorum

377 1378 424 1406 dat
444 1377 560 1406 formam
583 1375 805 1414 proficientibus
833 1374 1016 1404 custodiendi
1040 1372 1227 1402 honestatem.

381 1442 415 1445 -
438 1424 567 1453 Christus
588 1423 710 1460 pendens
724 1422 752 1451 in
768 1422 858 1451 medio
878 1422 1029 1450 latronum
1049 1421 1096 1449 dat
1111 1420 1227 1449 formam

376 1471 556 1510 patientibus
576 1470 741 1499 sustinendi
761 1469 976 1498 adversitatem.
1000 1485 1036 1489 —
1058 1468 1187 1497 Christus
1200 1468 1228 1496 in

380 1519 469 1548 medio
490 1517 703 1555 discipulorum
719 1517 765 1546 dat
780 1517 897 1545 formam
910 1515 1148 1553 praesidentibus
1163 1523 1229 1543 con-

380 1565 504 1595 vocandi
523 1565 655 1593 subditos
676 1564 716 1592 ad
736 1563 963 1601 fraternitatem.

709 1666 850 1689 COLLATIO
869 1666 897 1689 V.

456 1755 546 1791 (Vers.
570 1753 637 1789 33).
661 1753 756 1791 Super
776 1761 860 1791 quenz
881 1752 991 1781 videris
1013 1751 1159 1789 Spiritum
1181 1752 1228 1780 de-

376 1801 554 1830 scendentem
576 1804 601 1829 et
621 1804 785 1829 manentem
806 1807 897 1836 super
922 1807 1005 1833 euni,
1034 1798 1081 1827 ltz'c
1109 1802 1151 1827 est
1177 1798 1230 1837 qui

377 1848 519 1885 baptizat.

459 1897 482 1924 l.
505 1894 667 1924 Notabiliter
689 1897 843 1931 tanguntur
864 1893 909 1922 hic
929 1893 983 1921 tria.
997 1893 1030 1922 de
1045 1893 1150 1930 Spiritu
1165 1901 1228 1921 san-

377 1946 438 1977 cto,
460 1943 565 1971 scilicet
592 1942 658 1979 quia
685 1944 810 1978 apparet
831 1956 868 1962 —
890 1941 957 1978 quia
977 1940 1122 1969 descendit
1143 1957 1180 1960 —
1201 1943 1229 1969 et

377 1991 443 2028 quia
456 1994 562 2018 manet.
577 2005 613 2010 -·
626 1989 785 2026 Apparitz'o
800 1988 860 2017 eius
875 1991 988 2016 notatur
1001 1988 1028 2016 in
1041 1987 1127 2016 verbo
1141 1987 1228 2016 visio-

376 2038 440 2072 nis,
463 2045 527 2066 cum
548 2037 665 2065 dicitur:
689 2036 784 2073 Super
805 2043 889 2074 quem
916 2034 1035 2063 videris.
1061 2034 1227 2068 Descensio,

377 2093 441 2115 cum
467 2084 647 2121 adiungitur:
677 2083 821 2120 Spiritum
844 2081 1065 2111 descendentem.
1095 2081 1227 2116 Mansio,

377 2141 440 2162 cum
453 2131 580 2160 additur:
595 2131 630 2159 Et
642 2134 813 2158 manentem.
827 2128 972 2158 Descendit
982 2129 1102 2166 Spiritus
1113 2129 1141 2157 in
1154 2137 1228 2166 yra-

377 2180 434 2208 tiae
451 2178 661 2215 vivificatione;
682 2180 797 2214 apparet
811 2176 838 2205 in
855 2176 996 2204 bonorum
1012 2184 1133 2213 operum
1148 2174 1228 2204 exbi-

377 2226 501 2259 bitione;
530 2228 623 2254 manet
643 2232 711 2253 vero
731 2224 758 2252 in
780 2223 936 2252 eorundem
961 2222 1182 2260 perseverantia
1203 2225 1230 2251 et

376 2273 602 2302 continuatione
618 2272 688 2301 llaec
702 2271 798 2300 eadem
809 2273 942 2299 notantur
954 2271 1072 2298 Actuum
1084 2269 1205 2298 secundo
1217 2269 1227 2286 ⁸

376 2320 409 2349 de
425 2320 529 2357 Spiritu
551 2322 664 2359 sancto:
687 2318 849 2352 descensio,
871 2325 934 2346 cum
957 2316 1075 2345 dicitur:
1105 2316 1228 2345 «Factus

377 2370 418 2396 est
432 2370 546 2404 repente
561 2366 595 2395 de
616 2366 691 2395 caelo
712 2373 797 2395 sonus
813 2368 945 2402 tanquam
960 2363 1132 2393 advenientis
1147 2363 1228 2400 spiri—

378 2418 422 2443 tus
438 2413 609 2443 vehementis
620 2425 647 2441 ».
663 2414 684 2441 A
688 2412 840 2450 pparitio,
855 2419 919 2440 cum
935 2411 1053 2440 dicitur:
1072 2422 1086 2436 α
1098 2410 1130 2439 Et
1144 2418 1228 2447 appa—

378 2464 496 2489 ruerunt
512 2461 565 2489 illis
579 2460 739 2497 dispertitae
754 2459 864 2496 linguae
877 2461 1008 2495 tanquam
1021 2458 1092 2495 ignis
1103 2469 1129 2485 n.
1147 2458 1228 2486 Man—

377 2508 437 2542 sio,
453 2516 516 2536 cum
539 2508 660 2536 dicitur:
681 2518 695 2532 «
707 2506 837 2543 Seditque
852 2514 938 2543 supra
953 2505 1076 2542 singulos
1090 2512 1188 2533 eorum
1199 2516 1226 2533 n.

457 2556 483 2583 ⁹2.
508 2554 658 2582 Descendit
678 2561 745 2590 ergo
767 2553 887 2590 Spiritus
914 2552 1025 2581 divinus
1053 2555 1081 2580 et
1108 2551 1227 2580 animam

377 2601 508 2637 vivificat
522 2609 573 2630 suo
595 2601 676 2629 modo
694 2600 846 2637 spirituali,
863 2600 935 2628 sicut
949 2599 1065 2636 spiritus
1087 2599 1228 2627 humanus

884 166 1109 196 COLLATIONES
1130 165 1162 194 ΙΝ
1184 164 1329 193 ΙΟΑΝΝΕΜ
1351 164 1420 192 (ῙΑΡ.
1443 164 1460 192 1.
1483 163 1576 193 COLL.
1598 164 1629 194 V.

2273 212 2278 268 l

1284 250 1335 271 suo
1357 242 1439 271 modo
1459 242 1579 270 naturali
1602 242 1724 271 vivificat
1744 251 1865 280 corpus;
1887 242 1962 271 unde
1984 242 2133 271 Ezechielis
2263 262 2296 285 ΙΝ

1285 288 1426 326 trigesimo
1447 288 1605 325 septimo⁴z
1632 300 1645 314 «
1661 289 1745 324 Ecce,
1766 298 1817 327 ego
1839 288 2019 318 intromittam
2041 288 2069 317 in
2084 296 2133 317 vos

1285 335 1427 372 spiritum,
1443 338 1470 364 et
1484 335 1619 365 vivetis».
1643 352 1680 357 ——
1701 336 1856 365 Notandum
1878 344 1958 373 ergo,
1979 335 2054 373 quod
2074 336 2133 373 spi-
2161 342 2207 361 rm
2220 343 2264 365 em

1285 382 1363 411 ritus
1383 382 1534 411 naturalis
1562 383 1706 413 vivificans
1727 384 1781 412 tria
1800 383 1883 412 facit:
1911 383 1958 412 dat
1978 383 2051 412 enim
2073 391 2134 412 cor-
2150 366 2260 410 ῗιιιῖεεῗρψ

1285 430 1344 467 pori
1366 438 1501 464 sensum,
1525 430 1667 469 loquelam
1688 434 1716 460 et
1736 434 1855 460 motum.
1878 430 1917 459 lta
1939 430 2070 467 Spiritus
2090 431 2134 459 di·
2267 425 2269 465 ,¹

1285 476 1373 506 vinus
1393 477 1513 506 animam
1535 478 1694 515 gratificans
1714 478 1761 507 dat
1781 478 1805 507 ei
1827 486 1945 507 sensum
1960 477 2133 513 devotionis,
2266 475 2280 548 η

1284 523 1405 553 verbum
1426 524 1641 561 aedificationis
1661 527 1689 554 et
1709 528 1821 554 motum
1843 524 1933 554 bonae
1946 525 2133 563 operationis.
2267 523 2279 563 '¹

1286 586 1322 592 —
1344 571 1383 600 De
1404 571 1509 608 primo,
1523 572 1556 600 ad
1573 572 1710 601 Romanos
1730 575 1827 601 octavo
1838 572 1868 600 ⁵:
1889 584 1902 598 «
1913 572 1965 609 Qui
1980 572 2133 601 secundum
2150 575 2178 595 De
2190 576 2251 601 primo.
2277 573 2279 578 '

1285 626 1396 647 carnem
1418 621 1499 653 sunt,
1522 627 1593 656 quae
1614 619 1706 648 carnis
1731 622 1797 648 sunt
1821 619 1948 656 sapiunt;
1970 619 2018 657 qui
2039 622 2134 649 autem
2266 617 2296 667 ζμ

1284 665 1438 694 secundum
1470 665 1599 703 spiritum
1628 669 1709 701 sunt,
1737 674 1809 703 quae
1840 669 1905 695 sunt
1936 667 2052 704 spiritus
2072 674 2134 696 sen·
2267 663 2296 730 Γ

1284 712 1392 747 ῑίυηῑ»;
1407 720 1480 747 ecce,
1492 713 1558 750 quia
1569 713 1689 749 Spiritus
1703 713 1750 742 dat
1760 721 1886 742 sensum.
1898 730 1938 734 —-
1948 713 1987 742 De
2002 713 2133 748 secundO,
2151 717 2178 736 ⁰²
2188 718 2284 747 aecuniogq

1284 760 1403 788 Actuum
1424 759 1564 788 secundo:
1591 771 1604 785 «
1617 760 1720 797 Repleti
1743 762 1809 789 sunt
1822 768 1920 790 omnes
1944 760 2049 798 Spiritu
2071 768 2134 789 san·
2269 757 2281 765 ”

1284 810 1329 836 cto
1349 810 1376 836 et
1397 810 1551 844 coeperunt
1582 807 1656 844 loqui
1687 807 1771 836 variis
1792 807 1932 845 linguis»;
1961 815 2039 843 ecce,
2068 808 2134 845 quia

1285 854 1405 891 Spiritus
1425 854 1472 883 dat
1492 854 1621 883 verbum.
1637 871 1675 875 —
1690 855 1729 884 De
1745 855 1839 890 tertio,
1854 855 2003 885 Ezechielis
2024 855 2133 893 primo:
2153 858 2179 878 ⁰0
2191 858 2248 879 ²wio-
2279 871 2281 876 π

1289 913 1302 927 α
1317 901 1500 938 Quocumque
1521 901 1578 930 ibat
1599 902 1730 938 spiritus,
1752 902 1831 936 illuc,
1858 905 1941 932 eunte
1969 903 2086 940 spiritu,
2107 906 2135 933 et
2270 914 2296 937 lii:

1285 951 1362 977 rotae
1382 948 1488 985 pariter
1509 948 1699 977 elevabantur.
1729 949 1849 986 Spiritus
1877 949 1950 978 enim
1981 950 2054 979 vitae
2074 953 2134 979 erat
2280 939 2296 956 '¹

1284 995 1312 1024 in
1328 995 1396 1024 rotis
1408 1006 1434 1023 n.
1456 1011 1496 1017 —
1517 995 1560 1024 [sti
1587 999 1653 1024 sunt
1668 999 1725 1025 tres
1745 996 1860 1025 effectus
1881 996 2001 1033 Spiritus
2021 998 2134 1026 deseen-

1285 1042 1379 1070 dentis
1399 1046 1424 1070 et
1444 1041 1631 1078 vivificanti-5.
2272 1073 2273 1076 Ἰ

1366 1088 1392 1117 3.
1415 1089 1535 1125 Spiritus
1563 1092 1676 1118 sanctus
1707 1097 1761 1118 non
1793 1090 1883 1119 solum
1906 1090 2066 1126 descendit,
2088 1091 2273 1120 sedSwnndodtw

1286 1139 1418 1173 apparet.
1442 1136 1511 1164 Sunt
1532 1138 1641 1170 autem,
1663 1139 1694 1165 ut
1716 1139 1808 1166 cetera
1828 1137 2017 1172 dimittamus,
2033 1137 2086 1166 tria
2100 1138 2136 1167 si-
2156 1117 2273 1165 {iffi-12²5*

1286 1191 1340 1220 gna
1360 1190 1427 1212 suae
1448 1183 1637 1220 apparitionis.
1659 1184 1792 1221 Apparuit
1812 1184 1885 1213 enim
1907 1192 1992 1221 super
2013 1184 2136 1222 discipu-

1287 1231 1327 1259 los
1349 1231 1375 1259 in
1398 1231 1488 1267 specie
1509 1230 1642 1268 flaminis
1664 1247 1700 1252 —-
1722 1231 1750 1260 in
1772 1231 1862 1268 specie
1877 1231 2045 1269 linquae—
2059 1235 2086 1261 et
2107 1232 2135 1260 in

1286 1277 1377 1314 specie
1398 1278 1494 1315 iynis;
1515 1285 1586 1315 quae
1608 1278 1662 1306 tria
1682 1280 1816 1307 notantur
1837 1278 1954 1307 Actuum
1978 1278 2134 1308 secundo⁶:

1286 1324 1398 1362 quando
1424 1336 1436 1350 α
1452 1325 1541 1354 sactus
1562 1328 1603 1354 est
1625 1333 1710 1354 sonus
1732 1328 1863 1363 tanquam
1889 1325 2059 1355 advenientis
2080 1326 2135 1363 spi-

1285 1372 1357 1401 ritus
1372 1372 1543 1401 vehementis
1555 1383 1581 1406 »;
1597 1380 1660 1401 ecce
1675 1373 1815 1409 primum;
1838 1373 1949 1410 quando
1978 1384 1991 1398 «
2003 1381 2136 1410 apparue-

1286 1423 1353 1448 runt
1367 1419 1527 1456 dispertitae
1549 1420 1659 1457 linguae
1670 1431 1697 1454 »3
1713 1428 1776 1449 ecce
1791 1420 1961 1455 secundum;
1981 1424 2135 1458 «tanquam

1285 1467 1356 1504 ignis
1368 1478 1394 1502 »3
1416 1475 1479 1496 ecce
1501 1468 1623 1496 tertium.

1364 1515 1391 1543 4.
1414 1514 1443 1543 In
1464 1514 1555 1551 specie
1576 1515 1654 1552 iynis
1675 1515 1820 1552 apparuit,
1842 1515 1908 1552 quia
1928 1516 1987 1553 ipse
2015 1515 2137 1545 incendit
2153 1518 2180 1546 ῦς
2193 1518 2242 1546 “iano

1284 1561 1312 1590 in
1334 1561 1416 1590 corde
1436 1561 1565 1590 ardorem
1586 1562 1724 1597 caritatis;
1745 1573 1757 1587 α
1770 1562 1871 1591 caritas
1891 1562 1966 1591 enim
1980 1562 2080 1592 diffusa
2094 1566 2135 1592 est
2173 1547 2226 1566 ’ω’

1285 1609 1312 1637 in
1335 1608 1466 1637 cordibus
1487 1609 1590 1637 nostris
1612 1617 1662 1646 per
1683 1609 1817 1645 Spiritum
1847 1612 1989 1644 sanctum,
2018 1610 2066 1647 qui
2087 1610 2135 1639 da—

1284 1659 1330 1685 tus
1344 1659 1385 1685 est
1400 1655 1479 1684 nobis
1490 1667 1518 1690 »‚
1533 1655 1567 1684 ad
1588 1656 1724 1684 Romanos
1743 1656 1840 1693 quinto
1852 1656 1871 1684 ⁷.
1887 1656 1934 1685 Hic
1948 1659 1990 1686 est
2004 1657 2087 1694 ignis,
2101 1657 2136 1687 de

1284 1711 1341 1740 quo
1362 1703 1450 1731 Lucae
1471 1702 1654 1731 duodecimo:
1682 1714 1697 1728 (ι
1710 1703 1777 1732 Veni
1799 1703 1890 1740 ignem
1912 1703 2021 1733 mittere
2036 1704 2063 1732 in
2080 1707 2135 1733 ter-

1285 1758 1345 1778 ram
1356 1761 1383 1778 n.
1399 1766 1436 1770 —
1453 1750 1481 1778 ln
1502 1750 1593 1786 specie
1615 1749 1734 1787 linquae
1754 1750 1899 1787 apparuit,
1914 1750 1980 1787 quia
2001 1751 2059 1787 ipse
2083 1750 2135 1779 im·
2151 1753 2242 1796 {²2⁸⁵}20

1284 1797 1368 1826 mittit
1391 1797 1433 1826 ori
1459 1796 1613 1826 doctrinam
1642 1797 1784 1831 veritatis;
1806 1797 1880 1826 unde
1902 1797 2009 1826 loannis
2029 1797 2135 1826 decimo
2165 1783 2207 1821 Ψ
2233 1791 2237 1796 “
2286 1787 2287 1795 ’

1285 1848 1384 1874 sexto:
1411 1844 1504 1873 «Cum
1527 1844 1634 1873 venerit
1656 1844 1776 1881 Spiritus
1797 1844 1937 1879 veritatis,
1959 1844 2068 1873 docebit
2085 1852 2135 1873 vos

1284 1899 1393 1920 omnem
1417 1891 1562 1920 veritatem
1577 1904 1603 1919 ».
1619 1891 1666 1920 Hic
1687 1895 1728 1920 est
1753 1892 1826 1920 enim
1848 1891 1893 1920 ille
1907 1892 2078 1929 prolocutor,
2099 1891 2133 1920 de
2282 1887 2290 1921 J

1285 1947 1341 1976 quo
1362 1939 1490 1968 Matthaei
1511 1939 1636 1968 decimo:
1663 1939 1746 1967 «Non
1767 1939 1840 1967 enim
1862 1947 1910 1968 vos
1931 1939 2012 1974 estis,
2032 1939 2080 1976 qui
2095 1939 2135 1968 lo-
2281 1922 2290 1984 Ῑ

1285 1986 1418 2023 quimini,
1441 1985 1487 2014 sed
1509 1985 1629 2022 Spiritus
1650 1985 1738 2014 Patris
1759 1985 1857 2020 vestri,
1880 1985 1927 2023 qui
1957 1986 2081 2023 loquitur
2106 1986 2135 2014 in

1284 2033 1363 2061 vobis
1376 2044 1401 2061 ».
1425 2049 1462 2053 —
1484 2033 1511 2061 In
1534 2033 1624 2070 specie
1644 2032 1777 2069 flaminis
1791 2033 1848 2062 sive
1864 2033 1979 2070 spiritus
1992 2033 2134 2070 apparuit,
2149 2035 2296 2078 nauteam-'g

1284 2080 1350 2117 quia
1378 2079 1571 2109 subministrat
1599 2082 1675 2116 operi
1697 2080 1826 2117 viyorem
1847 2079 1985 2113 virtutis;
2006 2079 2080 2108 unde
2101 2079 2133 2108 ad
2184 2064 2243 2079 'mm'
2276 2084 2296 2101 *t

1284 2128 1420 2156 Romanos
1434 2129 1530 2155 octavo
1541 2126 1568 2155 ⁸:
1588 2138 1601 2152 α
1615 2127 1673 2164 lpse
1684 2127 1804 2164 Spiritus
1818 2127 1931 2156 adiuvat
1946 2126 2133 2155 infirmitatem

1285 2177 1407 2203 nostram
1423 2185 1451 2208 »;
1472 2176 1500 2203 et
1521 2174 1548 2202 in
1570 2174 1695 2202 Psalmo:
1715 2185 1728 2199 «
1745 2173 1835 2203 Verbo
1856 2173 1963 2202 Domini
1986 2173 2092 2208 caeli»,
2107 2173 2134 2202 id
2285 2179 2289 2201 t

1284 2224 1326 2251 est
1339 2222 1391 2250 viri
1407 2222 1554 2255 caelestes,
1579 2232 1593 2246 «
1605 2221 1705 2250 firmati
1728 2224 1806 2255 sunt,
1828 2225 1856 2250 et
1876 2221 1976 2258 spiritu
1997 2221 2054 2250 oris
2074 2221 2135 2250 eius

1283 2269 1373 2298 omnis
1396 2269 1484 2297 virtus
1504 2277 1640 2298 eorum».
1663 2284 1701 2289 -—
1722 2269 1842 2306 Spiritus
1862 2268 1935 2297 enim
1956 2271 2069 2297 sanctus
2093 2271 2135 2297 est
2286 2274 2289 2306 Ι

1285 2316 1363 2353 iynis
1378 2316 1404 2344 in
1420 2315 1519 2350 corde,
1533 2316 1644 2344 veritas
1664 2315 1691 2344 in
1713 2324 1761 2345 ore
1783 2316 1826 2344 vel
1847 2323 1975 2344 sermone
1992 2319 2020 2344 et
2039 2315 2135 2344 virtus
2287 2319 2296 2337 ἐξ

1284 2362 1312 2391 in
1333 2370 1435 2399 opere;
1458 2366 1485 2391 et
1505 2362 1567 2391 ideo
1594 2365 1710 2400 apparet
1730 2363 1758 2391 in
1787 2363 1878 2400 specie
1902 2363 1994 2401 tynis,
2017 2363 2135 2401 linquae
2287 2346 2289 2371 ¹

1284 2412 1312 2438 et
1331 2409 1464 2446 flaminis
1485 2410 1542 2438 sive
1564 2410 1688 2446 spiritus.
1994 2407 1997 2411 '
2288 2399 2289 2408 ¹

1364 2458 1389 2485 5.
1412 2457 1561 2494 Sequitur:
1586 2457 1621 2485 Et
1640 2460 1812 2486 manentem.
1828 2474 1866 2481 —
1882 2457 2001 2495 Spiritus
2022 2460 2135 2487 sanctus
2151 2458 2269 2502 Tessfflaipst
2287 2447 2290 2459 ⁵

1284 2512 1340 2532 non
1361 2503 1452 2532 solum
1473 2504 1617 2532 descendit
1638 2507 1665 2532 et
1685 2508 1826 2541 apparet,
1848 2504 1896 2534 sed
1923 2505 2006 2533 etiam
2027 2508 2133 2534 manet.

1285 2551 1374 2579 Manet
1395 2553 1488 2579 autern
1510 2550 1584 2579 Deus
1605 2558 1660 2579 non
1681 2551 1787 2588 ubique
1801 2559 1851 2588 per
1869 2551 2001 2588 gratiam,
2017 2551 2064 2580 sed
2085 2551 2133 2580 ubi

1283 2597 1436 2635 diligitur,
1461 2597 1508 2626 ubi
1541 2596 1707 2626 bonoratur
1727 2601 1755 2626 et
1776 2598 1823 2627 ubi
1845 2598 1998 2627 invitatur.
2021 2615 2059 2619 -
2080 2598 2134 2627 Ma—

441 2770 447 2783 ¹
461 2771 532 2793 Vers.
549 2772 570 2793 2.
588 2770 632 2794 Csr.
650 2776 720 2798 supra
738 2777 793 2799 pag.
812 2770 870 2798 541,
887 2773 939 2793 nota
958 2770 980 2793 3.
996 2782 1027 2787 ·—
1045 2770 1154 2798 Sequitur
1170 2770 1226 2792 Luc.

378 2812 403 2837 2,
423 2810 463 2837 16;
481 2809 536 2832 ibid.
554 2816 577 2832 v.
595 2809 632 2832 46.
650 2813 684 2832 est
701 2816 748 2839 seq.
767 2810 839 2832 locus.

439 2848 449 2862 ²
467 2850 532 2872 Vers.
552 2850 588 2872 is.
600 2862 631 2866 —
642 2849 746 2872 Subinde
762 2849 890 2877 allegantur
902 2850 973 2877 Apoe.
991 2850 1018 2876 2,
1040 2849 1058 2871 l.
1070 2851 1092 2871 et
1104 2849 1166 2871 loan.
1184 2848 1226 2876 20,
1238 2868 1242 2872 .

379 2890 415 2912 te.
434 2889 485 2918 (cfr.
502 2896 524 2911 v.
541 2890 597 2919 26.).
1015 2886 1025 2900 ³
1043 2889 1106 2910 Vers.
1126 2889 1146 2910 2.
1165 2890 1187 2910 et
1204 2888 1225 2910 3.

440 2927 450 2940 ⁴²
468 2928 532 2951 Vers.
551 2928 612 2950 5.-
625 2928 737 2956 Superius
754 2934 795 2956 pro
813 2929 834 2951 et
850 2927 958 2951 animam
976 2927 1078 2956 vivificat
1089 2926 1106 2950 C
1118 2926 1226 2950 animam

378 2967 507 2998 vivificans.

1345 2767 1354 2780 ⁵
1374 2769 1438 2791 vers,
1457 2768 1478 2791 5.
1491 2781 1517 2784 -
1528 2768 1578 2791 Duo
1593 2774 1658 2798 seqq.
1671 2769 1714 2791 loci
1726 2771 1779 2791 sunt
1790 2770 1839 2791 Act.
1852 2769 1879 2796 2,
1897 2768 1918 2791 4.
1930 2771 1952 2791 et
1964 2769 2044 2791 Ezech.
2062 2769 2083 2797 1,
2096 2769 2133 2791 20·

1345 2806 1355 2820 ‘¹
1373 2807 1438 2830 Vers.
1457 2808 1478 2830 2.
1496 2810 1519 2830 et
1535 2808 1556 2830 3.

1345 2845 1354 2859 ⁷
1372 2847 1437 2870 Vers.
1456 2847 1477 2869 5.
1499 2860 1528 2863 -
1548 2848 1681 2876 Sequuntur
1701 2848 1757 2870 Luc.
1778 2848 1817 2875 12,
1835 2847 1872 2870 49.
1896 2846 1949 2875 (pro
1972 2852 2019 2876 quo
2043 2845 2061 2868 A
2074 2846 2090 2868 Β
2107 2845 2132 2869 in

1282 2886 1442 2916 Ecanyetio);
1460 2887 1521 2909 ioan.
1542 2887 1581 2918 16ae
1603 2887 1643 2914 i3;
1661 2887 1737 2910 Matth.
1760 2887 1797 2914 10,
1815 2887 1853 2909 20.

1346 2924 1355 2937 ⁸
1374 2927 1438 2949 Vers.
1456 2926 1492 2948 26.
1510 2938 1542 2943 -
1559 2926 1669 2955 Sequitur
1688 2927 1721 2948 ΡΞ.
1739 2926 1780 2955 3-2,
1798 2926 1824 2954 6,
1842 2928 1894 2954 post
1911 2931 1981 2954 quem
2000 2931 2042 2953 pro
2059 2923 2133 2954 Spiri-

1282 2967 1321 2989 tus
1338 2965 1401 2989 enim
1417 2967 1515 2989 sanctus
1533 2966 1550 2988 B
1567 2965 1674 2996 Spiritus
1692 2965 1755 2989 enim
1771 2965 1856 2995 sactus.
