2296 3316
4 294 11 336 —.=-.
9 257 11 289 *7

744 144 914 173 COMMENT.
937 144 969 173 lN
990 144 1181 174 SAPIENTIAM
1203 146 1230 175 C.
1253 147 1283 175 V.

142 223 269 258 rationis;
283 223 495 252 Proverbiorum
508 223 614 252 decimo
626 226 719 252 sexto:
739 234 753 247 «
766 222 902 250 Divinatio
912 222 940 250 in
953 222 990 250 la—

141 270 192 299 biis
204 270 285 307 regis,
301 269 329 298 in
343 269 444 298 iudicio
465 278 519 298 non
534 270 639 298 errabit
652 277 683 298 os
698 277 782 298 suum
795 280 822 297 ».
839 284 876 289 —-
891 268 991 297 Sumet

140 320 257 345 scutum
278 315 503 353 inexpuynabile
523 316 716 354 aequitatem;
741 318 839 349 scuto,
855 314 929 352 quod
943 315 990 344 de-

141 363 226 392 fendit
247 363 376 397 loricam,
398 364 577 399 comparatur
608 362 748 399 aequitas,
770 362 836 399 quia
857 361 989 390 iustitiam

141 409 205 438 facit
225 409 514 446 irreprehensibilem;
537 409 620 438 Isaiae
648 409 832 438 undecimo¹:
859 420 872 434 «
887 409 990 446 Arguet

141 455 169 484 in
190 455 328 492 aequitate
342 463 393 492 pro
408 455 560 484 mansuetis
582 458 673 484 terrae
688 467 714 483 ».
732 470 769 476 —
785 456 877 483 Aeuet
890 458 989 483 autem

140 502 239 531 (liram
261 502 358 536 iram;
379 502 480 530 (lirant
500 502 566 531 dicit
586 502 620 531 ad
638 502 819 531 differentiam
835 502 893 530 irae
907 501 988 537 levis,

141 557 196 587 qua
223 549 304 577 modo
331 549 480 583 irascitur;
510 549 541 577 in
568 549 719 583 laneeam;
740 549 782 577 ira
801 548 849 577 Dei
879 549 989 577 lanceae

140 598 331 632 comparatur,
353 595 419 633 quia
439 596 554 633 attinget
574 596 656 624 etiam
675 603 868 633 quaecumque
883 598 989 624 remota

140 644 168 671 et
187 642 361 679 penetrabit:
384 642 532 671 Ezechielis
563 642 695 679 vigesimo
715 642 822 679 primo:
850 654 863 667 «
877 642 989 671 Gladius

140 692 277 718 exacutus
292 701 305 715 »
330 692 398 724 etc.;
420 689 487 718 item
510 689 596 718 Exodi
611 689 718 718 decimo
732 689 844 726 quinto:
865 701 879 714 «
894 689 988 718 Misisti

140 736 212 765 iram
231 740 323 771 tuam,
345 744 417 773 quae
437 736 580 765 devoravit
601 744 648 765 eos
669 736 742 765 sicut
762 736 893 773 stipulam
905 748 931 764 ».
955 737 989 765 Et

119 781 284 821 ‘puynabit
303 791 370 811 eum
392 783 440 811 illo
461 782 540 811 orbis
562 786 714 811 terrarum
736 786 839 812 contra
858 783 989 812 insensa-

0 1124 1 1134 l
31 1117 122 1139 Tertium,

0 1147 1 1151 ¹
13 1140 69 1165 quoad
80 1145 124 1164 qua-

13 1169 56 1184 tuor.

0 1405 2 1412 ι
14 1397 120 1417 itrodueitur

14 1421 56 1441 iimo
67 1420 122 1445 igniti.

140 833 182 859 tos
189 841 200 864 ,·
220 829 371 867 Gregorius
383 830 409 858 ²:
435 841 449 855 «
462 829 572 859 Offenso
594 830 740 869 Creatore,
755 830 845 859 omnis
859 833 990 859 creatura

139 877 288 906 offenditur
300 887 326 912 »ς
338 877 448 906 Glossa:
465 889 478 903 «
493 877 607 906 Creator
618 885 668 914 per
684 880 842 906 creaturam
857 877 907 906 sibi
923 877 989 906 sub-

139 923 236 953 iectam
259 923 374 961 corripit
395 924 588 961 delinquentes
602 936 629 952 ».
652 924 789 952 Horribile
810 924 913 952 bellum
936 924 990 952 erit

141 970 223 1005 illud,
245 970 279 999 de
306 979 362 1008 quo
391 971 437 1000 lob
465 971 692 1008 quadragesimo:
719 982 732 995 «
748 971 883 999 Memento
907 970 988 1004 belli,

140 1024 190 1046 nec
211 1017 286 1046 ultra
306 1017 390 1046 addas
411 1018 529 1055 loqui».

219 1064 306 1093 Ibunt
327 1065 432 1093 directe
453 1068 504 1094 etc.
520 1065 567 1093 Hic
591 1064 723 1093 describit
748 1064 852 1093 bellum
873 1064 989 1093 novissi-

142 1120 217 1141 mum
240 1111 392 1140 secundum
407 1111 531 1141 diversas
545 1111 617 1140 acies
632 1115 835 1140 creaturarum.
852 1111 884 1139 Et
898 1111 989 1148 primo

139 1158 290 1187 introducit
304 1158 399 1196 ignem
414 1159 514 1195 impios
528 1158 709 1187 debellantem
724 1162 751 1187 et
766 1161 987 1195 expugnantem

139 1205 272 1240 secundo,
294 1208 407 1234 aei-em:
431 1207 466 1234 Et
487 1214 506 1234 a
524 1209 661 1243 petraea,-
686 1205 780 1240 tertio,
805 1214 932 1243 aquam.-
956 1206 989 1234 Et

139 1253 289 1282 candescet
299 1252 325 1286 ³;
347 1255 463 1290 quarto,
485 1257 602 1281 vuentum
623 1260 673 1281 seu
695 1252 836 1281 turbinem
856 1253 890 1281 de
914 1256 989 1282 terra

138 1299 348 1336 procedentem:
373 1300 482 1328 Contra
503 1299 566 1327 illos
586 1299 676 1327 stabit
694 1299 820 1336 spiritus
840 1300 967 1328 virtutis.

217 1346 306 1383 (Vers.
329 1346 396 1377 22).
420 1346 506 1375 Ibunt
537 1354 619 1383 ergo,
647 1346 752 1375 scilicet
783 1349 880 1375 contra
911 1347 987 1381 illos,

138 1392 243 1421 directe
263 1392 430 1421 emissiones
450 1392 626 1430 fulgurum,⁸
647 1392 780 1422 Glossa4:
807 1405 820 1418 «
835 1393 886 1422 Pro
908 1396 987 1428 voto,

138 1439 166 1469 id
193 1443 235 1469 est
261 1448 313 1477 pro
340 1441 481 1469 voluntate
512 1440 637 1469 ductoris
651 1451 678 1475 »3
707 1440 887 1470 Ecclesiastici
919 1449 988 1478 qua-

137 1486 292 1524 dragesimo
313 1487 410 1516 tertio:
437 1487 603 1516 «Accelerat
631 1488 836 1517 coruscationes
861 1488 988 1517 emittere

139 1533 232 1562 iudicii
243 1534 285 1563 sui
294 1545 321 1569 »;
334 1534 399 1563 item
415 1534 443 1563 in
458 1534 575 1563 Psalmo:
595 1534 739 1572 «Fulgura
753 1535 987 1569 coruscationem,

139 1583 166 1609 et
186 1581 331 1618 dissipabis
351 1589 398 1611 eos
409 1593 435 1610 ».
453 1582 487 1610 Et
502 1585 644 1620 tanquam
660 1590 677 1610 a
694 1581 760 1610 bene
774 1584 897 1610 curvato
912 1590 988 1610 areu

138 1628 276 1662 nubium,
298 1628 324 1657 id
346 1630 388 1657 est
408 1631 540 1665 tanquam
564 1628 641 1657 iridis
656 1628 743 1657 lineae
757 1628 916 1664 depressae,
932 1628 988 1657 sole

140 1675 368 1713 superveniente,
390 1674 668 1703 exterminabuntm·
688 1674 778 1711 impii;
800 1674 878 1711 quasi
900 1674 986 1703 dicat:

139 1721 211 1750 sicut
232 1721 285 1750 cito
307 1725 333 1750 el
354 1721 470 1750 faciliter
492 1721 653 1749 dissolvitur
674 1728 757 1749 arcus
788 1720 928 1754 caelestis,
950 1720 988 1749 sic

139 1768 216 1805 impii
238 1768 292 1796 cito
313 1771 340 1796 el
360 1768 476 1797 faciliter
498 1767 778 1801 exterminabuntur,
800 1767 826 1795 id
842 1770 891 1802 est,
907 1771 989 1796 extra

139 1815 272 1846 terminos
293 1814 364 1843 vitae
386 1815 540 1852 praesentis
561 1817 588 1843 et
609 1818 737 1843 aeternae
765 1818 917 1851 ponentur;
940 1814 988 1843 Ba-

139 1862 210 1891 ruch
232 1862 351 1891 terlio⁵:
380 1874 393 1887 «
408 1862 590 1890 Exterminati
613 1865 678 1890 sunt
705 1864 733 1890 et
760 1861 794 1890 ad
818 1861 921 1890 inferos
942 1862 988 1890 de-

139 1908 306 1937 scenderunt
317 1919 347 1943 »3
363 1908 390 1937 in
406 1909 526 1937 Psalmo:
545 1909 665 1937 «Arcum
681 1916 764 1937 suum
780 1908 919 1937 tetendit»
936 1912 987 1938 etc.

140 1956 175 1984 Et
195 1955 236 1983 acl
256 1958 366 1984 certum
388 1955 483 1984 locuni
505 1955 648 1990 insilient,
664 1956 768 1984 scilicet
781 1955 815 1984 ad
830 1956 917 1985 malos
932 1958 989 1984 tan-

140 2005 215 2036 tum,
237 2002 274 2031 ita
295 2002 370 2039 quod
397 2003 484 2031 bonos
511 2011 565 2031 non
596 2006 720 2040 tangent3
750 2011 836 2040 supra
867 2003 987 2032 tertio⁶z

145 2050 230 2078 «Non
252 2052 345 2087 tanget
375 2058 422 2079 eos
452 2053 623 2079 tormentum
644 2051 742 2079 mortis
756 2062 782 2079 ».
806 2051 854 2079 Act
878 2054 989 2079 certum

1842 152 1895 182 143

1047 222 1157 257 laeuum
1177 224 1287 253 Glossa:
1314 237 1327 250 «
1342 226 1525 264 Quocumque
1546 236 1656 257 necesse
1677 229 1727 263 sit;
1743 238 1797 258 non
1819 230 1891 258 enim

1046 272 1136 306 potest
1156 278 1216 300 esse
1237 272 1383 301 confusum
1411 274 1486 310 quod
1506 274 1598 303 divina
1623 276 1756 312 sapientia
1780 280 1822 305 est
1849 285 1895 306 or—

1045 315 1171 345 dinatum
1185 328 1212 351 »;
1244 318 1316 347 unde
1347 319 1432 348 Exodi
1462 329 1549 349 nono:
1583 322 1639 350 ‹11n
1668 324 1788 360 Aegypto
1820 327 1895 353 terra

1045 362 1147 392 Gessen
1169 364 1237 393 nihil
1269 359 1333 394 mali
1362 366 1518 402 patiebatur
1545 376 1561 396 a
1592 369 1678 406 plagis
1703 371 1823 407 Aegypto
1854 371 1895 400 in-

1048 409 1129 438 ssictis
1143 422 1170 438 υ.

1125 457 1214 493 (Vers.
1237 458 1304 491 ⁹23.)
1328 460 1363 487 Et
1384 468 1403 488 a
1427 464 1546 497 petrosa
1567 462 1634 496 ira;
1651 467 1771 500 petrosa
1792 465 1893 494 dicitur

1045 502 1087 531 ira
1108 503 1154 531 illa
1174 508 1288 541 propter
1309 505 1450 541 effectum,
1466 507 1531 544 quia
1546 509 1631 544 petris
1652 517 1681 538 se
1701 511 1894 546 manifestabit,

1045 549 1089 578 vel
1109 550 1175 587 quia
1196 550 1377 589 infrangibilis
1403 556 1430 581 et
1460 554 1531 583 dura
1559 555 1630 584 sicut
1651 559 1743 593 petra,
1765 558 1808 586 vel
1829 559 1895 595 quia

1045 596 1181 625 inferetur
1202 606 1218 626 a
1238 598 1364 633 Christo,
1386 600 1433 637 qui
1452 605 1539 637 petra
1559 602 1661 631 dicitur
1676 604 1782 640 primae
1797 605 1830 633 ad
1845 605 1895 634 Co-

1045 638 1164 672 rinthios
1193 644 1299 674 decimo
1315 646 1345 674 ⁷:
1379 658 1392 672 «
1408 647 1486 676 Petra
1518 651 1611 677 autem
1637 653 1696 679 erat
1724 651 1893 680 Christus».

1048 690 1154 719 Plenae
1173 692 1325 720 mittentur
1344 694 1523 730 prandimus,
1546 695 1572 723 id
1594 699 1636 724 est
1656 705 1767 733 grossae
1788 701 1815 727 et
1836 707 1894 727 ma-

1045 745 1128 774 gnae;
1150 738 1209 767 vel:
1228 738 1323 776 plene,
1349 740 1376 768 id
1404 743 1445 769 est
1477 741 1599 777 plenarie
1627 743 1684 772 sive
1704 744 1893 780 abundanter;

1047 784 1182 813 Psalmus:
1210 796 1223 810 «
1239 786 1325 822 Ignis,
1340 787 1460 823 grando,
1476 788 1525 816 nix
1535 811 1542 823 ,
1557 789 1657 826 glacies
1668 803 1681 816 »
1700 795 1769 826 etc.;
1785 792 1830 821 Iob
1845 793 1894 821 tri-

1045 830 1150 867 gesimo
1171 835 1280 861 octavo:
1301 844 1314 858 «
1329 833 1459 871 Nunquid
1480 835 1622 872 ingressus
1642 845 1671 865 es
1693 838 1839 868 thesauros
1853 840 1893 868 ni-

1046 877 1087 906 vis
1099 880 1129 906 »2²
1141 878 1316 916 Apocalypsis
1330 879 1436 909 decimo
1450 884 1545 910 sexto:
1566 894 1578 907 «
1589 883 1699 912 Grando
1713 893 1812 922 magna
1823 886 1895 915 sicut

1046 924 1180 953 talentum
1207 925 1348 955 descendit
1372 927 1406 956 de
1427 929 1502 957 caelo
1523 929 1551 957 in
1583 930 1707 960 homines
1721 943 1747 960 ».
1774 932 1893 962 Graeci⁸

1045 974 1139 1000 autem
1154 972 1193 1001 sle
1208 972 1326 1001 habent:
1350 975 1384 1002 Et
1406 978 1553 1013 tanquam
1568 985 1587 1004 a
1602 976 1668 1006 bene
1682 982 1804 1007 curvato
1819 987 1894 1008 arcu

1045 1018 1171 1047 nubium
1186 1019 1226 1047 acl
1240 1023 1351 1048 eertum
1366 1020 1460 1049 locum
1475 1022 1612 1057 insilient,
1624 1027 1650 1052 et
1660 1033 1679 1052 a
1687 1029 1774 1062 petra
1785 1025 1894 1055 iacente

1046 1065 1095 1093 ira
1110 1065 1222 1102 plenae.
1239 1066 1308 1096 Haec
1323 1067 1414 1096 littera
1435 1069 1542 1105 planior
1563 1073 1604 1099 est
1625 1074 1652 1100 et
1667 1072 1777 1101 videtur
1792 1073 1893 1108 verior,

1046 1119 1110 1140 cum
1126 1112 1154 1140 in
1169 1112 1273 1141 Graeco
1288 1113 1414 1147 videatur
1428 1116 1593 1152 compilatus
1607 1117 1692 1147 fuisse
1704 1118 1773 1148 liber
1787 1120 1846 1148 iste.
1861 1121 1894 1148 Et

1046 1159 1204 1193 candescet,
1221 1160 1245 1188 id
1261 1164 1302 1189 est
1317 1160 1442 1196 fervebit,
1464 1162 1496 1191 in
1517 1163 1594 1198 illos,
1610 1164 1637 1193 id
1651 1168 1693 1194 est
1707 1169 1803 1195 contra
1817 1167 1893 1201 illos,

1046 1214 1127 1244 aqua
1141 1207 1254 1240 πιανῶ,-
1270 1208 1317 1236 fiet
1331 1208 1404 1237 enim
1419 1209 1568 1245 fervidum,
1584 1211 1727 1240 turbidum
1741 1216 1768 1241 et
1783 1221 1894 1250 spumo-

1045 1260 1122 1287 sum;
1147 1254 1234 1282 Lucae
1256 1248 1387 1291 vigesimo
1409 1256 1536 1292 primoss’:
1564 1268 1577 1282 «
1593 1258 1620 1286 In
1649 1259 1732 1287 terris
1762 1267 1894 1296 pressura

1045 1300 1168 1337 gentium
1185 1308 1251 1337 prae
1263 1301 1423 1331 confusione
1435 1304 1541 1332 sonitus
1558 1305 1643 1333 maris
1661 1309 1688 1334 et
1713 1306 1850 1335 fluctuum
1866 1318 1893 1335 »,

1046 1346 1103 1375 Erit
1118 1347 1191 1375 enim
1205 1356 1294 1376 unum
1306 1348 1339 1377 de
1354 1349 1510 1386 quindecim
1526 1351 1620 1388 signis,
1633 1353 1784 1382 secundum
1800 1354 1895 1382 Hiero—

1045 1402 1172 1430 nymum,
1189 1395 1263 1432 quod
1277 1404 1354 1424 mare
1375 1404 1403 1425 se
1425 1397 1512 1434 eriget
1526 1406 1611 1435 super
1625 1399 1798 1429 altitudinem
1816 1408 1894 1429 mon-

1046 1441 1123 1469 tium.
1147 1442 1181 1469 Et
1200 1441 1344 1478 flwnina,
1367 1443 1394 1471 id
1409 1446 1450 1472 est
1465 1452 1603 1481 aquarum
1617 1446 1756 1481 dulcium,
1772 1456 1895 1476 concur-

1045 1492 1109 1515 rent
1129 1488 1260 1523 duriter,
1283 1489 1310 1517 id
1324 1492 1365 1518 est
1380 1490 1503 1525 fortiter;
1526 1491 1612 1520 Exodi
1627 1492 1733 1522 decimo
1752 1494 1849 1530 quinto
1858 1494 1893 1521 ¹⁰:

1050 1535 1220 1571 «,Subniersi
1243 1538 1309 1564 sunt
1329 1537 1408 1573 quasi
1430 1537 1575 1573 plumbum
1598 1539 1625 1567 in
1646 1540 1726 1576 aquis
1748 1541 1895 1570 vehemen-

1045 1581 1120 1610 tibus
1134 1593 1161 1609 ».
1184 1582 1244 1610 Vel:
1269 1583 1356 1620 Aqua
1376 1584 1488 1618 maris,
1510 1584 1536 1613 id
1558 1588 1599 1618 est
1624 1586 1780 1616 amaritudo
1811 1587 1895 1616 infer-

1045 1628 1130 1662 nalis,
1152 1629 1302 1658 candescet
1316 1630 1347 1658 in
1362 1630 1435 1665 illos,
1457 1631 1485 1660 id
1499 1634 1552 1666 est,
1568 1633 1695 1662 stridebit
1713 1636 1740 1662 et
1761 1634 1895 1664 fervescet

1045 1675 1117 1704 sicut
1138 1684 1211 1712 aqua
1232 1684 1282 1713 per
1303 1677 1479 1706 iniectionem
1500 1678 1565 1707 ferri
1581 1680 1676 1714 calidi;
1692 1680 1774 1710 Isaiae
1789 1681 1894 1714 decimo

1045 1725 1160 1758 quarto:
1189 1734 1201 1747 «
1216 1723 1343 1752 Infernus
1362 1724 1461 1753 subter
1482 1726 1665 1755 conturbatus
1685 1730 1727 1756 est
1741 1739 1767 1755 ι).
1792 1729 1826 1756 Et
1838 1728 1894 1765 flu-

1045 1769 1138 1803 mina,
1155 1769 1259 1798 scilicet
1272 1771 1480 1807 angustiarum,
1497 1777 1672 1802 concurrent
1685 1774 1813 1809 duriter,
1829 1775 1894 1812 quia

1045 1816 1082 1844 ibi
1105 1816 1159 1845 erit
1180 1816 1262 1845 dolor
1276 1816 1310 1845 de
1324 1817 1404 1846 bonis
1418 1818 1537 1853 amissis,
1553 1820 1656 1856 pudor
1674 1820 1708 1849 de
1726 1821 1805 1850 malis
1819 1829 1894 1850 com-

1046 1862 1152 1896 missis,
1175 1863 1262 1891 tinwr
1282 1863 1316 1892 de
1337 1865 1529 1900 praesentibus
1551 1866 1736 1903 suppliciisss.

1125 1910 1213 1943 (Vers.
1236 1910 1303 1947 24).
1328 1911 1437 1940 Contra
1458 1912 1521 1940 illos
1541 1912 1631 1941 stabit
1653 1914 1779 1950 spiritus
1800 1915 1894 1944 virtu-

1046 1957 1096 1990 tis,
1118 1957 1144 1985 id
1159 1960 1201 1985 est
1214 1957 1293 1986 sortis
1308 1961 1420 1993 ventus,
1437 1960 1589 1988 secundum
1605 1953 1676 1989 illud
1688 1961 1773 1990 Exodi
1788 1962 1893 1991 decimo

1046 2004 1143 2040 quinto
1156 2004 1193 2032 ¹2:
1221 2016 1234 2029 «
1248 2004 1334 2033 Flavit
1355 2005 1470 2042 spiritus
1492 2009 1558 2035 tuus
1572 2019 1585 2032 »
1604 2010 1666 2042 etc„
1688 2009 1840 2044 procedens
1860 2010 1894 2039 de

1046 2051 1172 2080 cavernis
1193 2054 1301 2086 terrae,
1324 2052 1476 2081 secundum
1498 2053 1566 2082 illud
1588 2054 1701 2083 Psalmi:
1728 2067 1742 2081 «
1756 2056 1809 2092 Qui
1830 2065 1894 2094 pro-

203 2218 212 2232 ¹
230 2220 296 2243 Vers.
314 2220 336 2243 4.
352 2233 383 2236 —
399 2220 503 2243 Subinde
528 2221 655 2249 allegantur
680 2222 760 2245 Ezech.
780 2223 818 2249 21,
835 2223 857 2245 9.
875 2224 896 2244 et
919 2222 989 2245 Exod.

142 2260 184 2289 15,
201 2260 224 2282 7.

203 2297 212 2311 ²
229 2298 387 2322 Cominuniter
413 2300 524 2327 allegatur
546 2301 569 2323 ll.
587 2301 670 2323 Homil.
696 2301 719 2323 in
744 2302 832 2329 Evang.
854 2301 934 2323 homil.
951 2301 989 2324 35.

141 2343 164 2359 n.
176 2337 184 2359 1
196 2344 200 2358 :
213 2337 255 2365 Qui
274 2337 295 2359 in
313 2337 402 2360 cunctis
418 2338 571 2367 deliquimus,
588 2339 611 2361 in
629 2339 716 2362 cunctis
733 2339 835 2368 ferimur,
853 2342 878 2362 ut
894 2339 990 2368 implea-

140 2377 178 2398 tur
202 2375 266 2404 quod
291 2375 374 2399 dicitur
392 2375 461 2405 [Sap.
486 2377 511 2405 5,
535 2377 595 2406 21.]:
613 2377 642 2400 Et
660 2377 779 2407 puynabz'l
800 2384 847 2407 pro
872 2384 898 2401 eo
925 2377 989 2401 orbis

141 2415 264 2437 terrarum
280 2417 322 2437 etc.
340 2414 385 2437 Csr.
403 2415 440 2437 Vl.
457 2416 534 2438 Moral.
551 2422 571 2438 c.
589 2417 625 2438 12.
644 2423 666 2439 n.
684 2416 720 2439 14.
737 2416 814 2445 Cyrill.
839 2417 908 2445 Alex.,
925 2418 950 2440 ll.
967 2418 988 2439 in

141 2453 191 2475 lsai.
209 2453 250 2481 13,
268 2453 310 2475 13;
327 2454 359 2476 Ac
376 2460 468 2482 semper
486 2454 542 2477 irato
560 2455 618 2482 Deo,
636 2455 703 2478 simul
726 2456 795 2478 etlam
813 2456 842 2478 ad
859 2456 916 2478 iram
940 2462 989 2478 exa-

141 2492 217 2515 cuitur
240 2498 305 2515 serva
330 2496 442 2516 creatura.
465 2494 569 2522 I·Iieron.,
592 2495 623 2517 III.
646 2494 776 2518 Comment.
798 2496 821 2518 in
842 2497 882 2518 Icr.
902 2496 942 2523 15,
960 2496 988 2518 3:

141 2531 220 2560 Neque
236 2532 297 2554 enim
314 2532 363 2555 Iieri
381 2535 483 2562 poterat,
500 2537 536 2561 ut,
554 2533 662 2557 Creatore
683 2535 801 2563 neglecto,
817 2542 864 2558 non
881 2536 988 2558 universa

142 2573 246 2593 creatura
263 2575 414 2600 consurgeret
431 2572 453 2595 in
471 2576 611 2601 peccatores.
629 2586 660 2590 —
677 2574 768 2602 Glossa,
790 2581 850 2604 quae
873 2575 989 2604 sequitur,

142 2612 176 2632 est
192 2609 318 2633 ordinaria
336 2617 363 2634 ex
379 2611 483 2634 Rabano.
500 2612 557 2635 Dein
574 2613 685 2641 allegatur
701 2613 740 2636 Iob
758 2613 800 2643 40,
818 2614 855 2637 27.

204 2646 214 2660 ⁸
231 2649 260 2671 Ita
278 2648 401 2679 Rabanus,
425 2650 488 2673 card.
505 2651 572 2679 Hugo
590 2657 603 2673 a
621 2652 644 2674 S.
661 2651 735 2675 Charo
757 2655 779 2675 et
800 2653 919 2681 Lyranus;
938 2653 991 2676 Vul-

142 2691 195 2716 gata
212 2691 289 2711 autem
307 2688 479 2718 Eoecandescet,
497 2696 559 2719 quae
575 2691 644 2713 etiam
662 2692 731 2719 paulo
748 2692 844 2714 inferius
861 2699 903 2720 pro
920 2692 991 2716 stabit

142 2726 233 2750 exhibet
249 2726 323 2756 flabit.
340 2728 451 2756 Superius
468 2731 520 2757 post
537 2728 689 2753 debellantem
706 2737 733 2753 ex
750 2731 768 2753 A
785 2730 947 2754 subiunximus
969 2733 992 2755 et

143 2767 329 2795 ewpuynantem.

205 2803 215 2816 ⁴
231 2804 319 2833 Nempe
336 2804 494 2830 interlinearis
515 2807 644 2830 secundum
662 2808 795 2831 Rabanum:
812 2810 855 2832 Pro
877 2812 931 2832 voto
953 2816 991 2832 au-

141 2844 212 2867 ctoris
228 2845 264 2867 vel
281 2844 391 2868 ductoris.
407 2858 439 2863 —
455 2847 587 2875 Sequuntur
603 2848 671 2870 Eccli.
689 2848 731 2875 43,
749 2848 785 2871 14.
803 2851 826 2871 et
842 2849 878 2871 Ps.
896 2849 952 2877 143,
969 2850 991 2872 6.

205 2881 215 2894 ⁵
232 2883 298 2906 Vers.
316 2884 353 2906 19.
370 2897 400 2900 ——
417 2885 526 2913 Sequitur
547 2886 582 2908 Ps.
599 2886 622 2915 7,
640 2887 677 2909 13.
694 2899 725 2903 -
742 2887 853 2915 Superius
869 2888 895 2915 A,
913 2887 991 2910 verbis

143 2922 300 2950 transpositiS,
312 2922 379 2950 legit:
390 2923 422 2946 Et
437 2925 554 2953 tanquam
570 2924 686 2954 habenae,
707 2926 730 2949 id
749 2928 784 2948 est
800 2929 908 2955 tanquam
927 2927 991 2949 iridis

143 2960 228 2988 lineae,
245 2961 446 2990 exterminantur,
464 2963 561 2991 supple:
585 2966 683 2988 curvato
708 2970 769 2988 arcu
785 2964 898 2992 nubium,
918 2965 940 2988 id
957 2968 992 2988 est

1047 2222 1158 2250 depresso
1176 2223 1224 2244 sole
1240 2222 1427 2250 superveniente.
1444 2223 1678 2247 &terminabuntur
1696 2224 1761 2253 impii
1771 2227 1815 2247 etc.
1827 2224 1896 2248 Card.

1046 2262 1128 2289 Hugo:
1146 2262 1245 2290 Quidam
1263 2262 1342 2284 dicunt
1359 2262 1463 2285 habenae
1480 2265 1502 2285 et
1519 2266 1635 2291 exponunt
1657 2270 1699 2291 pro
1722 2264 1800 2287 dativo
1817 2264 1896 2292 singu-

1047 2300 1100 2329 lari,
1117 2301 1153 2323 vel
1171 2301 1314 2324 nominativo
1337 2301 1426 2329 plurali.
1443 2301 1484 2323 Alii
1507 2301 1599 2329 dicunt,
1616 2302 1680 2331 quod
1697 2309 1743 2325 non
1760 2302 1830 2326 debet
1845 2309 1896 2326 esse

1047 2339 1162 2367 habenae,
1189 2340 1231 2362 sed
1252 2339 1357 2368 habena,
1380 2340 1474 2363 ablativi
1497 2347 1577 2368 casus;
1600 2341 1642 2364 sed
1663 2342 1731 2371 quasi
1747 2348 1828 2365 omnes
1845 2342 1895 2365 libri

1047 2378 1133 2401 habent
1150 2378 1254 2402 habenae
1270 2380 1361 2401 numeri
1378 2380 1481 2407 pluralis.
1504 2380 1530 2402 Et
1546 2375 1630 2408 legitur
1647 2380 1692 2403 sic:
1708 2380 1779 2404 Ibunt
1794 2381 1896 2405 emissio-

1046 2423 1087 2440 nes
1103 2417 1231 2447 sulam-um
1249 2417 1334 2441 directe
1351 2419 1373 2441 et
1390 2419 1505 2448 tanquam
1523 2418 1639 2447 habenae,
1657 2419 1680 2442 id
1697 2422 1744 2447 est,
1761 2426 1788 2442 ac
1799 2421 1817 2443 si
1829 2427 1896 2449 rege-

1046 2458 1128 2478 rentur
1145 2455 1253 2484 habenis,
1271 2459 1293 2478 et
1309 2459 1343 2479 est
1360 2456 1391 2479 ibi
1410 2460 1518 2485 punctus.

1109 2493 1119 2507 ⁶
1138 2496 1202 2518 Vers.
1221 2496 1242 2517 1.
1258 2508 1290 2512 -
1307 2497 1439 2525 Sequuntur
1456 2497 1535 2519 Glossa
1555 2495 1681 2520 ordinaria
1699 2497 1837 2527 (secundum
1854 2499 1896 2521 Ra-

1046 2533 1143 2563 banum)
1162 2536 1184 2556 et
1200 2534 1271 2556 Exod.
1288 2535 1313 2563 9,
1331 2535 1376 2557 26:
1395 2535 1493 2557 Tantum
1520 2535 1544 2557 in
1568 2538 1628 2558 terra
1653 2536 1750 2565 Gessen,
1769 2536 1809 2559 ubi
1831 2540 1897 2560 erant

1047 2573 1085 2595 filii
1103 2574 1184 2601 Israel,
1202 2574 1291 2601 grando
1308 2580 1354 2596 non
1370 2574 1460 2597 cecidit.

1111 2611 1119 2625 ⁷
1137 2614 1204 2637 Vers.
1222 2614 1243 2636 4.
1260 2626 1291 2630 —
1308 2614 1366 2636 Tres
1383 2620 1449 2643 seqq.
1477 2614 1520 2636 Ioci
1545 2617 1598 2636 sunt
1623 2615 1659 2637 ΡΞ.
1677 2614 1735 2642 148,
1752 2615 1778 2642 8;
1796 2615 1836 2638 101)
1853 2616 1895 2642 38,

1048 2654 1085 2676 2²2.
1102 2655 1125 2675 et
1142 2653 1213 2681 Apoc.
1232 2653 1273 2680 16,
1292 2653 1328 2675 21.

1111 2690 1120 2703 Β
1139 2692 1272 2714 Secundum
1298 2692 1468 2714 translationem
1494 2692 1639 2720 septuaginta
1665 2692 1840 2721 interpretum„
1855 2693 1895 2722 qui

1048 2733 1123 2753 tamen
1142 2737 1184 2758 pro
1201 2730 1233 2753 ad
1249 2732 1342 2754 certum
1359 2730 1437 2754 locum
1455 2730 1595 2754 substituunt
1611 2730 1643 2754 ad
1658 2736 1765 2760 scopum.

1110 2768 1120 2782 ⁹
1138 2770 1204 2793 Vers.
1222 2770 1258 2792 25.
1277 2783 1307 2786 —
1324 2770 1357 2792 De
1373 2770 1484 2793 sententia
1502 2771 1635 2798 Hieronymi
1647 2772 1687 2793 cfr.
1700 2771 1737 2793 IV.
1749 2771 1809 2793 Sent.
1822 2771 1846 2793 d.
1858 2771 1894 2793 48.

1048 2809 1105 2832 dub.
1123 2810 1149 2836 3,
1168 2809 1207 2831 ubi
1226 2809 1254 2831 l5
1272 2810 1338 2837 signa
1354 2812 1511 2832 recensentur.

1113 2847 1131 2862 ¹⁰
1149 2849 1214 2871 Vers.
1234 2849 1270 2871 10.
1287 2861 1318 2865 -
1335 2850 1389 2877 Seq.
1406 2849 1471 2872 Iocus
1488 2852 1522 2871 est
1538 2849 1588 2872 lsai.
1606 2849 1647 2877 14,
1665 2850 1685 2871 9.

1112 2887 1130 2902 ¹¹
1147 2888 1192 2911 Csr.
1209 2894 1280 2916 supra
1298 2894 1352 2916 pag.
1370 2889 1427 2917 126,
1445 2891 1499 2911 nota
1518 2889 1539 2911 1.
1557 2889 1578 2910 in
1596 2888 1648 2910 fine.

1112 2925 1131 2938 ¹²
1150 2927 1214 2949 Vers.
1236 2927 1271 2949 ¹0.
1282 2939 1313 2943 —
1325 2928 1459 2956 Sequuntur
1476 2928 1511 2949 Ps.
1530 2927 1587 2956 134,
1600 2927 1623 2949 7.
1634 2929 1656 2949 et
1669 2927 1710 2956 47,
1723 2928 1749 2955 8,
1762 2927 1801 2949 Iob
1814 2927 1839 2955 1,
1858 2927 1894 2948 19.

1048 2968 1070 2988 et
1088 2966 1122 2988 Ps.
1142 2965 1199 2991 148,
1218 2966 1239 2987 8.

1911 469 2006 496 Secundo,

1935 498 1974 511 aer.

1911 936 1975 956 Lectio
1982 937 2031 956 Grae

1935 965 2006 979 coi-nm.

1905 1122 1974 1145 Tertio,
1983 1128 2030 1146 aqua

1904 1589 2032 1613 Spiritualiter

1910 1917 1986 1941 Quarto,
1996 1922 2038 1936 veu-

1952 1942 1988 1959 tus.
