2296 3316
246 531 275 549 Ad
288 531 361 555 opposi-

282 557 326 573 tum.

230 1280 364 1299 Fundamenta.

299 2078 355 2102 Resp.

240 2125 315 2149 Triplex
327 2130 358 2144 ca-

276 2154 315 2167 sus.

275 2172 355 2191 Primus.

252 2406 356 2425 Secundus.

381 170 417 198 84

728 246 874 282 Quansrio.

459 340 617 376 Quaeritur,
640 343 735 368 utrum
758 339 864 367 occulte
886 338 977 367 dicere
999 338 1102 366 malum
1123 338 1157 367 de
1178 338 1226 366 ali-

380 394 435 424 quo
457 386 491 414 sit
512 385 646 414 detractio
666 388 693 413 et
715 388 870 421 peccatum,
893 384 940 413 ubi
963 388 1069 413 constat
1093 392 1152 413 esse
1182 393 1227 413 ve-

382 441 443 462 rum
466 433 574 461 dicenti.
597 432 675 468 Quod
697 440 771 465 uon,
794 431 920 460 videtur:

462 481 483 508 l.
504 479 586 515 Quia,
601 479 673 507 sicut
694 478 783 506 bonus
798 482 839 507 est
859 478 959 518 diguus
974 478 1067 512 laude,
1083 478 1120 506 ita
1138 478 1227 507 malus

380 530 421 555 est
441 526 541 563 dignus
562 525 714 562 vituperio:
738 533 804 561 ergo
829 525 900 553 sicut
922 525 1026 553 iustum
1047 528 1089 553 est
1114 524 1227 553 laudare

380 574 497 607 bonum,
520 573 557 601 ila
578 572 682 601 iustum
696 575 738 600 est
759 571 917 608 vituperare
933 572 1053 600 malum:
1075 579 1141 608 ergo
1155 571 1227 600 sicut

380 628 433 649 non
456 622 549 657 peccat
570 619 617 656 qui
640 618 733 647 laudat
749 618 872 652 bonum,
894 618 932 646 ita
946 626 996 646 nec
1018 618 1065 655 qui
1087 618 1152 646 dicit
1169 626 1226 646 ina-

381 668 438 696 lum
460 667 493 695 de
514 666 594 695 malo.

458 716 483 742 z).
510 714 586 747 item,
602 713 673 742 sicut
688 712 916 749 congaudendum
939 715 980 740 est
994 712 1079 745 bono,
1101 711 1139 739 ita
1153 718 1227 739 coni-

379 761 537 798 patiendum
552 763 593 789 est
607 760 693 788 malo:
712 767 778 796 ergo
799 759 871 788 sicut
885 761 974 795 potest
995 757 1095 794 aliquis
1110 757 1227 786 recitare

378 808 458 836 alicui
482 807 584 835 bouum
606 806 721 835 alterius
742 805 939 843 congaudendo
960 805 1019 833 sine
1040 807 1165 841 peccato,
1190 804 1227 832 ita

380 854 481 883 malum
508 853 712 891 compatiendo:
738 861 804 890 ergo
829 852 876 889 qui
907 852 973 880 dicit
997 851 1102 879 malum
1130 850 1163 879 de
1191 851 1227 879 al-

380 905 437 929 tero
458 900 581 934 occulte,
603 899 625 929 si
647 899 829 936 compatitur,
851 907 905 927 non
926 900 1028 935 peccat.

457 947 482 976 3.
516 948 672 980 Praeterea,
704 946 838 975 Dominus
868 945 934 974 dicit
961 944 1088 973 Matthaei
1120 944 1227 973 decimo

377 997 474 1023 octavo
490 995 508 1028 ¹,
530 994 603 1031 quod
632 993 742 1030 quando
764 995 858 1030 peccat
886 992 1049 1029 proximus,
1071 995 1112 1020 est
1139 991 1226 1020 corri-

377 1041 483 1078 gendus
503 1048 595 1069 coram
617 1048 673 1068 uno
695 1040 737 1068 vel
759 1047 852 1068 coram
873 1039 998 1072 duobus;
1027 1038 1102 1076 quod
1127 1038 1149 1067 si
1171 1047 1225 1067 non

377 1088 468 1121 audit,
489 1087 636 1116 dicendum
662 1089 703 1115 est
725 1086 878 1115 Ecclesiae:
905 1094 971 1122 ergo
1000 1086 1096 1114 saltem
1124 1085 1157 1114 de
1186 1085 1226 1114 in-

377 1135 526 1172 corrigibili
555 1134 665 1163 videtur
690 1133 763 1171 quod
787 1134 868 1161 bomo
892 1133 978 1170 possit
1003 1133 1107 1162 malum
1134 1132 1226 1162 dicere

377 1182 497 1211 cuilibet.

455 1229 581 1257 CONTRA:
612 1229 633 1256 l.
658 1227 741 1264 Quod
756 1227 808 1256 tibi
828 1236 886 1255 non
901 1226 1045 1263 vis'fieri,
1061 1227 1116 1255 alii
1136 1236 1171 1256 ne
1184 1226 1225 1264 fe-

377 1276 489 1304 ceris2:
511 1283 578 1312 ergo
599 1274 673 1312 quod
695 1282 749 1302 non
771 1274 813 1303 vis
826 1274 860 1302 de
882 1276 908 1302 te
929 1274 995 1307 dici,
1011 1282 1065 1302 non
1087 1274 1171 1303 debes
1185 1274 1225 1303 di-

376 1330 439 1351 cere
459 1322 492 1351 de
514 1322 583 1356 alio,
606 1321 652 1350 sed
673 1330 727 1349 non
749 1321 832 1350 debes
854 1321 939 1354 velle,
962 1321 1036 1358 quod
1064 1320 1164 1358 aliquis
1185 1320 1225 1349 di-

375 1371 450 1398 ceret
470 1368 503 1397 de
525 1371 552 1397 te
572 1368 692 1402 malum,
715 1371 741 1397 te
763 1368 889 1401 absente,
911 1367 976 1404 quia
991 1367 1059 1395 nihil
1076 1367 1123 1395 tibi
1142 1367 1225 1404 prod—

375 1416 442 1445 erit:
465 1424 531 1453 ergo
552 1418 603 1445 etc.

454 1465 480 1492 9..
504 1464 586 1497 Item,
608 1463 656 1500 qui
677 1463 742 1492 dicit
764 1463 867 1491 malum
889 1462 922 1490 de
943 1462 996 1490 alio
1017 1461 1109 1490 aufert
1130 1461 1154 1490 ei
1177 1461 1224 1490 bo-

376 1519 444 1540 num
466 1519 582 1540 nomen:
611 1519 677 1548 ergo
702 1518 765 1539 cum
793 1516 897 1537 nomen
925 1508 1029 1537 bonum
1059 1508 1094 1537 sit
1120 1507 1224 1536 melius

376 1567 468 1597 quam
486 1558 572 1586 multi
593 1557 725 1586 thesauri
735 1557 757 1590 ⁸,
779 1564 844 1593 ergo
865 1564 929 1584 cum
952 1556 1034 1584 homo
1056 1563 1111 1584 non
1138 1555 1225 1592 possit

375 1606 420 1634 alii
441 1606 552 1634 auferre
575 1605 720 1634 thesauros
741 1604 799 1632 sine
817 1606 941 1640 peccato,
963 1602 1090 1631 similiter
1112 1605 1162 1631 etc.

454 1652 480 1681 3.
504 1652 583 1685 Item,
610 1651 712 1680 dicitur
740 1650 850 1679 Levitici
878 1650 984 1679 decimo
1012 1650 1126 1678 non04:
1159 1649 1224 1678 Non

374 1698 527 1727 maledices
547 1698 657 1731 sardo;
678 1697 724 1726 sed
746 1697 793 1734 qui
815 1696 886 1725 male
907 1696 972 1725 dicit
991 1699 1066 1724 retro
1087 1695 1225 1725 maledicit

375 1746 473 1775 surdo:
496 1754 562 1782 ergo
583 1745 647 1773 facit
667 1747 763 1773 contra
784 1743 851 1772 illud
874 1747 1061 1780 praeceptum.

452 1793 479 1821 [ι.
502 1793 659 1825 Praeterea,
680 1794 823 1828 peccatum
845 1791 947 1819 sactum
971 1790 998 1819 in
1020 1790 1131 1827 publico
1145 1798 1223 1819 scan-

373 1840 488 1869 dalizat:
509 1847 575 1877 ergo
603 1839 650 1876 qui
673 1841 816 1876 peccatum
844 1837 968 1875 aliquod,
998 1837 1072 1874 quod
1100 1846 1154 1866 non
1182 1840 1223 1866 est

374 1886 532 1924 publicum,
554 1886 691 1923 publicat,
719 1885 899 1918 scandalizat;
925 1884 973 1913 sed
1002 1884 1047 1913 ille
1074 1884 1122 1921 qui
1147 1884 1223 1913 oblo-

373 1934 484 1971 quitur,
505 1934 569 1963 facit
590 1936 734 1970 peccatum
755 1933 936 1966 innotescere,
954 1931 1028 1969 quod
1050 1931 1130 1960 latet:
1156 1940 1223 1969 ergo

374 1980 538 2009 scandalizat
559 1988 636 2013 eum,
658 1988 721 2008 cum
744 1987 800 2016 quo
822 1979 954 2016 loquitur.

452 2027 623 2064 Respondeo:
651 2026 811 2060 dicendum,
839 2025 914 2063 quod
941 2025 989 2062 qui
1020 2025 1086 2053 dicit
1116 2026 1222 2054 malum

373 2074 407 2103 de
418 2074 484 2108 alio,
499 2076 548 2102 aut
561 2074 627 2102 dicit
641 2072 806 2102 necessitate
820 2072 1002 2109 compulsas,
1021 2074 1070 2100 aut
1083 2071 1222 2101 inductus

375 2120 511 2154 utilitate,
533 2123 582 2149 aut
606 2119 775 2157 escayitatus
800 2117 972 2147 detrahendi
997 2117 1121 2146 libidine.
1144 2118 1222 2147 Tunc

373 2167 553 2206 compellitur
567 2167 744 2200 necessitate,
766 2165 876 2203 quando
891 2165 1054 2202 astringitur
1075 2168 1222 2202 praecepto

374 2215 417 2244 vel
438 2213 583 2249 humano,
605 2214 649 2243 vel
670 2213 784 2242 divino:
807 2212 951 2246 humano,
973 2212 1084 2249 quando
1104 2212 1171 2241 dicit
1196 2212 1220 2241 ei

373 2262 421 2299 qui
442 2265 532 2299 potest
553 2261 712 2299 praecipere
733 2264 760 2289 et
781 2260 927 2297 praecipit,
949 2263 980 2288 ut
1000 2259 1085 2294 dicat;
1107 2259 1220 2293 (livino,

373 2308 484 2345 quando
505 2308 671 2337 conscientia
691 2307 776 2337 dictat
796 2307 914 2340 homini,
936 2306 1009 2344 quod
1031 2306 1090 2343 ipse
1111 2309 1222 2335 tenetur

373 2363 505 2384 accusare
526 2355 702 2392 proximum,
725 2358 756 2383 ut
784 2354 950 2391 corrigatur,
971 2353 1124 2383 secundum
1153 2353 1222 2382 illud

374 2405 552 2439 praeceptum
574 2401 681 2430 Domini
702 2401 736 2430 de
757 2401 927 2430 correctione
948 2401 1078 2429 fraterna.
1091 2417 1129 2421 —
1143 2401 1221 2429 Tunc

373 2445 525 2478 inducitui'
546 2449 683 2483 ulilitate,
706 2448 816 2485 quando
844 2451 939 2476 narrat
959 2448 1063 2476 malum
1084 2448 1144 2477 eius
1171 2447 1220 2476 ali-

372 2496 430 2531 cui,
452 2496 499 2533 qui
520 2499 610 2533 potest
632 2495 761 2533 prodesse
776 2498 803 2524 et
824 2503 877 2523 non
899 2495 1007 2529 obesse,
1029 2498 1056 2523 et
1071 2495 1114 2523 cui
1136 2494 1219 2531 prod-

968 167 1135 195 COMMl-INT.
1160 168 1190 195 ΙΝ
1212 167 1448 196 ECCLEsmS'l‘EN
1469 168 1497 197 C.
1518 168 1548 196 X.

1283 248 1325 274 est
1346 245 1442 274 audire
1463 245 1531 274 illud
1551 246 1655 275 malum
1670 249 1704 275 et,
1718 254 1772 275 non
1794 247 1871 276 obest
1881 247 1902 281 ⁵,
1924 247 1996 276 sicut
2021 247 2131 285 quando

1283 291 1346 328 quis
1367 294 1462 320 narrat
1483 292 1603 326 homini,
1625 292 1672 329 qui
1693 293 1782 330 diligit
1801 296 1829 322 et
1848 293 1895 330 qui
1918 293 2084 330 compatitur
2104 296 2132 322 et

1284 338 1367 367 habet
1392 338 1561 367 voluntatem
1582 339 1736 375 corrigendi
1763 340 1862 376 ipsum.
1879 356 1915 360 —
1930 340 2045 376 Quando
2066 348 2131 369 vero
2148 346 2227 368 Tertius.

1283 393 1338 413 non
1366 384 1557 413 consideratur
1582 385 1744 420 necessitas,
1769 394 1819 415 nec
1843 386 2034 415 consideratur
2058 386 2132 415 utili-

1284 434 1338 464 tas,
1360 431 1442 459 etiam
1457 431 1478 459 si
1494 431 1529 460 sit
1550 431 1674 472 veritas,
1689 440 1744 460 non
1765 435 1918 461 excusatur
1932 440 1948 461 a
1962 431 2133 461 detrahendi

1284 476 1418 511 libidine,
1440 477 1524 506 immo
1545 480 1656 515 peccato
1677 478 1854 507 detractionis
1876 481 1984 516 peccat,
2006 479 2088 508 etiam
2109 479 2130 508 si

1285 530 1384 552 verum
1405 523 1484 552 dicat.

1363 569 1489 598 Rationes
1510 570 1604 607 igitur,
1626 579 1697 608 quae
1726 572 1858 608 probant,
1884 572 1959 609 quod
1987 574 2131 609 peccatum

1285 616 1320 644 sit
1340 616 1431 645 dicere
1452 617 1555 645 malum
1583 617 1617 646 de
1644 618 1698 647 alio
1725 619 1753 647 in
1777 619 1916 653 absentia,
1944 619 2131 648 concedendae

1285 666 1362 696 sunt,
1378 663 1429 691 nisi
1451 663 1615 692 interveniat
1630 665 1778 693 necessitas
1790 666 1832 694 vel
1847 665 1963 700 utilitas;
1979 669 2045 694 tunc
2059 666 2130 695 enim

1285 712 1374 746 patet,
1397 709 1471 746 quod
1491 718 1545 738 non
1568 710 1666 739 valent.

1366 758 1389 785 l.
1412 756 1490 793 Quod
1511 756 1641 786 obiicitur
1662 757 1689 786 in
1714 759 1901 793 contrarium,
1923 759 1998 796 quod
2025 759 2129 788 iustum
2148 765 2262 792 Solqtioon-

1284 806 1326 832 est
1346 803 1506 840 vituperare
1527 806 1594 838 etc.;
1623 803 1786 839 dicendum,
1815 806 1889 842 quod
1910 806 2037 843 quamvis
2056 806 2130 843 digni
2152 790 2258 812 ⁹⁰⁸¹t⁰m¹m

1284 850 1338 879 sint
1352 850 1503 887 vituperio,
1517 858 1572 879 non
1594 853 1684 879 tamen
1699 851 1782 879 homo
1796 851 1877 880 debet
1894 852 2062 889 vituperare.
2078 853 2131 882 Nec

1283 899 1325 926 est
1346 896 1435 926 simile
1455 897 1489 926 de
1511 897 1603 931 laude,
1625 897 1691 934 quia
1711 897 1783 926 fama
1803 897 1875 927 bona
1898 899 2002 928 excitat
2022 899 2056 928 ad
2083 899 2132 928 bo-

1283 952 1368 978 num,
1390 944 1437 973 sed
1453 938 1525 973 ma'la
1539 944 1573 973 ad
1594 944 1713 978 malum,
1735 947 1762 973 et
1776 944 1837 973 ideo
1858 953 1912 973 non
1927 948 1969 974 est
1989 946 2129 982 publican-

1283 991 1349 1020 dum
1362 991 1477 1025 malum,
1492 991 1563 1020 sicut
1577 991 1689 1020 bonum.
1702 1007 1740 1012 —-
1752 991 1904 1025 Praeterea,
1918 987 1971 1020 non
1985 995 2027 1021 est
2038 1000 2130 1022 meum

1283 1038 1414 1067 iudicare.

1362 1087 1388 1114 ⁹2.
1411 1086 1489 1122 Quod
1517 1085 1646 1115 obiicitur
1673 1085 1707 1114 de
1735 1086 1939 1123 compassione,
1967 1086 2130 1122 dicendum,

1283 1132 1358 1169 quod
1379 1140 1445 1161 vera
1465 1133 1618 1169 compassio
1645 1135 1702 1167 est,
1728 1132 1755 1161 in
1776 1141 1832 1170 qua
1859 1133 2025 1162 vulneratur
2056 1141 2131 1162 com-

1283 1179 1405 1216 patiens,
1427 1187 1482 1208 non
1504 1179 1530 1208 in
1552 1187 1608 1216 qua
1626 1179 1820 1208 damnificatur
1834 1179 1926 1209 miser.
1948 1180 1981 1209 Et
2001 1180 2066 1218 quia
2080 1180 2131 1209 iste

1283 1226 1311 1254 in
1332 1226 1383 1255 hac
1404 1226 1579 1255 oblocutione
1599 1226 1757 1255 damnificat
1778 1230 1951 1264 peccatorem
1964 1227 1974 1244 ⁶
1995 1227 2024 1256 in
2044 1227 2130 1262 sama,

1282 1273 1343 1302 ideo
1363 1281 1417 1301 non
1439 1272 1520 1302 debet
1540 1281 1679 1302 accusare.

1361 1320 1387 1349 3.
1410 1320 1488 1356 Quod
1515 1320 1645 1349 obiicitur
1672 1320 1706 1349 de
1734 1320 1841 1349 Domini
1869 1321 2013 1356 mandato,
2038 1321 2130 1350 dicen-

1281 1367 1361 1401 dum,
1383 1366 1457 1403 quod
1472 1367 1606 1395 Dominus
1620 1366 1759 1404 intelligit,
1781 1367 1856 1404 quod
1871 1368 1985 1397 vocandi
2003 1371 2068 1397 sunt
2081 1368 2129 1405 qui

1282 1416 1398 1450 possunt
1418 1416 1445 1442 et
1460 1413 1557 1442 volunt
1578 1413 1723 1450 prodesse;
1739 1416 1766 1442 et
1780 1421 1830 1450 per
1846 1414 2004 1444 Ecclesiam
2018 1423 2074 1444 non
2089 1415 2130 1443 in-

1282 1460 1379 1497 telligit
1404 1460 1624 1494 multitudinem,
1654 1460 1701 1489 sed
1729 1460 1856 1497 intelligit
1882 1469 1947 1490 eum
1974 1461 2023 1498 qui
2048 1461 2130 1499 prod-

1281 1515 1340 1536 esse
1362 1509 1451 1543 potest
1472 1509 1499 1535 et
1513 1506 1594 1535 debet
1614 1507 1770 1544 corrigere,
1785 1510 1813 1536 et
1828 1506 1873 1535 tali
1888 1511 1930 1536 est
1950 1507 2097 1537 dicendum
2109 1509 2128 1537 ⁷.

1337 1606 1451 1638 Secundo,
1469 1607 1540 1638 quoad
1558 1607 1670 1631 defectum
1686 1607 1819 1638 regiminis,
1837 1607 1925 1638 quando
1941 1608 2075 1639 praeficitur

1587 1645 1706 1676 praelatus
1723 1645 1820 1670 stultus.

1366 1741 1457 1770 Verba
1478 1741 1540 1770 oris
1553 1741 1693 1779 sapientis
1707 1744 1758 1770 etc.
1781 1741 1861 1770 Dedit
1875 1749 1961 1778 supra
1975 1741 2128 1771 remedium
2146 1749 2222 1769 nivino.

1280 1791 1377 1817 contra
1397 1788 1511 1825 praelati
1540 1788 1688 1823 malitiam,
1710 1788 1755 1817 hic
1776 1788 1823 1817 dat
1851 1788 2005 1818 remedium
2033 1791 2129 1818 contra

1280 1835 1395 1872 praelati
1425 1835 1598 1870 stultitiam,
1629 1835 1792 1870 ostendens,
1823 1835 1978 1872 praelatum
2009 1835 2128 1864 stultum

1280 1891 1334 1911 non
1359 1890 1420 1912 esse
1446 1883 1682 1919 promovendum,
1711 1882 1759 1912 sed
1786 1883 1873 1921 magis
1899 1883 2061 1920 praecipitio
2087 1883 2128 1912 di·
2145 1891 2259 1910 Defectusui

1279 1938 1381 1967 gnum:
1403 1930 1495 1967 primo
1509 1932 1623 1967 propter
1638 1922 1782 1959 defectum
1798 1930 1951 1959 locutionis
1971 1930 2127 1964 discretam
2180 1915 2228 1939 ΡΜ

1280 1977 1401 2006 secundo
1422 1980 1536 2014 propter
1557 1976 1695 2006 defectum
1717 1976 1959 2006 considerationis
1969 1976 2127 2014 providae,-

1280 2024 1361 2053 tertio
1382 2027 1496 2061 propter
1517 2024 1654 2053 defectum
1676 2024 1854 2061 operationis
1874 2023 2054 2062 fructuosae.

1358 2072 1447 2108 (Vers.
1473 2073 1516 2100 12.
1535 2071 1578 2100 13.
1604 2071 1669 2107 tlt).
1686 2071 1800 2108 Propter
1815 2071 1953 2100 defectum
1974 2071 2127 2101 locutionis
2139 2078 2258 2106 expositioni

1279 2118 1421 2147 discretae
1441 2118 1544 2147 stultus
1565 2126 1594 2147 se
1615 2117 1706 2155 ipsum
1722 2118 1897 2155 praecipitat,
1915 2118 1987 2147 sicut
2008 2126 2058 2155 per
2078 2126 2127 2147 an·
2144 2103 2248 2151 n3⁰13³r¹1¹1¹1⁵=b.

1279 2165 1401 2194 tithesim
1431 2165 1540 2202 sapiens
1560 2165 1674 2194 exaltat.
1696 2165 1757 2194 Ideo
1777 2165 1858 2194 dicit:
1888 2165 1978 2194 Verba
1999 2165 2061 2194 oris
2077 2173 2126 2194 sa-

1275 2212 1382 2249 pientis
1407 2211 1526 2249 qratia,
1555 2212 1621 2249 quia
1640 2212 1667 2240 in
1696 2211 1762 2249 ipsis
1787 2214 1901 2249 propter
1932 2211 2125 2240 discretionem

1277 2258 1397 2296 acquirit
1417 2259 1550 2296 gratiam;
1580 2258 1759 2288 Ecclesiastici
1781 2258 1913 2296 vigesimo
1931 2258 1951 2286 ⁸:
1985 2270 1998 2284 (ι
2013 2257 2126 2295 Sapiens

1278 2306 1370 2335 verbis
1391 2314 1420 2335 se
1434 2306 1525 2343 ipsum
1547 2306 1692 2335 amabilem
1706 2306 1770 2335 facit
1784 2316 1815 2340 »ς
1831 2305 1878 2334 sed
1892 2308 2017 2334 econtra:
2032 2304 2126 2334 Labia

1277 2353 1441 2391 insipientis
1458 2353 1698 2391 praecipitabunt
1718 2362 1794 2387 eum,
1816 2353 1843 2381 id
1864 2356 1906 2382 est
1927 2352 2028 2387 verba,
2053 2359 2125 2390 quae

1276 2400 1430 2437 procedunt
1450 2408 1486 2429 ex
1508 2400 1586 2429 labiis
1600 2399 1769 2437 insipientis3
1791 2399 2004 2428 Proverbiorum
2018 2398 2125 2428 decimo

1276 2450 1387 2476 octavo:
1407 2459 1421 2472 (ι
1435 2447 1472 2476 Os
1493 2447 1570 2476 stulti
1585 2446 1713 2475 contritio
1733 2446 1806 2481 eius,
1821 2449 1849 2475 et
1863 2446 1934 2475 labia
1954 2446 2029 2475 illius
2043 2445 2125 2474 ruina

1275 2494 1383 2523 animae
1410 2494 1511 2523 eius».
1538 2510 1574 2515 -—
1600 2494 1631 2522 Et
1652 2493 1722 2522 ratio
1750 2493 1983 2531 praecipitationis
2010 2495 2052 2522 est
2082 2493 2123 2522 in-

436 2689 443 2702 ¹
463 2691 527 2712 Vers.
544 2690 624 2711 45-17.

436 2728 445 2741 ²
463 2729 521 2751 Tob.
540 2729 566 2757 4,
585 2730 626 2751 46:
644 2729 710 2757 Quod
729 2729 758 2751 ab
775 2729 819 2751 alio
836 2729 914 2751 oderis
932 2729 980 2751 [leri
998 2729 1051 2755 tibi,
1069 2729 1131 2756 vide,
1148 2735 1177 2751 ne
1194 2732 1217 2751 tu

373 2768 496 2797 aliquando
513 2768 576 2790 alteri
595 2768 669 2790 facias.
687 2768 732 2790 Clr.
745 2769 822 2790 matth.
833 2768 860 2795 7,
874 2768 914 2796 42;
927 2769 980 2790 Luc.
994 2769 1020 2795 6,
1032 2768 1070 2790 34.
1081 2780 1113 2785 -
1124 2768 1218 2790 inferius

374 2806 445 2829 verba
462 2806 538 2829 dicere
554 2806 582 2829 dc
598 2806 658 2834 alio,
676 2806 717 2829 sed
733 2813 780 2829 non
798 2806 864 2829 debes
882 2807 933 2829 Vat.
951 2807 1080 2834 transponit
1096 2809 1148 2835 post
1160 2812 1218 2836 pro-

373 2845 444 2873 derit,
463 2849 550 2868 mutato
567 2845 608 2869 sed
624 2846 645 2868 in
662 2846 689 2868 si.

435 2883 444 2897 ³
461 2886 529 2907 Prov.
546 2886 588 2911 22,
607 2886 631 2912 l,
650 2885 688 2907 ubi
707 2892 749 2913 pro
774 2885 845 2908 multi
869 2885 977 2908 thesauri
1002 2886 1102 2913 Vulgata
1125 2884 1218 2908 divam

374 2924 468 2948 multae.
486 2924 531 2947 Csr.
548 2925 621 2947 Eccle.
638 2925 664 2951 7,
683 2926 705 2947 2.

435 2963 444 2976 ⁴
462 2964 527 2986 Vers.
547 2963 581 2986 14.
600 2976 628 2979 —
646 2965 689 2986 Pro
706 2964 768 2987 male
785 2964 840 2987 dicit
855 2966 920 2987 retro
937 2964 953 2987 C
971 2964 1080 2987 detrahit.

1337 2687 1347 2700 ⁶
1366 2688 1441 2711 Verba
1459 2690 1480 2711 el
1496 2688 1558 2711 cui...
1575 2687 1639 2711 obest
1655 2688 1816 2716 supplevimus
1841 2694 1868 2710 ex
1892 2687 1961 2710 codd.
1987 2688 2047 2709 lutrav
2071 2690 2122 2714 post

1274 2734 1323 2751 non
1339 2729 1471 2751 excusatur
1483 2728 1500 2750 Α
1513 2727 1577 2750 addit
1587 2726 1628 2750 sed
1637 2728 1726 2756 peccat.
1738 2727 1835 2750 Videtur
1852 2726 1873 2750 in
1892 2726 1961 2749 codd.
1977 2728 2030 2748 ante
2046 2725 2121 2749 detra-

1274 2765 1345 2789 hendi
1361 2772 1483 2794 perperam
1501 2766 1613 2788 excidisse
1624 2766 1735 2794 particula
1751 2772 1775 2788 a.

1337 2804 1347 2817 ⁶
1364 2806 1416 2828 vat.
1429 2806 1540 2835 peccator
1557 2807 1592 2828 est
1608 2812 1650 2834 pro
1664 2807 1821 2835 peccator-cm.
1838 2804 1896 2828 Cum
1914 2804 1983 2827 codd.
2000 2804 2064 2826 varie
2075 2804 2122 2826 dis-

1274 2845 1374 2868 sentient
1391 2846 1448 2867 inter
1465 2852 1503 2872 se,
1520 2846 1577 2867 haec
1594 2845 1705 2867 correctio
1722 2844 1789 2867 nobis
1806 2843 1949 2872 probabilior
1966 2843 2015 2866 visa
2032 2846 2074 2866 est.

1337 2883 1345 2896 ⁷
1364 2885 1410 2908 Csr.
1427 2885 1488 2907 Alex.
1505 2885 1553 2907 Hal.
1570 2885 1592 2907 S.
1611 2890 1634 2912 p.
1651 2884 1675 2906 ll.
1692 2890 1715 2913 q.
1734 2884 1786 2906 ⁴30.
1803 2889 1845 2911 per
1862 2886 1940 2905 totam.

1337 2923 1346 2936 ¹³
1364 2925 1429 2947 Vers.
1440 2925 1467 2947 13
1476 2933 1481 2947 ;
1490 2924 1586 2952 Sapiens
1596 2923 1616 2946 in
1630 2923 1708 2946 verbis
1719 2926 1761 2946 etc.
1773 2935 1804 2940 —
1816 2924 1949 2952 Sequuntur
1961 2922 2026 2944 Prov.
2041 2921 2083 2948 ts,
2094 2920 2117 2943 7.

1275 2966 1297 2986 et
1313 2964 1356 2994 29,
1373 2964 1411 2986 20.

2294 1597 2296 1707 l

2290 1755 2296 1906 ἐ
