2296 3316
214 553 271 576 Resp.
284 556 326 570 cnm

203 575 328 595 distinetione.

216 972 287 992 Sotutio
299 977 332 995 op-

239 995 303 1020 positi.

222 1907 252 1927 Ad
264 1906 338 1930 opposi-

256 2468 311 2491 Resp.
327 2468 343 2485 l.

346 189 363 216 8
997 178 1189 208 PROOEMIUM
1210 175 1435 205 COMMENTARll

345 267 442 293 utrum
462 264 514 292 hoc
528 263 600 291 dicat
621 262 649 290 in
664 268 781 298 persona
800 258 928 296 propria,
947 257 990 286 vel
1004 257 1106 286 aliena:
1122 263 1188 292 ergo

344 310 475 345 nescitur,
503 309 570 346 quid
591 309 618 337 in
640 308 692 336 hoc
713 307 784 335 libro
811 305 976 338 tenendum,
1004 303 1072 341 quid
1092 309 1188 339 repro-

345 356 483 386 bandum:
505 363 571 392 ergo
584 355 652 383 haec
667 353 780 382 scientia
791 353 800 369 ¹
822 352 865 380 via
883 354 924 380 est
938 350 972 379 ad
986 357 1120 379 errorem.
1136 348 1187 377 Sed

345 404 407 433 libri
422 402 544 432 canonici
564 401 664 430 debent
678 407 798 437 purgare
819 406 958 428 errorem:
973 405 1040 433 ergo
1054 396 1123 425 liber
1137 396 1188 424 iste

347 450 483 479 tollendus
503 451 545 478 est
565 448 599 477 de
619 455 731 476 canone.

425 495 601 532 Respondeo:
633 493 792 526 dicendum,
824 491 898 529 quod
928 490 1002 528 loqui
1030 489 1134 526 aliquid
1161 488 1189 516 in

346 550 464 580 persona
484 541 551 570 fatui
574 541 616 570 vel
638 539 755 569 carnalis
775 542 816 568 est
836 538 998 574 dupliciter:
1020 536 1063 565 vel
1090 538 1122 564 ut
1142 543 1190 571 ap-

346 590 460 627 probet,
492 589 535 617 vel
565 591 596 617 ut
627 586 757 624 reprobet
787 588 814 614 et
834 592 936 613 vanum
966 591 1040 612 esse<
1055 581 1188 611 ostendat.

346 637 436 666 Primo
454 636 534 665 modo
551 643 605 663 non
626 633 753 663 convenit
770 632 898 661 scientiae
916 630 1051 663 veritatis;
1070 627 1191 657 secundo

346 683 427 712 modo
448 682 590 715 convenit,
605 681 676 710 sicut
691 680 713 708 si
733 679 833 716 alquis
854 678 936 706 vellet
949 683 1074 705 errorem
1095 681 1191 711 repro-

346 731 412 759 bare
433 732 461 758 et
480 729 559 766 prius
579 728 656 757 illum
678 726 842 763 explicaret,
871 723 1045 761 postmodum
1066 722 1191 750 destrue-

347 781 397 806 ret.
419 777 451 805 Et
472 776 523 805 hoc
545 775 625 804 modo
639 774 778 811 loquitur,
800 780 854 801 non
875 771 980 808 primo;
1008 772 1035 798 et
1055 769 1116 798 ideo
1137 776 1191 797 non

347 827 389 853 est
408 822 615 860 reprobandus,
637 822 720 850 immo
740 818 985 851 commendandus,
1006 816 1072 854 quia
1097 823 1191 852 repro-

348 871 394 899 bat
415 869 595 907 reprobanda.

426 919 452 946 2.
475 916 553 954 Quod
574 915 712 948 obiicitur,
734 914 800 951 quia
820 912 955 946 nescitur,
977 910 1087 948 quando
1105 909 1192 946 loqui-

349 969 395 995 tur
416 965 444 994 in
471 971 589 1001 persona
610 970 674 995 sua;
702 960 864 993 dicendum,
896 958 970 996 quod
1000 957 1193 994 disputationis

348 1013 435 1042 altera
455 1018 519 1048 pars
541 1018 594 1038 non
622 1011 711 1046 potest
731 1007 808 1040 sciri,
830 1013 976 1044 quousque
1004 1004 1131 1033 veniatur
1159 1003 1193 1032 ad

349 1058 510 1088 sententiam
531 1060 559 1085 et
579 1056 613 1084 ad
633 1054 902 1086 determinationem,
923 1052 989 1089 quia
1010 1051 1037 1079 in
1058 1050 1193 1079 solutione

348 1106 448 1138 scitur,
469 1104 536 1141 quid
563 1103 681 1139 eligatur
708 1104 735 1129 et
756 1100 822 1138 quid
843 1099 1017 1136 reprobetur.
1047 1098 1088 1126 Sic
1117 1097 1192 1131 dico,

349 1151 423 1190 quod
451 1150 624 1179 Ecclesiastes
654 1147 777 1185 procedit
808 1146 887 1183 quasi
911 1144 1076 1182 disputando
1104 1151 1193 1180 usque

349 1199 383 1228 ad
404 1199 486 1227 finem
507 1196 570 1225 libri
592 1198 619 1224 et
645 1195 672 1223 in
694 1194 770 1223 fine2
791 1193 837 1222 dat
864 1192 1043 1225 sententiam,
1069 1198 1133 1219 cum
1153 1190 1193 1218 di-

350 1245 403 1275 cit:
436 1245 537 1273 Finem
573 1241 706 1281 loquendi
735 1248 832 1269 omncs
864 1239 979 1276 pariter
1010 1238 1192 1266 audiamus:

351 1293 442 1322 Deum
464 1291 546 1323 time,
568 1294 593 1318 ct
613 1289 698 1322 scito,
720 1287 797 1326 quod
811 1295 866 1324 pro
887 1286 968 1314 mimi
987 1288 1085 1313 errato
1099 1284 1193 1312 addu-

350 1343 390 1369 cet
405 1343 429 1368 te
450 1339 527 1367 Deus
541 1337 573 1366 in
590 1335 743 1365 iudicium.
759 1335 787 1363 ln
802 1341 858 1371 quo
872 1333 957 1361 verbo
974 1332 1086 1360 damnat
1099 1338 1195 1359 omnes

351 1386 498 1416 sententias
513 1384 665 1417 fatuorum,
683 1381 836 1411 carnalium
850 1383 876 1408 et
892 1379 1104 1408 mundanorum.
1120 1377 1195 1406 Unde

351 1433 424 1471 quod
444 1432 483 1461 illi
504 1430 654 1460 sententiae
674 1428 822 1458 concordat
842 1427 869 1455 in
891 1426 1004 1463 propria
1025 1433 1142 1462 persona
1155 1424 1195 1453 di-

352 1480 402 1514 cit,
424 1478 497 1516 quod
528 1486 594 1506 vero
615 1475 765 1509 discordat,
797 1475 824 1503 in
856 1481 973 1511 persona
1004 1472 1136 1501 aliorum:
1169 1474 1196 1500 et

352 1527 412 1556 ideo
432 1534 486 1554 non
508 1526 597 1562 potest
618 1523 681 1552 sciri
704 1522 772 1551 liber
795 1522 860 1555 iste,
881 1520 933 1549 nisi
954 1519 1084 1548 audiatur
1113 1521 1194 1547 totus.

431 1619 569 1656 Qersuo
590 1617 631 1646 lv.
654 1616 694 1645 De
715 1623 808 1645 caasa
829 1614 961 1652 efficiente
982 1612 1116 1641 dasdem.

432 1714 521 1742 Potest
535 1712 615 1741 etiam
628 1711 723 1749 quaeri
738 1710 836 1739 ultimo
850 1708 883 1737 de
897 1707 1044 1745 efficient&
1055 1709 1082 1734 et
1092 1706 1197 1734 dictum

353 1765 409 1795 est,
424 1760 497 1798 quod
512 1759 633 1788 efficiens
647 1758 699 1787 l'uit
716 1757 849 1786 Salomon.
866 1754 943 1791 Quod
957 1757 1050 1782 autem
1065 1761 1118 1781 non
1133 1760 1197 1781 con-

353 1807 456 1840 veniat,
479 1806 560 1835 talem
581 1813 641 1834 esse
662 1807 817 1836 auctorem,
839 1802 960 1830 videtur:

438 1856 458 1882 1.
478 1853 547 1890 Quia
565 1853 622 1889 ipse
638 1851 690 1880 suit
704 1852 830 1888 peccator
845 1852 871 1877 et
886 1847 1015 1881 carnalis3
1031 1846 1077 1875 sed
1089 1846 1199 1883 quando

354 1901 471 1931 carnalis
491 1899 631 1937 praedicat
654 1897 888 1935 spiritualitatem,
916 1895 1008 1932 potius
1035 1893 1199 1923 scandalizat

355 1956 438 1986 quam
456 1947 595 1976 aedificet:
611 1953 676 1982 ergo
694 1945 764 1973 liber
778 1944 829 1972 iste
850 1943 942 1979 potius
962 1945 1003 1970 est
1017 1941 1051 1969 ad
1066 1948 1200 1977 generan-

354 1996 420 2024 dum
441 1993 600 2023 scandalum
621 2000 705 2029 quam
725 1990 949 2019 aedificationem.

434 2043 461 2070 2.
483 2042 564 2074 ltem,
586 2040 614 2068 in
635 2038 762 2067 Psalmo³
783 2037 899 2065 dicitur:
922 2034 1074 2064 Peccatori
1104 2038 1199 2062 (molem

357 2089 431 2118 dixit
452 2089 545 2117 Deus.-
569 2087 668 2123 Quare
682 2089 713 2113 tu
734 2092 861 2112 enarras
875 2082 1004 2111 inscitias
1018 2080 1116 2109 mea-5?
1131 2080 1201 2117 Ergo

357 2137 379 2166 si
400 2136 525 2164 Salomon
547 2136 673 2171 peccator
695 2134 770 2164 erat,
792 2138 857 2167 ergo
875 2129 1004 2166 peccabat
1024 2127 1144 2156 divinam
1159 2127 1201 2155 iu-

357 2183 459 2213 stitiam
480 2180 642 2210 enarrando.

437 2230 462 2258 3.
486 2229 641 2260 Praeterea,
673 2226 761 2254 bonus
792 2227 889 2253 auctor
910 2222 973 2251 facit
1005 2222 1101 2255 fidem,
1130 2220 1202 2249 unde

359 2277 441 2305 habet
454 2276 542 2304 robur
557 2274 635 2303 locus
650 2273 685 2301 ab
698 2271 871 2300 auctoritate
882 2271 907 2303 4,
923 2277 988 2306 ergo
1003 2268 1092 2297 malus
1106 2270 1203 2296 auctor

359 2324 464 2353 nullam
484 2322 578 2355 fidem,
595 2320 641 2350 sed
663 2319 724 2348 libri
740 2326 834 2347 sacrae
855 2317 1013 2353 scripturae
1032 2318 1097 2344 sunt
1111 2314 1144 2343 ad
1158 2322 1204 2351 ge-

359 2370 510 2400 nerandam
531 2368 627 2397 fidem:
649 2375 715 2404 ergo
736 2369 787 2394 etc.

438 2416 476 2445 Ad
493 2416 544 2444 hoc
559 2413 794 2451 respondendum,
809 2411 895 2448 quod,
911 2411 982 2439 sicut
995 2409 1061 2438 dicit
1075 2408 1205 2443 Hierony-

361 2471 423 2492 mus
438 2463 457 2497 5,
480 2465 511 2491 ut
530 2461 642 2490 tradunt
663 2459 792 2491 Hebraei,
815 2458 883 2486 liber
905 2457 955 2485 iste
976 2454 1127 2484 Salomonis
1154 2454 1206 2482 fuit

427 2656 434 2668 ¹
453 2656 509 2679 Cod.
526 2655 542 2678 C
559 2654 679 2678 sententia.
698 2653 809 2681 intellige:
830 2652 898 2674 huius
914 2651 963 2673 libri
982 2650 1093 2673 doctrina.

428 2694 436 2706 ²
453 2695 508 2722 Cap.
531 2695 568 2721 12,
590 2694 623 2715 13.
641 2699 689 2721 seq.
706 2693 758 2714 Post
775 2692 849 2714 Deum
867 2690 921 2713 time
938 2691 961 2712 S.
978 2690 1064 2711 Bonav.
1077 2694 1123 2710 non
1135 2687 1206 2709 verba

366 2734 442 2757 omnia
460 2733 590 2761 scripturae
607 2732 709 2754 adducit.

428 2771 437 2784 ³
455 2772 536 2795 Psalm.
555 2771 596 2798 49,
618 2771 652 2793 16.

428 2811 437 2823 ⁴
455 2812 546 2837 Boeth.,
564 2810 588 2832 tl.
604 2809 632 2832 de
650 2808 786 2831 Diss'erentiis
812 2808 892 2835 topic,
910 2807 1033 2829 maximam
1059 2806 1126 2828 liuius
1151 2805 1207 2831 loci,

366 2851 407 2880 qui
424 2851 492 2873 etiam
509 2856 539 2872 ea:
556 2849 591 2872 rei
607 2848 692 2871 iudicio
705 2847 795 2874 dicitur,
807 2847 839 2869 sic
850 2846 971 2874 proponit:
991 2854 1003 2865 α
1015 2844 1083 2873 Quod
1099 2843 1208 2866 omnibus

367 2890 402 2912 vel
415 2888 519 2917 pluribus
531 2889 566 2910 vel
578 2887 720 2915 sapientibus
732 2885 864 2908 hominibus
875 2885 979 2912 videtur,
992 2884 1011 2906 ei
1023 2882 1150 2906 contradici
1161 2888 1208 2904 non

368 2931 473 2956 oportere
486 2936 507 2949 n.
524 2928 582 2949 Petr.
598 2926 704 2954 Hispan,
722 2925 835 2947 Summul.
852 2927 879 2946 tr.
897 2924 926 2946 de
942 2923 997 2945 locis
1010 2923 1092 2950 topic.:
1108 2920 1208 2944 Auctori-

369 2970 414 2993 tas,
432 2969 456 2988 ut
473 2966 508 2988 hic
526 2965 634 2991 sumitur,
647 2967 680 2987 est
692 2964 802 2987 iudicium
819 2963 927 2990 sapientis
940 2963 961 2984 in
973 2967 1016 2984 sua
1026 2961 1127 2983 scientia.
1143 2960 1209 2982 Unde

1244 252 1438 291 poenitentiam
1459 251 1579 289 agentis,
1601 253 1629 279 et
1648 251 1714 288 quia
1734 258 1789 279 non
1816 250 1908 279 abiicit
1929 250 2003 279 Deus
2023 258 2087 287 poe-

1243 300 1376 333 nitentes,
1391 297 1438 327 sed
1458 297 1550 335 potius
1564 300 1700 334 acceptat,
1721 296 1872 326 secundum
1894 297 1945 325 hoc
1959 304 2014 325 non
2028 299 2088 325 erat

1244 346 1371 375 Salomon
1386 345 1412 373 in
1435 348 1509 374 statu
1524 344 1749 381 reprehensibili,
1764 343 1875 381 quando
1896 344 1970 372 hunc
1985 343 2087 374 librum
2108 360 2111 364 ·

1245 392 1363 429 scripsit.

1322 438 1406 467 Aliter
1428 437 1586 475 responderi
1608 439 1711 474 potest,
1740 437 1814 474 quod
1835 436 1954 474 Spiritus
1978 439 2089 465 sanctus

1245 493 1300 514 non
1322 488 1428 514 tantum
1450 484 1574 522 loquitur
1595 491 1661 513 vera
1681 486 1709 512 et
1728 483 1801 512 bona
1814 491 1864 520 per
1885 483 1984 517 bonos,
2005 483 2090 511 immo

1246 532 1327 561 etiam
1349 540 1398 569 per
1418 531 1518 565 malos3
1540 530 1614 559 unde
1634 530 1692 567 ipse
1713 530 1846 559 Dominus
1867 529 1895 558 in
1924 529 2089 567 Evangelio‘3

1246 579 1325 607 dicit:
1349 579 1430 614 Quae
1450 577 1551 606 dicum
1570 576 1671 615 facite,
1693 585 1767 615 quae
1787 579 1884 605 autem
1904 575 2022 614 faciunt
2040 584 2091 605 πο-

1247 624 1294 653 lite
1313 623 1430 661 facere,-
1451 623 1524 652 unde
1545 626 1572 652 et
1592 631 1642 660 per
1669 623 1777 652 Balaam
1797 622 2007 660 expressissime
2027 630 2091 659 pro-

1247 671 1382 708 phetavit,
1404 671 1442 699 sic
1456 674 1483 699 et
1497 678 1546 707 per
1561 669 1731 698 Salomonem
1752 669 1834 698 etiam
1849 669 1987 698 carnalem
2005 669 2092 698 multa

1247 718 1319 747 bona
1338 718 1418 747 dixit.

1327 765 1353 793 2.
1375 764 1453 801 Quod
1484 772 1550 801 ergo
1580 763 1719 798 obiicitur,
1750 763 1824 800 quod
1855 763 1912 800 ipse
1943 762 2091 800 peccabat;

1249 811 1482 849 respondendum,
1498 811 1572 848 quod
1587 811 1637 840 sibi
1652 812 1712 839 erat
1725 810 1828 839 donum
1849 809 1997 847 sapientiae
2019 817 2092 838 com-

1248 859 1364 888 missum
1384 858 1579 895 specialissime
1606 857 1677 886 inter
1698 857 1778 891 alios,
1806 859 1833 885 et
1854 857 1919 894 quia
1947 856 2092 885 tenebatur

1250 906 1382 934 talentum
1411 905 1517 933 Domini
1546 913 1600 933 non
1621 903 1788 933 abscondere
1803 903 1823 938 ⁷,
1851 903 1968 932 debebat
1994 903 2093 932 docere

1250 952 1383 990 populum
1404 952 1511 980 Domini
1532 955 1559 980 et
1588 951 1672 980 verbo
1693 954 1720 980 et
1747 951 1863 988 scripto,
1884 950 2005 979 maxime
2029 958 2092 979 cum

1249 1003 1321 1030 esset
1341 1000 1375 1028 ad
1395 1000 1455 1029 eius
1477 999 1598 1036 regimen
1619 999 1770 1027 institutus.
1793 998 1868 1027 Unde
1888 1006 1943 1026 non
1965 997 2094 1034 peccabat

1250 1048 1277 1075 in
1299 1047 1366 1080 hoc,
1388 1046 1462 1083 quod
1483 1046 1612 1079 docebat,
1635 1045 1682 1074 sed
1703 1045 1730 1073 in
1752 1045 1819 1079 hoc,
1841 1044 1915 1082 quod
1935 1052 1990 1073 non
2004 1043 2094 1072 debito

1250 1102 1279 1123 se
1296 1093 1464 1130 disponebat.

1329 1139 1355 1168 3.
1377 1139 1455 1176 Quod
1476 1139 1614 1173 obiicitur,
1636 1138 1709 1176 quod
1738 1147 1791 1167 non
1813 1141 1854 1167 est
1875 1138 2042 1167 credendum
2065 1137 2095 1166 li-

1251 1188 1316 1222 bro,
1339 1195 1402 1216 cum
1431 1189 1527 1215 auctor
1555 1194 1608 1214 non
1638 1186 1673 1215 sit
1699 1185 1799 1222 dignus
1827 1185 1895 1219 fide;
1924 1184 2094 1222 respondeo:

1251 1234 1323 1263 sicut
1342 1233 1482 1262 credimus
1504 1233 1661 1269 Prophetis,
1676 1232 1751 1270 quod
1771 1240 1826 1260 non
1847 1240 1897 1269 per
1918 1239 1963 1266 se,
1985 1231 2032 1260 sed
2046 1239 2096 1268 pei·

1251 1281 1383 1318 Spiritum
1405 1283 1530 1309 sanctum
1552 1280 1635 1308 locuti
1657 1282 1737 1314 sunt;
1759 1279 1798 1308 sic
1818 1282 1845 1308 et
1866 1279 1893 1307 in
1914 1278 2044 1308 omnibus
2065 1278 2096 1307 li-

1251 1328 1309 1357 bris
1337 1327 1510 1364 Scripturae,
1536 1326 1609 1364 quod
1635 1327 1739 1363 Spiritu
1766 1328 1860 1355 sancto
1884 1325 2004 1354 dictante
2032 1329 2097 1354 sunt

1250 1375 1328 1409 editi;
1350 1374 1423 1403 unde
1444 1374 1551 1403 bonitas
1579 1381 1711 1410 personae
1732 1381 1786 1402 non
1814 1373 1877 1402 facit
1907 1372 1941 1401 ad
1962 1372 2095 1401 maiorem

1252 1422 1294 1451 vel
1310 1422 1443 1450 minorem
1466 1420 1562 1454 fidem,
1578 1420 1630 1448 hoc
1651 1419 1839 1456 supponendo,
1859 1419 1934 1457 quod
1948 1419 2032 1448 fuerit
2047 1427 2096 1457 per

1252 1468 1384 1505 Spiritum
1406 1468 1523 1496 locutus.
1546 1467 1577 1495 Et
1598 1467 1663 1503 quia
1683 1469 1790 1495 constat
1810 1466 1904 1500 nobis,
1926 1466 2097 1495 Salomonem

1252 1515 1352 1552 spiritu
1376 1515 1525 1552 sapientiae
1542 1514 1626 1542 fuisse
1640 1513 1790 1550 repletum,
1812 1513 1883 1542 sicut
1897 1515 1972 1550 patet
1991 1521 2026 1542 ex
2043 1515 2098 1542 ter-

1253 1562 1282 1590 tii
1304 1563 1406 1599 Regum
1428 1561 1546 1595 tertio⁸;
1569 1561 1629 1590 ideo
1650 1560 1768 1589 Ecclesia
1788 1560 1975 1589 indubitanter
2001 1559 2097 1597 recipit

1253 1609 1338 1638 libros
1358 1609 1426 1638 eius.

1391 1711 1532 1739 Pnorocus
1552 1710 1745 1738 COMMENTARII
1766 1710 1791 1738 S.
1814 1709 1967 1738 Hissaouvim

1542 1765 1571 1785 lN
1593 1757 1804 1785 Eccmsmsren.

1327 1852 1442 1883 Memini,
1462 1858 1504 1878 me
1529 1854 1590 1877 ante
1616 1851 1666 1877 hoc
1691 1851 1772 1877 ferme
1791 1849 2019 1885 quinquennium,
2039 1856 2099 1875 cum

1257 1895 1346 1922 adhuc
1365 1895 1464 1922 Romae
1483 1902 1567 1921 essem
1593 1897 1619 1921 et
1648 1894 1827 1921 Ecclesiasteu
1847 1896 1955 1920 sauctae
1978 1892 2100 1919 Blesillae

1257 1938 1387 1972 legerem,
1408 1941 1435 1964 ut
1455 1945 1512 1964 eam
1533 1937 1566 1964 ad
1586 1940 1768 1971 contemptum
1789 1937 1865 1963 istius
1885 1935 1986 1962 saeculi
2007 1942 2101 1970 provo-

1257 1989 1361 2013 carem,
1375 1985 1400 2008 et
1413 1989 1503 2012 omne,
1523 1981 1594 2015 quod
1616 1981 1641 2007 iu
1655 1981 1754 2007 mundo
1768 1983 1904 2012 cerneret,
1918 1982 2025 2014 putaret
2043 1986 2101 2005 esse

1257 2032 1306 2059 pro
1326 2024 1423 2056 nihilo;
1444 2028 1565 2057 rogatum
1580 2024 1614 2050 ab
1627 2031 1673 2054 ea,
1687 2024 1754 2050 utin
1770 2030 1870 2050 morem
1888 2021 2100 2049 commentarioli

1258 2068 1373 2094 obscura
1393 2074 1517 2102 quaeque
1536 2067 1710 2099 dissererem,
1731 2070 1760 2093 ut
1779 2066 1881 2101 absque
1901 2072 1942 2092 me
1962 2068 2053 2099 posset
2068 2065 2103 2091 in-

1260 2110 1377 2143 telligere
1396 2117 1466 2144 quae
1486 2109 1596 2143 legebat.
1624 2110 1729 2144 ltaque,
1756 2109 1882 2144 quoniam
1908 2109 1934 2134 iu
1962 2108 2101 2142 procinctu

1260 2153 1341 2179 nostri
1368 2153 1458 2187 operis
1483 2153 1571 2179 subita
1598 2156 1683 2179 morte
1707 2152 1845 2179 subtracta
1863 2154 1916 2184 est,
1937 2154 1962 2177 et
1982 2158 2033 2177 uou
2053 2157 2104 2176 me-

1260 2197 1377 2229 ruimus,
1397 2204 1412 2222 0
1439 2196 1519 2222 Paula
1545 2199 1571 2222 et
1597 2195 1787 2226 Eustochium,
1808 2195 1885 2221 talem
1907 2195 1976 2221 vitae
1997 2196 2102 2220 nostrae

1261 2239 1360 2266 habere
1388 2242 1554 2269 consortem,
1580 2241 1705 2272 tantoque
1734 2238 1843 2264 vulnere
1873 2241 1935 2264 tuuc
1964 2236 2104 2271 perculsus

1260 2283 1395 2315 obmutui3
1417 2289 1486 2308 nuuc
1508 2282 1532 2308 iu
1553 2281 1706 2308 Bethlehem
1726 2281 1838 2315 positus,
1852 2280 1998 2314 augustiori
2014 2278 2105 2306 videli-

1261 2330 1303 2353 cet
1322 2326 1444 2357 civitate,
1465 2328 1489 2351 et
1510 2325 1579 2351 illius
1609 2323 1753 2350 memoriae
1779 2326 1804 2349 et
1825 2322 1900 2349 vobis
1923 2322 2006 2349 reddo
2032 2321 2103 2356 quod

1262 2368 1360 2399 debeo;
1381 2368 1432 2394 hoc
1453 2367 1569 2394 breviter
1588 2367 1745 2398 admonens,
1760 2365 1832 2400 quod
1853 2365 1951 2392 nullius
1965 2365 2106 2392 auctorita-

1263 2416 1314 2439 tem
1335 2415 1443 2437 secutus
1462 2417 1534 2442 sum;
1554 2409 1600 2436 sed
1621 2409 1654 2435 de
1679 2408 1798 2435 Hebraeo
1826 2408 2002 2438 transferens,
2021 2407 2106 2440 magis

1263 2462 1304 2481 me
1324 2454 1498 2488 Septuaginta
1516 2453 1692 2486 interpretum
1713 2451 1900 2478 consuetudini
1920 2450 2060 2484 coaptavi,
2081 2450 2104 2475 in

1264 2647 1303 2669 iste
1321 2647 1384 2668 locus
1401 2646 1457 2668 solet
1480 2643 1592 2666 nominari
1616 2649 1630 2666 a
1656 2642 1692 2665 ree*
1717 2641 1824 2665 iudicio...
1849 2641 1956 2663 Maxima:
1979 2640 2106 2668 Unicuique

1264 2688 1357 2712 experto
1375 2685 1397 2706 in
1414 2690 1454 2706 sua
1472 2682 1565 2705 scientia
1582 2682 1726 2704 credendum
1743 2684 1784 2703 est.

1326 2722 1335 2735 ⁶
1350 2723 1481 2746 Comment.
1500 2722 1521 2744 iu
1540 2721 1611 2743 Ecclc.
1628 2721 1655 2748 4,
1674 2721 1716 2742 42:
1732 2720 1801 2742 Aiunt
1817 2718 1927 2746 Hebraei,
1946 2720 2005 2740 huuc
2022 2717 2105 2740 librum

1264 2762 1393 2786 Salomonis
1410 2768 1460 2784 esse
1477 2760 1639 2789 poenitentiam
1658 2759 1747 2787 agentis
1763 2761 1807 2781 etc.

1326 2801 1335 2814 ⁵
1354 2803 1428 2824 Matth.
1447 2802 1489 2827 23,
1503 2802 1524 2823 3.
1542 2800 1652 2828 Vulgata:
1664 2798 1745 2821 Omnia
1757 2804 1825 2826 ergo,
1837 2801 2000 2826 quaecumque
2011 2794 2105 2818 dixerint

1264 2841 1344 2868 vobis,
1360 2844 1450 2863 servate
1475 2843 1497 2862 et
1522 2839 1599 2866 facite,
1618 2837 1745 2860 secundum
1770 2842 1841 2865 opera
1866 2841 1922 2858 vero
1940 2841 2020 2857 eorum
2038 2833 2107 2856 nolite

1266 2882 1348 2903 facere.
1369 2892 1397 2896 --
1416 2880 1447 2901 De
1464 2879 1555 2901 Balaam
1573 2879 1613 2900 csr.
1630 2878 1697 2899 Num.
1715 2877 1753 2899 23.
1772 2878 1794 2898 et
1811 2875 1848 2897 24.

1327 2918 1335 2931 ⁷
1353 2919 1482 2947 Respicitur
1500 2918 1575 2940 Matth.
1593 2917 1635 2943 25,
1653 2916 1689 2939 44.
1707 2922 1767 2944 seq.;
1785 2916 1840 2937 Luc.
1858 2915 1899 2941 19,
1917 2914 1953 2935 42,
1972 2919 2037 2941 seqq.

1328 2956 1337 2969 Β
1356 2958 1421 2980 Vers.
1439 2957 1461 2979 5.
1480 2962 1544 2985 seqq.

2107 439 2163 463 Resp.
2176 438 2193 457 2.

2109 765 2180 792 solutio
2193 770 2226 789 op·
2261 760 2263 769 ⁴
2291 778 2293 783 .

2110 790 2220 813 positorum.
