2296 3316
888 154 1129 184 PROLEGOMENA
1151 156 1179 184 C.
1202 156 1219 184 Ι.
1885 161 1930 189 Vll

239 234 308 256 Porro
325 234 387 256 idem
404 234 487 262 allegat
503 234 563 256 duos
579 233 672 256 codices
690 233 784 255 nomine
801 233 976 255 Bonaventurae
993 233 1026 255 in-

175 281 285 310 scriptos,
301 281 453 303 Assisiensem
471 286 543 303 unum
560 283 583 303 et
598 281 730 303 Romanum
746 280 853 302 alterum.
863 291 895 296 —
906 280 939 302 De
950 279 1026 308 primo

175 328 225 357 ipse
248 328 318 351 habet
340 327 470 357 (Prodrom.
487 327 530 350 col.
548 327 589 350 384
610 333 635 349 n.
651 326 698 355 25.)
719 335 731 347 <x
744 326 868 356 Eoepositio
885 326 910 349 in
928 326 1026 350 Cantica

175 375 204 398 D.
220 375 411 398 Bonaventurac.
427 375 489 397 lta—a
506 377 571 402 tergo
588 373 641 397 cod.
658 375 731 397 chart.
748 374 771 396 in
788 373 826 396 i'ol.
843 380 866 396 u.
883 374 905 396 2.
923 374 961 396 Est
977 373 1026 396 sine

175 423 327 452 operimento.
349 423 425 445 Prima
442 422 492 444 eius
509 422 594 450 pagina
612 421 682 444 habet
698 421 887 450 inscriptionem:
909 429 919 441 α
932 421 953 443 S.
966 421 1027 443 loan-

175 470 210 493 nis
227 470 341 492 Eustachii
359 470 540 500 Bonaventurae,
553 468 658 497 episcopi
669 468 806 491 Albanensis
821 470 844 490 et
861 469 884 490 S.
897 468 924 490 R.
936 469 959 490 E.
972 467 1026 491 Car-

175 517 268 545 dinalis,
286 516 437 545 Ductorisque
460 516 578 544 Seraphici
600 515 693 538 Ordinis
710 515 824 538 Minorum
837 524 859 538 n.
877 515 958 543 incipit
975 515 1026 538 Pro-

174 564 294 592 iogus21n
304 563 399 593 speculo
412 562 478 586 brevi
491 564 514 586 et
529 564 619 592 aperto.
636 563 690 585 Post
706 563 832 591 Prologum
849 565 901 585 ante
917 568 1025 585 exorsum

175 611 327 639 Expositionis
348 610 417 639 primi
439 610 520 638 capitis
541 610 666 638 repetitur:
692 611 830 638 «seraphici
852 610 958 633 Doctoris
979 610 1026 633 divi

175 658 263 681 loannis
281 658 395 680 Eustachii
411 658 586 680 Bonaventurae
603 657 706 685 episcopi
723 656 859 680 Albanensis
876 660 896 680 et
915 657 937 679 S.
955 658 982 680 R.
999 658 1024 680 E.

174 703 301 728 Cardinalis
317 704 372 727 Ord.
390 704 516 731 Minorum,
534 704 556 726 in
574 703 693 727 Canticum
711 703 859 727 Canticorum
881 709 927 726 non
949 703 1027 726 minus

174 752 212 781 pia
229 758 300 781 quam
317 752 406 775 erudita
424 751 579 780 interpretatio
591 759 612 773 v.

237 798 415 821 Observandum
433 803 479 826 est,
497 800 556 821 hanc
579 798 766 826 inscriptionem,
788 804 841 820 curn
864 798 1025 834 Bonaventura

173 847 272 870 sanctus
289 846 428 878 nominetuf,
445 848 497 874 post
513 852 601 868 annum
619 845 693 873 -1482,
705 852 752 874 quo
763 851 776 867 a
788 845 850 868 Sixto
862 846 891 868 V.
903 845 961 868 inter
973 845 1026 867 San-

174 895 224 916 ctos
249 893 334 915 relatus
359 896 405 922 est,
423 894 506 916 tactam
523 899 582 915 esse.
599 893 644 915 Sed
662 892 685 914 in
707 892 812 920 catalogo
834 892 955 915 Assisiensi
980 892 1026 914 iam

175 947 211 963 an.
236 940 292 963 =l38i
321 941 424 963 consecto
442 939 492 969 (cfr.
510 942 565 962 tom.
584 939 613 962 V.
630 939 796 967 Prolegomena
817 945 873 967 pag.
891 939 931 961 Lx
948 938 964 961 b
981 938 1025 961 sub

174 994 196 1010 n.
214 987 307 1016 XXiV.)
325 987 407 1010 eadem
420 987 510 1015 postilla
522 986 631 1009 tribuitur
642 986 712 1009 Petro
724 985 821 1009 loannis
834 984 904 1009 Olivi.
916 986 962 1008 Foi.
979 986 1008 1008 89
1019 993 1024 1008 :

177 1043 189 1055 ιι
198 1033 363 1064 Expositiones
372 1040 444 1067 super
454 1033 559 1061 Cantica,
567 1032 755 1056 Lamentationes
764 1032 877 1056 Ieremiae
886 1032 1025 1062 Prophetae,

174 1081 291 1112 Requlam
303 1081 365 1105 beati
375 1080 506 1109 Francisci,
515 1083 538 1103 et
546 1080 622 1110 aliqua
635 1081 677 1103 alia
689 1076 790 1109 Magistri
801 1080 861 1107 Petri
873 1081 962 1103 loannis
971 1086 1025 1103 curn

175 1128 281 1157 postibus
292 1129 317 1151 in
328 1135 403 1157 parvo
421 1128 553 1156 volumine,
566 1128 632 1150 cuius
644 1127 800 1156 principium:
816 1128 843 1150 ln
854 1126 949 1157 speculo
962 1126 1028 1150 brevi

176 1178 197 1200 et
205 1177 288 1206 aperto
300 1175 416 1206 inspicere
427 1175 574 1204 rolentibus;
586 1175 637 1197 finis
649 1181 718 1198 vero:
730 1176 752 1198 et
760 1174 879 1205 potentiae
891 1174 1025 1198 consimiles

175 1223 331 1257 occultatione
347 1223 403 1253 fidei
417 1224 515 1246 nostrae
527 1231 538 1242 n
559 1222 690 1251 (Prodrom.
706 1222 749 1245 col.
767 1222 830 1250 379).
854 1223 918 1251 Quae
940 1221 1025 1251 verba,

151 1266 154 1268 ’
175 1273 201 1294 ιιι
211 1273 272 1293 recte
284 1270 371 1293 iudicat
383 1270 490 1292 Sbaralea
504 1270 555 1299 (loc.
567 1270 605 1292 cit.
616 1275 671 1297 pag.
681 1269 726 1291 -164
736 1269 767 1298 a),
776 1269 832 1292 satis
843 1269 952 1298 indicant,
964 1269 1025 1292 iliam

175 1319 288 1347 postillam
310 1317 405 1341 attribui
426 1318 493 1340 Petro
515 1316 613 1340 loannis.
630 1317 699 1339 Aliter
716 1319 794 1339 censet
816 1317 915 1351 bonelli,
932 1317 985 1345 qui,
1001 1321 1026 1339 ut

176 1367 220 1388 hoc
241 1365 337 1393 catalogi
360 1365 518 1387 testimonium
536 1363 624 1392 eludat,
642 1363 759 1391 adiungit:
780 1372 791 1383 u
803 1363 899 1386 Praesati
916 1363 1029 1393 Mayism·

176 1411 242 1435 Petri
257 1411 369 1435 Iohannis
392 1412 490 1434 dicenda
512 1411 607 1440 quidem
630 1409 713 1440 aliqua
734 1409 796 1438 alia,
814 1411 949 1440 neutiquam
970 1416 1027 1433 vero

176 1458 342 1488 Empositiones
360 1458 425 1486 prius
442 1455 673 1480 commemoratae».
690 1457 752 1479 idem
771 1457 844 1479 fusius
866 1457 949 1485 repetit
970 1457 1026 1479 ibid.

176 1505 219 1528 col.
235 1505 290 1528 731.
307 1517 337 1521 -
354 1505 399 1527 Sed
417 1506 474 1527 haec
490 1504 649 1532 interpretatio
665 1503 720 1526 satis
736 1503 835 1526 violenta
851 1506 897 1531 est,
909 1510 963 1527 cum
976 1506 1028 1532 post

176 1559 261 1576 nomen
277 1552 391 1582 Maqistri
410 1551 476 1575 Petri
491 1551 587 1575 loannis
604 1550 689 1578 verba,
712 1557 773 1580 quae
795 1554 936 1580 sequuntur:
959 1550 1027 1575 cuias

172 1599 321 1630 principium
339 1602 395 1627 etc.,
413 1600 541 1622 reserantur
553 1599 582 1621 ad
595 1599 697 1627 primum
715 1604 787 1626 opus:
804 1598 972 1628 Expositiones
984 1601 1028 1621 etc.

177 1647 236 1676 Quia
248 1647 318 1675 igitur
331 1647 392 1670 idem
405 1653 465 1675 opus
477 1649 499 1669 et
511 1646 615 1668 eiusdem
633 1645 786 1668 bibliothecae
798 1651 834 1668 an.
848 1646 904 1668 ‘1384
921 1641 1029 1668 tribuitur

179 1694 268 1717 auctori
284 1694 351 1716 Petro
374 1694 475 1722 loannis,
499 1693 616 1721 inscriptio
634 1692 677 1714 alia
693 1693 718 1714 in
735 1692 781 1715 fine
798 1693 883 1715 saeculi
900 1693 960 1719 XV„
971 1694 1028 1715 sacta

175 1741 258 1764 nullius
274 1743 309 1763 est
325 1741 474 1763 auctoritatis.

238 1788 272 1811 De
289 1788 391 1811 secundo
409 1788 490 1811 codice
506 1787 617 1810 Vaticano
634 1786 734 1809 membr.
754 1786 778 1808 in
801 1787 838 1809 soi.
860 1787 953 1809 miscell.
976 1787 1028 1809 cod.

177 1835 231 1858 918.
248 1835 270 1863 (a
282 1841 336 1864 pag.
354 1835 435 1864 ‹at-711)
455 1835 477 1857 in
495 1835 578 1857 eodem
596 1834 724 1856 Prodromo
742 1834 793 1862 (coi,
812 1833 856 1856 453
874 1840 896 1856 n.
914 1835 945 1862 2.)
959 1833 1030 1856 habe-

177 1885 227 1905 tur:
246 1891 257 1903 ιι
270 1882 369 1906 Postilla
382 1882 407 1905 in
420 1881 518 1906 Cantica
530 1881 692 1905 Canticorum.
704 1881 796 1908 incipit:
809 1881 837 1903 ln
848 1881 944 1910 speculo
957 1880 1028 1904 ln'evi.

177 1930 201 1952 ln
217 1929 275 1952 ane:
292 1929 397 1959 Empticit
419 1928 518 1952 Postilla
540 1935 612 1958 super
634 1928 732 1951 Cantica
755 1927 910 1951 Canticoram
933 1927 1028 1951 Fratris

176 1977 368 2000 Bonavemwne.
386 1977 469 1999 Amen.
485 1977 568 1999 Amen.
585 1975 693 1998 Eiusdem
710 1975 738 1998 D.
750 1976 933 1998 Bonaventurae
943 1981 1029 1997 nomen

179 2023 276 2047 habetur
287 2030 383 2053 quoque
394 2024 416 2046 in
429 2024 504 2052 capite
521 2023 682 2050 Praelationis,
699 2022 741 2045 sed
757 2023 843 2045 recenti
861 2024 993 2045 charactere
1005 2031 1027 2045 ».

178 2070 233 2093 Fide
245 2070 349 2093 eiusdem
362 2071 449 2093 codicis
461 2070 545 2093 Bened.
557 2070 642 2092 Bonelii
659 2069 731 2092 edidit
742 2071 791 2092 tum
804 2070 862 2091 hanc
874 2069 896 2091 in
909 2068 1028 2091 Canticum

179 2117 362 2146 Expositionem,
387 2120 436 2140 tum
453 2118 558 2146 quinque
574 2117 686 2145 opuscula
712 2116 768 2139 infra
795 2116 809 2144 S
832 2117 854 2139 8.
875 2116 1029 2144 recensenda,

179 2167 228 2187 tum
246 2164 444 2187 Commentariun]
464 2165 486 2187 in
504 2164 668 2193 Apocalypsim
686 2163 708 2193 (S
726 2164 764 2192 9.).
785 2164 851 2186 Unde
873 2169 959 2191 operae
980 2169 1030 2192 pre-

179 2212 236 2234 tium
254 2214 288 2234 est
304 2212 471 2234 accuratiorem
489 2212 558 2234 totius
574 2211 643 2234 huius
660 2211 746 2233 codicis
762 2210 942 2238 descriptionem
960 2216 972 2232 a
990 2211 1030 2233 Bo-

179 2258 231 2281 nelli
249 2259 332 2281 saetam
349 2261 371 2281 et
387 2264 399 2280 a
417 2259 441 2280 P.
457 2258 534 2281 Fidele
551 2264 563 2280 a
581 2258 656 2280 Fanna
675 2257 725 2286 (qui
741 2257 842 2280 eundern
860 2257 952 2279 saeculo
969 2257 1030 2280 XIV.

179 2305 341 2334 adiudicavit),
359 2305 511 2334 approbatam
530 2307 573 2328 hoc
589 2306 639 2328 loco
656 2304 792 2328 exscribere.

245 2353 265 2375 i.
285 2362 296 2373 «ι
307 2353 417 2377 Postillae
436 2354 615 2376 Bonarentarae
631 2359 703 2382 super
720 2352 887 2376 Ecclesiasten.
903 2353 934 2375 lta
951 2353 1030 2375 litteris

182 2399 266 2423 rubris.
285 2401 417 2429 Incipiunt:
439 2401 526 2424 Beatus
548 2400 593 2428 vir,
616 2399 685 2423 caius
701 2401 735 2423 est
751 2405 838 2423 nomen
860 2398 957 2422 Domini
977 2405 1030 2429 spes

181 2447 238 2471 eius.
261 2448 297 2470 Ad
313 2448 400 2470 calcem
417 2448 484 2476 nigro
502 2449 645 2471 charactere:
669 2447 796 2475 Expliciunt
821 2446 925 2469 Postillae
946 2446 1030 2468 Fratris

181 2495 356 2517 Bonaventurac
373 2495 466 2518 Ordinis
477 2495 590 2517 lliinorum
607 2501 678 2522 super
695 2494 853 2517 Ecclesiasten.
871 2494 945 2516 Tum:
963 2493 1030 2516 Dicas

182 2548 255 2565 unum
278 2543 327 2565 Ave
350 2542 431 2569 Maria,
449 2545 471 2564 et
493 2548 565 2564 unum
583 2542 648 2564 Pater
665 2544 743 2564 noster
767 2547 810 2569 pro
835 2541 911 2563 anima
929 2541 953 2563 F.
969 2541 1031 2563 Tho-

182 2595 247 2616 mae,
272 2589 312 2618 qui
337 2590 398 2612 hunc
420 2588 504 2611 librum
527 2589 631 2617 scripsit,
656 2595 699 2617 pro
723 2588 827 2611 remedio
852 2588 943 2610 animae
966 2593 1030 2610 suae.

182 2635 260 2658 Dein:
285 2636 328 2658 lste
353 2635 410 2658 liber
433 2637 468 2658 est
492 2636 621 2658 Monasterii
647 2637 671 2658 S.
692 2635 782 2658 loannis
805 2636 828 2658 in
851 2636 917 2663 Seyts
939 2634 1031 2657 Ordinis

183 2681 358 2705 Carthusiensis.
387 2682 506 2706 Habentur
530 2689 542 2705 a
568 2689 622 2711 pag.
649 2683 657 2705 i
688 2689 763 2712 usque
786 2683 816 2705 ad
843 2682 872 2705 59
897 2682 951 2705 cod.
976 2682 1031 2704 918.

183 2728 282 2752 membr.
300 2729 322 2752 in
340 2730 378 2752 sol.
392 2739 414 2752 n.

247 2776 268 2798 2.
291 2784 303 2796 α
315 2776 414 2799 Postilla
434 2775 459 2799 in
479 2775 576 2799 Cantica
596 2775 758 2799 Canticorum.
777 2776 872 2804 incipit:
892 2776 920 2798 In
935 2775 1030 2805 speculo

185 2822 256 2846 brevi.
268 2823 290 2845 in
302 2823 359 2846 flne:
372 2822 476 2852 Eoeplicit
487 2822 586 2846 Postilla
602 2829 674 2852 snper
692 2822 790 2846 Cantica
808 2822 961 2846 Canticorum
973 2822 1031 2846 Fra-

184 2869 228 2893 tris
246 2870 434 2894 Bonanenturae.
445 2870 527 2893 Amen.
540 2871 623 2893 Amen.
634 2870 742 2893 Eiusdem
754 2870 783 2893 D.
793 2870 976 2893 Bonaventarae
992 2875 1031 2892 no-

184 2923 239 2939 men
255 2916 352 2940 habetur
369 2923 464 2946 quoque
480 2917 504 2939 in
521 2916 596 2945 capite
613 2917 773 2945 Praefationis,
789 2912 831 2940 se'd
847 2917 934 2940 recenti
951 2918 1031 2939 chara-

184 2967 253 2987 ctere.
272 2965 348 2987 Exstat
364 2964 387 2987 in
404 2964 486 2987 eodem
504 2964 556 2987 cod.
573 2964 626 2987 918.
644 2970 657 2987 a
674 2970 728 2993 pag.
745 2965 770 2986 6¹1
792 2965 822 2988 ad
839 2964 864 2987 7⁴
881 2972 903 2987 ιι.

1147 234 1168 256 3.
1188 243 1199 254 ιι
1211 235 1235 256 ln
1251 234 1308 257 illud
1325 235 1489 264 Apocalypsis:
1511 236 1563 259 Vidi
1574 236 1598 259 in
1609 236 1708 260 (temera
1719 237 1827 262 sedentis.
1839 239 1929 267 incipit:

1084 278 1251 303 Consideranti
1265 280 1332 303 milti.
1349 281 1367 303 A
1384 288 1438 310 pag.
1456 282 1481 304 71
1504 282 1533 305 ad
1549 282 1580 305 74
1598 284 1719 306 memorati
1735 284 1789 307 cod.
1805 285 1849 306 9¹18
1862 293 1884 307 υ.

1148 325 1169 348 4.
1184 335 1194 347 ‹
1208 327 1283 355 Super
1293 327 1348 350 illud
1360 328 1511 357 Apocalypsis
1523 332 1618 359 quarto:
1637 330 1746 358 Quatuor
1757 331 1873 355 animalia
1885 331 1930 355 sin-

1083 372 1142 402 yula
1164 379 1247 396 eorum
1269 373 1387 398 habebant
1405 375 1458 399 alas
1475 382 1553 399 senas.
1571 377 1665 405 incipit:
1682 377 1894 408 Superineffabilis.
1912 379 1930 401 A

1083 424 1139 446 pag.
1154 418 1226 441 74-79
1243 421 1340 447 praefati
1356 421 1408 443 cod.
1425 422 1471 443 918
1486 429 1506 444 n.

1147 467 1169 489 5.
1189 476 1200 487 ιι
1212 467 1310 490 ln-iilud
1326 468 1450 491 Ezechielis
1467 469 1572 491 decimo:
1591 469 1716 499 lnyi‘edere
1733 470 1756 493 in
1773 470 1849 494 medio
1866 473 1930 494 rota-

1082 519 1147 536 rum.
1165 514 1260 542 incipit:
1281 514 1469 544 scripturarum
1490 517 1633 539 sanctarum
1652 516 1761 546 pelayns.
1781 518 1800 539 A
1821 523 1876 546 pag.
1900 518 1944 540 79·

1083 561 1114 584 ad
1131 561 1160 583 83
1178 561 1289 589 praedicti
1307 562 1359 584 cod.
1376 562 1421 584 918
1435 571 1456 584 n.

1147 609 1170 631 6.
1191 617 1200 629 α
1214 609 1237 631 in
1255 609 1309 631 illud
1327 609 1410 631 Psalmi
1428 610 1502 632 XLV:
1524 610 1609 633 Vacate
1625 612 1647 633 et
1662 609 1741 633 ridete.
1754 611 1848 639 incipit:
1865 610 1932 634 Sicut

1083 655 1144 679 inter
1161 656 1252 679 onznia.
1268 656 1286 678 A
1305 662 1359 684 pag.
1377 657 1406 679 83
1424 657 1454 679 ad
1471 657 1500 679 86
1518 657 1623 679 eiusdem
1640 657 1691 680 cod.
1708 658 1754 680 918
1766 666 1789 680 n.

1146 703 1170 725 7.
1190 711 1200 723 α
1213 704 1246 726 lo.
1264 703 1389 726 Eustachii
1404 704 1588 727 Bonaventurae
1604 703 1629 727 in
1646 704 1826 734 Amcalypsim,
1847 705 1931 727 recenti

1083 751 1223 773 charactere.
1246 750 1341 779 lncipit:
1363 750 1530 775 Praemittitur
1550 753 1630 775 antem
1652 751 1707 775 huic
1724 751 1783 774 liin-o
1806 751 1931 781 Proloqus.
1964 778 1966 782 ⁸

1083 798 1107 820 in
1124 797 1170 819 fine
1186 798 1266 820 litteris
1282 797 1396 820 similibus
1412 798 1468 825 illis,
1494 797 1581 827 quibus
1602 804 1662 826 opus
1686 801 1804 820 exaratum
1827 801 1873 820 est:
1894 799 1932 821 Ex-

1083 845 1147 873 plicit
1163 845 1252 867 Postilla
1269 851 1340 873 super
1357 845 1521 874 Apocalypsim
1540 846 1629 868 loannis
1646 846 1761 873 Apostoli,
1778 845 1826 868 Deo
1838 846 1931 873 gratias.

1082 891 1170 918 Amen,
1186 892 1248 914 edita
1264 898 1277 914 a
1294 891 1421 914 venerabili
1438 892 1537 915 Doctore
1558 892 1636 914 Fratre
1658 892 1819 914 Bonaventura
1841 891 1933 915 Ordinis

1083 938 1206 961 Minorum.
1223 939 1241 961 A
1258 944 1314 967 pag.
1331 939 1360 961 86
1378 939 1487 967 usquein
1499 939 1570 961 finem
1582 945 1651 967 saepe
1669 939 1761 961 indicati
1778 939 1864 962 codicis
1879 940 1933 962 918.

1082 985 1165 1007 Omnia
1182 986 1228 1007 huc
1250 991 1325 1014 usque
1346 984 1459 1007 recensita
1480 990 1551 1012 opera
1574 984 1696 1012 seraphico
1718 984 1810 1007 Doctori
1831 984 1933 1006 attribuit

1082 1031 1187 1054 eruditus
1203 1031 1240 1054 ille
1256 1038 1400 1059 anonymus,
1417 1031 1458 1060 qui
1469 1031 1574 1059 proxime
1585 1031 1663 1059 elapso
1675 1031 1767 1053 saeculo
1778 1030 1932 1053 Inveniat-ium

1082 1079 1191 1101 codicum
1208 1084 1264 1101 mss.
1280 1078 1350 1101 huius
1368 1079 1491 1101 Vaticanae
1508 1078 1660 1101 bibliothecae
1676 1078 1816 1100 lucubravit.
1835 1078 1860 1100 in
1876 1084 1934 1100 mar-

1083 1126 1136 1154 gIne
1152 1126 1257 1148 eiusdem
1274 1126 1397 1148 inventarii
1414 1132 1427 1148 e
1443 1126 1539 1153 regione
1556 1126 1660 1154 opusculi
1678 1125 1743 1148 tertio
1760 1125 1810 1148 loco
1827 1125 1891 1147 relati
1906 1131 1932 1148 ac

1082 1174 1225 1202 incipientis:
1248 1173 1426 1201 Consideranti,
1447 1173 1544 1196 habetur
1570 1175 1626 1196 haec
1651 1176 1717 1196 nota:
1735 1174 1758 1195 iu
1775 1174 1819 1196 hoc
1835 1176 1933 1196 tractatu

1083 1225 1105 1244 et
1123 1219 1200 1244 tribus
1214 1221 1366 1250 sequentibus
1383 1222 1477 1251 (nempe
1493 1222 1611 1244 recensitis
1628 1228 1651 1244 n.
1669 1221 1690 1243 4.
1707 1222 1729 1244 5.
1746 1224 1768 1244 et
1784 1222 1816 1250 6,)
1834 1227 1879 1243 non
1899 1224 1933 1244 est

1083 1274 1168 1291 nomen
1186 1269 1375 1297 Bonaventurae,
1392 1268 1433 1291 sed
1450 1270 1475 1290 ut
1491 1275 1518 1291 ex
1536 1268 1585 1291 eius
1602 1269 1683 1291 ordine
1694 1272 1716 1291 et
1727 1271 1839 1291 structura
1851 1268 1934 1296 digno-

1083 1315 1162 1342 scitur,
1178 1321 1226 1337 non
1248 1318 1345 1343 possunt
1366 1321 1417 1338 esse
1433 1315 1477 1337 nisi
1495 1316 1678 1337 Bonaventurae.
1696 1315 1781 1337 Videas
1798 1317 1888 1341 tamen,
1905 1320 1934 1337 an

1083 1362 1128 1385 sint
1144 1368 1276 1389 sermones,
1294 1362 1330 1384 vel
1347 1368 1395 1384 non
1411 1362 1467 1389 sint,
1485 1362 1509 1384 in
1525 1362 1646 1385 Prooemio
1662 1362 1780 1391 sequentis
1796 1362 1899 1384 Postillae
1911 1362 1934 1384 in

1084 1409 1247 1437 Apocalypsin]
1259 1417 1281 1431 n.

1147 1457 1280 1483 Praeterea,
1289 1456 1456 1479 attendendum
1468 1458 1515 1483 est,
1527 1455 1671 1484 praedictum
1682 1456 1787 1478 codicem
1798 1455 1933 1478 Vaticanum

1084 1506 1233 1531 compactum
1250 1507 1302 1526 esse
1318 1509 1345 1526 ex
1367 1499 1526 1526 voluminibus
1548 1503 1656 1531 primitus
1677 1503 1801 1531 separatis,
1823 1502 1934 1530 primum-

1085 1557 1131 1579 que
1148 1551 1352 1581 opusculumsive
1369 1550 1496 1579 genuinum
1515 1551 1538 1572 S.
1552 1544 1726 1572 bonaventurae
1737 1549 1933 1573 Commentarium

1083 1598 1107 1620 in
1125 1598 1275 1621 Ecclesiasten
1292 1598 1322 1620 ab
1339 1598 1381 1621 alia
1398 1605 1469 1621 manu
1487 1604 1537 1621 esse
1554 1598 1678 1626 scriptum3
1690 1598 1753 1626 quod
1765 1599 1856 1626 praeter
1867 1597 1892 1619 P.
1902 1596 1935 1619 Fi·

1085 1645 1161 1667 delem
1178 1652 1191 1667 a
1208 1646 1285 1668 Fanna
1302 1645 1436 1668 observavit
1453 1646 1502 1673 ipse
1519 1645 1604 1668 Bonclli
1621 1645 1711 1673 (Prodr.
1727 1645 1769 1667 col.
1788 1644 1832 1667 653
1850 1650 1873 1666 n.
1890 1643 1934 1672 9.),

1085 1693 1125 1721 qui
1137 1693 1299 1721 prosequitur:
1314 1702 1325 1713 a
1337 1693 1362 1715 id
1379 1693 1454 1721 ipsum
1467 1692 1565 1715 suadent
1577 1692 1716 1720 paginarum
1729 1692 1935 1720 characterumque

1086 1740 1234 1768 inaequalitas
1251 1742 1274 1762 et
1290 1740 1426 1769 antiquitas,
1444 1742 1494 1765 tum
1510 1740 1655 1762 accessiones
1677 1745 1792 1761 novorum
1814 1738 1934 1766 codicum,

1086 1788 1116 1809 de
1132 1782 1219 1816 quibus
1236 1787 1258 1809 in
1275 1794 1348 1810 unum
1360 1787 1487 1815 compactis
1499 1786 1596 1810 dubium
1609 1793 1655 1809 non
1667 1789 1701 1809 cst
1713 1786 1809 1811 editioni
1818 1787 1934 1814 praefatae

1087 1833 1229 1864 [vaticanae]
1247 1831 1399 1862 successisse;
1416 1840 1443 1856 ac
1459 1834 1569 1861 demum,
1586 1834 1639 1862 quia
1656 1833 1679 1855 in
1690 1833 1736 1855 fine
1751 1832 1900 1861 expositionis
1910 1833 1934 1855 in

1086 1882 1236 1904 Ecclesiasten
1244 1900 1249 1910 ‚
1261 1888 1322 1910 quae
1334 1882 1357 1903 in
1369 1882 1431 1904 dicto
1443 1881 1522 1904 codice
1534 1887 1558 1903 se
1571 1881 1646 1909 primo
1663 1881 1741 1909 offert,
1758 1879 1877 1902 subditur:
1890 1880 1934 1903 Iste

1087 1928 1144 1952 liber
1161 1930 1195 1952 est
1211 1928 1351 1952 monasterii
1361 1928 1439 1952 sancti
1449 1927 1546 1959 Ioannis
1563 1927 1588 1951 in
1599 1927 1659 1951 Seits
1673 1926 1770 1950 Ordinis
1783 1926 1935 1950 Cartltusien-

1086 1976 1134 2004 sis,-
1151 1976 1215 2005 quod
1232 1976 1312 2004 procul
1330 1975 1401 1998 dubio
1418 1976 1441 1998 in
1459 1974 1528 1998 linem
1540 1976 1610 1998 totius
1621 1975 1708 1997 codicis
1725 1975 1803 1997 ruisset
1820 1974 1943 2003 posituni,›

1086 2025 1105 2046 si
1122 2030 1203 2046 omnes
1225 2024 1275 2046 illae
1296 2023 1452 2051 expositiones
1469 2023 1498 2045 ad
1515 2023 1616 2045 eundem
1638 2022 1742 2045 codicem
1759 2024 1901 2050 spectassent
1913 2030 1934 2043 ν.

1086 2071 1210 2098 Propterea
1228 2070 1374 2092 manifestum
1392 2072 1438 2096 est,
1461 2070 1515 2091 nihil
1538 2069 1649 2097 prodesse
1671 2068 1773 2096 opinioni
1791 2068 1934 2096 praedictae,

1087 2117 1151 2146 quod
1170 2117 1271 2145 primum
1290 2116 1359 2139 huius
1376 2116 1462 2139 codicis
1479 2116 1617 2144 opusculum
1635 2115 1664 2138 sit
1679 2118 1742 2138 certo
1759 2115 1895 2143 genuinum.

1150 2163 1254 2192 Denique
1270 2165 1390 2190 notamus,
1407 2162 1575 2193 apoqrapltnm
1593 2163 1664 2191 partis
1681 2162 1749 2185 huius
1766 2162 1852 2185 codicis
1873 2167 1934 2184 saec.

1087 2210 1147 2233 XVl.
1164 2211 1276 2239 scriptum
1294 2213 1382 2233 exstare
1394 2210 1416 2232 in
1429 2210 1510 2232 cadem
1527 2209 1664 2232 bibliotheca
1678 2210 1788 2232 Vaticana
1804 2209 1855 2231 cod.
1868 2208 1935 2231 6066.

1087 2258 1117 2280 ita
1139 2258 1292 2285 inscriptum:
1315 2257 1441 2287 Serapltici
1461 2256 1569 2280 Doctoris
1591 2257 1619 2279 D.
1642 2257 1823 2280 Bonarenturae
1845 2255 1935 2279 ordinis

1086 2305 1210 2329 Minor-um
1233 2304 1258 2328 in
1276 2304 1401 2328 Canticum
1418 2304 1574 2328 Canticorum
1590 2305 1612 2327 et
1628 2303 1653 2327 in
1670 2303 1842 2333 Apocalypsin,
1859 2309 1890 2326 ezr
1907 2302 1936 2325 bi-

1088 2351 1201 2375 bliotheca
1221 2352 1342 2375 Vaticana.
1359 2353 1417 2374 infra
1429 2352 1471 2374 alia
1484 2357 1566 2374 manus
1577 2351 1677 2374 notavit:
1692 2360 1703 2371 α
1713 2350 1855 2373 Crediderim
1867 2350 1936 2372 luisse

1087 2400 1238 2428 transcriptus
1254 2405 1310 2422 cura
1328 2400 1352 2422 P.
1369 2399 1469 2427 Magistri
1487 2399 1593 2421 Bassucci
1610 2398 1692 2421 Veneti
1710 2398 1815 2420 eiusdem
1832 2397 1936 2424 Ordinis,

1087 2447 1139 2469 licet
1155 2447 1206 2469 eius
1221 2453 1307 2469 nomen
1324 2447 1392 2469 suerit
1409 2446 1517 2477 deletum.
1533 2446 1592 2468 Felix
1609 2445 1764 2473 Conteiorius,
1776 2444 1880 2467 biblioth.
1892 2440 1937 2466 Va-

1087 2495 1179 2517 ticanae
1193 2496 1270 2517 custos
1283 2503 1304 2516 n.
1317 2506 1348 2511 -—
1360 2494 1439 2521 incipit
1457 2494 1493 2515 sol.
1506 2494 1528 2515 2.
1540 2500 1576 2515 v.:
1589 2493 1616 2515 ln
1627 2492 1721 2522 speculo
1734 2491 1799 2515 brevi
1809 2494 1864 2519 etc.;
1877 2491 1936 2513 desi-

1087 2542 1120 2564 nit
1137 2542 1175 2565 sol.
1193 2542 1237 2563 loo
1254 2547 1289 2564 v.:
1307 2540 1413 2571 Explicit
1426 2527 1523 2571 postilla
1546 2546 1618 2570 super
1636 2539 1760 2563 Canticum
1783 2538 1934 2562 Canticorum

1086 2588 1206 2618 seraphici
1221 2588 1330 2612 Doctoris
1342 2589 1369 2611 D.
1386 2589 1574 2611 Bonaventm-ae.
1592 2586 1680 2609 Deinde
1696 2586 1800 2614 sequitur
1816 2584 1937 2608 Commen-

1088 2636 1159 2658 tarius
1176 2636 1199 2658 in
1216 2635 1394 2664 Apoca1ypsim,
1411 2635 1441 2657 (le
1457 2641 1504 2663 quo
1522 2634 1587 2656 infra.
1604 2646 1635 2650 —
1651 2633 1700 2655 Hoc
1716 2632 1880 2660 apographum
1897 2636 1935 2658 po·

1087 2682 1189 2704 sterioris
1207 2682 1318 2710 temporis
1335 2687 1380 2703 non
1399 2679 1468 2703 habet
1485 2686 1526 2708 per
1543 2686 1567 2702 se
1585 2680 1653 2702 uliam
1671 2678 1837 2701 auctoritatem.

1151 2729 1242 2751 Praeter
1258 2728 1347 2756 primos
1364 2727 1423 2750 duos
1440 2727 1532 2750 codices
1549 2726 1633 2749 Bonelii
1650 2726 1754 2748 nominat
1765 2723 1882 2753 quendam
1894 2724 1936 2745 An-

1088 2776 1217 2804 glicanum,
1237 2784 1248 2795 tx
1261 2776 1328 2798 cuius
1344 2775 1435 2797 initium
1454 2775 1496 2803 ipsi
1519 2776 1568 2796 erat
1592 2774 1697 2801 ignotum
1714 2781 1736 2799 π,
1760 2771 1877 2799 aliumque
1899 2771 1936 2792 Pa·

1087 2823 1206 2850 tavinum,
1223 2823 1264 2845 sed
1281 2822 1382 2845 auctoris
1399 2822 1493 2844 nomine
1509 2821 1656 2848 destitutum,
1674 2825 1744 2849 quem
1767 2824 1820 2841 cum
1843 2817 1936 2840 duobus

1088 2870 1133 2892 iam
1150 2870 1274 2892 nominatis
1290 2870 1341 2897 ipse
1357 2868 1460 2892 contulit.

1150 2917 1180 2939 Ex
1197 2916 1321 2944 praedictis
1338 2918 1412 2944 patet,
1429 2916 1500 2938 soiius
1516 2914 1602 2937 codicis
1614 2913 1713 2936 Romani
1724 2912 1881 2935 auctoritatem
1894 2916 1936 2938 pro

1087 2963 1208 2991 hypothesi
1230 2962 1347 2985 Benedicti
1370 2961 1455 2985 Boneili
1472 2960 1571 2984 notabile
1588 2959 1744 2983 testimonium
1767 2957 1873 2981 reddere.
1894 2956 1936 2978 Ve-
