2296 3316
357 177 395 204 80
944 173 1113 201 COMMENT.
1137 173 1168 201 IN
1191 172 1427 201 ECCLESIAS'I’EN
1448 172 1475 201 C.
1499 172 1529 200 X.

357 253 571 282 Proverbiorum
594 252 690 281 tertio:
717 264 731 277 «ι
746 251 898 288 Longitudo
918 251 1028 280 dierum
1043 251 1070 280 in
1092 251 1209 280 dextera

358 300 433 333 eius,
456 300 483 327 in
505 299 616 327 sinistra
637 299 711 328 illius
732 298 842 328 divitiae
864 301 891 327 et
911 298 999 336 gloria
1013 310 1040 326 »,
1056 298 1121 327 Vult
1142 306 1208 335 ergo

357 347 464 381 dicere,
486 346 560 384 quod
581 346 718 383 sapientes
739 346 860 383 cogitant
880 345 952 374 hona
978 348 1091 374 aeterna
1111 348 1138 374 et
1160 353 1208 374 cu-

358 394 454 430 piunt,
476 397 503 422 et
524 393 600 422 stulti
617 393 794 430 temporalia;
816 392 919 421 Cantici
941 392 1078 422 secundo:
1096 393 1208 421 «Laeva

358 440 419 468 eius
441 440 493 468 sub
514 440 602 476 capite
630 447 707 473 meO,
736 442 763 468 et
790 439 907 468 dextera
935 440 1009 468 illius
1036 439 1208 476 amplexabi-

359 491 405 516 tur
427 495 471 516 me
486 499 512 515 u.
535 487 640 523 Cogitat
661 487 746 523 igitur
767 486 871 515 stultus
896 495 966 515 vana
994 490 1020 515 et
1048 486 1134 515 nescit
1158 486 1207 514 ali-

358 543 414 572 quo
436 534 516 563 modo
538 534 734 563 considerare¹
756 534 891 568 discreta,
913 541 963 562 nec
994 534 1022 562 in
1051 541 1079 562 se
1108 541 1157 561 nec
1180 533 1207 561 in

358 582 435 615 aliis,
458 581 533 618 quod
554 584 595 609 est
610 581 700 609 majus
715 581 918 610 inconveniens.
942 580 1003 609 Ideo
1024 580 1129 609 subdit:
1152 580 1208 609 Sed

358 633 383 658 et
412 629 441 657 in
469 628 519 657 via
546 628 653 656 stultas
680 627 855 662 cwnbulans,
885 628 912 656 in
941 628 985 656 via
1013 627 1116 656 scilicet
1143 627 1207 660 illa,

358 684 429 713 quae
451 676 561 705 videtur
583 675 633 704 sibi
656 675 740 710 bona3
770 675 983 704 Proverbiorum
1005 674 1206 703 duodecimo2:

363 735 375 748 «
391 723 439 751 Via
460 722 537 751 stulti
560 725 635 752 recta
656 723 683 751 in
705 722 793 751 oculis
813 722 911 751 eius».
936 721 1010 750 Cum
1030 721 1068 749 sit
1089 721 1149 758 ipse
1163 721 1208 749 in-

357 770 482 807 sapiens,
504 769 530 798 id
562 773 620 804 est,
642 777 706 798 cum
735 769 895 806 insipienter
923 768 1061 802 ambulet,
1083 768 1149 804 quia
1180 767 1207 796 in

358 816 493 851 tenebris;
515 824 601 854 supra
623 816 758 846 secundo:
786 828 799 841 «ι
814 816 922 844 Stultus
950 815 977 843 in
1006 814 1128 843 tenebris
1149 822 1208 842 am-

358 863 435 892 bulat
450 875 477 892 ».
503 864 607 892 Omnes
632 863 735 892 stultos
760 863 912 896 aestimat,
944 862 1017 891 unde
1046 861 1208 890 Proverbio-

359 918 422 939 rum
444 910 576 947 vigesimo
598 914 690 939 sexto:
718 922 731 935 ct
746 909 900 947 Sapientior
925 909 977 937 sibi
999 908 1109 937 videtur
1130 908 1208 945 piger

359 961 463 994 septem
486 957 553 985 viris
575 957 753 994 loquentibus
773 956 922 985 sententias
937 968 963 983 υ.

711 1051 771 1087 Qua
776 1058 858 1079 serlo.

437 1145 533 1174 Incidit
553 1145 598 1174 hic
619 1145 745 1182 quaestio
765 1144 799 1173 de
820 1144 872 1173 hoc
893 1144 967 1182 quod
982 1144 1086 1173 dicitss:
1102 1144 1161 1180 Qui
1178 1144 1210 1172 in

359 1201 417 1221 uno
435 1193 598 1230 peccaverit
619 1195 670 1221 etc.

442 1242 463 1268 l.
486 1240 511 1268 Si
527 1240 600 1268 enim
615 1240 689 1268 Deus
704 1247 813 1276 semper
829 1239 909 1276 punit
923 1239 993 1268 citra
1008 1239 1173 1276 condignum
1187 1239 1208 1273 ⁴,

223 1292 342 1334 Adtopposi·
358 1295 424 1324 ergo
446 1287 493 1324 qui
515 1290 610 1324 peccat
630 1287 658 1315 in
680 1295 737 1315 uno
752 1294 806 1314 non
821 1286 903 1315 debet
918 1286 1011 1323 puniri
1026 1286 1077 1315 nisi
1094 1286 1121 1314 in
1136 1294 1208 1314 uno:

267 1322 304 1334 Μ’
358 1342 424 1371 ergo
445 1342 499 1362 non
520 1334 602 1363 debet
622 1334 738 1371 perdere
758 1333 860 1367 multa,
882 1333 929 1362 sed
951 1341 1048 1361 unum.

437 1382 463 1410 Ξ.
486 1381 567 1415 Item,
589 1389 625 1410 ex
647 1381 699 1409 hoc
721 1380 847 1415 videtur,
870 1380 944 1418 quod
966 1380 1000 1409 sit
1022 1380 1159 1409 connexio
1181 1380 1207 1408 in

358 1428 447 1462 vitiis,
469 1428 541 1457 sicut
563 1428 590 1456 in
612 1427 800 1461 virtutibus⁵;
822 1427 902 1465 quia,
924 1427 945 1456 si
969 1427 1067 1455 vitium
1088 1430 1130 1455 est
1151 1426 1208 1464 pri-

358 1476 431 1504 vatio
446 1475 526 1509 boni,
541 1483 608 1512 ergo
623 1475 645 1504 si
660 1484 716 1503 uno
731 1477 842 1512 peccato
856 1475 1004 1511 privantur
1022 1473 1111 1502 multa
1124 1474 1207 1507 bona,

358 1530 424 1560 ergo
452 1530 508 1551 uno
537 1525 648 1559 peccato
676 1522 795 1551 incurrit
823 1522 905 1550 homo
934 1522 1022 1550 multa
1050 1521 1135 1555 vitia;
1160 1520 1208 1549 sed

358 1570 411 1598 hoc
442 1578 497 1598 non
528 1573 569 1598 est
590 1569 647 1598 nisi·
663 1577 712 1606 per
741 1569 958 1597 connexionem:
980 1576 1047 1605 ergo
1071 1568 1208 1597 connexio

358 1620 399 1647 est
420 1617 448 1646 in
471 1618 551 1646 vitiis.

437 1664 463 1693 3.
486 1665 568 1698 Item,
590 1664 665 1702 quod
686 1664 720 1693 sit
742 1664 878 1693 connexio
893 1664 921 1692 in
936 1663 1009 1692 vitiis
1023 1666 1159 1701 quantum
1174 1663 1208 1691 ad

357 1712 463 1742 onmia.
486 1712 612 1746 videtur;
627 1711 729 1740 dicitur
745 1711 833 1739 Iacobi
855 1710 976 1740 secundo
987 1711 1014 1739 ⁶:
1032 1710 1090 1746 Qui
1103 1711 1134 1738 in
1149 1719 1208 1738 uuo

354 1759 517 1796 peccaverit
544 1758 644 1796 factas
664 1762 705 1787 est
725 1758 857 1787 omnium
878 1767 967 1786 reus.-
994 1766 1060 1794 ergo
1081 1757 1207 1791 videtur,

357 1806 431 1843 quod
453 1805 501 1842 qui
524 1809 665 1843 perpetrat
687 1813 775 1834 unum
798 1805 895 1834 vitium
918 1805 952 1834 sit
974 1805 1011 1833 ita
1033 1813 1114 1838 reus,
1135 1812 1167 1833 ac
1186 1805 1207 1833 si

356 1849 448 1881 omnia
466 1855 650 1889 perpetraret.

436 1900 488 1928 San
510 1908 633 1928 course:
652 1901 675 1928 1.
698 1899 768 1936 Quia
789 1899 882 1937 aliqua
897 1899 963 1928 vitia
977 1901 1043 1928 sunt
1056 1899 1208 1928 contraria:

210 1952 345 1970 Fundamenta·
356 1955 423 1984 ergo
444 1947 465 1976 si
487 1947 515 1975 in
538 1947 610 1976 vitiis
638 1950 710 1976 esset
731 1947 883 1980 connexio,
905 1949 972 1975 tunc
993 1946 1049 1975 duo
1069 1946 1209 1975 contraria

357 1994 439 2023 simul
461 1994 488 2023 in
510 1994 622 2028 eodem,
644 1993 718 2031 qnod
739 1994 815 2022 nefas
836 1997 877 2022 est
898 1993 990 2022 dicere
1002 1993 1021 2021 ⁷.

436 2043 462 2070 2.
485 2042 566 2075 Item,
588 2041 654 2069 vitia
676 2049 730 2069 non
751 2043 817 2069 sunt
837 2049 853 2069 a
873 2041 945 2074 Deo,
960 2040 1008 2069 sed
1022 2039 1158 2077 acquisita
1171 2048 1208 2069 ex

356 2097 440 2126 opere
461 2092 571 2121 nostro;
594 2088 641 2117 sed
663 2091 771 2117 certum
792 2090 846 2122 est,
868 2087 943 2124 quod
964 2095 1019 2116 non
1033 2087 1129 2116 eodem
1143 2089 1208 2116 actu

356 2136 513 2173 acquiritur
533 2136 561 2164 in
593 2135 672 2164 nobis
703 2135 886 2172 temperantia
907 2138 933 2163 et
955 2134 1074 2168 iustitia,
1096 2134 1208 2171 quando

358 2187 423 2213 sunt
443 2182 722 2212 consuetudinalesss:
744 2190 811 2219 ergo
833 2182 959 2211 similiter
979 2184 1009 2210 et
1030 2182 1057 2210 in
1079 2181 1161 2210 vitiis.

436 2230 611 2267 Respondeo:
633 2229 796 2264 dicendum,
819 2229 893 2267 quod
923 2232 964 2258 est
986 2229 1062 2266 loqui
1090 2229 1124 2257 de
1145 2236 1209 2265 pec-

218 2283 346 2324 dpsssisgdfflg·
358 2281 418 2306 cato
440 2278 545 2306 ratione
566 2276 763 2314 deformitatis
784 2280 811 2305 et
831 2277 937 2306 ratione
962 2276 1147 2314 obliyationis
1169 2275 1210 2303 acl

213 2330 317 2348 membrum
327 2329 344 2347 ¹-
355 2333 489 2362 poenam.
512 2325 537 2353 Si
561 2324 667 2353 ratione
688 2322 898 2360 deformitati&
921 2323 967 2352 illa
987 2322 1100 2360 quidem
1122 2322 1209 2359 respi-

235 2376 342 2418 ἓξὲξ-ὕπ’
359 2372 395 2401 cit
416 2372 485 2406 tria,
507 2372 611 2401 scilicet
628 2371 824 2408 privationem
857 2370 924 2399 boni
942 2370 1086 2408 ⁸mamili,
1104 2369 1210 2407 priva-

360 2419 464 2448 tionem
486 2419 553 2447 boni
573 2418 723 2447 naturalis
754 2419 811 2447 sive
842 2418 977 2447 naturalis
1008 2417 1158 2446 habilitatis
1182 2420 1209 2445 et

1264 250 1383 278 ulterius
1397 250 1614 279 inclinationem
1634 250 1675 279 acl
1689 254 1785 279 actum
1806 251 2019 286 inordinatum,
2041 262 2112 290 quae

1263 296 1365 325 dicitur
1386 297 1539 326 liabilitatio
1566 297 1710 334 quaedam.
1739 298 1851 327 Ratione
1879 299 1962 336 primi
1986 299 2049 328 honi
2071 305 2113 329 est

1264 344 1332 373 bene
1354 344 1490 373 connexio
1512 344 1538 372 in
1560 344 1646 378 vitiis,
1667 344 1732 381 quia
1753 345 1800 382 qui
1823 348 1917 382 peccat
1934 346 1961 374 in
1979 354 2035 375 uno
2051 353 2112 383 pec-

1264 394 1324 420 cato
1350 391 1453 420 amittit
1478 391 1596 428 gratiam
1624 395 1651 420 et
1681 399 1776 421 omnes
1807 393 1943 427 virtutes,
1975 397 2113 431 quatenus

1263 441 1329 467 sunt
1349 438 1494 474 gratuitae.
1518 438 1630 467 Ratione
1658 446 1724 467 vero
1743 439 1920 476 privationis
1952 439 2113 469 habilitatis

1264 493 1317 514 non
1339 488 1380 514 est
1401 485 1553 519 connexio,
1575 485 1621 514 sed
1643 493 1740 514 eorum
1762 486 1916 521 distinctio,
1931 488 1997 524 quia
2011 496 2114 516 unum-

1263 532 1395 570 quodque
1416 532 1512 561 vitium
1534 533 1675 569 propriam
1696 533 1787 570 privat
1803 534 1981 563 habilitatem.
2001 535 2113 563 Ratione

1264 579 1353 614 tertii,
1368 579 1471 608 scilicet
1492 579 1691 608 inclinationis
1712 580 1752 608 ad
1771 584 1885 615 actam,
1901 589 1955 610 non
1970 585 2012 610 est
2026 582 2113 610 omni-

1264 626 1344 655 moda
1364 626 1503 654 distinctio
1524 634 1573 655 nec
1593 626 1750 655 omnimoda
1770 627 1923 662 connexio,
1938 636 1988 657 nec
2009 628 2036 657 in
2052 629 2113 666 qui-

1264 673 1379 702 busdam
1401 681 1489 701 unum
1511 673 1623 702 inclinat
1643 673 1678 702 ad
1698 674 1833 707 alterum,
1849 674 1875 702 in
1891 674 2055 711 quibusdam
2073 676 2113 704 in-

1264 720 1347 748 clinat
1367 719 1530 756 aliquando,
1553 720 1624 748 sicut
1645 722 1789 756 peccatum
1813 721 1894 758 gulae
1914 721 1949 750 ad
1971 726 2112 758 peccatum

1264 766 1411 801 luxuriae,
1432 767 1559 795 similiter
1580 767 1607 796 in
1629 767 1821 804 spiritualibus
1849 768 1980 805 superbia
2006 768 2041 797 ad
2072 769 2112 797 in-

1264 813 1374 841 vidiam.

1343 860 1389 888 Est
1410 860 1511 889 iterum
1534 860 1609 898 loqui
1631 861 1665 890 de
1686 861 1805 898 peccatis
1825 865 1962 899 quantum
1990 862 2024 891 ad
2045 863 2114 891 obli-
2128 866 2229 886 membrum
2238 867 2255 888 ²-

1262 907 1411 944 9ationem
1429 916 1555 944 poenae,
1578 911 1605 936 et
1626 908 1664 937 sic
1685 908 1808 945 obligant
1828 909 1862 937 ad
1882 909 2021 946 duplicem
2049 918 2114 947 poe-

1265 956 1345 988 nam,
1367 954 1471 983 scilicet
1491 955 1629 983 carentiae
1660 955 1773 984 visionis
1803 958 1831 984 et
1851 956 2009 985 acerbitatis
2034 957 2112 994 ignis.

1265 1000 1406 1037 Quantum
1426 1000 1460 1029 ad
1479 1001 1612 1038 primam
1633 1004 1675 1030 est
1696 1002 1849 1036 connexio,
1865 1002 1931 1039 quia
1944 1003 1993 1040 qui
2015 1003 2043 1032 in
2057 1011 2114 1032 uno

1266 1050 1377 1085 peccato
1398 1051 1493 1085 peccat
1513 1048 1614 1077 amittit
1635 1048 1751 1086 gloriam
1772 1049 1891 1078 debitam
1913 1050 2043 1079 omnibus
2058 1050 2114 1079 vir-

1265 1095 1380 1123 tutibus.
1402 1095 1543 1131 Quantum
1564 1098 1657 1124 autem
1677 1095 1712 1124 ad
1732 1096 1891 1125 secundam
1912 1105 1966 1125 non
1987 1100 2029 1126 est
2050 1105 2114 1126 con-

1265 1141 1361 1175 nexio,
1383 1141 1431 1170 sed
1451 1141 1603 1175 distinctio,
1625 1142 1691 1179 quia
1711 1142 1863 1180 unicuique
1884 1143 2032 1180 respondet
2050 1152 2115 1181 pro-

1265 1188 1325 1225 pria
1347 1188 1490 1217 acerbitas.
1512 1206 1552 1210 ——
1572 1189 1646 1218 Istud
1667 1197 1734 1227 ergo
1755 1190 1872 1219 verbum
1889 1190 2066 1220 Ecclesiastae
2087 1195 2114 1220 et

1266 1236 1336 1264 beati
1359 1236 1446 1265 lacobi
1469 1236 1632 1274 intelligitur
1653 1240 1789 1274 quantum
1804 1237 1838 1266 ad
1856 1238 2030 1267 amissionem
2052 1247 2114 1276 gra-

1265 1283 1318 1312 tiae
1339 1286 1366 1312 et
1387 1283 1490 1320 gloriae
1502 1284 1520 1311 ⁹.

1347 1331 1369 1358 l.
1393 1330 1471 1366 Quod
1493 1330 1577 1367 igitur
1605 1331 1748 1365 obiicitur,
1775 1332 1849 1369 quod
1881 1332 1997 1369 punitur
2028 1337 2255 1369 sup1·aAd¹·⁰rr0=·

1265 1377 1447 1414 condignum
1469 1377 1545 1412 dico,
1567 1378 1642 1415 quod
1663 1378 1762 1408 falsum
1784 1382 1841 1413 est,
1863 1379 1929 1416 quia
1949 1379 1997 1416 qui
2020 1383 2115 1417 peccat

1264 1424 1292 1452 in
1313 1433 1370 1453 uno
1391 1428 1455 1453 actu
1476 1428 1571 1461 peccat
1585 1429 1682 1454 contra
1695 1426 1812 1463 gratiam
1827 1426 1951 1455 omnium
1967 1426 2113 1461 virtutum,

1264 1474 1291 1500 et
1312 1471 1373 1500 ideo
1394 1475 1482 1500 totum
1504 1476 1628 1501 meretur
1649 1473 1784 1502 amittere.

1344 1519 1377 1547 Si
1396 1519 1521 1556 spiritus
1541 1523 1707 1556 potestatem
1739 1519 1878 1549 habentis.
1901 1521 2053 1551 praemissa
2073 1525 2115 1551 est
2128 1524 2155 1543 De
2168 1524 2185 1544 ³·
2198 1525 2255 1548 narte-

1264 1574 1350 1603 supra
1383 1566 1515 1603 sapientis
1549 1567 1688 1604 despectio
1719 1570 1746 1596 et
1776 1571 1890 1597 econtra
1920 1568 2008 1606 ipsius
2042 1569 2115 1598 iusta

1264 1613 1479 1647 commendatio;
1500 1614 1680 1651 subiungitur
1702 1615 1746 1643 hic
1768 1615 1850 1644 tertio
1869 1615 2027 1645 stultorum
2045 1625 2115 1653 pro-

1264 1661 1360 1690 motio.
1384 1661 1414 1689 Et
1435 1662 1501 1698 quia
1522 1662 1654 1699 praelatio
1675 1663 1826 1692 stultorum
1847 1666 1889 1692 est
1903 1671 2035 1697 onerosa,
2054 1663 2115 1692 ideo
2133 1665 2227 1708 Nqffigtur.

1265 1709 1452 1745 praemittitur
1484 1709 1643 1746 patientiae
1677 1714 1853 1744 armatura,
1875 1713 1902 1739 et
1936 1710 2115 1748 subiungitur
2196 1703 2200 1708 ”

1264 1755 1423 1785 stultorum
1447 1756 1593 1794 praelatio
1622 1757 1808 1792 inordinata,
1831 1758 1881 1786 ibi:
1915 1758 1965 1786 Est
1985 1757 2114 1792 malum,

1265 1803 1343 1841 qaod
1362 1803 1425 1832 vicli
1445 1806 1495 1832 etc.

1344 1851 1433 1887 (Vers.
1457 1851 1504 1887 4.).
1529 1851 1716 1880 Praemittitur
1738 1860 1804 1889 ergo
1832 1852 1992 1889 pacientiae
2012 1861 2115 1881 arma-
2130 1853 2258 1896 Exffiflfiig'fl*

1265 1900 1353 1931 tura,
1382 1900 1497 1934 propter
1526 1907 1609 1936 quam
1639 1898 1794 1927 habendam
1825 1898 1905 1927 dicit:
1928 1899 1962 1928 Si
1990 1899 2115 1936 spiritus
2134 1890 2240 1925 nepum'o.

1263 1947 1431 1981 potestatem
1453 1944 1599 1979 (tabentis,
1621 1945 1648 1974 id
1669 1948 1711 1974 est
1738 1945 1817 1974 furor
1839 1946 1970 1983 praelati;
1992 1946 2116 1983 spiritus

1265 1991 1338 2020 enim
1367 1991 1446 2020 furor
1467 1992 1569 2021 dicitur
1591 1992 1674 2021 Isaiae
1696 1993 1816 2022 secundo
1829 1994 1869 2021 ¹⁰:
1896 2005 1909 2018 α
1924 1993 2061 2030 Quiescite
2082 1994 2117 2022 ab

1266 2039 1389 2073 homine,
1411 2039 1491 2068 cuius
1513 2040 1627 2076 spiritus
1659 2040 1685 2068 in
1708 2040 1823 2069 naribus
1843 2040 1904 2070 eius
1919 2051 1945 2074 »;
1967 2040 2042 2069 tertii
2067 2041 2117 2069 Re-

1266 2094 1332 2123 gum
1353 2086 1460 2115 decimo
1481 2094 1565 2115 nono:
1592 2100 1605 2111 ‹«
1621 2087 1740 2124 Spiritus
1755 2087 1866 2124 grandis
1887 2090 1915 2116 et
1936 2087 2030 2122 sortis,
2051 2087 2117 2116 sub—

1267 2135 1378 2161 vertens
1400 2136 1506 2162 montes
1527 2137 1554 2162 et
1575 2136 1748 2163 conterens»
1767 2137 1818 2163 etc.
1840 2133 2009 2162 Ascenderit
2028 2142 2117 2171 super

1267 2184 1304 2214 te,
1317 2180 1351 2208 ad
1371 2180 1584 2217 opprimendum
1601 2181 1719 2214 scilicet;
1736 2181 1864 2210 Ieremiae
1879 2184 1994 2218 quarto:
2015 2193 2029 2206 <r
2042 2181 2116 2215 Ecce,

1266 2227 1345 2264 quasi
1377 2227 1465 2256 nubes
1496 2227 1640 2261 ascendet,
1672 2231 1699 2256 et
1727 2228 1805 2265 quasi
1835 2231 1983 2265 tempestas
2015 2236 2117 2257 currus

1267 2274 1342 2307 eius;
1365 2282 1415 2303 vae
1443 2274 1534 2308 nobis,
1562 2274 1692 2311 quoniam
1722 2274 1818 2303 vastati
1848 2282 1987 2303 sumus».
2010 2275 2117 2303 Locum

1267 2325 1350 2349 tuum
1372 2330 1407 2349 ize
1427 2321 1592 2355 dimiseris,
1615 2321 1640 2349 id
1662 2324 1703 2350 est
1725 2321 1815 2350 locum
1838 2321 1984 2358 patientiae
2005 2324 2033 2350 et
2053 2329 2117 2350 con-

1267 2368 1397 2402 stantiae,
1420 2368 1447 2396 in
1468 2376 1524 2405 quo
1545 2368 1636 2396 anima
1667 2368 1852 2405 conquiescit,
1874 2368 2028 2397 secundum
2049 2368 2117 2397 illud

1268 2416 1355 2444 Lucae
1371 2415 1502 2452 vigesimo
1517 2415 1608 2452 primo
1622 2416 1658 2443 ¹¹:
1676 2427 1688 2440 «
1702 2415 1728 2443 In
1745 2415 1875 2452 patientia
1890 2418 1982 2444 vestra
1997 2415 2118 2452 posside-

423 2589 430 2601 ¹
450 2589 627 2617 Resragantibus
643 2590 693 2612 aliis
710 2589 779 2612 codd.
798 2592 820 2611 et
837 2589 900 2616 Vat.‚
917 2589 933 2612 C
951 2588 1063 2618 cogitare.

422 2628 432 2642 ²
451 2630 514 2652 Vers.
526 2630 562 2652 45.
571 2641 602 2646 —
612 2630 662 2651 Duo
672 2635 737 2658 seqq.
747 2629 788 2651 loci
799 2632 851 2651 sunt
861 2629 932 2651 Eccle.
942 2630 963 2657 2,
974 2628 1010 2651 44.
1020 2631 1042 2651 et
1051 2629 1118 2650 Drov.
1128 2628 1165 2655 26,
1173 2628 1210 2654 46,

361 2667 401 2690 ubi
418 2668 460 2690 BC
471 2669 489 2690 D
506 2667 583 2691 decem
601 2674 643 2696 pro
660 2670 755 2697 septimi.
1028 2666 1037 2679 ⁸
1054 2667 1111 2695 Cap.
1127 2667 1155 2694 9,
1173 2668 1210 2689 48.

423 2706 433 2719 ⁴
450 2707 493 2729 Pro
505 2708 547 2729 hac
561 2708 717 2735 propositione
731 2707 754 2729 S.
765 2708 853 2729 Bonav.
865 2707 886 2729 in
899 2707 1040 2734 expositione
1053 2707 1139 2728 Thren.
1151 2707 1176 2733 2,
1189 2706 1210 2728 5.

362 2747 444 2774 allegat
462 2747 514 2774 Sap.
533 2746 569 2772 tl,
587 2747 629 2768 27:
647 2746 722 2769 Parc1s
739 2749 815 2768 autem
833 2745 955 2772 omnibus,
972 2745 1083 2774 quoniam
1096 2748 1134 2767 tua
1147 2748 1211 2772 sunt,

362 2786 472 2813 Domine,
489 2786 529 2814 qni
545 2791 611 2808 amas
627 2786 725 2808 animas.
742 2785 785 2808 Csr.
804 2786 842 2807 IV.
859 2785 921 2807 seut.
938 2785 962 2807 d.
980 2785 1017 2807 46.
1034 2791 1055 2807 a.
1072 2785 1094 2807 2.
1111 2791 1134 2813 q.
1151 2785 1173 2806 2.

425 2822 434 2835 ⁶
453 2824 485 2846 De
501 2824 642 2846 connexione
658 2824 769 2846 virtutum
787 2825 829 2846 cfr.
846 2824 879 2847 Ill.
896 2824 957 2845 Sent.
975 2823 998 2845 d.
1015 2824 1053 2845 36.
1070 2829 1092 2852 q.
1111 2824 1132 2845 l.
1149 2827 1172 2845 et
1189 2823 1210 2846 3.

425 2861 435 2875 ⁶
453 2864 519 2885 Vers.
537 2864 573 2885 ⁴0.
590 2863 636 2886 Cfr.
652 2870 722 2891 supra
740 2870 794 2891 pag.
811 2863 855 2890 79,
871 2866 924 2885 nota
942 2862 964 2885 5.

425 2901 434 2914 ⁷
452 2904 557 2930 Ariston,
574 2903 598 2925 ΙΙ.
619 2903 744 2925 Perilierm.
765 2909 785 2925 c.
803 2902 824 2924 4.
843 2903 872 2930 (c.
890 2901 949 2930 ⁴4.>:
972 2902 1044 2924 Simul
1067 2905 1143 2924 autem
1166 2909 1211 2924 non

364 2943 475 2970 contingit
492 2942 567 2965 eidem
586 2942 660 2964 inesse
677 2942 797 2964 contraria.
814 2955 842 2958 —
862 2942 878 2963 Ε
896 2941 964 2964 codd.
977 2942 1137 2969 supplevimus
1150 2941 1213 2971 quod.

364 2981 430 3011 nefas
447 2983 482 3004 est
498 2980 581 3004 dicere.

1331 2586 1340 2599 Β
1357 2587 1462 2614 Aristot.,
1480 2587 1504 2609 ll.
1526 2587 1596 2609 Etliic.
1613 2593 1633 2609 e.
1653 2587 1672 2615 1,
1690 2592 1761 2614 agens
1784 2586 1812 2608 sle
1835 2586 1919 2608 virtute
1943 2585 2035 2613 morali,
2058 2591 2118 2614 quoe

1270 2636 1281 2647 (ι
1294 2633 1320 2650 ex
1338 2633 1415 2654 more,
1431 2626 1455 2649 id
1473 2629 1507 2648 est
1523 2626 1671 2648 assuetudine
1688 2626 1815 2654 acquiritur
1825 2635 1846 2652 n,
1862 2625 1973 2652 ostendit,
1986 2625 2059 2653 ipsam
2072 2631 2116 2647 non

1268 2672 1282 2688 a
1297 2669 1377 2688 natura
1396 2664 1464 2687 nobis
1480 2671 1531 2687 esse
1548 2665 1652 2692 insitam,
1670 2671 1744 2693 neque
1762 2671 1811 2687 esse
1834 2667 1925 2693 praeter
1942 2667 2060 2692 naturam,
2077 2664 2117 2686 sed

1268 2704 1464 2727 atconsuetudine
1481 2707 1503 2726 et
1519 2703 1647 2727 actionibus
1664 2704 1747 2726 nostris
1764 2704 1827 2726 oriri.
1844 2704 1877 2726 De
1894 2703 2017 2726 virtutibus
2029 2703 2118 2732 qratui-

1268 2743 1297 2766 tis
1314 2744 1453 2770 tenendum,
1470 2743 1533 2772 quod
1557 2744 1620 2771 ipsae
1638 2749 1690 2765 curn
1715 2743 1787 2771 gratia
1805 2743 1873 2765 simul
1896 2742 2058 2770 infunduntur;
2075 2742 2117 2764 cfr.

1269 2783 1302 2805 Ill.
1320 2783 1414 2805 Sent.'d
1440 2783 1475 2805 36.
1494 2789 1519 2811 q.
1537 2783 1558 2806 l.

1332 2821 1341 2833 ⁹
1359 2822 1418 2845 Vide
1435 2822 1467 2844 III.
1485 2823 1547 2844 Sent.
1565 2822 1588 2844 d.
1606 2822 1643 2844 36.
1661 2829 1684 2851 q.
1702 2822 1724 2844 4.

1333 2860 1352 2873 ¹⁰
1371 2862 1436 2884 Vers.
1453 2862 1491 2883 22.
1508 2873 1538 2878 -—
1556 2861 1688 2890 Sequuntur
1701 2861 1733 2883 ΙΙΙ.
1746 2861 1801 2888 Reg.
1821 2861 1862 2888 ¹19,
1881 2860 1918 2882 Μ.
1935 2862 1957 2881 et
1974 2859 2015 2881 Ier.
2032 2858 2058 2885 4,
2078 2858 2117 2880 ⁴3.

1270 2902 1323 2924 Post
1339 2907 1428 2924 currus
1445 2900 1494 2923 eius
1512 2901 1611 2928 Vulgata
1628 2900 1692 2922 addit
1709 2899 1834 2922 velociores
1851 2898 1938 2928 aquilis
1955 2898 2010 2928 equi
2026 2897 2098 2920 illius.

1333 2939 1351 2954 '¹
1370 2941 1437 2962 Vei-s.
1454 2940 1491 2962 49.
1503 2952 1534 2956 ——
1546 2941 1599 2968 Seq.
1617 2940 1681 2962 locus
1697 2942 1730 2961 est
1748 2940 1763 2961 l.
1781 2940 1840 2961 Petr.
1851 2939 1877 2965 2,
1890 2939 1927 2960 18.
1939 2942 1961 2960 et
1976 2938 2015 2959 19:
2028 2936 2117 2959 Servi...

1270 2980 1384 3007 dominis,
1403 2986 1447 3002 non
1464 2982 1552 3002 tantum
1570 2978 1637 3002 bonis
1653 2981 1676 3001 et
1692 2978 1815 3006 modestis,
1834 2978 1874 3000 sed
1891 2978 1959 3000 etiam
1972 2977 2063 2999 discolis
2075 2979 2119 2999 etc.
