2296 3316
236 1249 277 1268 Alia
291 1248 364 1275 exposi-

295 1275 327 1291 tio.

257 2046 327 2067 Tertio,
342 2046 365 2065 de

242 2070 365 2093 generalitate

380 181 436 208 2⁸20

379 257 439 285 nisi
456 256 689 294 praesumtionis
709 256 894 284 adiutorium
908 257 926 289 ¹,
947 255 972 284 id
994 258 1035 284 est
1057 255 1226 292 praesumtio

380 304 436 332 sive
458 303 579 340 suspicio
601 303 663 332 mali
685 303 773 332 futuri
805 303 848 332 vel
873 302 1000 331 eventuri
1029 302 1162 331 adiuvans
1192 301 1226 330 ad

381 350 548 383 timendum,
570 353 598 378 et
616 350 745 387 proditio
759 349 943 387 coyitationis
957 348 1160 382 auxiliorum,
1175 348 1227 377 sci-

381 397 443 425 licet
463 396 666 430 deficientium,
689 396 715 425 id
736 399 778 425 est
798 396 926 433 cogitatio
947 395 1067 433 prodens
1087 395 1226 424 defectum

378 443 476 472 auxilii
498 445 527 471 et
546 443 598 480 ipsi
620 443 726 472 timenti
756 446 784 472 et
813 443 889 477 aliis,
911 443 1015 472 scilicet
1043 442 1090 479 qui
1112 442 1173 471 eius
1194 441 1227 470 ti—

381 498 458 519 more
471 489 637 527 percipiunt,
652 490 676 519 ei
692 490 810 520 deficere
822 490 970 519 auxilium.
980 489 1056 518 Unde
1068 489 1130 518 talis
1143 489 1227 517 timor

380 537 442 566 facit
463 538 583 567 clamare
604 537 721 575 petendo
746 537 898 571 auxilium,
920 540 953 566 ut
979 539 1054 574 patet
1082 536 1109 564 in
1131 536 1227 569 Petro,

379 584 443 621 qui,
465 592 529 613 cum
550 584 685 621 coepisset
714 584 815 621 mergi,
837 584 966 613 clamavit
986 587 1014 612 et
1033 583 1120 612 dixit:
1147 594 1160 607 κ
1175 582 1228 611 Do-

379 631 467 665 mine,
489 631 596 660 salvum
618 639 662 660 me
682 631 763 664 fae»,
785 631 913 660 Matthaei
935 630 1041 659 decimo
1055 632 1156 666 quarto
1168 629 1187 657 ².

458 678 548 713 (Vers.
573 678 639 713 12).
663 678 696 706 Et
717 678 789 706 dum
804 678 840 706 ab
857 678 949 711 inlus,
965 677 1069 706 scilicet
1083 676 1110 705 in
1127 678 1228 709 mente,

381 725 478 754 minor
497 729 540 753 est
559 725 749 762 exspectatio,
772 725 798 753 id
819 728 861 754 est
882 732 944 761 spes
975 724 1018 753 vel
1047 722 1228 756 confidentia,

379 773 445 810 quia
465 775 542 802 caret
564 772 683 806 iustitia,
706 780 778 810 quae
805 772 870 801 facit
897 772 985 800 iustos
1012 770 1182 800 confidentes
1202 772 1230 798 et

379 827 512 853 securOS,
548 819 701 848 secundum
736 819 803 848 illud
843 818 1057 847 Proverbiorum
1099 816 1229 853 vigesimo

379 866 513 895 oetavo⁵z
540 877 553 891 «
570 866 660 894 lustus
681 866 759 903 quasi
782 866 824 894 leo
846 865 986 894 confidens
1001 864 1106 900 absque
1121 866 1230 892 terrore

379 913 473 941 erit».
497 913 638 941 Maiorem
666 916 753 950 putat
775 912 953 950 potentiam,
975 912 1002 940 id
1023 914 1074 945 est,
1095 910 1228 939 maiorem

381 963 511 996 reputant
525 959 580 988 vim
595 959 629 987 ad
651 959 822 993 nocendum,
837 959 900 987 eius
915 966 1040 991 causae,
1056 957 1160 986 scilicet
1174 960 1230 985 ter-

381 1006 482 1040 ribilis,
505 1007 538 1035 de
559 1014 619 1044 qua
641 1010 815 1034 tormentum
826 1009 971 1043 praestat,
993 1005 1020 1033 id
1035 1008 1089 1039 est,
1105 1004 1230 1032 imminet

380 1053 447 1087 sibi,
469 1053 535 1090 quia
555 1053 678 1082 desectus
700 1053 812 1081 maioris
833 1053 890 1090 spei
911 1057 939 1081 et
953 1052 1133 1081 confidentiae
1147 1053 1230 1087 auget

380 1100 506 1128 timorem
539 1099 683 1128 facientem
716 1099 852 1136 suspicari
885 1099 974 1128 maius
1007 1099 1127 1132 malum,
1156 1097 1230 1134 quod

380 1147 519 1180 imminet,
541 1154 625 1183 quam
647 1146 689 1175 sit.

459 1194 542 1222 Aliter
565 1193 675 1222 videtur
690 1202 770 1230 posse
784 1194 885 1231 exponi
902 1194 1054 1223 secundum
1073 1193 1196 1222 Glossam
1209 1193 1230 1226 ⁴,

380 1241 415 1269 ab
436 1241 497 1269 illo:
521 1240 639 1277 Semper
659 1241 736 1269 euim
754 1241 921 1278 praesumit
951 1250 1040 1269 saeva
1061 1243 1128 1274 etc.;
1151 1239 1230 1277 quasi

380 1288 467 1317 dicat:
489 1288 589 1316 merito
610 1288 741 1326 nequitia
767 1287 818 1317 (lat
840 1289 1037 1317 testimonium
1058 1288 1231 1317 condemna-

381 1335 483 1368 tionis,·
503 1343 616 1372 semper
637 1336 713 1363 enim
732 1336 899 1372 praesumit
919 1344 1024 1369 saeva,
1041 1335 1068 1364 id
1082 1339 1136 1368 est,
1151 1342 1231 1371 prae-

381 1385 524 1411 sumtuose
545 1382 690 1411 extollitur
711 1383 745 1411 ad
766 1383 940 1411 inserendum
963 1391 1045 1411 saeva
1069 1382 1141 1416 aliis;
1164 1390 1231 1418 per-

382 1429 503 1457 turbata
524 1429 717 1463 conscientia,
740 1429 767 1458 id
798 1433 840 1458 est
867 1430 937 1458 irata
969 1429 1148 1463 conscientia,
1176 1436 1230 1457 non

383 1475 547 1512 tranquilla;
579 1475 672 1509 enim,
702 1484 752 1512 pro
780 1477 835 1505 sed.
866 1475 948 1504 Nihil
977 1477 1054 1505 enim
1082 1479 1122 1504 est
1143 1475 1232 1504 timor

382 1522 441 1550 nisi
473 1523 706 1559 praesumtionis
740 1523 942 1557 adiutorium,
978 1523 1004 1551 id
1040 1526 1081 1552 est
1113 1522 1231 1551 medica-

381 1573 523 1603 mentum,
545 1570 723 1606 reprimendo
744 1570 847 1599 scilicet
867 1574 973 1599 motum
989 1570 1073 1598 huius
1088 1577 1232 1606 praesum-

383 1617 480 1650 tionis,
501 1620 528 1644 et
546 1616 694 1653 proditio,
717 1617 743 1645 id
765 1620 806 1645 est
827 1617 1025 1651 manifestatio,
1048 1616 1232 1654 eoyitationis

383 1663 584 1696 anatiliorum,
606 1663 633 1691 id
665 1667 706 1691 est
734 1664 860 1692 infirmae
889 1664 1076 1700 cogitationis,
1104 1671 1175 1700 quae
1204 1671 1232 1692 se

381 1713 445 1739 ante
466 1710 618 1739 extollebat
640 1710 857 1747 praesumendo,
880 1719 909 1739 se
931 1719 985 1739 non
1007 1711 1130 1748 indigere
1151 1710 1232 1738 auxi-

382 1757 427 1785 lio.
451 1757 487 1785 Et
507 1757 578 1785 alum
599 1756 636 1785 ab
658 1757 738 1785 intus
752 1757 850 1785 minor
864 1762 905 1785 est
925 1758 1111 1794 earspeelatio,
1134 1757 1159 1785 id
1182 1761 1232 1791 est,

381 1804 472 1832 minor
493 1807 623 1840 speratur
635 1804 645 1821 ⁵
670 1807 789 1840 potestas
803 1805 917 1833 nocendi
934 1805 990 1838 rei,
1005 1813 1021 1833 a
1036 1813 1092 1841 qua
1107 1804 1232 1841 punitur,

382 1851 484 1879 scilicet
513 1851 704 1884 extrinsecus;
732 1851 873 1879 maiorem
894 1855 982 1888 putat
1007 1852 1183 1888 potentiam,
1206 1851 1233 1879 id

381 1900 423 1926 est
444 1897 576 1925 virtutem
597 1897 631 1925 ad
652 1897 807 1926 nocendum
830 1898 894 1931 sibi,
917 1906 1001 1935 quam
1024 1898 1059 1926 sit
1079 1898 1233 1926 secundum

382 1944 535 1973 veritatem.

462 1991 509 2019 Illi
529 1995 627 2019 autem.
648 1995 700 2020 etc.
723 1991 769 2019 Hic
791 1991 947 2020 ostenditur
965 1991 1131 2029 punitionis
1150 2000 1233 2029 yene-

382 2037 503 2071 ralitas,
526 2038 616 2074 primo
638 2045 674 2066 ex
690 2041 768 2074 parte
784 2038 939 2075 temporis;
954 2038 1087 2072 secundo,
1103 2046 1139 2066 ex
1155 2040 1233 2074 parte

254 2093 358 2117 punitionis
380 2093 580 2122 personarum
595 2084 793 2121 afflictarum:
811 2085 931 2119 Deinde,
946 2086 974 2113 si
987 2085 1162 2123 quisquam,·
1178 2088 1233 2113 ter-

282 2118 325 2135 tria.

274 2234 365 2252 Primum.

384 2132 435 2165 tio,
457 2140 493 2160 ex
515 2134 593 2168 parte
616 2140 796 2160 causarum.-
819 2132 885 2160 Sive
905 2132 1031 2169 spiritus
1050 2132 1183 2160 sibilans.

462 2178 551 2214 (Vers.
586 2178 629 2207 13.
664 2179 729 2214 lli.)
759 2179 842 2215 Quasi
870 2178 958 2207 dicat:
987 2179 1025 2207 sic
1054 2178 1233 2207 terrebantur

383 2225 469 2262 magi;
493 2225 535 2254 illi
556 2229 670 2259 autem,
692 2225 796 2254 scilicet
817 2226 952 2262 Aegyptii,
974 2226 1026 2263 qui
1053 2226 1233 2262 impotentem

383 2281 449 2300 vere
470 2276 594 2306 noctem,
617 2272 644 2301 id
658 2276 700 2301 est
713 2273 827 2306 sortem,
844 2273 909 2309 quia
926 2272 1098 2301 tenebrosam
1114 2272 1193 2301 valde
1207 2275 1234 2300 et

385 2318 493 2355 longam
509 2322 536 2347 et
551 2319 627 2347 nullo
642 2319 764 2348 remedio
780 2319 1002 2353 illuminabilem;
1017 2322 1043 2347 et
1056 2318 1093 2346 ab
1108 2318 1233 2354 infimis,

959 177 1128 206 COMMENT.
1152 177 1184 205 IN
1205 177 1396 206 SAPIENTIAM
1418 177 1445 205 C.
1468 177 1544 206 XVll.

1283 255 1386 283 scilicet
1398 254 1565 284 exaltatione
1576 263 1711 292 vaporum
1721 258 1748 284 et
1758 254 1947 284 fumositatum
1958 263 2129 292 grossarum,

1283 308 1376 330 aerem
1397 301 1622 335 obscurantium;
1644 304 1669 330 et
1690 301 1726 330 ab
1748 301 1901 330 altissimis
1912 301 1934 335 ⁶,
1956 301 2059 331 scilicet
2083 301 2130 331 de-

1284 348 1356 377 fectu
1371 348 1557 377 irradiationis
1574 356 1723 385 corporum
1737 348 1912 382 caelestium,
1927 348 2130 385 supervenien-

1284 398 1356 429 tem,
1378 395 1405 423 id
1426 398 1467 424 est
1488 403 1573 432 super
1593 403 1640 424 eos
1660 395 1832 429 venientem,
1847 395 1968 424 eundem
1982 404 2130 430 somnum,

1285 440 1312 469 id
1332 443 1374 470 est
1394 449 1584 477 communem,
1605 442 1792 475 dormientes,
1814 441 1879 479 quia
1893 442 1965 470 sicut
1978 442 2132 471 dormiebat

1284 496 1374 521 unus,
1396 488 1435 517 sic
1465 488 1551 522 alius,
1573 497 1628 517 non
1659 489 1767 518 melius.
1790 504 1828 509 -
1857 488 2026 527 Aliquando
2052 497 2132 518 mon-

1283 538 1417 563 strorum
1437 535 1667 573 eoeayitabantur
1695 536 1814 570 timore,
1836 535 1863 564 id
1888 539 1930 564 est
1957 535 2132 572 phantasma-

1285 584 1344 610 tum
1367 585 1608 610 monstruosorum
1630 582 1658 610 in
1679 582 1782 611 somnis
1802 582 1996 619 apparentium
2016 582 2071 617 eis;
2087 582 2133 611 lob

1286 627 1440 664 septimo⁷:
1466 639 1480 653 α
1495 628 1624 657 Terrebis
1646 637 1690 657 me
1710 637 1761 666 per
1776 628 1881 659 somnia
1902 631 1929 657 et
1950 636 1999 665 per
2014 628 2133 658 visiones

1287 674 1404 703 horrore
1418 675 1559 703 concuties
1573 686 1600 703 υ.
1624 675 1790 713 Aliquando
1819 675 1938 704 animae
1964 675 2133 712 deficiebant

1287 721 1483 755 traductione,
1505 721 1532 749 id
1553 725 1594 750 est
1622 722 1702 759 quasi
1734 722 1894 751 imminente
1918 722 1998 751 exitu
2017 722 2051 751 de
2072 730 2133 751 cor-

1287 776 1369 805 pore,
1391 771 1418 797 et
1439 768 1491 797 hoc
1512 768 1665 805 vigilando,
1687 769 1797 806 quando
1822 769 1876 797 iam
1904 769 2015 798 excitati
2037 772 2132 805 erant;

1287 815 1365 852 quia,
1381 815 1452 844 sicut.
1466 815 1532 844 dicit
1552 815 1662 850 Glossa,
1681 827 1695 841 «
1706 824 1757 845 nec
1771 816 1915 853 vigilantes
1931 824 1982 845 nec
1996 816 2134 845 dormien-

1287 865 1328 890 tes
1349 862 1492 899 quiescere
1524 865 1663 899 poterant,
1687 862 1753 900 quia
1781 862 1928 892 horrendis
1955 863 2086 893 monstris
2107 866 2134 893 et

1287 908 1439 937 visionibus
1467 912 1494 938 et
1523 911 1631 938 terrore
1658 909 1743 938 nimio
1770 909 2056 939 circumdabantur».
2079 910 2134 939 Su—

1288 955 1420 985 bitaneus
1440 956 1531 989 enim,
1553 956 1580 984 id
1601 959 1642 985 est
1663 956 1841 993 repentinus,
1862 960 1887 985 et
1907 956 2086 994 insperatus,
2107 957 2135 986 id

1287 1005 1329 1031 est
1350 1002 1534 1039 improvisus,
1555 1003 1621 1040 quia
1649 1003 1703 1032 cito
1724 1006 1751 1032 et
1779 1011 1815 1032 ex
1837 1003 2000 1040 improviso,
2021 1003 2080 1032 illis
2100 1004 2135 1033 ti-

1286 1058 1352 1078 mor
1371 1053 1591 1086 supervenerat,
1614 1049 1641 1078 id
1662 1053 1703 1079 est
1724 1050 1852 1087 desuper,
1874 1059 1890 1079 a
1910 1050 2003 1079 divino
2018 1051 2133 1086 iudicio;

1288 1097 1371 1125 Isaiae
1392 1097 1604 1134 quadragesimo
1625 1097 1779 1134 septimo⁸z
1806 1109 1820 1122 «
1834 1097 1931 1126 Veniet
1951 1106 2035 1135 super
2050 1101 2078 1127 te
2091 1106 2135 1127 re-

1287 1146 1368 1180 pente
1390 1144 1514 1178 miseria,
1536 1152 1620 1181 quam
1641 1144 1747 1173 nescies
1761 1156 1788 1172 12.

1367 1191 1456 1221 (Vers.
1482 1191 1546 1225 152).
1582 1191 1704 1225 Deinde,
1726 1191 1829 1220 scilicet
1857 1194 1969 1228 praeter
1996 1192 2137 1229 praedicta

1289 1238 1376 1271 mala,
1397 1238 1425 1266 si
1444 1238 1602 1276 quisquam
1622 1247 1657 1267 ex
1678 1238 1749 1272 illis,
1772 1238 1875 1267 scilicet
1896 1239 2041 1276 Aegyptiis,
2062 1240 2136 1268 deci-

1288 1285 1391 1319 disset,
1413 1285 1516 1314 scilicet
1537 1285 1565 1314 in
1593 1285 1699 1314 foveam
1727 1286 1770 1314 vel
1792 1286 1969 1320 huiusmodi,
1990 1287 2137 1321 eustodie-

1289 1332 1377 1361 batur
1398 1332 1430 1361 in
1451 1341 1583 1366 earcere,
1605 1332 1632 1361 id
1653 1334 1694 1361 est
1715 1332 1743 1360 in
1765 1332 1836 1367 loco,
1858 1333 1885 1361 in
1907 1341 1964 1370 quo
1984 1333 2136 1368 ceciderat,

1288 1387 1343 1407 non
1366 1379 1459 1407 valens
1480 1379 1542 1407 inde
1564 1379 1656 1413 exire,
1677 1379 1740 1407 sine
1764 1378 1846 1416 ferro
1868 1379 2018 1414 reclusus,
2047 1380 2074 1409 id
2095 1384 2137 1410 est

1289 1426 1347 1455 sine
1368 1426 1487 1454 vinculis
1507 1426 1617 1460 ferreis,
1639 1426 1705 1463 quia
1724 1426 1834 1455 vinculo
1849 1426 2027 1456 tenebrarum
2042 1435 2137 1457 omnes

1288 1476 1368 1501 erant
1388 1472 1549 1509 compediti,
1572 1476 1603 1501 ut
1624 1476 1698 1509 patet
1719 1481 1805 1510 supra
1826 1473 1920 1502 eodem
1933 1473 1952 1502 ²³.

1368 1520 1456 1555 (Vers.
1483 1520 1547 1555 16).
1571 1519 1604 1548 Si
1623 1519 1700 1548 enim.
1722 1520 1854 1549 rusticus
1874 1521 1940 1559 quis
1954 1524 2032 1555 erat,
2054 1521 2082 1550 id
2096 1523 2137 1550 est

1289 1567 1365 1595 ruris
1385 1567 1491 1601 cultor,
1514 1571 1568 1595 aut
1592 1571 1710 1604 pastor,
1732 1568 1909 1602 animalium,
1931 1572 1984 1597 aut
2004 1569 2075 1606 a9ri
2094 1569 2137 1597 la-

1290 1614 1394 1642 borum
1415 1614 1586 1651 operarius,
1608 1617 1640 1643 ut
1661 1622 1767 1644 messor
1782 1615 1824 1644 vel
1840 1615 2030 1650 vindemiator,
2049 1624 2137 1653 prae-

1290 1665 1449 1698 occupatus
1470 1664 1553 1695 esset,
1576 1661 1679 1689 scilicet
1700 1661 1753 1690 illis
1775 1662 1897 1691 tenebris
1922 1665 2004 1691 extra
2024 1662 2136 1692 domum

1290 1715 1384 1740 suam;
1406 1705 1610 1745 ineffugibilem
1631 1707 1793 1737 sustinebat
1806 1709 2018 1743 necessitatem,
2034 1709 2137 1738 scilicet

1290 1754 1435 1790 penuriam
1457 1757 1484 1783 et
1505 1755 1693 1789 afflictionem,
1715 1755 1780 1792 quia
1801 1763 1882 1784 nemo
1902 1756 1988 1784 movit
2002 1764 2032 1785 se
2047 1756 2137 1785 tribus

1289 1800 1388 1830 diebus
1401 1801 1435 1829 de
1451 1801 1524 1835 loce,
1546 1802 1573 1830 in
1589 1810 1644 1839 quo
1659 1805 1734 1836 erat,
1750 1805 1781 1831 ut
1796 1805 1870 1839 patet
1885 1803 1970 1831 Exodi
1985 1803 2092 1832 decimo
2104 1804 2136 1831 ¹⁰.

1370 1848 1458 1884 (Vei-s.
1484 1849 1526 1876 17.
1552 1849 1617 1884 18.).
1652 1849 1716 1877 (lna
1741 1849 1833 1883 enim,
1856 1849 1883 1878 id
1910 1852 1952 1878 est
1982 1850 2137 1886 communi,

1290 1898 1393 1923 eatena
1408 1895 1608 1929 tenebrarum,
1620 1896 1724 1925 seilicet
1734 1897 1925 1931 exteriorum,
1941 1905 2038 1925 omnes
2052 1902 2139 1926 erant

1290 1941 1431 1979 eolliqali‚
1454 1942 1481 1970 id
1502 1945 1543 1971 est
1564 1943 1646 1971 simul
1668 1943 1751 1980 ligati.
1773 1943 1827 1972 Nec
1853 1946 1960 1972 tantum
1982 1947 2078 1972 catena
2098 1947 2138 1973 te—

1290 1989 1441 2018 nebrarum
1463 1990 1652 2024 exteriorum,
1674 1990 1722 2019 sed
1749 1990 1930 2025 interiorum,
1953 1991 2056 2020 scilicet
2076 1991 2138 2020 infi-

1290 2036 1409 2065 delitatis
1423 2040 1450 2065 et
1465 2041 1659 2073 peccatorum;
1675 2038 1748 2066 unde
1764 2038 1976 2067 Proverbiorum
1992 2039 2136 2076 quinto¹²;

1294 2094 1308 2107 «
1322 2083 1445 2111 Funibus
1467 2087 1643 2120 peccatorum
1665 2092 1780 2113 suorum
1796 2096 1809 2109 n
1835 2084 1954 2122 quisque
1973 2096 1987 2110 α
2002 2085 2138 2114 constrin—

1290 2129 1365 2166 gitur
1380 2141 1407 2164 »3
1436 2130 1501 2159 item
1529 2131 1556 2159 in
1586 2131 1708 2160 Psalmo:
1734 2132 1852 2160 «Funes
1879 2135 2055 2169 peccatorum
2084 2132 2138 2161 cir-

1290 2177 1431 2214 cumplexi
1453 2181 1519 2206 sunt
1540 2186 1585 2207 me
1598 2190 1624 2206 n.
1647 2178 1712 2207 Siue
1743 2179 1815 2208 enim
1846 2179 1971 2216 spiritus
1992 2182 2042 2209 etc.
2066 2180 2138 2209 Bene

1290 2223 1369 2257 dixi,
1391 2223 1465 2260 quod
1486 2225 1676 2254 necessitatem
1699 2225 1884 2260 sustinebant,
1905 2226 1965 2255 sive
1985 2226 2058 2255 enim
2078 2227 2138 2264 spi-

1290 2271 1369 2299 ·ritus
1396 2271 1447 2299 sibi
1472 2271 1612 2305 sibilans,
1635 2272 1661 2300 id
1682 2275 1724 2301 est
1753 2284 1767 2297 <1
1781 2273 1878 2301 sibilus
1898 2281 1983 2302 aurae
2005 2273 2096 2303 tenuis
2109 2285 2137 2308 »,

1291 2318 1364 2347 tertii
1388 2318 1492 2355 Regum
1513 2318 1620 2348 decimo
1641 2319 1762 2354 nono¹23
1784 2323 1837 2348 aut
1858 2320 1933 2348 inter
1957 2319 2066 2357 spissos
2087 2329 2138 2349 ra-

449 2502 456 2515 ¹
476 2504 577 2532 Vulgata
592 2505 675 2527 omittit
688 2504 876 2534 praesumtionis
894 2504 1054 2533 adiutorium,
1072 2505 1135 2534 quod
1158 2508 1234 2528 tamen

387 2542 507 2565 exhibetur
524 2549 537 2565 a
554 2543 664 2570 Rabano,
681 2544 745 2566 card.
762 2544 860 2571 hugone
877 2547 899 2566 et
916 2545 1014 2571 Lyrano.

448 2580 457 2593 ²
476 2582 542 2604 Vers.
559 2582 597 2604 30.

450 2619 459 2632 ¹³
479 2621 543 2643 Vers.
570 2622 588 2643 1.
612 2634 640 2637 -
665 2622 760 2644 luserius
782 2628 824 2650 pro
844 2624 913 2651 putat
930 2622 1061 2652 potentium
1079 2623 1118 2651 (ila
1138 2623 1189 2645 cod.
1208 2622 1233 2652 13)

387 2660 485 2687 Vulgata
503 2662 625 2689 computat
642 2660 803 2689 inscientiam,
821 2660 930 2683 Rabanus
948 2661 1235 2691 (ed.it1igne)putalcon-

385 2698 522 2726 scientiam,
540 2699 603 2721 card.
626 2700 693 2727 Hugo
716 2703 738 2722 et
754 2700 858 2728 Lyranus
879 2702 1001 2729 computat
1018 2700 1162 2730 potentiam,
1180 2700 1232 2723 Vat.

384 2739 472 2767 putant
488 2737 610 2760 scientiam
628 2738 698 2766 (card.
712 2739 779 2767 Hugo
797 2740 818 2761 in
838 2740 941 2767 margine
955 2741 1078 2769 computat
1093 2739 1233 2768 scienluzm).

450 2776 459 2788 *¹
478 2777 565 2805 Nempe
582 2776 758 2801 interlinearem
776 2778 811 2806 (ex
829 2778 947 2807 Raban0):
963 2778 1081 2808 «Semper
1092 2778 1154 2801 enim
1163 2785 1235 2808 prae-

386 2815 472 2843 sumit,
491 2816 611 2843 extollitur,
629 2823 711 2844 saeva,
726 2817 868 2846 perturbata
885 2818 1040 2846 conscientia,
1057 2824 1117 2846 quae
1134 2825 1179 2840 non
1196 2819 1234 2840 ha-

386 2855 426 2877 bet
443 2855 612 2883 tranquillitatis
635 2856 788 2878 serenitatem.
805 2856 871 2880 Nihil
887 2856 950 2880 enim
967 2859 1001 2880 est
1017 2856 1096 2885 timor,
1113 2863 1161 2886 quo
1178 2857 1234 2880 scili-

387 2896 423 2916 cet
446 2894 588 2921 praesumtio
611 2894 783 2922 comprimitur,
800 2895 847 2917 nisi
864 2895 1051 2924 praesumtionis
1073 2895 1233 2924 adiutorium,

387 2933 598 2960 medicamentum,
615 2933 716 2962 proditio
727 2943 736 2954 s>
758 2938 801 2957 etc.
818 2936 841 2957 ln
859 2935 894 2957 liis
911 2935 996 2957 ultimis
1014 2935 1092 2957 verbis
1112 2936 1234 2963 respicitur

387 2972 467 2994 Glossa
485 2971 610 2995 ordinaria
629 2972 664 3001 (ex
682 2972 800 3001 Rabano):
818 2974 898 2996 Timor
915 2974 1001 2996 scilicet
1018 2975 1094 3002 prodit
1115 2974 1234 2997 infirmita-

1293 2508 1339 2527 tem
1356 2504 1524 2533 superbientis,
1542 2505 1582 2533 qui
1599 2511 1657 2527 vana
1670 2511 1712 2533 spe
1723 2505 1860 2527 auxiliorum
1872 2511 1896 2527 se
1908 2505 1992 2528 extollit
2003 2505 2138 2533 cogitando,

1292 2550 1345 2567 cum
1364 2551 1432 2573 posse
1449 2551 1474 2567 se
1490 2547 1567 2573 sperat
1584 2544 1648 2573 quod
1660 2545 1750 2567 efficere
1762 2551 1809 2567 non
1821 2547 1896 2572 potest
1907 2545 1942 2567 vel
1954 2545 2037 2573 possit,
2049 2547 2071 2567 et
2081 2545 2138 2568 dum

1292 2583 1365 2606 virtus
1382 2583 1458 2605 minor
1473 2586 1520 2610 est,
1538 2583 1647 2605 valetudo
1664 2589 1756 2610 rerum,
1768 2589 1826 2612 quas
1838 2583 1978 2606 extrinsecus
1990 2583 2081 2611 patitur,
2093 2589 2139 2606 ma-

1292 2623 1364 2645 iorem
1381 2625 1446 2650 putat
1463 2628 1513 2645 esse
1530 2622 1664 2650 potentiam.

1355 2660 1364 2673 ⁶
1382 2662 1411 2683 lta
1429 2662 1460 2688 A,
1479 2661 1534 2683 alias
1551 2662 1672 2691 operatur.

1355 2699 1364 2712 ⁰
1382 2700 1480 2728 Vulgata
1498 2700 1562 2723 addit
1579 2699 1674 2730 inferis,
1692 2700 1755 2728 quod
1768 2700 1836 2722 etiam
1848 2700 1911 2722 card.
1923 2701 1990 2728 Hugo
2002 2702 2024 2722 et
2036 2701 2139 2729 Lyranus

1292 2739 1408 2761 omittunt.

1354 2776 1362 2789 ⁷
1380 2778 1446 2801 Vers.
1465 2778 1502 2800 14.
1519 2790 1550 2795 -
1566 2778 1674 2807 Sequitur
1690 2778 1770 2800 Glossa
1786 2777 1912 2801 ordinaria
1928 2784 1955 2800 ex
1972 2777 2075 2800 Rabano.

1355 2816 1364 2829 Β
1381 2818 1448 2840 Vers,
1469 2818 1502 2839 ll.

1354 2855 1364 2868 ⁹
1381 2857 1447 2879 Vers.
1464 2858 1486 2879 2.

1355 2894 1375 2908 ¹⁰
1391 2897 1458 2918 Vers.
1476 2897 1513 2918 23.
1530 2895 1576 2919 Csr.
1593 2901 1664 2923 supra
1681 2902 1736 2923 pag.
1754 2895 1811 2923 217,
1828 2898 1879 2917 nota
1897 2896 1918 2917 8.

1354 2934 1373 2947 ¹¹
1392 2935 1457 2957 Vers.
1474 2935 1512 2957 22.
1523 2947 1554 2951 —
1566 2935 1674 2963 Sequitur
1691 2935 1727 2957 ΡΞ.
1745 2935 1802 2962 118,
1819 2934 1857 2956 61.

1355 2972 1373 2986 ¹²
1391 2974 1456 2996 Vers.
1474 2975 1511 2996 42.

2153 1195 2263 1216 Secundum.
2275 1225 2277 1233 x

2154 2181 2245 2200 Tertium.

2262 3160 2273 3183 .’
2271 3041 2277 3122 Ἷ,,-,,,
2271 2942 2275 3016 mnan,
2272 2903 2273 2908 Α
