2296 3316
309 311 399 330 Primum.

285 637 397 657 secuudum.

306 825 396 844 Tertium.

300 1013 396 1037 Quartum.

275 1247 302 1266 De
315 1246 397 1265 secundo

306 1345 394 1363 Primum.

281 1531 394 1551 secundum.

303 1720 394 1739 Tertium.

267 2097 351 2116 Tertium
360 2102 403 2116 cou-

277 2123 305 2139 tra
318 2123 394 2144 peccata

267 2146 340 2168 septem
352 2145 402 2168 capi-

310 2168 360 2187 talia.

420 180 475 208 618

418 257 477 285 eius
498 254 756 292 multiplicitatem,
777 253 926 290 aliquando
946 254 1061 289 propter
1085 251 1146 280 eius
1166 250 1263 279 vilita-

417 307 488 337 tem,
510 301 656 339 aliquando
678 304 791 338 propter
812 300 872 329 eius
893 299 1127 328 diuturnitatem.
1154 314 1190 319 —
1211 297 1263 326 Sed

416 357 492 382 ecce,
514 348 641 377 Christus
667 348 775 377 occisus
803 350 844 376 est
871 349 961 375 morte
989 345 1200 378 amarissima,
1228 352 1263 373 ne

416 395 546 424 formides
561 394 747 423 acerbitatem
769 401 881 431 poenae.
898 393 985 421 Poena
1000 392 1073 420 enim
1094 391 1196 420 Christi
1211 390 1264 419 fuit

415 443 442 471 in
471 449 622 471 nervorum
650 441 825 474 extensione,
854 440 882 468 in
910 439 1013 476 quihus
1042 438 1162 466 maxime
1191 437 1264 474 viget

415 488 560 522 fortitudo,
582 491 608 517 et
629 488 690 517 ideo
704 487 815 516 afflictio
836 486 1029 520 acerbissima;
1045 485 1118 514 unde
1139 485 1263 513 Threno-

416 544 479 564 rum
494 535 584 572 primo
597 536 620 563 ¹:
646 546 659 560 α
674 534 696 563 Ο
717 542 765 563 vos
779 541 887 567 omnes,
903 532 951 570 qui
967 532 1091 561 transitis
1112 539 1162 569 per
1176 531 1262 565 viam,

415 582 546 612 attendite
560 586 587 611 et
602 581 704 615 videte,
720 581 741 610 si
757 584 797 610 est
812 580 890 609 dolor
905 580 977 609 sicut
990 579 1069 608 dolor
1083 586 1164 608 meus
1181 580 1209 607 »i
1225 594 1264 599 -

415 630 481 658 Item
503 628 610 658 occisus
630 631 671 657 est
693 636 780 665 poena
807 626 1082 659 universalissima,
1103 633 1138 654 ne
1166 625 1264 654 timeas

414 676 656 713 multiplicitatem
678 682 790 712 poenae.
805 674 929 703 amictus
942 673 1015 702 enim
1031 673 1084 702 fuit
1097 672 1124 701 in
1140 671 1263 710 qualibet

415 722 539 760 corporis
560 725 651 760 parte,
673 725 700 751 et
727 721 788 750 ideo
809 721 909 749 clamat
936 720 964 749 in
996 719 1104 749 Psalmo
1119 719 1130 736 ²
1158 718 1192 747 ad
1214 719 1262 747 Pa-

415 773 502 799 trem:
528 780 541 795 «
553 768 654 798 Omnes
668 768 772 797 fluctus
794 771 856 796 tuos
871 766 1005 796 induxisti
1027 774 1112 803 super
1127 774 1170 795 me
1182 777 1208 794 n.
1226 781 1261 786 -—

414 817 528 846 Occisus
548 816 630 845 etiam
662 816 714 845 fuit
742 818 833 844 morte
855 814 1049 852 turpissima,
1078 821 1112 842 ne
1142 812 1263 850 refugias

414 865 551 894 vilitatem
575 871 686 901 poenae.
709 863 781 892 Mors
802 862 875 891 enim
898 861 989 890 crucis
1010 863 1071 890 erat
1088 868 1164 889 mors
1178 860 1263 889 latro-

414 920 498 943 num,
520 915 546 940 et
567 910 628 939 ideo
654 910 687 939 de
708 913 798 938 morte
819 909 879 938 eius
906 908 1009 937 dicitur
1038 907 1192 944 Sapientiae
1220 914 1262 935 se-

415 959 521 988 cundo:
547 959 662 987 «Morte
684 957 844 994 turpissima
866 955 1081 985 condemnemus
1102 962 1166 983 eum
1181 965 1208 982 n.
1224 969 1261 975 -

415 1007 475 1035 Fuit
502 1006 584 1035 etiam
612 1005 720 1035 occisus
750 1008 839 1033 morte
868 1003 1055 1037 diutissima,
1084 1009 1118 1031 ne
1146 1001 1262 1030 horreas

414 1054 638 1083 diuturnitatenz
653 1060 772 1090 poenae;
788 1051 861 1080 unde
876 1051 903 1079 in
920 1050 1044 1079 Psalmo:
1070 1060 1083 1074 α
1099 1049 1147 1078 Fui
1169 1047 1262 1085 flagel-

414 1102 485 1130 latus
503 1104 559 1129 tota
579 1100 623 1129 die
635 1112 648 1125 »
667 1102 718 1128 etr.
734 1115 773 1120 —
787 1098 874 1127 Habes
888 1106 954 1135 ergo
969 1097 996 1126 in
1011 1096 1153 1126 Crucifixo
1167 1103 1262 1125 exem-

414 1148 491 1185 plum
513 1155 616 1185 poenae
638 1146 823 1175 sustinendae.

492 1197 518 1224 ⁶2.
541 1194 627 1223 Habes
648 1193 729 1223 etiam
752 1193 778 1221 in
805 1192 915 1221 Christo
936 1191 1097 1228 exemplum
1126 1189 1262 1227 eoncupi-

413 1242 537 1271 scenttae
549 1240 752 1278 refrenandae.
763 1240 886 1267 Laxatur
893 1238 966 1267 enim
975 1237 1123 1274 aliquando
1131 1236 1262 1273 concupi—

413 1289 516 1319 scentia
530 1289 563 1317 ad
578 1287 748 1325 voluptates,
760 1285 909 1324 aliquando
922 1285 956 1314 ad
971 1284 1102 1318 divicias,
1113 1283 1262 1321 aliquando

413 1337 446 1366 ad
466 1335 595 1365 honores.
619 1351 655 1356 —
678 1335 729 1363 Sed
748 1338 779 1363 ut
801 1334 923 1363 refrenes
943 1331 1195 1369 concupiscentiam
1214 1330 1262 1359 ἠο-

412 1392 533 1418 noram,
552 1383 601 1412 tibi
624 1382 789 1420 proponitur
810 1381 938 1410 Christus
961 1380 989 1409 in
1012 1387 1096 1409 cruce
1118 1378 1262 1413 abiectus,

413 1431 515 1459 scilicet
536 1430 608 1459 inter
636 1429 757 1458 latrones
777 1427 948 1460 crucifixus;
970 1426 1044 1455 unde
1072 1425 1201 1454 Matthaei
1222 1425 1263 1453 vi-

412 1477 516 1514 gesimo
537 1476 689 1514 septimo³:
716 1487 729 1500 «
744 1475 821 1503 Tunc
843 1474 972 1503 crucifixi
995 1475 1061 1502 sunt
1075 1480 1138 1501 cum
1161 1479 1194 1501 eo
1207 1471 1263 1500 duo

412 1524 547 1557 latrones,
569 1531 643 1552 unus
663 1531 679 1551 a
699 1521 808 1551 dextris
828 1524 855 1549 et
875 1521 946 1549 alius
967 1528 983 1549 a
1004 1519 1162 1549 sinistris».
1178 1534 1214 1540 --
1230 1519 1263 1547 Ut

413 1571 535 1600 refrenes
557 1569 806 1607 concupiscentiam
828 1568 1017 1601 (livitiaram,
1033 1566 1199 1604 proponitur
1215 1565 1262 1594 tihi

412 1617 539 1646 Christus
571 1617 599 1645 in
630 1624 714 1645 cruce
734 1615 882 1648 nudatus,-
912 1614 986 1643 unde
1019 1613 1125 1642 loannis
1156 1612 1263 1642 decimo

412 1672 485 1693 nono
507 1663 621 1701 legitur,
642 1663 717 1700 quod
744 1674 758 1688 «
778 1662 964 1691 crucifixores
983 1663 1152 1698 acceperunt
1180 1659 1262 1689 vesti-

412 1714 504 1740 menta
523 1710 585 1739 eius
605 1713 632 1739 et
653 1710 779 1738 fecerunt
800 1712 921 1746 quatuor
945 1711 1037 1745 partes
1053 1720 1066 1733 n
1092 1710 1144 1736 etc.
1171 1723 1208 1727 —
1229 1707 1263 1735 Ut

412 1758 536 1787 refrenes
557 1756 808 1794 concupiscentiam
834 1755 1032 1793 voluptatum,
1055 1754 1104 1783 tibi
1133 1754 1263 1791 proponi-

412 1808 459 1834 tur
480 1804 608 1834 Christus
629 1804 656 1833 in
685 1803 847 1840 exemplum
873 1803 900 1831 in
922 1810 1006 1831 cruce
1037 1801 1167 1839 afflictas
1188 1804 1264 1830 tanta

411 1852 574 1885 afflictione,
596 1851 670 1889 quod
685 1859 740 1879 non
762 1853 803 1879 est
816 1850 894 1879 dolor
910 1850 982 1878 sicut
1002 1849 1080 1878 dolor
1102 1849 1175 1882 eius,
1191 1848 1264 1877 sicut

411 1899 513 1928 dicitur
535 1899 711 1927 Threnorum
733 1898 831 1935 primo
847 1914 881 1916 fi
898 1897 940 1925 Sic
962 1904 1029 1933 ergo
1050 1895 1137 1924 hahes
1152 1895 1179 1924 in
1194 1895 1264 1923 Cru-

412 1946 496 1974 cifixo
521 1945 681 1982 exemplum
707 1952 810 1981 poenae
839 1942 1032 1976 sustinendae,
1058 1942 1144 1971 habes
1168 1950 1263 1971 exem-

413 1993 490 2030 plum
512 1991 750 2029 concupiscentiae
772 1990 961 2020 refrenandae.

492 2040 518 2069 3.
542 2039 628 2068 Habes
654 2038 835 2067 nihilominus
863 2038 890 2066 in
912 2045 944 2066 eo
972 2037 1132 2074 exemplum
1161 2036 1264 2073 culpae

414 2087 558 2115 vitandae.
581 2086 649 2114 Nota
670 2093 736 2122 ergo
757 2088 854 2114 contra
874 2083 1046 2121 superbiam
1068 2083 1164 2120 capitis
1185 2082 1264 2111 incli-

412 2134 566 2167 nationem;
589 2132 696 2161 loannis
716 2132 824 2161 decimo
845 2140 918 2160 nono
929 2132 949 2159 ⁴².
976 2142 989 2156 <z
1006 2130 1136 2159 Inclinato
1158 2129 1263 2167 capite,

412 2181 502 2210 emisit
524 2180 653 2217 spiritum
673 2190 704 2213 »3
727 2187 806 2213 ecce,
827 2178 988 2215 exemplum
1017 2176 1202 2206 humilitatis.
1226 2192 1264 2196 —

413 2228 514 2257 Contra
528 2228 622 2261 iram,
638 2235 689 2264 pro
704 2226 821 2255 inimicis
843 2226 1009 2259 orationem;
1025 2225 1113 2253 Lucae
1132 2224 1264 2262 vigesimo

413 2275 510 2304 tertio:
537 2287 551 2300 ι(
567 2275 661 2308 Pater,
682 2274 789 2303 dimitte
810 2273 879 2307 illis,
901 2273 967 2310 quia
981 2272 1122 2306 nesciunt,
1144 2271 1211 2309 quid
1226 2271 1265 2300 fa-

414 2323 491 2351 ciunt
505 2333 538 2356 »3
561 2329 623 2351 ecce
645 2321 806 2357 exemplum
830 2319 1024 2357 benignitatis
1041 2336 1080 2340 —-
1097 2319 1200 2348 Contra
1221 2319 1265 2347 z'n-

414 2369 543 2403 vidiam,
567 2368 662 2397 lateris
683 2367 870 2405 apertionem;
903 2366 1010 2395 loannis
1037 2366 1145 2395 decimo
1173 2374 1264 2394 nono:

419 2427 433 2440 <c
448 2416 524 2444 Unus
545 2415 665 2444 militum
692 2415 785 2443 lancea
812 2414 885 2443 latus
906 2414 966 2442 eius
994 2412 1104 2450 aperuit
1122 2424 1149 2441 ».
1164 2412 1265 2441 ‘Voluit

415 2463 488 2491 enim
510 2462 652 2496 Christus,
672 2462 747 2490 latus
772 2469 855 2490 suum
884 2460 1003 2498 aperiri,
1032 2463 1063 2488 ut
1091 2458 1265 2492 ostenderet,

416 2510 489 2547 quod
511 2513 624 2547 paratus
655 2512 714 2538 erat
745 2517 793 2537 cor
824 2516 908 2537 suum
929 2507 996 2536 dare
1027 2506 1156 2536 fidelihus
1187 2506 1265 2539 suis;

780 174 1004 204 COLLATIONES
1021 174 1058 202 1N
1079 172 1225 202 lOANNEM
1246 172 1314 201 ΟΜ).
1338 171 1425 200 XVlll.
1449 171 1498 203 ΕΤ,
1512 171 1577 200 ΧΙΧ.
1598 170 1691 199 COLL.
1714 170 1799 199 Lxxl.

1320 257 1399 284 ecce,
1414 249 1575 286 exemplum
1589 249 1735 277 caritatis.
1752 264 1788 270 —
1804 248 1905 277 Contra
1919 248 2097 283 avaritiam,
2113 256 2170 277 ma-

1320 304 1409 325 nuum
1424 295 1649 333 perforationem.
1661 295 1735 325 Solet
1749 295 1822 324 enim
1836 295 1890 324 dici
1904 295 1938 325 de
1953 295 2064 326 homine
2079 295 2169 332 largo,

1320 343 1395 381 quod
1417 343 1500 372 hahet
1515 350 1615 371 manus
1635 342 1805 379 perforatas‚·
1825 341 1983 371 Psalmus⁵:
2006 353 2019 367 α
2032 341 2170 371 Foderunt

1320 398 1420 419 manus
1439 398 1516 419 meas
1537 392 1564 418 et
1585 389 1694 427 pedes»
1712 392 1781 423 etc.;
1796 397 1873 424 ecce,
1895 389 2056 426 exemplum
2079 388 2171 427 ἰατρί-

1321 437 1398 466 tatis.
1415 454 1453 458 —
1467 437 1569 466 Contra
1590 436 1754 470 accidiam,
1775 436 1903 465 devotam
1925 436 2041 473 spiritus
2054 435 2170 465 oblatio-

1320 491 1401 518 nem;
1424 484 1512 512 Lucae
1533 483 1666 520 vigesimo
1688 483 1785 512 tertio:
1812 494 1825 508 a
1841 483 1869 511 ln
1891 490 1991 511 manus
2012 487 2075 512 tuas
2095 490 2170 511 com·
2286 509 2288 514 ,

1320 530 1420 559 mendo
1434 542 1448 556 »
1467 534 1536 564 etc.;
1558 537 1637 564 ecce,
1656 530 1819 567 exemplum
1834 529 2000 558 devotionis.
2017 545 2054 550 —
2070 529 2172 558 Contra
2284 526 2289 563 g

1318 576 1439 614 qulam,
1461 576 1531 605 fellis
1552 577 1736 613 potationem;
1753 576 1859 605 loannis
1873 576 1980 605 decimo
1999 584 2087 605 nono:
2107 575 2171 605 «illi

1320 626 1414 653 autem
1435 623 1543 661 plenam
1562 626 1640 652 aceto
1655 623 1810 660 spongiam,
1826 623 1946 660 hyssopo
1960 622 2171 660 circumponen-
2284 625 2287 640 ¹

1322 673 1377 705 tes,
1391 670 1555 699 obtulerunt
1569 670 1609 699 ori
1629 678 1689 699 suo.
1711 670 1780 699 Cum
1795 673 1889 699 autem
1911 673 2061 707 gustasset,
2083 669 2172 699 noluit
2287 690 2290 708 1

1321 717 1417 747 hibere
1431 728 1462 752 »ς
1485 725 1564 752 ecce,
1586 717 1746 754 exemplum
1768 717 1880 746 ieiunii.
1903 732 1940 738 —-
1961 716 2062 746 Contra
2084 716 2171 745 lama·
2287 711 2296 755 ξ

1321 765 1418 799 riam,
1440 765 1583 802 sanguinis
1603 764 1782 798 effusionem
1804 772 1883 798 ecce,
1904 764 2065 801 exemplum
2092 772 2171 793 mor-
2289 758 2293 795 l'

1321 811 1491 848 tificatz'om's
1511 811 1622 840 carnis.

1653 914 1781 938 Auro‘rnio
1800 914 1838 936 69.

1398 1000 1475 1037 (Cap.
1501 1001 1550 1034 19,
1573 1000 1641 1034 29).
1663 999 1712 1028 lla
1729 1003 1826 1028 autem
1841 999 1960 1037 plenam
1986 1002 2065 1028 aceto
2085 1007 2172 1036 spou—

1318 1047 1402 1085 9iam
1422 1046 1588 1076 obtulerunt
1608 1046 1656 1075 orz'
1675 1047 1746 1075 eius.

1398 1095 1482 1128 Nota,
1503 1094 1578 1132 quod
1596 1094 1724 1123 Christus
1739 1093 1791 1122 fuit
1811 1093 1930 1122 afflictus
1945 1093 1973 1122 ir.
1994 1093 2171 1131 quadruplici
2194 1099 2286 1128 ςιπῑειυμ

1320 1149 1417 1171 sensu:
1430 1141 1457 1170 in
1469 1141 1586 1175 auditu,
1598 1140 1735 1170 audiendo
1749 1140 1936 1177 blasphemias
1950 1140 2128 1174 Iudaeorum;
2143 1139 2172 1169 in
2188 1123 2281 1168 gsssstsiimff
2295 1139 2296 1155 ²

1320 1189 1396 1223 vlsu,
1405 1188 1567 1217 sustinendo
1578 1188 1743 1217 velationem
1753 1188 1899 1217 oculorum
1908 1198 1914 1221 ;
1923 1188 1951 1216 in
1962 1191 2053 1222 tacta,
2061 1187 2172 1225 quando

1319 1235 1371 1264 fuit
1392 1235 1477 1264 clavis
1498 1235 1627 1264 confixus
1648 1238 1675 1263 et
1697 1234 1867 1271 flagellatus;
1890 1234 1917 1262 in
1937 1237 2045 1272 pasta,
2060 1233 2172 1271 quando

1320 1281 1372 1310 fuit
1386 1284 1463 1310 aceto
1476 1284 1595 1318 potatus.
1606 1298 1644 1301 —
1657 1281 1710 1309 Hoc
1722 1283 1810 1309 totum
1822 1280 1925 1309 factum
1937 1284 1988 1315 est,
2000 1284 2031 1309 ut
2045 1280 2171 1309 exsolve-

1320 1332 1363 1357 ret
1376 1328 1508 1357 delictum
1523 1328 1605 1365 primi
1621 1327 1753 1362 hominis,
1765 1327 1812 1365 qui
1825 1327 1916 1356 fuerat
1930 1327 2038 1364 primus
2050 1327 2076 1356 in
2089 1334 2172 1356 sensu

1320 1375 1495 1413 quadruplici
1524 1375 1596 1404 male
1616 1374 1770 1404 delectatus
1784 1375 1803 1402 θ.
1827 1374 1918 1403 Primo
1946 1374 2019 1403 enim
2049 1373 2172 1411 peccavit

1320 1421 1473 1451 secundum
1499 1421 1654 1455 auditum,
1686 1420 1797 1458 quando
1828 1420 1935 1450 audivit
1966 1420 2170 1458 suggestionem

1320 1470 1372 1499 sibi
1394 1469 1592 1498 beatitudinem
1615 1468 1833 1506 promittentem.
1850 1483 1886 1489 —-
1902 1467 2028 1497 Secundo
2049 1467 2173 1505 peccavit

1320 1517 1474 1546 secundum
1489 1517 1601 1551 visam,
1616 1516 1727 1553 quando
1742 1515 1851 1552 aspexit
1870 1515 1993 1545 fructum
2013 1527 2026 1541 «τ
2041 1515 2172 1553 pulcrum

1320 1564 1382 1593 visu
1397 1567 1424 1592 et
1438 1563 1472 1592 ad
1488 1563 1654 1592 vescendum
1670 1570 1784 1591 suavem
1796 1574 1823 1590 ».
1835 1579 1875 1583 —
1885 1561 1978 1591 Tertio
1994 1561 2117 1599 peccavit
2131 1568 2172 1590 se-

1319 1611 1442 1641 cundum
1464 1615 1592 1645 tactum,
1611 1610 1722 1648 quando
1742 1609 1866 1639 fructum
1888 1609 2006 1647 collegit.
2018 1625 2055 1630 —
2067 1609 2173 1646 Quarto

1320 1658 1475 1688 secundum
1494 1662 1633 1696 qustum,
1655 1657 1766 1694 quando
1787 1656 1911 1686 fructum
1925 1656 2051 1685 comedit.
2068 1672 2105 1677 —
2119 1656 2173 1685 Cu—

1320 1706 1364 1734 ius
1385 1705 1517 1734 delictum
1539 1705 1687 1734 exsolvens
1715 1703 1843 1733 Christus
1873 1703 1926 1732 fuit
1946 1703 2172 1741 blasphematus,

1320 1752 1408 1781 oculis
1429 1752 1552 1786 velatus,
1575 1751 1660 1781 clavis
1691 1751 1820 1780 confixus
1848 1753 1875 1779 et
1907 1750 1969 1779 felle
1997 1753 2124 1787 potatus,
2146 1753 2174 1779 et

1321 1800 1397 1834 ideo,
1419 1808 1485 1828 cum
1518 1800 1672 1837 accepisset
1703 1802 1835 1832 acetum,
1864 1798 1954 1827 (lixit.-
1982 1797 2173 1827 Consu-mma-

1322 1851 1386 1875 tztm.
1399 1851 1440 1875 est
1452 1847 1471 1875 ⁷.

1628 1947 1770 1970 COLLATIO
1788 1947 1867 1969 Lxxl.

1402 2034 1490 2071 (Vers.
1513 2034 1582 2069 41).
1600 2034 1673 2062 Erat
1688 2036 1786 2062 autem
1801 2033 1832 2061 in
1847 2032 1924 2066 loco,
1940 2031 1992 2061 uba·
2008 2031 2172 2069 crucifixus

1321 2086 1362 2111 est
1383 2085 1434 2111 etc.

1404 2131 1427 2158 l.
1451 2129 1497 2157 Hic
1518 2129 1575 2166 agit
1596 2128 1629 2157 de
1657 2127 1812 2165 scpaltwra
1840 2127 1951 2156 Christi.
1981 2127 2060 2156 Circa
2088 2135 2173 2165 quam
2186 2134 2296 2162 oesypum]

1322 2177 1376 2206 tria
1397 2179 1463 2206 sunt
1485 2176 1612 2205 notanda.
1635 2175 1764 2204 Christus
1785 2174 1858 2204 enim
1880 2177 2010 2204 mortuus
2030 2174 2083 2203 fuit
2107 2183 2174 2204 con·
2192 2158 2296 2178 mmmm

1323 2224 1403 2253 ditus
1424 2227 1568 2261 unguento
1590 2239 1626 2244 —
1648 2222 1798 2251 involutus
1813 2222 1925 2251 sudario
1946 2239 1985 2243 —
2005 2222 2174 2251 reconditus

1322 2271 1351 2300 in
1372 2271 1517 2308 sepulcrm
1533 2278 1605 2308 quae
1626 2270 1680 2298 tria
1695 2272 1849 2306 tanguntur
1864 2269 1892 2297 in
1907 2269 1999 2297 littera
2013 2268 2081 2303 ista,
2096 2268 2174 2297 Ioan-

1322 2318 1365 2346 nis
1396 2317 1503 2346 decimo
1534 2316 1646 2350 nonos,
1669 2315 1857 2349 ubidicitur,
1888 2314 1963 2352 quod
1988 2314 2174 2351 «ligaverunt

1323 2373 1386 2394 eum
1410 2365 1500 2393 linteis
1521 2372 1586 2393 cum
1607 2363 1795 2396 aromatibus,
1817 2363 1889 2392 sicut
1917 2369 1977 2391 mos
1998 2365 2040 2391 est
2068 2361 2174 2390 Iudaeis

1323 2411 1439 2449 sepelire
1451 2424 1478 2439 ».
1492 2427 1528 2432 -
1541 2411 1592 2440 Per
1603 2411 1672 2439 haec
1684 2410 1737 2438 tria
1749 2409 1862 2438 instruit
1876 2417 1926 2438 nos
1940 2409 2068 2438 Christus
2077 2431 2084 2443 ‚
2098 2407 2174 2446 quod
2197 2416 2289 2444 appositio

1324 2459 1406 2487 homo
1428 2457 1596 2495 spiritualis,
1618 2457 1666 2494 qui
1688 2456 1749 2485 vult
1774 2468 1787 2481 «
1803 2455 1984 2492 complantari
2000 2454 2173 2484 similitudini
2190 2440 2295 2464 ⁸p¹¹¹²⁰³¹³¹

1325 2505 1421 2533 mortis
1442 2504 1502 2533 eius
1517 2516 1544 2537 »‚
1567 2503 1719 2532 secundum
1742 2502 1816 2540 quod
1838 2502 1961 2539 tangitur
1982 2501 2017 2530 ad
2038 2501 2173 2530 Romanos

480 2698 487 2710 ¹
505 2699 571 2721 Vers.
598 2699 631 2720 12.
654 2710 684 2714 --
707 2698 818 2726 Superius
842 2704 884 2726 pro
907 2697 998 2721 occisus
1016 2698 1034 2720 Α
1051 2698 1175 2724 mortuus,
1202 2697 1266 2726 quod

416 2738 485 2760 etiam
502 2737 596 2760 inferius
614 2737 635 2759 in
653 2737 756 2759 secundo
774 2736 881 2759 membro
899 2737 1007 2759 occurrit.

479 2774 488 2787 ²
506 2776 587 2798 Dsulm.
606 2775 647 2802 87,
665 2776 685 2797 8.
703 2787 734 2792 —
752 2776 884 2804 Sequuntur
902 2776 955 2803 Sap.
974 2775 1000 2802 2,
1019 2775 1055 2797 20.
1074 2778 1096 2797 et
1114 2775 1150 2797 ΡΞ.
1166 2774 1210 2801 72,
1229 2774 1266 2797 ³4.

416 2816 558 2838 —Inferius
580 2821 622 2843 pro
645 2814 778 2838 diutissima
802 2814 854 2845 [cfr.
878 2815 1008 2842 Forcellini,
1031 2815 1130 2837 Lexicon
1152 2813 1220 2843 etc.]‚
1237 2820 1266 2836 ne

417 2854 517 2877 horreas
534 2853 550 2877 C
568 2853 763 2881 dz'utm-nsssz'ma,
781 2860 810 2877 ne
827 2853 917 2877 timeus.

479 2892 488 2905 ³
506 2893 572 2916 Vers.
588 2893 625 2915 38.
643 2905 673 2910 —
690 2893 740 2915 Duo
758 2900 823 2922 seqq.
840 2894 884 2916 loci
898 2896 951 2916 sunt
962 2893 1022 2916 Ioan.
1040 2893 1079 2920 19,
1093 2892 1130 2915 23.
1143 2894 1165 2914 et
1178 2892 1265 2914 Thren.

422 2934 445 2960 l,
466 2933 500 2955 12.

480 2971 489 2984 ⁴
507 2972 573 2995 Vei-s.
591 2972 627 2994 30.
645 2984 676 2989 —·
691 2971 793 2995 Subinde
806 2972 933 3000 allegantur
944 2973 999 2994 Luc.
1011 2973 1054 2999 ⁴23,
1067 2971 1105 2994 34.
1117 2974 1139 2993 et
1151 2971 1210 2993 loan.
1224 2970 1265 2997 19,

1323 2695 1361 2718 34.
1374 2707 1404 2712 -
1416 2695 1474 2718 Cod.
1485 2694 1502 2717 C
1515 2696 1571 2716 haec
1583 2699 1643 2722 quae
1655 2696 1784 2722 sequuntur
1797 2698 1871 2721 usque.
1883 2692 1913 2715 ad
1923 2690 2106 2715 Ammtationem
2115 2697 2172 2719 seq.‚

1322 2735 1405 2758 omittit
1423 2735 1525 2763 legitque
1544 2733 1638 2761 Quaere
1654 2731 1713 2756 alibi
1728 2734 1750 2755 et
1766 2731 1879 2755 invenies.

1385 2772 1394 2785 ⁶
1412 2773 1494 2796 Psalm.
1512 2773 1554 2800 21,
1577 2772 1610 2794 17.
1627 2778 1676 2800 seq.
1693 2783 1724 2788 -
1741 2772 1792 2794 Duo
1809 2777 1874 2800 seqq.
1893 2770 1936 2793 loci
1948 2772 2001 2793 sunt
2013 2770 2067 2792 Luc.
2079 2769 2121 2797 23,
2135 2768 2172 2791 46.

1322 2815 1344 2834 et
1362 2813 1422 2834 lonn.
1442 2812 1483 2838 19,
1501 2811 1538 2833 29.

1385 2849 1394 2863 ⁰
1411 2850 1457 2874 Cfr.
1473 2851 1529 2873 Gen.
1548 2851 1575 2877 3,
1594 2851 1614 2872 5.
1632 2853 1654 2872 et
1672 2850 1694 2871 6.

1386 2889 1395 2902 ⁷
1413 2891 1473 2912 loon.
1492 2890 1533 2917 19,
1552 2889 1589 2911 30.

1385 2927 1394 2941 ¹³
1413 2929 1477 2952 Vers.
1498 2929 1534 2951 40.
1552 2941 1582 2945 —
1600 2928 1712 2956 Superius
1730 2934 1772 2956 pro
1789 2928 1845 2951 sunt
1868 2925 1974 2950 notanda
1996 2925 2013 2948 C
2036 2926 2172 2955 laizqtmlur

1323 2968 1503 2992 consideranda.
