<?xml version="1.0" encoding="UTF-8"?>
<!DOCTYPE html PUBLIC "-//W3C//DTD XHTML 1.0 Transitional//EN"
    "http://www.w3.org/TR/xhtml1/DTD/xhtml1-transitional.dtd">
<html xmlns="http://www.w3.org/1999/xhtml" xml:lang="en" lang="en">
 <head>
  <title>
</title>
<meta http-equiv="Content-Type" content="text/html;charset=utf-8" />
  <meta name='ocr-system' content='tesseract 3.04.00' />
  <meta name='ocr-capabilities' content='ocr_page ocr_carea ocr_par ocr_line ocrx_word'/>
</head>
<body>
  <div class='ocr_page' id='page_1' title='image "./doctorisseraphic06bona_0307.png"; bbox 0 0 2296 3316; ppageno 0'>
   <div class='ocr_carea' id='block_1_1' title="bbox 775 139 1257 169">
    <p class='ocr_par' dir='ltr' id='par_1_1' title="bbox 775 139 1257 169">
     <span class='ocr_line' id='line_1_1' title="bbox 775 139 1257 169; baseline -0.002 0"><span class='ocrx_word' id='word_1_1' title='bbox 775 140 944 169; x_wconf 87' lang='lat' dir='ltr'>COMMENT.</span> <span class='ocrx_word' id='word_1_2' title='bbox 967 140 1000 168; x_wconf 87' lang='lat' dir='ltr'>IN</span> <span class='ocrx_word' id='word_1_3' title='bbox 1021 139 1167 168; x_wconf 80' lang='lat' dir='ltr'>IOANNEM</span> <span class='ocrx_word' id='word_1_4' title='bbox 1188 140 1216 168; x_wconf 90' lang='lat' dir='ltr'>C.</span> <span class='ocrx_word' id='word_1_5' title='bbox 1239 140 1257 168; x_wconf 91' lang='grc' dir='ltr'>Ι.</span> 
     </span>
    </p>
   </div>
   <div class='ocr_carea' id='block_1_2' title="bbox 144 217 992 439">
    <p class='ocr_par' dir='ltr' id='par_1_2' title="bbox 145 217 991 302">
     <span class='ocr_line' id='line_1_2' title="bbox 145 217 991 252; baseline -0.002 -5"><span class='ocrx_word' id='word_1_6' title='bbox 145 219 369 252; x_wconf 78' lang='lat' dir='ltr'>absconditum;</span> <span class='ocrx_word' id='word_1_7' title='bbox 396 218 522 247; x_wconf 82' lang='lat' dir='ltr'><strong>Matthaei</strong></span> <span class='ocrx_word' id='word_1_8' title='bbox 548 218 654 247; x_wconf 87' lang='lat' dir='ltr'>decimo</span> <span class='ocrx_word' id='word_1_9' title='bbox 675 218 775 246; x_wconf 85' lang='lat' dir='ltr'>tertio:</span> <span class='ocrx_word' id='word_1_10' title='bbox 801 229 815 242; x_wconf 73' lang='grc' dir='ltr'>α</span> <span class='ocrx_word' id='word_1_11' title='bbox 830 217 923 246; x_wconf 81' lang='lat' dir='ltr'>Simile</span> <span class='ocrx_word' id='word_1_12' title='bbox 949 220 991 246; x_wconf 90' lang='lat' dir='ltr'>est</span> 
     </span>
     <span class='ocr_line' id='line_1_3' title="bbox 146 264 989 302; baseline -0.001 -9"><span class='ocrx_word' id='word_1_13' title='bbox 146 273 261 302; x_wconf 83' lang='lat' dir='ltr'>regnum</span> <span class='ocrx_word' id='word_1_14' title='bbox 283 265 422 293; x_wconf 83' lang='lat' dir='ltr'>caelorum</span> <span class='ocrx_word' id='word_1_15' title='bbox 444 265 576 293; x_wconf 88' lang='lat' dir='ltr'>thesauro</span> <span class='ocrx_word' id='word_1_16' title='bbox 596 264 756 293; x_wconf 87' lang='lat' dir='ltr'>abscondito</span> <span class='ocrx_word' id='word_1_17' title='bbox 776 264 804 292; x_wconf 90' lang='lat' dir='ltr'>in</span> <span class='ocrx_word' id='word_1_18' title='bbox 825 271 892 300; x_wconf 85' lang='lat' dir='ltr'>agro</span> <span class='ocrx_word' id='word_1_19' title='bbox 905 275 918 289; x_wconf 65' lang='grc' dir='ltr'>ι»</span> <span class='ocrx_word' id='word_1_20' title='bbox 938 267 989 292; x_wconf 87' lang='lat' dir='ltr'>etc.</span> 
     </span>
    </p>

    <p class='ocr_par' dir='ltr' id='par_1_3' title="bbox 144 310 992 439">
     <span class='ocr_line' id='line_1_4' title="bbox 222 310 992 347; baseline -0.003 -8"><span class='ocrx_word' id='word_1_21' title='bbox 222 311 268 339; x_wconf 91' lang='grc'>80.</span> <span class='ocrx_word' id='word_1_22' title='bbox 284 310 373 347; x_wconf 91' lang='lat' dir='ltr'>(Vers.</span> <span class='ocrx_word' id='word_1_23' title='bbox 389 310 456 342; x_wconf 68' lang='lat'>42).</span> <span class='ocrx_word' id='word_1_24' title='bbox 474 311 508 338; x_wconf 84' lang='lat' dir='ltr'>Et</span> <span class='ocrx_word' id='word_1_25' title='bbox 522 310 649 338; x_wconf 69' lang='lat' dir='ltr'>adduxit</span> <span class='ocrx_word' id='word_1_26' title='bbox 662 318 728 338; x_wconf 75' lang='lat' dir='ltr'>eam</span> <span class='ocrx_word' id='word_1_27' title='bbox 742 310 783 338; x_wconf 84' lang='lat' dir='ltr'>ad</span> <span class='ocrx_word' id='word_1_28' title='bbox 796 310 892 337; x_wconf 77' lang='lat' dir='ltr'>Iesum</span> <span class='ocrx_word' id='word_1_29' title='bbox 901 319 911 342; x_wconf 91' lang='grc'><em>;</em></span> <span class='ocrx_word' id='word_1_30' title='bbox 926 310 992 346; x_wconf 80' lang='lat' dir='ltr'>Apo-</span> 
     </span>
     <span class='ocr_line' id='line_1_5' title="bbox 144 356 991 393; baseline -0.001 -8"><span class='ocrx_word' id='word_1_31' title='bbox 144 356 261 393; x_wconf 76' lang='lat' dir='ltr'>calypsis</span> <span class='ocrx_word' id='word_1_32' title='bbox 281 356 419 385; x_wconf 79' lang='lat' dir='ltr'>ultim01:</span> <span class='ocrx_word' id='word_1_33' title='bbox 445 367 459 381; x_wconf 78' lang='grc' dir='ltr'>α</span> <span class='ocrx_word' id='word_1_34' title='bbox 473 356 525 392; x_wconf 85' lang='lat' dir='ltr'>Qui</span> <span class='ocrx_word' id='word_1_35' title='bbox 546 356 624 385; x_wconf 90' lang='lat' dir='ltr'>audit</span> <span class='ocrx_word' id='word_1_36' title='bbox 637 356 727 384; x_wconf 90' lang='lat' dir='ltr'>dicat:</span> <span class='ocrx_word' id='word_1_37' title='bbox 749 356 829 390; x_wconf 90' lang='lat' dir='ltr'>Veni;</span> <span class='ocrx_word' id='word_1_38' title='bbox 844 359 871 385; x_wconf 91' lang='lat' dir='ltr'>et</span> <span class='ocrx_word' id='word_1_39' title='bbox 885 356 933 393; x_wconf 89' lang='lat' dir='ltr'>qui</span> <span class='ocrx_word' id='word_1_40' title='bbox 955 356 991 384; x_wconf 91' lang='grc'>51-</span> 
     </span>
     <span class='ocr_line' id='line_1_6' title="bbox 145 402 991 439; baseline 0 -9"><span class='ocrx_word' id='word_1_41' title='bbox 145 403 178 431; x_wconf 87' lang='grc'>111</span> <span class='ocrx_word' id='word_1_42' title='bbox 197 403 328 432; x_wconf 74' lang='lat' dir='ltr'>veniat».</span> <span class='ocrx_word' id='word_1_43' title='bbox 352 402 481 431; x_wconf 73' lang='lat' dir='ltr'>Intuituc</span> <span class='ocrx_word' id='word_1_44' title='bbox 500 406 598 431; x_wconf 74' lang='lat' dir='ltr'>autem</span> <span class='ocrx_word' id='word_1_45' title='bbox 612 411 678 431; x_wconf 78' lang='lat' dir='ltr'>eam</span> <span class='ocrx_word' id='word_1_46' title='bbox 692 403 782 431; x_wconf 74' lang='lat' dir='ltr'>Iesus.</span> <span class='ocrx_word' id='word_1_47' title='bbox 798 402 931 439; x_wconf 83' lang='lat' dir='ltr'>Tangitur</span> <span class='ocrx_word' id='word_1_48' title='bbox 946 402 991 431; x_wconf 91' lang='lat' dir='ltr'>hic</span> 
     </span>
    </p>
   </div>
   <div class='ocr_carea' id='block_1_3' title="bbox 1835 141 1891 170">
    <p class='ocr_par' dir='ltr' id='par_1_4' title="bbox 1835 141 1891 170">
     <span class='ocr_line' id='line_1_7' title="bbox 1835 141 1891 170; baseline -0.018 0"><span class='ocrx_word' id='word_1_49' title='bbox 1835 141 1891 170; x_wconf 72' lang='lat'>263</span> 
     </span>
    </p>
   </div>
   <div class='ocr_carea' id='block_1_4' title="bbox 1046 217 1892 439">
    <p class='ocr_par' dir='ltr' id='par_1_5' title="bbox 1046 217 1892 439">
     <span class='ocr_line' id='line_1_8' title="bbox 1125 217 1892 256; baseline 0.003 -11"><span class='ocrx_word' id='word_1_50' title='bbox 1125 217 1307 246; x_wconf 72' lang='lat' dir='ltr'>Resrounao:</span> <span class='ocrx_word' id='word_1_51' title='bbox 1328 217 1496 252; x_wconf 82' lang='lat' dir='ltr'>Dicendum,</span> <span class='ocrx_word' id='word_1_52' title='bbox 1521 217 1595 254; x_wconf 90' lang='lat' dir='ltr'>quod</span> <span class='ocrx_word' id='word_1_53' title='bbox 1618 219 1720 256; x_wconf 62' lang='lat' dir='ltr'>Agnus</span> <span class='ocrx_word' id='word_1_54' title='bbox 1740 218 1830 247; x_wconf 91' lang='lat' dir='ltr'>dictus</span> <span class='ocrx_word' id='word_1_55' title='bbox 1850 221 1892 247; x_wconf 89' lang='lat' dir='ltr'>est</span> 
     </span>
     <span class='ocr_line' id='line_1_9' title="bbox 1046 263 1891 302; baseline 0.001 -10"><span class='ocrx_word' id='word_1_56' title='bbox 1046 271 1062 292; x_wconf 91' lang='lat' dir='ltr'>a</span> <span class='ocrx_word' id='word_1_57' title='bbox 1073 263 1186 298; x_wconf 78' lang='lat' dir='ltr'>Ioanne,</span> <span class='ocrx_word' id='word_1_58' title='bbox 1201 264 1268 301; x_wconf 90' lang='lat' dir='ltr'>quia</span> <span class='ocrx_word' id='word_1_59' title='bbox 1281 264 1309 292; x_wconf 94' lang='lat' dir='ltr'>in</span> <span class='ocrx_word' id='word_1_60' title='bbox 1324 272 1395 301; x_wconf 83' lang='lat' dir='ltr'>agno</span> <span class='ocrx_word' id='word_1_61' title='bbox 1409 264 1461 293; x_wconf 86' lang='lat' dir='ltr'>fuit</span> <span class='ocrx_word' id='word_1_62' title='bbox 1472 264 1707 302; x_wconf 71' lang='lat' dir='ltr'>praefiyuratus,</span> <span class='ocrx_word' id='word_1_63' title='bbox 1724 265 1808 293; x_wconf 84' lang='lat' dir='ltr'>Exodi</span> <span class='ocrx_word' id='word_1_64' title='bbox 1823 265 1891 293; x_wconf 93' lang='lat' dir='ltr'>duo-</span> 
     </span>
     <span class='ocr_line' id='line_1_10' title="bbox 1046 309 1891 347; baseline 0.002 -9"><span class='ocrx_word' id='word_1_65' title='bbox 1046 309 1190 343; x_wconf 69' lang='lat' dir='ltr'>decimoss,</span> <span class='ocrx_word' id='word_1_66' title='bbox 1212 313 1239 339; x_wconf 90' lang='lat' dir='ltr'>et</span> <span class='ocrx_word' id='word_1_67' title='bbox 1265 310 1435 347; x_wconf 72' lang='lat' dir='ltr'>praedictus</span> <span class='ocrx_word' id='word_1_68' title='bbox 1456 319 1471 339; x_wconf 92' lang='lat' dir='ltr'>a</span> <span class='ocrx_word' id='word_1_69' title='bbox 1492 311 1648 347; x_wconf 80' lang='lat' dir='ltr'>Prophetis,</span> <span class='ocrx_word' id='word_1_70' title='bbox 1677 311 1760 340; x_wconf 82' lang='lat' dir='ltr'>Isaiae</span> <span class='ocrx_word' id='word_1_71' title='bbox 1786 311 1891 340; x_wconf 91' lang='lat' dir='ltr'>decimo</span> 
     </span>
     <span class='ocr_line' id='line_1_11' title="bbox 1047 356 1892 395; baseline 0.002 -11"><span class='ocrx_word' id='word_1_72' title='bbox 1047 359 1136 384; x_wconf 88' lang='lat' dir='ltr'>sexto.</span> <span class='ocrx_word' id='word_1_73' title='bbox 1152 356 1184 385; x_wconf 91' lang='lat' dir='ltr'>Et</span> <span class='ocrx_word' id='word_1_74' title='bbox 1204 357 1270 393; x_wconf 92' lang='lat' dir='ltr'>quia</span> <span class='ocrx_word' id='word_1_75' title='bbox 1285 357 1461 394; x_wconf 86' lang='lat' dir='ltr'>Evangelium</span> <span class='ocrx_word' id='word_1_76' title='bbox 1476 365 1627 386; x_wconf 88' lang='lat' dir='ltr'>consonare</span> <span class='ocrx_word' id='word_1_77' title='bbox 1642 358 1723 386; x_wconf 90' lang='lat' dir='ltr'>debet</span> <span class='ocrx_word' id='word_1_78' title='bbox 1738 358 1816 395; x_wconf 85' lang='lat' dir='ltr'>Legi,</span> <span class='ocrx_word' id='word_1_79' title='bbox 1832 357 1892 386; x_wconf 89' lang='lat' dir='ltr'>ideo</span> 
     </span>
     <span class='ocr_line' id='line_1_12' title="bbox 1047 402 1702 439; baseline 0.003 -9"><span class='ocrx_word' id='word_1_80' title='bbox 1047 402 1158 430; x_wconf 89' lang='lat' dir='ltr'>nomine</span> <span class='ocrx_word' id='word_1_81' title='bbox 1178 402 1251 439; x_wconf 66' lang='lat' dir='ltr'>agni</span> <span class='ocrx_word' id='word_1_82' title='bbox 1270 402 1476 432; x_wconf 89' lang='lat' dir='ltr'>demonstratus</span> <span class='ocrx_word' id='word_1_83' title='bbox 1496 406 1539 432; x_wconf 89' lang='lat' dir='ltr'>est</span> <span class='ocrx_word' id='word_1_84' title='bbox 1558 411 1575 431; x_wconf 89' lang='lat' dir='ltr'>a</span> <span class='ocrx_word' id='word_1_85' title='bbox 1595 403 1702 432; x_wconf 79' lang='lat' dir='ltr'><strong>Ioanne.</strong></span> 
     </span>
    </p>
   </div>
   <div class='ocr_carea' id='block_1_5' title="bbox 1910 224 2034 249">
    <p class='ocr_par' dir='ltr' id='par_1_6' title="bbox 1910 224 2034 249">
     <span class='ocr_line' id='line_1_13' title="bbox 1910 224 2034 249; baseline 0.008 -6"><span class='ocrx_word' id='word_1_86' title='bbox 1910 224 1965 249; x_wconf 80' lang='lat' dir='ltr'>Resp.</span> <span class='ocrx_word' id='word_1_87' title='bbox 1980 226 2005 244; x_wconf 83' lang='lat' dir='ltr'>ad</span> <span class='ocrx_word' id='word_1_88' title='bbox 2016 226 2034 244; x_wconf 69' lang='lat'>2.</span> 
     </span>
    </p>
   </div>
   <div class='ocr_carea' id='block_1_6' title="bbox 0 448 991 534">
    <p class='ocr_par' dir='ltr' id='par_1_7' title="bbox 0 448 991 534">
     <span class='ocr_line' id='line_1_14' title="bbox 1 448 991 486; baseline 0 -10"><span class='ocrx_word' id='word_1_89' title='bbox 1 457 129 485; x_wconf 47' lang='lat' dir='ltr'>Quinto.‚rrq·</span> <span class='ocrx_word' id='word_1_90' title='bbox 145 449 289 486; x_wconf 89' lang='lat' dir='ltr'>quintum,</span> <span class='ocrx_word' id='word_1_91' title='bbox 311 449 414 478; x_wconf 89' lang='grc'><strong>50111001</strong></span> <span class='ocrx_word' id='word_1_92' title='bbox 431 449 664 486; x_wconf 75' lang='lat' dir='ltr'><em>praedicationis</em></span> <span class='ocrx_word' id='word_1_93' title='bbox 684 448 898 485; x_wconf 78' lang='lat' dir='ltr'>discipulorum</span> <span class='ocrx_word' id='word_1_94' title='bbox 912 456 991 477; x_wconf 85' lang='lat' dir='ltr'>acce-</span> 
     </span>
     <span class='ocr_line' id='line_1_15' title="bbox 0 481 991 534; baseline 0 -11"><span class='ocrx_word' id='word_1_95' title='bbox 0 481 128 534; x_wconf 50' lang='lat' dir='ltr'>}fflssssi&#39;ff</span> <span class='ocrx_word' id='word_1_96' title='bbox 141 496 251 533; x_wconf 81' lang='lat' dir='ltr'>ptatio,</span> <span class='ocrx_word' id='word_1_97' title='bbox 279 496 345 533; x_wconf 91' lang='lat' dir='ltr'>quia</span> <span class='ocrx_word' id='word_1_98' title='bbox 371 496 506 524; x_wconf 86' lang='lat' dir='ltr'>Dominus</span> <span class='ocrx_word' id='word_1_99' title='bbox 533 498 657 532; x_wconf 88' lang='lat' dir='ltr'>acceptat</span> <span class='ocrx_word' id='word_1_100' title='bbox 684 498 711 524; x_wconf 91' lang='lat' dir='ltr'>et</span> <span class='ocrx_word' id='word_1_101' title='bbox 735 495 905 524; x_wconf 89' lang='lat' dir='ltr'>vocationem</span> <span class='ocrx_word' id='word_1_102' title='bbox 933 495 991 523; x_wconf 91' lang='lat' dir='ltr'>sive</span> 
     </span>
    </p>
   </div>
   <div class='ocr_carea' id='block_1_7' title="bbox 144 542 991 582">
    <p class='ocr_par' dir='ltr' id='par_1_8' title="bbox 144 542 991 582">
     <span class='ocr_line' id='line_1_16' title="bbox 144 542 991 582; baseline 0 -12"><span class='ocrx_word' id='word_1_103' title='bbox 144 542 374 579; x_wconf 80' lang='lat' dir='ltr'>praedicationem</span> <span class='ocrx_word' id='word_1_104' title='bbox 395 542 532 576; x_wconf 81' lang='lat' dir='ltr'>Andreae,</span> <span class='ocrx_word' id='word_1_105' title='bbox 548 542 722 579; x_wconf 89' lang='lat' dir='ltr'>suscipiendo</span> <span class='ocrx_word' id='word_1_106' title='bbox 737 542 861 570; x_wconf 85' lang='lat' dir='ltr'>Petrum:</span> <span class='ocrx_word' id='word_1_107' title='bbox 877 545 991 582; x_wconf 65' lang='lat' dir='ltr'>propter</span> 
     </span>
    </p>
   </div>
   <div class='ocr_carea' id='block_1_8' title="bbox 1047 448 2026 535">
    <p class='ocr_par' dir='ltr' id='par_1_9' title="bbox 1047 448 2026 535">
     <span class='ocr_line' id='line_1_17' title="bbox 1126 448 2026 488; baseline -0.002 -12"><span class='ocrx_word' id='word_1_108' title='bbox 1126 449 1171 476; x_wconf 82' lang='grc'><strong>82.</strong></span> <span class='ocrx_word' id='word_1_109' title='bbox 1194 448 1245 477; x_wconf 88' lang='lat' dir='ltr'>Sed</span> <span class='ocrx_word' id='word_1_110' title='bbox 1266 449 1357 478; x_wconf 87' lang='lat' dir='ltr'>adhuc</span> <span class='ocrx_word' id='word_1_111' title='bbox 1378 452 1464 478; x_wconf 88' lang='lat' dir='ltr'>restat</span> <span class='ocrx_word' id='word_1_112' title='bbox 1484 450 1625 487; x_wconf 82' lang='lat' dir='ltr'>quaestio:</span> <span class='ocrx_word' id='word_1_113' title='bbox 1646 450 1734 487; x_wconf 82' lang='lat' dir='ltr'>q&#39;uare</span> <span class='ocrx_word' id='word_1_114' title='bbox 1754 450 1892 488; x_wconf 83' lang='lat' dir='ltr'>praefigu-</span> <span class='ocrx_word' id='word_1_115' title='bbox 1908 457 1983 484; x_wconf 50' lang='lat' dir='ltr'>Quaest.</span> <span class='ocrx_word' id='word_1_116' title='bbox 1997 458 2026 476; x_wconf 69' lang='lat'>1„-</span> 
     </span>
     <span class='ocr_line' id='line_1_18' title="bbox 1047 481 2002 535; baseline -0.009 -12"><span class='ocrx_word' id='word_1_117' title='bbox 1047 497 1125 523; x_wconf 91' lang='lat' dir='ltr'>ratus</span> <span class='ocrx_word' id='word_1_118' title='bbox 1145 495 1198 523; x_wconf 89' lang='lat' dir='ltr'>fuit</span> <span class='ocrx_word' id='word_1_119' title='bbox 1219 495 1329 525; x_wconf 90' lang='lat' dir='ltr'>nomine</span> <span class='ocrx_word' id='word_1_120' title='bbox 1350 497 1424 533; x_wconf 66' lang='lat' dir='ltr'>aqni</span> <span class='ocrx_word' id='word_1_121' title='bbox 1445 496 1503 526; x_wconf 90' lang='lat' dir='ltr'>sive</span> <span class='ocrx_word' id='word_1_122' title='bbox 1524 497 1552 526; x_wconf 93' lang='lat' dir='ltr'>in</span> <span class='ocrx_word' id='word_1_123' title='bbox 1572 497 1674 535; x_wconf 64' lang='lat' dir='ltr'>agno?</span> <span class='ocrx_word' id='word_1_124' title='bbox 1931 481 2002 500; x_wconf 67' lang='lat'>⁰¹³⁹¹¹⁸·</span> 
     </span>
    </p>
   </div>
   <div class='ocr_carea' id='block_1_9' title="bbox 1126 542 1965 579">
    <p class='ocr_par' dir='ltr' id='par_1_10' title="bbox 1126 542 1965 579">
     <span class='ocr_line' id='line_1_19' title="bbox 1126 542 1965 579; baseline 0.005 -9"><span class='ocrx_word' id='word_1_125' title='bbox 1126 542 1275 579; x_wconf 83' lang='lat' dir='ltr'>Responsio</span> <span class='ocrx_word' id='word_1_126' title='bbox 1296 543 1381 572; x_wconf 89' lang='lat' dir='ltr'>huius</span> <span class='ocrx_word' id='word_1_127' title='bbox 1401 547 1460 572; x_wconf 89' lang='lat' dir='ltr'>est:</span> <span class='ocrx_word' id='word_1_128' title='bbox 1483 544 1589 573; x_wconf 91' lang='lat' dir='ltr'>ratione</span> <span class='ocrx_word' id='word_1_129' title='bbox 1603 544 1802 578; x_wconf 74' lang='lat' dir='ltr'>innocentiae;</span> <span class='ocrx_word' id='word_1_130' title='bbox 1817 544 1890 573; x_wconf 92' lang='lat' dir='ltr'>unde</span> <span class='ocrx_word' id='word_1_131' title='bbox 1908 550 1965 575; x_wconf 74' lang='lat' dir='ltr'>Resp-</span> 
     </span>
    </p>
   </div>
   <div class='ocr_carea' id='block_1_10' title="bbox 1909 597 2028 617">
    <p class='ocr_par' dir='ltr' id='par_1_11' title="bbox 1909 597 2028 617">
     <span class='ocr_line' id='line_1_20' title="bbox 1909 597 2028 617; baseline 0.008 -1"><span class='ocrx_word' id='word_1_132' title='bbox 1909 597 1998 617; x_wconf 81' lang='lat' dir='ltr'>Rationes</span> <span class='ocrx_word' id='word_1_133' title='bbox 2010 598 2028 617; x_wconf 83' lang='grc'><strong>3.</strong></span> 
     </span>
    </p>
   </div>
   <div class='ocr_carea' id='block_1_11' title="bbox 143 587 991 858">
    <p class='ocr_par' dir='ltr' id='par_1_12' title="bbox 143 587 991 858">
     <span class='ocr_line' id='line_1_21' title="bbox 143 587 991 625; baseline -0.001 -8"><span class='ocrx_word' id='word_1_134' title='bbox 143 588 217 625; x_wconf 87' lang='lat' dir='ltr'>quod</span> <span class='ocrx_word' id='word_1_135' title='bbox 239 596 337 617; x_wconf 91' lang='lat' dir='ltr'>nomen</span> <span class='ocrx_word' id='word_1_136' title='bbox 358 588 476 625; x_wconf 83' lang='lat' dir='ltr'>imponit</span> <span class='ocrx_word' id='word_1_137' title='bbox 496 591 627 625; x_wconf 84' lang='lat' dir='ltr'>tanquam</span> <span class='ocrx_word' id='word_1_138' title='bbox 643 596 694 617; x_wconf 90' lang='lat' dir='ltr'>suo</span> <span class='ocrx_word' id='word_1_139' title='bbox 708 588 852 625; x_wconf 89' lang='lat' dir='ltr'>discipulo.</span> <span class='ocrx_word' id='word_1_140' title='bbox 875 587 936 616; x_wconf 88' lang='lat' dir='ltr'>Ideo</span> <span class='ocrx_word' id='word_1_141' title='bbox 950 588 991 616; x_wconf 91' lang='lat' dir='ltr'>di-</span> 
     </span>
     <span class='ocr_line' id='line_1_22' title="bbox 145 634 990 668; baseline -0.001 -5"><span class='ocrx_word' id='word_1_142' title='bbox 145 635 199 663; x_wconf 88' lang='lat' dir='ltr'>cit:</span> <span class='ocrx_word' id='word_1_143' title='bbox 227 635 355 663; x_wconf 62' lang='lat' dir='ltr'>Jntuz&#39;cus</span> <span class='ocrx_word' id='word_1_144' title='bbox 383 637 480 662; x_wconf 82' lang='lat' dir='ltr'>autem</span> <span class='ocrx_word' id='word_1_145' title='bbox 507 643 591 668; x_wconf 76' lang='lat' dir='ltr'>eum,</span> <span class='ocrx_word' id='word_1_146' title='bbox 616 634 720 663; x_wconf 88' lang='lat' dir='ltr'>scilicet</span> <span class='ocrx_word' id='word_1_147' title='bbox 741 635 869 668; x_wconf 88' lang='lat' dir='ltr'>Petrum,</span> <span class='ocrx_word' id='word_1_148' title='bbox 894 634 990 668; x_wconf 76' lang='lat' dir='ltr'>Iesus,</span> 
     </span>
     <span class='ocr_line' id='line_1_23' title="bbox 144 681 991 719; baseline 0 -9"><span class='ocrx_word' id='word_1_149' title='bbox 144 682 231 711; x_wconf 89' lang='lat' dir='ltr'>oculis</span> <span class='ocrx_word' id='word_1_150' title='bbox 258 681 362 710; x_wconf 92' lang='lat' dir='ltr'>scilicet</span> <span class='ocrx_word' id='word_1_151' title='bbox 388 681 579 719; x_wconf 78' lang='lat' dir='ltr'>benignitatis3</span> <span class='ocrx_word' id='word_1_152' title='bbox 607 681 641 710; x_wconf 89' lang='lat' dir='ltr'>de</span> <span class='ocrx_word' id='word_1_153' title='bbox 667 690 723 719; x_wconf 90' lang='lat' dir='ltr'>quo</span> <span class='ocrx_word' id='word_1_154' title='bbox 751 681 855 710; x_wconf 89' lang='lat' dir='ltr'>intuitu</span> <span class='ocrx_word' id='word_1_155' title='bbox 879 681 991 710; x_wconf 87' lang='lat' dir='ltr'>Genesis</span> 
     </span>
     <span class='ocr_line' id='line_1_24' title="bbox 144 728 990 766; baseline 0 -9"><span class='ocrx_word' id='word_1_156' title='bbox 144 728 355 766; x_wconf 83' lang='lat' dir='ltr'>quadragesimo</span> <span class='ocrx_word' id='word_1_157' title='bbox 375 731 476 765; x_wconf 88' lang='lat' dir='ltr'>quarto</span> <span class='ocrx_word' id='word_1_158' title='bbox 488 729 517 756; x_wconf 77' lang='lat'>²:</span> <span class='ocrx_word' id='word_1_159' title='bbox 544 740 558 753; x_wconf 71' lang='grc' dir='ltr'>(ι</span> <span class='ocrx_word' id='word_1_160' title='bbox 574 728 705 757; x_wconf 87' lang='lat' dir='ltr'>Adducite</span> <span class='ocrx_word' id='word_1_161' title='bbox 726 728 839 757; x_wconf 87' lang='lat' dir='ltr'>fratrem</span> <span class='ocrx_word' id='word_1_162' title='bbox 866 731 990 757; x_wconf 89' lang='lat' dir='ltr'>vestrum</span> 
     </span>
     <span class='ocr_line' id='line_1_25' title="bbox 144 775 990 812; baseline -0.001 -8"><span class='ocrx_word' id='word_1_163' title='bbox 144 775 177 804; x_wconf 73' lang='lat' dir='ltr'>:td</span> <span class='ocrx_word' id='word_1_164' title='bbox 198 783 258 810; x_wconf 88' lang='lat' dir='ltr'>me,</span> <span class='ocrx_word' id='word_1_165' title='bbox 279 778 307 804; x_wconf 90' lang='lat' dir='ltr'>et</span> <span class='ocrx_word' id='word_1_166' title='bbox 327 783 426 812; x_wconf 85' lang='lat' dir='ltr'>ponam</span> <span class='ocrx_word' id='word_1_167' title='bbox 448 783 532 812; x_wconf 88' lang='lat' dir='ltr'>super</span> <span class='ocrx_word' id='word_1_168' title='bbox 554 783 618 804; x_wconf 91' lang='lat' dir='ltr'>eum</span> <span class='ocrx_word' id='word_1_169' title='bbox 640 775 735 804; x_wconf 86' lang='lat' dir='ltr'>oculos</span> <span class='ocrx_word' id='word_1_170' title='bbox 757 783 871 809; x_wconf 78' lang='lat' dir='ltr'>meos»;</span> <span class='ocrx_word' id='word_1_171' title='bbox 894 775 990 804; x_wconf 75' lang='lat' dir='ltr'>dixit.-</span> 
     </span>
     <span class='ocr_line' id='line_1_26' title="bbox 152 821 991 858; baseline 0 -8"><span class='ocrx_word' id='word_1_172' title='bbox 152 823 194 850; x_wconf 72' lang='lat' dir='ltr'>Tu</span> <span class='ocrx_word' id='word_1_173' title='bbox 215 830 244 851; x_wconf 77' lang='lat' dir='ltr'>es</span> <span class='ocrx_word' id='word_1_174' title='bbox 265 822 382 856; x_wconf 77' lang='lat' dir='ltr'>Simon,</span> <span class='ocrx_word' id='word_1_175' title='bbox 403 821 484 858; x_wconf 77' lang='lat' dir='ltr'>filius</span> <span class='ocrx_word' id='word_1_176' title='bbox 504 822 628 850; x_wconf 78' lang='lat' dir='ltr'>Ioanna.</span> <span class='ocrx_word' id='word_1_177' title='bbox 650 822 753 850; x_wconf 87' lang='lat' dir='ltr'>Nomen</span> <span class='ocrx_word' id='word_1_178' title='bbox 775 822 835 850; x_wconf 90' lang='lat' dir='ltr'>eius</span> <span class='ocrx_word' id='word_1_179' title='bbox 856 821 936 856; x_wconf 89' lang='lat' dir='ltr'>dicit,</span> <span class='ocrx_word' id='word_1_180' title='bbox 959 825 991 850; x_wconf 90' lang='lat' dir='ltr'>ut</span> 
     </span>
    </p>
   </div>
   <div class='ocr_carea' id='block_1_12' title="bbox 1046 588 1893 861">
    <p class='ocr_par' dir='ltr' id='par_1_13' title="bbox 1046 588 1893 861">
     <span class='ocr_line' id='line_1_27' title="bbox 1047 588 1891 626; baseline 0.005 -10"><span class='ocrx_word' id='word_1_181' title='bbox 1047 588 1134 616; x_wconf 84' lang='lat' dir='ltr'>Exodi</span> <span class='ocrx_word' id='word_1_182' title='bbox 1155 588 1357 617; x_wconf 85' lang='lat' dir='ltr'>duodecimo⁷:</span> <span class='ocrx_word' id='word_1_183' title='bbox 1385 590 1470 618; x_wconf 89' lang='lat' dir='ltr'>«Erit</span> <span class='ocrx_word' id='word_1_184' title='bbox 1498 590 1557 619; x_wconf 91' lang='lat' dir='ltr'>sine</span> <span class='ocrx_word' id='word_1_185' title='bbox 1584 591 1708 625; x_wconf 85' lang='lat' dir='ltr'>macula,</span> <span class='ocrx_word' id='word_1_186' title='bbox 1736 591 1891 626; x_wconf 87' lang='lat' dir='ltr'>masculus,</span> 
     </span>
     <span class='ocr_line' id='line_1_28' title="bbox 1046 634 1892 674; baseline 0.005 -12"><span class='ocrx_word' id='word_1_187' title='bbox 1046 634 1233 664; x_wconf 78' lang='lat' dir='ltr'>anniculus».</span> <span class='ocrx_word' id='word_1_188' title='bbox 1263 636 1375 665; x_wconf 86' lang='lat' dir='ltr'>Ratione</span> <span class='ocrx_word' id='word_1_189' title='bbox 1399 637 1579 674; x_wconf 81' lang='lat' dir='ltr'>patientiae;</span> <span class='ocrx_word' id='word_1_190' title='bbox 1608 637 1689 666; x_wconf 81' lang='lat' dir='ltr'>Isaiae</span> <span class='ocrx_word' id='word_1_191' title='bbox 1721 638 1892 674; x_wconf 83' lang='lat' dir='ltr'>quinquage-</span> 
     </span>
     <span class='ocr_line' id='line_1_29' title="bbox 1046 681 1893 721; baseline 0.006 -12"><span class='ocrx_word' id='word_1_192' title='bbox 1046 681 1115 710; x_wconf 91' lang='lat' dir='ltr'>simo</span> <span class='ocrx_word' id='word_1_193' title='bbox 1137 682 1260 710; x_wconf 75' lang='lat' dir='ltr'>tertio⁸³z</span> <span class='ocrx_word' id='word_1_194' title='bbox 1286 694 1300 707; x_wconf 86' lang='lat'>«</span> <span class='ocrx_word' id='word_1_195' title='bbox 1315 683 1456 720; x_wconf 87' lang='lat' dir='ltr'>Tanquam</span> <span class='ocrx_word' id='word_1_196' title='bbox 1484 692 1572 721; x_wconf 84' lang='lat' dir='ltr'>agnus</span> <span class='ocrx_word' id='word_1_197' title='bbox 1600 692 1692 713; x_wconf 89' lang='lat' dir='ltr'>coram</span> <span class='ocrx_word' id='word_1_198' title='bbox 1715 684 1843 713; x_wconf 86' lang='lat' dir='ltr'>tondente</span> <span class='ocrx_word' id='word_1_199' title='bbox 1864 692 1893 713; x_wconf 88' lang='lat' dir='ltr'>se</span> 
     </span>
     <span class='ocr_line' id='line_1_30' title="bbox 1046 728 1892 769; baseline 0.005 -13"><span class='ocrx_word' id='word_1_200' title='bbox 1046 728 1226 757; x_wconf 87' lang='lat' dir='ltr'>obmutuit».</span> <span class='ocrx_word' id='word_1_201' title='bbox 1259 730 1371 759; x_wconf 85' lang='lat' dir='ltr'>Ratione</span> <span class='ocrx_word' id='word_1_202' title='bbox 1402 730 1538 759; x_wconf 77' lang='lat' dir='ltr'>utilitatis</span> <span class='ocrx_word' id='word_1_203' title='bbox 1558 740 1700 769; x_wconf 74' lang='lat' dir='ltr'>maynae,</span> <span class='ocrx_word' id='word_1_204' title='bbox 1722 732 1788 769; x_wconf 88' lang='lat' dir='ltr'>quia</span> <span class='ocrx_word' id='word_1_205' title='bbox 1817 735 1892 760; x_wconf 79' lang='lat' dir='ltr'>totus</span> 
     </span>
     <span class='ocr_line' id='line_1_31' title="bbox 1046 775 1893 815; baseline 0.005 -12"><span class='ocrx_word' id='word_1_206' title='bbox 1046 775 1140 809; x_wconf 88' lang='lat' dir='ltr'>utilis;</span> <span class='ocrx_word' id='word_1_207' title='bbox 1166 776 1232 812; x_wconf 91' lang='lat' dir='ltr'>quia</span> <span class='ocrx_word' id='word_1_208' title='bbox 1256 776 1315 805; x_wconf 92' lang='lat' dir='ltr'>ovis</span> <span class='ocrx_word' id='word_1_209' title='bbox 1337 777 1456 806; x_wconf 80' lang='lat' dir='ltr'>tribuit⁹</span> <span class='ocrx_word' id='word_1_210' title='bbox 1478 778 1519 806; x_wconf 89' lang='lat' dir='ltr'>lac</span> <span class='ocrx_word' id='word_1_211' title='bbox 1540 778 1567 806; x_wconf 91' lang='lat' dir='ltr'>in</span> <span class='ocrx_word' id='word_1_212' title='bbox 1589 781 1701 815; x_wconf 91' lang='lat' dir='ltr'>potum,</span> <span class='ocrx_word' id='word_1_213' title='bbox 1726 786 1837 807; x_wconf 88' lang='lat' dir='ltr'>carnem</span> <span class='ocrx_word' id='word_1_214' title='bbox 1865 778 1893 806; x_wconf 91' lang='lat' dir='ltr'>in</span> 
     </span>
     <span class='ocr_line' id='line_1_32' title="bbox 1046 821 1878 861; baseline 0.004 -11"><span class='ocrx_word' id='word_1_215' title='bbox 1046 821 1155 856; x_wconf 87' lang='lat' dir='ltr'>cibum,</span> <span class='ocrx_word' id='word_1_216' title='bbox 1178 822 1268 851; x_wconf 87' lang='lat' dir='ltr'>lanam</span> <span class='ocrx_word' id='word_1_217' title='bbox 1290 823 1318 851; x_wconf 94' lang='lat' dir='ltr'>in</span> <span class='ocrx_word' id='word_1_218' title='bbox 1340 824 1550 858; x_wconf 87' lang='lat' dir='ltr'>vestimentum,</span> <span class='ocrx_word' id='word_1_219' title='bbox 1571 825 1669 861; x_wconf 93' lang='lat' dir='ltr'>pellem</span> <span class='ocrx_word' id='word_1_220' title='bbox 1692 825 1718 853; x_wconf 94' lang='lat' dir='ltr'>in</span> <span class='ocrx_word' id='word_1_221' title='bbox 1740 828 1878 853; x_wconf 90' lang='lat' dir='ltr'>ornatum.</span> 
     </span>
    </p>
   </div>
   <div class='ocr_carea' id='block_1_13' title="bbox 141 867 2029 1703">
    <p class='ocr_par' dir='ltr' id='par_1_14' title="bbox 141 867 2029 1703">
     <span class='ocr_line' id='line_1_33' title="bbox 144 867 1969 908; baseline 0 -12"><span class='ocrx_word' id='word_1_222' title='bbox 144 868 219 897; x_wconf 92' lang='lat' dir='ltr'>aliud</span> <span class='ocrx_word' id='word_1_223' title='bbox 239 868 380 905; x_wconf 88' lang='lat' dir='ltr'>imponat:</span> <span class='ocrx_word' id='word_1_224' title='bbox 409 869 451 896; x_wconf 80' lang='lat' dir='ltr'>Tu</span> <span class='ocrx_word' id='word_1_225' title='bbox 473 868 622 897; x_wconf 75' lang='lat' dir='ltr'>vocaberis</span> <span class='ocrx_word' id='word_1_226' title='bbox 652 867 779 906; x_wconf 76' lang='lat' dir='ltr'>Cephas,</span> <span class='ocrx_word' id='word_1_227' title='bbox 804 868 882 907; x_wconf 75' lang='lat' dir='ltr'>quod</span> <span class='ocrx_word' id='word_1_228' title='bbox 902 868 990 897; x_wconf 79' lang='lat' dir='ltr'>inter·</span> <span class='ocrx_word' id='word_1_229' title='bbox 1125 868 1203 904; x_wconf 86' lang='lat' dir='ltr'>Quod</span> <span class='ocrx_word' id='word_1_230' title='bbox 1224 877 1290 906; x_wconf 81' lang='lat' dir='ltr'>ergo</span> <span class='ocrx_word' id='word_1_231' title='bbox 1311 869 1456 905; x_wconf 88' lang='lat' dir='ltr'>obiicitur,</span> <span class='ocrx_word' id='word_1_232' title='bbox 1484 871 1558 908; x_wconf 92' lang='lat' dir='ltr'>quod</span> <span class='ocrx_word' id='word_1_233' title='bbox 1586 871 1631 899; x_wconf 92' lang='lat' dir='ltr'>alii</span> <span class='ocrx_word' id='word_1_234' title='bbox 1653 874 1718 900; x_wconf 91' lang='lat' dir='ltr'>sunt</span> <span class='ocrx_word' id='word_1_235' title='bbox 1742 871 1823 908; x_wconf 82' lang='lat' dir='ltr'>agni;</span> <span class='ocrx_word' id='word_1_236' title='bbox 1852 871 1893 899; x_wconf 93' lang='lat' dir='ltr'>di-</span> <span class='ocrx_word' id='word_1_237' title='bbox 1909 878 1969 897; x_wconf 63' lang='grc'><strong>5111.</strong></span> 
     </span>
     <span class='ocr_line' id='line_1_34' title="bbox 141 915 1894 955; baseline 0.002 -11"><span class='ocrx_word' id='word_1_238' title='bbox 141 919 280 952; x_wconf 75' lang='lat' dir='ltr'>pretatur</span> <span class='ocrx_word' id='word_1_239' title='bbox 300 916 428 949; x_wconf 74' lang='lat' dir='ltr'>Petrus;</span> <span class='ocrx_word' id='word_1_240' title='bbox 449 915 520 944; x_wconf 88' lang='lat' dir='ltr'>Beda</span> <span class='ocrx_word' id='word_1_241' title='bbox 530 915 557 944; x_wconf 80' lang='lat'>³:</span> <span class='ocrx_word' id='word_1_242' title='bbox 584 927 598 941; x_wconf 76' lang='grc' dir='ltr'>(ι</span> <span class='ocrx_word' id='word_1_243' title='bbox 613 916 758 945; x_wconf 84' lang='lat' dir='ltr'>Sciendum</span> <span class='ocrx_word' id='word_1_244' title='bbox 768 939 775 951; x_wconf 92' lang='lat'>,</span> <span class='ocrx_word' id='word_1_245' title='bbox 790 915 864 953; x_wconf 89' lang='lat' dir='ltr'>quod</span> <span class='ocrx_word' id='word_1_246' title='bbox 880 916 991 953; x_wconf 83' lang='lat' dir='ltr'>Syriaca</span> <span class='ocrx_word' id='word_1_247' title='bbox 1047 915 1181 950; x_wconf 88' lang='lat' dir='ltr'>cendum,</span> <span class='ocrx_word' id='word_1_248' title='bbox 1203 916 1277 953; x_wconf 89' lang='lat' dir='ltr'>quod</span> <span class='ocrx_word' id='word_1_249' title='bbox 1298 916 1454 946; x_wconf 85' lang='lat' dir='ltr'>innocentia</span> <span class='ocrx_word' id='word_1_250' title='bbox 1467 918 1569 947; x_wconf 83' lang='lat' dir='ltr'>Christi</span> <span class='ocrx_word' id='word_1_251' title='bbox 1583 918 1675 947; x_wconf 82' lang='lat' dir='ltr'>differt</span> <span class='ocrx_word' id='word_1_252' title='bbox 1689 919 1724 947; x_wconf 89' lang='lat' dir='ltr'>ab</span> <span class='ocrx_word' id='word_1_253' title='bbox 1737 918 1812 947; x_wconf 84' lang='lat' dir='ltr'>aliis:</span> <span class='ocrx_word' id='word_1_254' title='bbox 1828 918 1894 955; x_wconf 83' lang='lat' dir='ltr'>quia</span> 
     </span>
     <span class='ocr_line' id='line_1_35' title="bbox 145 961 1893 1001; baseline 0.002 -11"><span class='ocrx_word' id='word_1_255' title='bbox 145 962 237 999; x_wconf 88' lang='lat' dir='ltr'>lingua</span> <span class='ocrx_word' id='word_1_256' title='bbox 261 961 388 999; x_wconf 76' lang='lat' dir='ltr'>Cephas,</span> <span class='ocrx_word' id='word_1_257' title='bbox 410 962 513 991; x_wconf 86' lang='lat' dir='ltr'>Graeca</span> <span class='ocrx_word' id='word_1_258' title='bbox 534 965 561 991; x_wconf 87' lang='lat' dir='ltr'>et</span> <span class='ocrx_word' id='word_1_259' title='bbox 582 962 677 990; x_wconf 90' lang='lat' dir='ltr'>Latina</span> <span class='ocrx_word' id='word_1_260' title='bbox 693 962 816 996; x_wconf 75' lang='lat' dir='ltr'>Petrus,</span> <span class='ocrx_word' id='word_1_261' title='bbox 831 962 898 991; x_wconf 91' lang='lat' dir='ltr'>etin</span> <span class='ocrx_word' id='word_1_262' title='bbox 914 965 990 991; x_wconf 88' lang='lat' dir='ltr'>utra·</span> <span class='ocrx_word' id='word_1_263' title='bbox 1047 962 1105 998; x_wconf 89' lang='lat' dir='ltr'>ipse</span> <span class='ocrx_word' id='word_1_264' title='bbox 1126 962 1185 991; x_wconf 91' lang='lat' dir='ltr'>sine</span> <span class='ocrx_word' id='word_1_265' title='bbox 1206 963 1329 998; x_wconf 84' lang='lat' dir='ltr'>macula,</span> <span class='ocrx_word' id='word_1_266' title='bbox 1352 964 1418 1001; x_wconf 89' lang='lat' dir='ltr'>quia</span> <span class='ocrx_word' id='word_1_267' title='bbox 1438 964 1498 993; x_wconf 90' lang='lat' dir='ltr'>eius</span> <span class='ocrx_word' id='word_1_268' title='bbox 1520 965 1628 994; x_wconf 89' lang='lat' dir='ltr'>macula</span> <span class='ocrx_word' id='word_1_269' title='bbox 1648 965 1731 994; x_wconf 77' lang='lat' dir='ltr'>nulla</span> <span class='ocrx_word' id='word_1_270' title='bbox 1753 965 1823 999; x_wconf 86' lang='lat' dir='ltr'>fuit;</span> <span class='ocrx_word' id='word_1_271' title='bbox 1846 964 1893 993; x_wconf 87' lang='lat' dir='ltr'>sed</span> 
     </span>
     <span class='ocr_line' id='line_1_36' title="bbox 144 1007 1893 1049; baseline 0.003 -13"><span class='ocrx_word' id='word_1_272' title='bbox 144 1016 199 1045; x_wconf 91' lang='lat' dir='ltr'>que</span> <span class='ocrx_word' id='word_1_273' title='bbox 226 1008 319 1045; x_wconf 84' lang='lat' dir='ltr'>lingua</span> <span class='ocrx_word' id='word_1_274' title='bbox 346 1017 362 1036; x_wconf 91' lang='lat' dir='ltr'>a</span> <span class='ocrx_word' id='word_1_275' title='bbox 389 1012 468 1045; x_wconf 88' lang='lat' dir='ltr'>petra</span> <span class='ocrx_word' id='word_1_276' title='bbox 496 1007 654 1037; x_wconf 86' lang='lat' dir='ltr'>derivatum</span> <span class='ocrx_word' id='word_1_277' title='bbox 681 1012 763 1037; x_wconf 86' lang='lat' dir='ltr'>est».</span> <span class='ocrx_word' id='word_1_278' title='bbox 790 1008 852 1037; x_wconf 90' lang='lat' dir='ltr'>Ideo</span> <span class='ocrx_word' id='word_1_279' title='bbox 872 1008 938 1037; x_wconf 89' lang='lat' dir='ltr'>dicit</span> <span class='ocrx_word' id='word_1_280' title='bbox 965 1008 989 1036; x_wconf 85' lang='grc'>01</span> <span class='ocrx_word' id='word_1_281' title='bbox 1046 1009 1092 1037; x_wconf 88' lang='grc'><strong>3111</strong></span> <span class='ocrx_word' id='word_1_282' title='bbox 1113 1009 1202 1038; x_wconf 88' lang='lat' dir='ltr'>Sancti</span> <span class='ocrx_word' id='word_1_283' title='bbox 1225 1013 1290 1038; x_wconf 87' lang='lat' dir='ltr'>sunt</span> <span class='ocrx_word' id='word_1_284' title='bbox 1314 1010 1374 1039; x_wconf 90' lang='lat' dir='ltr'>sine</span> <span class='ocrx_word' id='word_1_285' title='bbox 1400 1011 1523 1046; x_wconf 90' lang='lat' dir='ltr'>macula,</span> <span class='ocrx_word' id='word_1_286' title='bbox 1552 1012 1618 1049; x_wconf 86' lang='lat' dir='ltr'>quia</span> <span class='ocrx_word' id='word_1_287' title='bbox 1644 1020 1742 1041; x_wconf 91' lang='lat' dir='ltr'>eorum</span> <span class='ocrx_word' id='word_1_288' title='bbox 1771 1011 1893 1040; x_wconf 85' lang='lat' dir='ltr'>maculae</span> 
     </span>
     <span class='ocr_line' id='line_1_37' title="bbox 144 1055 1497 1094; baseline 0.002 -11"><span class='ocrx_word' id='word_1_289' title='bbox 144 1055 277 1084; x_wconf 89' lang='lat' dir='ltr'>Dominus</span> <span class='ocrx_word' id='word_1_290' title='bbox 290 1055 418 1084; x_wconf 91' lang='lat' dir='ltr'>Matthaei</span> <span class='ocrx_word' id='word_1_291' title='bbox 433 1055 539 1084; x_wconf 90' lang='lat' dir='ltr'>decimo</span> <span class='ocrx_word' id='word_1_292' title='bbox 554 1058 654 1084; x_wconf 88' lang='lat' dir='ltr'>sexto:</span> <span class='ocrx_word' id='word_1_293' title='bbox 680 1066 693 1080; x_wconf 80' lang='grc' dir='ltr'><em>α</em></span> <span class='ocrx_word' id='word_1_294' title='bbox 709 1056 751 1083; x_wconf 92' lang='grc' dir='ltr'>Το</span> <span class='ocrx_word' id='word_1_295' title='bbox 771 1063 801 1084; x_wconf 85' lang='grc'>05</span> <span class='ocrx_word' id='word_1_296' title='bbox 823 1055 935 1089; x_wconf 85' lang='grc' dir='ltr'><strong>Ρο1105,</strong></span> <span class='ocrx_word' id='word_1_297' title='bbox 964 1057 991 1083; x_wconf 83' lang='grc'>01</span> <span class='ocrx_word' id='word_1_298' title='bbox 1047 1059 1112 1084; x_wconf 90' lang='grc'><strong>5001</strong></span> <span class='ocrx_word' id='word_1_299' title='bbox 1133 1055 1281 1084; x_wconf 74' lang='lat' dir='ltr'>abstersae</span> <span class='ocrx_word' id='word_1_300' title='bbox 1301 1065 1351 1094; x_wconf 86' lang='lat' dir='ltr'>per</span> <span class='ocrx_word' id='word_1_301' title='bbox 1372 1058 1497 1094; x_wconf 80' lang='lat' dir='ltr'>gratiam.</span> 
     </span>
     <span class='ocr_line' id='line_1_38' title="bbox 144 1101 1893 1142; baseline 0.002 -12"><span class='ocrx_word' id='word_1_302' title='bbox 144 1109 228 1139; x_wconf 83' lang='lat' dir='ltr'>super</span> <span class='ocrx_word' id='word_1_303' title='bbox 251 1102 321 1130; x_wconf 87' lang='lat' dir='ltr'>hanc</span> <span class='ocrx_word' id='word_1_304' title='bbox 342 1106 449 1138; x_wconf 86' lang='lat' dir='ltr'>petram</span> <span class='ocrx_word' id='word_1_305' title='bbox 465 1113 492 1136; x_wconf 75' lang='lat' dir='ltr'>n,</span> <span class='ocrx_word' id='word_1_306' title='bbox 507 1109 523 1130; x_wconf 92' lang='lat' dir='ltr'>a</span> <span class='ocrx_word' id='word_1_307' title='bbox 537 1110 593 1138; x_wconf 88' lang='lat' dir='ltr'>qua</span> <span class='ocrx_word' id='word_1_308' title='bbox 608 1101 755 1130; x_wconf 88' lang='grc'><strong>5011100110</strong></span> <span class='ocrx_word' id='word_1_309' title='bbox 770 1109 870 1130; x_wconf 85' lang='grc'><strong>001000</strong></span> <span class='ocrx_word' id='word_1_310' title='bbox 885 1101 991 1138; x_wconf 86' lang='lat' dir='ltr'>accepi·</span> <span class='ocrx_word' id='word_1_311' title='bbox 1125 1103 1170 1132; x_wconf 82' lang='lat'>83.</span> <span class='ocrx_word' id='word_1_312' title='bbox 1193 1104 1303 1139; x_wconf 84' lang='lat' dir='ltr'>Quaest.</span> <span class='ocrx_word' id='word_1_313' title='bbox 1326 1104 1354 1132; x_wconf 92' lang='lat' dir='ltr'>ll.</span> <span class='ocrx_word' id='word_1_314' title='bbox 1377 1105 1526 1141; x_wconf 83' lang='lat' dir='ltr'>Quaeritur</span> <span class='ocrx_word' id='word_1_315' title='bbox 1548 1105 1581 1134; x_wconf 89' lang='lat' dir='ltr'>de</span> <span class='ocrx_word' id='word_1_316' title='bbox 1603 1105 1786 1142; x_wconf 86' lang='lat' dir='ltr'>perhibitione</span> <span class='ocrx_word' id='word_1_317' title='bbox 1808 1105 1893 1134; x_wconf 90' lang='lat' dir='ltr'>huius</span> 
     </span>
     <span class='ocr_line' id='line_1_39' title="bbox 144 1148 1893 1190; baseline 0.002 -13"><span class='ocrx_word' id='word_1_318' title='bbox 144 1149 193 1183; x_wconf 91' lang='lat' dir='ltr'>sti,</span> <span class='ocrx_word' id='word_1_319' title='bbox 209 1149 261 1178; x_wconf 89' lang='grc'><strong>1100</strong></span> <span class='ocrx_word' id='word_1_320' title='bbox 276 1151 318 1177; x_wconf 83' lang='grc'>051</span> <span class='ocrx_word' id='word_1_321' title='bbox 331 1156 415 1190; x_wconf 84' lang='lat' dir='ltr'>super</span> <span class='ocrx_word' id='word_1_322' title='bbox 430 1156 490 1183; x_wconf 90' lang='lat' dir='ltr'>me,</span> <span class='ocrx_word' id='word_1_323' title='bbox 509 1160 523 1174; x_wconf 70' lang='grc' dir='ltr'>«ι</span> <span class='ocrx_word' id='word_1_324' title='bbox 534 1148 683 1177; x_wconf 85' lang='lat' dir='ltr'>aedificabo</span> <span class='ocrx_word' id='word_1_325' title='bbox 699 1149 844 1178; x_wconf 76' lang='lat' dir='ltr'>Ecclesiam</span> <span class='ocrx_word' id='word_1_326' title='bbox 860 1156 948 1177; x_wconf 89' lang='lat' dir='ltr'>meam</span> <span class='ocrx_word' id='word_1_327' title='bbox 962 1159 989 1183; x_wconf 84' lang='lat'>»;</span> <span class='ocrx_word' id='word_1_328' title='bbox 1047 1150 1204 1178; x_wconf 88' lang='lat' dir='ltr'>testimonii.</span> <span class='ocrx_word' id='word_1_329' title='bbox 1228 1150 1334 1179; x_wconf 85' lang='lat' dir='ltr'>Dicitur</span> <span class='ocrx_word' id='word_1_330' title='bbox 1356 1151 1446 1185; x_wconf 90' lang='lat' dir='ltr'>enim,</span> <span class='ocrx_word' id='word_1_331' title='bbox 1468 1152 1542 1188; x_wconf 87' lang='lat' dir='ltr'>quod</span> <span class='ocrx_word' id='word_1_332' title='bbox 1557 1153 1682 1181; x_wconf 74' lang='lat' dir='ltr'>Ioannes</span> <span class='ocrx_word' id='word_1_333' title='bbox 1696 1152 1793 1181; x_wconf 76' lang='lat' dir='ltr'>stabat</span> <span class='ocrx_word' id='word_1_334' title='bbox 1807 1155 1834 1181; x_wconf 92' lang='lat' dir='ltr'>et</span> <span class='ocrx_word' id='word_1_335' title='bbox 1848 1160 1893 1181; x_wconf 89' lang='lat' dir='ltr'>co-</span> 
     </span>
     <span class='ocr_line' id='line_1_40' title="bbox 144 1195 1795 1235; baseline 0.002 -11"><span class='ocrx_word' id='word_1_336' title='bbox 144 1196 249 1232; x_wconf 90' lang='lat' dir='ltr'>primae</span> <span class='ocrx_word' id='word_1_337' title='bbox 276 1195 310 1224; x_wconf 88' lang='lat' dir='ltr'>ad</span> <span class='ocrx_word' id='word_1_338' title='bbox 338 1195 495 1224; x_wconf 90' lang='lat' dir='ltr'>Corinthios</span> <span class='ocrx_word' id='word_1_339' title='bbox 522 1195 646 1224; x_wconf 87' lang='lat' dir='ltr'>decimo:</span> <span class='ocrx_word' id='word_1_340' title='bbox 673 1196 781 1224; x_wconf 76' lang='lat' dir='ltr'>«Petra</span> <span class='ocrx_word' id='word_1_341' title='bbox 809 1199 902 1224; x_wconf 91' lang='lat' dir='ltr'>autem</span> <span class='ocrx_word' id='word_1_342' title='bbox 931 1199 991 1224; x_wconf 88' lang='lat' dir='ltr'>erat</span> <span class='ocrx_word' id='word_1_343' title='bbox 1047 1204 1105 1224; x_wconf 87' lang='lat' dir='ltr'>ram</span> <span class='ocrx_word' id='word_1_344' title='bbox 1128 1196 1241 1225; x_wconf 73' lang='lat' dir='ltr'>duobus</span> <span class='ocrx_word' id='word_1_345' title='bbox 1262 1197 1415 1234; x_wconf 73' lang='lat' dir='ltr'>discipulis</span> <span class='ocrx_word' id='word_1_346' title='bbox 1437 1198 1624 1227; x_wconf 89' lang='lat' dir='ltr'>testimonium</span> <span class='ocrx_word' id='word_1_347' title='bbox 1646 1198 1795 1235; x_wconf 86' lang='lat' dir='ltr'>perhibuit.</span> 
     </span>
     <span class='ocr_line' id='line_1_41' title="bbox 143 1242 1893 1281; baseline 0.002 -11"><span class='ocrx_word' id='word_1_348' title='bbox 143 1242 270 1270; x_wconf 89' lang='lat' dir='ltr'>Christus</span> <span class='ocrx_word' id='word_1_349' title='bbox 284 1253 311 1270; x_wconf 87' lang='lat'>».</span> <span class='ocrx_word' id='word_1_350' title='bbox 339 1242 382 1270; x_wconf 82' lang='lat' dir='ltr'>Tu</span> <span class='ocrx_word' id='word_1_351' title='bbox 396 1242 545 1270; x_wconf 77' lang='lat' dir='ltr'>vocaberis</span> <span class='ocrx_word' id='word_1_352' title='bbox 562 1242 683 1276; x_wconf 69' lang='lat' dir='ltr'>Petrus,</span> <span class='ocrx_word' id='word_1_353' title='bbox 699 1242 725 1270; x_wconf 94' lang='lat' dir='ltr'>id</span> <span class='ocrx_word' id='word_1_354' title='bbox 740 1245 797 1276; x_wconf 90' lang='lat' dir='ltr'>est,</span> <span class='ocrx_word' id='word_1_355' title='bbox 812 1250 828 1270; x_wconf 92' lang='lat' dir='ltr'>a</span> <span class='ocrx_word' id='word_1_356' title='bbox 842 1242 923 1270; x_wconf 87' lang='lat' dir='ltr'>firma</span> <span class='ocrx_word' id='word_1_357' title='bbox 944 1249 990 1278; x_wconf 91' lang='lat' dir='ltr'>pe-</span> <span class='ocrx_word' id='word_1_358' title='bbox 1125 1243 1257 1271; x_wconf 78' lang='lat' dir='ltr'>CONTRA:</span> <span class='ocrx_word' id='word_1_359' title='bbox 1289 1245 1313 1271; x_wconf 73' lang='lat' dir='ltr'>l.</span> <span class='ocrx_word' id='word_1_360' title='bbox 1336 1244 1449 1272; x_wconf 89' lang='lat' dir='ltr'>Ioannes</span> <span class='ocrx_word' id='word_1_361' title='bbox 1476 1247 1536 1272; x_wconf 88' lang='lat' dir='ltr'>erat</span> <span class='ocrx_word' id='word_1_362' title='bbox 1563 1245 1665 1273; x_wconf 87' lang='lat' dir='ltr'>missus</span> <span class='ocrx_word' id='word_1_363' title='bbox 1692 1245 1726 1273; x_wconf 91' lang='lat' dir='ltr'>ad</span> <span class='ocrx_word' id='word_1_364' title='bbox 1754 1252 1893 1281; x_wconf 89' lang='lat' dir='ltr'>praenun-</span> 
     </span>
     <span class='ocr_line' id='line_1_42' title="bbox 143 1288 1892 1328; baseline 0.002 -12"><span class='ocrx_word' id='word_1_365' title='bbox 143 1291 187 1316; x_wconf 89' lang='lat' dir='ltr'>tra</span> <span class='ocrx_word' id='word_1_366' title='bbox 197 1288 322 1323; x_wconf 86' lang='lat' dir='ltr'>Christo,</span> <span class='ocrx_word' id='word_1_367' title='bbox 337 1296 421 1326; x_wconf 89' lang='lat' dir='ltr'>quem</span> <span class='ocrx_word' id='word_1_368' title='bbox 434 1289 564 1318; x_wconf 88' lang='lat' dir='ltr'>ardenter</span> <span class='ocrx_word' id='word_1_369' title='bbox 585 1289 705 1323; x_wconf 89' lang='lat' dir='ltr'>amabis,</span> <span class='ocrx_word' id='word_1_370' title='bbox 726 1296 826 1317; x_wconf 91' lang='lat' dir='ltr'>nomen</span> <span class='ocrx_word' id='word_1_371' title='bbox 841 1288 958 1325; x_wconf 83' lang='lat' dir='ltr'>accipies</span> <span class='ocrx_word' id='word_1_372' title='bbox 969 1289 989 1317; x_wconf 75' lang='lat'>4.</span> <span class='ocrx_word' id='word_1_373' title='bbox 1047 1290 1171 1318; x_wconf 84' lang='lat' dir='ltr'>tiandum</span> <span class='ocrx_word' id='word_1_374' title='bbox 1206 1290 1367 1319; x_wconf 88' lang='lat' dir='ltr'>Christum:</span> <span class='ocrx_word' id='word_1_375' title='bbox 1399 1299 1465 1327; x_wconf 83' lang='lat' dir='ltr'>ergo</span> <span class='ocrx_word' id='word_1_376' title='bbox 1495 1290 1621 1325; x_wconf 87' lang='lat' dir='ltr'>videtur,</span> <span class='ocrx_word' id='word_1_377' title='bbox 1653 1291 1728 1328; x_wconf 86' lang='lat' dir='ltr'>quod</span> <span class='ocrx_word' id='word_1_378' title='bbox 1761 1300 1812 1319; x_wconf 91' lang='lat' dir='ltr'>non</span> <span class='ocrx_word' id='word_1_379' title='bbox 1845 1291 1892 1320; x_wconf 90' lang='lat' dir='ltr'>de-</span> 
     </span>
     <span class='ocr_line' id='line_1_43' title="bbox 1046 1336 1894 1371; baseline 0.002 -7"><span class='ocrx_word' id='word_1_380' title='bbox 1046 1336 1125 1364; x_wconf 82' lang='lat' dir='ltr'>beret</span> <span class='ocrx_word' id='word_1_381' title='bbox 1146 1340 1241 1370; x_wconf 75' lang='lat' dir='ltr'>stare,</span> <span class='ocrx_word' id='word_1_382' title='bbox 1264 1336 1311 1365; x_wconf 90' lang='lat' dir='ltr'>sed</span> <span class='ocrx_word' id='word_1_383' title='bbox 1336 1337 1501 1371; x_wconf 86' lang='lat' dir='ltr'>circumire,</span> <span class='ocrx_word' id='word_1_384' title='bbox 1529 1341 1561 1365; x_wconf 91' lang='lat' dir='ltr'>ut</span> <span class='ocrx_word' id='word_1_385' title='bbox 1588 1345 1688 1366; x_wconf 91' lang='lat' dir='ltr'>nomen</span> <span class='ocrx_word' id='word_1_386' title='bbox 1716 1337 1817 1366; x_wconf 85' lang='lat' dir='ltr'>Christi</span> <span class='ocrx_word' id='word_1_387' title='bbox 1846 1345 1894 1366; x_wconf 92' lang='lat' dir='ltr'>an-</span> 
     </span>
     <span class='ocr_line' id='line_1_44' title="bbox 464 1383 1197 1419; baseline 0 -8"><span class='ocrx_word' id='word_1_388' title='bbox 464 1383 664 1419; x_wconf 60' lang='lat' dir='ltr'>Qnausiiomzs.</span> <span class='ocrx_word' id='word_1_389' title='bbox 1048 1383 1197 1411; x_wconf 87' lang='lat' dir='ltr'>nuntiaret.</span> 
     </span>
     <span class='ocr_line' id='line_1_45' title="bbox 1126 1429 1894 1467; baseline 0.003 -10"><span class='ocrx_word' id='word_1_390' title='bbox 1126 1431 1152 1458; x_wconf 84' lang='lat'>2.</span> <span class='ocrx_word' id='word_1_391' title='bbox 1176 1430 1241 1458; x_wconf 89' lang='grc'><strong>11010</strong></span> <span class='ocrx_word' id='word_1_392' title='bbox 1264 1429 1374 1458; x_wconf 87' lang='lat' dir='ltr'>videtur</span> <span class='ocrx_word' id='word_1_393' title='bbox 1395 1430 1522 1464; x_wconf 86' lang='lat' dir='ltr'>invidus,</span> <span class='ocrx_word' id='word_1_394' title='bbox 1550 1430 1617 1467; x_wconf 91' lang='lat' dir='ltr'>quia</span> <span class='ocrx_word' id='word_1_395' title='bbox 1637 1433 1744 1459; x_wconf 85' lang='lat' dir='ltr'>tantum</span> <span class='ocrx_word' id='word_1_396' title='bbox 1766 1430 1894 1465; x_wconf 82' lang='lat' dir='ltr'>duobus,</span> 
     </span>
     <span class='ocr_line' id='line_1_46' title="bbox 223 1475 1892 1513; baseline 0.001 -9"><span class='ocrx_word' id='word_1_397' title='bbox 223 1476 268 1504; x_wconf 88' lang='lat'>81.</span> <span class='ocrx_word' id='word_1_398' title='bbox 292 1475 401 1512; x_wconf 87' lang='lat' dir='ltr'>Quaest.</span> <span class='ocrx_word' id='word_1_399' title='bbox 425 1476 442 1503; x_wconf 89' lang='lat'>1.</span> <span class='ocrx_word' id='word_1_400' title='bbox 464 1476 515 1505; x_wconf 91' lang='lat' dir='ltr'>Sed</span> <span class='ocrx_word' id='word_1_401' title='bbox 543 1476 689 1513; x_wconf 90' lang='lat' dir='ltr'>quaeritur</span> <span class='ocrx_word' id='word_1_402' title='bbox 710 1476 755 1504; x_wconf 89' lang='lat' dir='ltr'>hic</span> <span class='ocrx_word' id='word_1_403' title='bbox 776 1475 867 1512; x_wconf 91' lang='lat' dir='ltr'>primo</span> <span class='ocrx_word' id='word_1_404' title='bbox 888 1475 922 1504; x_wconf 92' lang='lat' dir='ltr'>de</span> <span class='ocrx_word' id='word_1_405' title='bbox 951 1478 990 1504; x_wconf 87' lang='lat' dir='ltr'>te·</span> <span class='ocrx_word' id='word_1_406' title='bbox 1047 1483 1111 1504; x_wconf 88' lang='lat' dir='ltr'>cum</span> <span class='ocrx_word' id='word_1_407' title='bbox 1133 1476 1262 1504; x_wconf 90' lang='lat' dir='ltr'>omnibus</span> <span class='ocrx_word' id='word_1_408' title='bbox 1289 1476 1402 1505; x_wconf 84' lang='lat' dir='ltr'>deberet</span> <span class='ocrx_word' id='word_1_409' title='bbox 1422 1476 1530 1510; x_wconf 84' lang='lat' dir='ltr'>dicere,</span> <span class='ocrx_word' id='word_1_410' title='bbox 1558 1480 1592 1504; x_wconf 81' lang='lat' dir='ltr'>ut</span> <span class='ocrx_word' id='word_1_411' title='bbox 1619 1485 1717 1505; x_wconf 75' lang='lat' dir='ltr'>omnes</span> <span class='ocrx_word' id='word_1_412' title='bbox 1745 1477 1892 1505; x_wconf 78' lang='lat' dir='ltr'>crederem</span> 
     </span>
     <span class='ocr_line' id='line_1_47' title="bbox 144 1521 1247 1560; baseline -0.001 -9"><span class='ocrx_word' id='word_1_413' title='bbox 144 1521 271 1551; x_wconf 87' lang='lat' dir='ltr'>stimonio</span> <span class='ocrx_word' id='word_1_414' title='bbox 292 1522 344 1551; x_wconf 90' lang='lat' dir='ltr'>isto</span> <span class='ocrx_word' id='word_1_415' title='bbox 364 1522 482 1551; x_wconf 89' lang='lat' dir='ltr'>ultimo:</span> <span class='ocrx_word' id='word_1_416' title='bbox 507 1523 592 1557; x_wconf 84' lang='lat' dir='ltr'>Ecce,</span> <span class='ocrx_word' id='word_1_417' title='bbox 615 1524 719 1560; x_wconf 66' lang='lat' dir='ltr'>Agnus</span> <span class='ocrx_word' id='word_1_418' title='bbox 741 1522 812 1550; x_wconf 83' lang='lat' dir='ltr'>Dei.-</span> <span class='ocrx_word' id='word_1_419' title='bbox 1044 1531 1098 1559; x_wconf 78' lang='lat' dir='ltr'>per</span> <span class='ocrx_word' id='word_1_420' title='bbox 1119 1522 1202 1551; x_wconf 80' lang='lat' dir='ltr'>illum</span> <span class='ocrx_word' id='word_1_421' title='bbox 1216 1523 1247 1550; x_wconf 88' lang='lat'>¹⁰.</span> 
     </span>
     <span class='ocr_line' id='line_1_48' title="bbox 225 1569 1968 1607; baseline -0.001 -9"><span class='ocrx_word' id='word_1_422' title='bbox 225 1571 249 1599; x_wconf 91' lang='lat'>1.</span> <span class='ocrx_word' id='word_1_423' title='bbox 271 1570 353 1607; x_wconf 83' lang='lat' dir='ltr'>Quia,</span> <span class='ocrx_word' id='word_1_424' title='bbox 375 1578 439 1599; x_wconf 90' lang='lat' dir='ltr'>cum</span> <span class='ocrx_word' id='word_1_425' title='bbox 460 1570 529 1598; x_wconf 92' lang='lat' dir='ltr'>nihil</span> <span class='ocrx_word' id='word_1_426' title='bbox 550 1570 613 1607; x_wconf 91' lang='lat' dir='ltr'>plus</span> <span class='ocrx_word' id='word_1_427' title='bbox 634 1569 783 1604; x_wconf 87' lang='lat' dir='ltr'>addiderit,</span> <span class='ocrx_word' id='word_1_428' title='bbox 812 1569 922 1598; x_wconf 91' lang='lat' dir='ltr'>videtur</span> <span class='ocrx_word' id='word_1_429' title='bbox 950 1569 991 1597; x_wconf 91' lang='lat' dir='ltr'>in-</span> <span class='ocrx_word' id='word_1_430' title='bbox 1126 1569 1355 1606; x_wconf 85' lang='lat' dir='ltr'>Respondendum</span> <span class='ocrx_word' id='word_1_431' title='bbox 1376 1573 1434 1604; x_wconf 89' lang='lat' dir='ltr'>est,</span> <span class='ocrx_word' id='word_1_432' title='bbox 1449 1570 1523 1607; x_wconf 92' lang='lat' dir='ltr'>quod</span> <span class='ocrx_word' id='word_1_433' title='bbox 1538 1570 1726 1599; x_wconf 88' lang='lat' dir='ltr'>testimonium</span> <span class='ocrx_word' id='word_1_434' title='bbox 1741 1571 1847 1599; x_wconf 90' lang='lat' dir='ltr'>Ioannis</span> <span class='ocrx_word' id='word_1_435' title='bbox 1861 1570 1895 1599; x_wconf 88' lang='lat' dir='ltr'>ad</span> <span class='ocrx_word' id='word_1_436' title='bbox 1911 1578 1968 1602; x_wconf 74' lang='lat' dir='ltr'>aesp.</span> 
     </span>
     <span class='ocr_line' id='line_1_49' title="bbox 143 1616 2022 1654; baseline -0.001 -8"><span class='ocrx_word' id='word_1_437' title='bbox 143 1617 283 1646; x_wconf 86' lang='lat' dir='ltr'>sufficiens</span> <span class='ocrx_word' id='word_1_438' title='bbox 303 1617 388 1646; x_wconf 82' lang='lat' dir='ltr'>fuisse</span> <span class='ocrx_word' id='word_1_439' title='bbox 410 1617 612 1651; x_wconf 90' lang='lat' dir='ltr'>testimonium,</span> <span class='ocrx_word' id='word_1_440' title='bbox 633 1617 700 1654; x_wconf 91' lang='lat' dir='ltr'>quia</span> <span class='ocrx_word' id='word_1_441' title='bbox 719 1617 772 1645; x_wconf 88' lang='lat' dir='ltr'>hoc</span> <span class='ocrx_word' id='word_1_442' title='bbox 787 1619 877 1653; x_wconf 88' lang='lat' dir='ltr'>potest</span> <span class='ocrx_word' id='word_1_443' title='bbox 889 1616 942 1645; x_wconf 91' lang='lat' dir='ltr'>dici</span> <span class='ocrx_word' id='word_1_444' title='bbox 957 1616 991 1645; x_wconf 92' lang='lat' dir='ltr'>de</span> <span class='ocrx_word' id='word_1_445' title='bbox 1048 1617 1117 1651; x_wconf 85' lang='lat' dir='ltr'>hoc,</span> <span class='ocrx_word' id='word_1_446' title='bbox 1138 1616 1213 1653; x_wconf 88' lang='lat' dir='ltr'>quod</span> <span class='ocrx_word' id='word_1_447' title='bbox 1234 1616 1258 1645; x_wconf 90' lang='lat' dir='ltr'>ei</span> <span class='ocrx_word' id='word_1_448' title='bbox 1280 1616 1458 1651; x_wconf 85' lang='lat' dir='ltr'>crederetur,</span> <span class='ocrx_word' id='word_1_449' title='bbox 1479 1617 1575 1646; x_wconf 88' lang='lat' dir='ltr'>debuit</span> <span class='ocrx_word' id='word_1_450' title='bbox 1595 1625 1655 1646; x_wconf 90' lang='lat' dir='ltr'>esse</span> <span class='ocrx_word' id='word_1_451' title='bbox 1677 1617 1893 1653; x_wconf 70' lang='lat' dir='ltr'>authenticam,</span> <span class='ocrx_word' id='word_1_452' title='bbox 1912 1625 2022 1652; x_wconf 51' lang='lat' dir='ltr'>aestimauit</span> 
     </span>
     <span class='ocr_line' id='line_1_50' title="bbox 143 1649 2029 1703; baseline 0.001 -11"><span class='ocrx_word' id='word_1_453' title='bbox 143 1664 267 1700; x_wconf 91' lang='lat' dir='ltr'>quolibet</span> <span class='ocrx_word' id='word_1_454' title='bbox 277 1664 387 1698; x_wconf 84' lang='lat' dir='ltr'>Sancto,</span> <span class='ocrx_word' id='word_1_455' title='bbox 402 1663 524 1692; x_wconf 84' lang='lat' dir='ltr'>maxime</span> <span class='ocrx_word' id='word_1_456' title='bbox 537 1663 571 1692; x_wconf 91' lang='lat' dir='ltr'>de</span> <span class='ocrx_word' id='word_1_457' title='bbox 585 1663 832 1700; x_wconf 79' lang='lat' dir='ltr'>Apostolis3Lucae</span> <span class='ocrx_word' id='word_1_458' title='bbox 846 1661 1011 1690; x_wconf 82' lang='lat' dir='ltr'>decimo⁵:-</span> <span class='ocrx_word' id='word_1_459' title='bbox 1045 1663 1189 1700; x_wconf 80' lang='lat' dir='ltr'>placitum</span> <span class='ocrx_word' id='word_1_460' title='bbox 1217 1663 1275 1692; x_wconf 87' lang='lat' dir='ltr'>sive</span> <span class='ocrx_word' id='word_1_461' title='bbox 1301 1666 1445 1700; x_wconf 88' lang='lat' dir='ltr'>acceptum</span> <span class='ocrx_word' id='word_1_462' title='bbox 1475 1666 1502 1693; x_wconf 88' lang='lat' dir='ltr'>et</span> <span class='ocrx_word' id='word_1_463' title='bbox 1526 1673 1582 1693; x_wconf 66' lang='lat' dir='ltr'>now</span> <span class='ocrx_word' id='word_1_464' title='bbox 1611 1669 1797 1702; x_wconf 75' lang='lat' dir='ltr'>suspectum:</span> <span class='ocrx_word' id='word_1_465' title='bbox 1829 1666 1895 1703; x_wconf 90' lang='lat' dir='ltr'>quia</span> <span class='ocrx_word' id='word_1_466' title='bbox 1937 1649 2029 1691; x_wconf 36' lang='lat'>3⁶:39⁰*</span> 
     </span>
    </p>
   </div>
   <div class='ocr_carea' id='block_1_14' title="bbox 144 1709 991 1841">
    <p class='ocr_par' dir='ltr' id='par_1_15' title="bbox 144 1709 991 1841">
     <span class='ocr_line' id='line_1_51' title="bbox 148 1709 930 1748; baseline -0.005 -8"><span class='ocrx_word' id='word_1_467' title='bbox 148 1722 161 1736; x_wconf 88' lang='lat'><strong><em>«</em></strong></span> <span class='ocrx_word' id='word_1_468' title='bbox 178 1711 257 1745; x_wconf 88' lang='lat' dir='ltr'>Ecce,</span> <span class='ocrx_word' id='word_1_469' title='bbox 279 1719 329 1748; x_wconf 83' lang='lat' dir='ltr'>ego</span> <span class='ocrx_word' id='word_1_470' title='bbox 350 1711 429 1740; x_wconf 90' lang='lat' dir='ltr'>mitto</span> <span class='ocrx_word' id='word_1_471' title='bbox 450 1719 498 1739; x_wconf 88' lang='lat' dir='ltr'>vos</span> <span class='ocrx_word' id='word_1_472' title='bbox 519 1711 591 1740; x_wconf 86' lang='lat' dir='ltr'>sicut</span> <span class='ocrx_word' id='word_1_473' title='bbox 611 1717 696 1747; x_wconf 85' lang='lat' dir='ltr'>agnos</span> <span class='ocrx_word' id='word_1_474' title='bbox 716 1710 788 1738; x_wconf 90' lang='lat' dir='ltr'>inter</span> <span class='ocrx_word' id='word_1_475' title='bbox 809 1709 889 1746; x_wconf 87' lang='lat' dir='ltr'>lupos</span> <span class='ocrx_word' id='word_1_476' title='bbox 904 1720 930 1736; x_wconf 84' lang='lat'>».</span> 
     </span>
     <span class='ocr_line' id='line_1_52' title="bbox 223 1756 991 1795; baseline -0.004 -8"><span class='ocrx_word' id='word_1_477' title='bbox 223 1760 247 1787; x_wconf 77' lang='lat'>2.</span> <span class='ocrx_word' id='word_1_478' title='bbox 272 1759 354 1792; x_wconf 88' lang='lat' dir='ltr'>Item,</span> <span class='ocrx_word' id='word_1_479' title='bbox 376 1766 463 1795; x_wconf 91' lang='lat' dir='ltr'>quare</span> <span class='ocrx_word' id='word_1_480' title='bbox 486 1758 577 1795; x_wconf 88' lang='lat' dir='ltr'>potius</span> <span class='ocrx_word' id='word_1_481' title='bbox 598 1757 709 1785; x_wconf 93' lang='lat' dir='ltr'>nomine</span> <span class='ocrx_word' id='word_1_482' title='bbox 727 1757 800 1794; x_wconf 72' lang='lat' dir='ltr'>aym&#39;</span> <span class='ocrx_word' id='word_1_483' title='bbox 820 1764 903 1793; x_wconf 89' lang='lat' dir='ltr'>quam</span> <span class='ocrx_word' id='word_1_484' title='bbox 924 1756 991 1785; x_wconf 87' lang='lat' dir='ltr'>alte-</span> 
     </span>
     <span class='ocr_line' id='line_1_53' title="bbox 144 1803 632 1841; baseline -0.004 -8"><span class='ocrx_word' id='word_1_485' title='bbox 144 1804 203 1833; x_wconf 87' lang='lat' dir='ltr'>rius</span> <span class='ocrx_word' id='word_1_486' title='bbox 224 1804 349 1833; x_wconf 87' lang='lat' dir='ltr'>animalis</span> <span class='ocrx_word' id='word_1_487' title='bbox 370 1804 461 1841; x_wconf 90' lang='lat' dir='ltr'>ipsum</span> <span class='ocrx_word' id='word_1_488' title='bbox 482 1803 632 1832; x_wconf 80' lang='lat' dir='ltr'>describit?</span> 
     </span>
    </p>
   </div>
   <div class='ocr_carea' id='block_1_15' title="bbox 1047 1708 1894 1842">
    <p class='ocr_par' dir='ltr' id='par_1_16' title="bbox 1047 1708 1894 1842">
     <span class='ocr_line' id='line_1_54' title="bbox 1048 1708 1894 1749; baseline 0.005 -12"><span class='ocrx_word' id='word_1_489' title='bbox 1048 1708 1264 1743; x_wconf 75' lang='lat' dir='ltr'>authenticum,</span> <span class='ocrx_word' id='word_1_490' title='bbox 1293 1709 1353 1738; x_wconf 89' lang='lat' dir='ltr'>ideo</span> <span class='ocrx_word' id='word_1_491' title='bbox 1375 1710 1479 1744; x_wconf 87' lang='lat' dir='ltr'>stabat,</span> <span class='ocrx_word' id='word_1_492' title='bbox 1502 1719 1556 1739; x_wconf 91' lang='lat' dir='ltr'>non</span> <span class='ocrx_word' id='word_1_493' title='bbox 1578 1711 1730 1745; x_wconf 74' lang='lat' dir='ltr'>circuibat,</span> <span class='ocrx_word' id='word_1_494' title='bbox 1753 1712 1818 1749; x_wconf 92' lang='lat' dir='ltr'>quia</span> <span class='ocrx_word' id='word_1_495' title='bbox 1845 1721 1894 1741; x_wconf 86' lang='lat' dir='ltr'>ac-</span> 
     </span>
     <span class='ocr_line' id='line_1_55' title="bbox 1047 1756 1893 1795; baseline 0.005 -11"><span class='ocrx_word' id='word_1_496' title='bbox 1047 1760 1176 1793; x_wconf 73' lang='lat' dir='ltr'>ceptam,</span> <span class='ocrx_word' id='word_1_497' title='bbox 1198 1756 1258 1785; x_wconf 90' lang='lat' dir='ltr'>ideo</span> <span class='ocrx_word' id='word_1_498' title='bbox 1279 1764 1333 1785; x_wconf 88' lang='grc'>000</span> <span class='ocrx_word' id='word_1_499' title='bbox 1355 1757 1595 1794; x_wconf 88' lang='lat' dir='ltr'>quibuscumque,</span> <span class='ocrx_word' id='word_1_500' title='bbox 1623 1758 1670 1787; x_wconf 90' lang='lat' dir='ltr'>sed</span> <span class='ocrx_word' id='word_1_501' title='bbox 1695 1759 1893 1795; x_wconf 87' lang='lat' dir='ltr'>quaerentibus</span> 
     </span>
     <span class='ocr_line' id='line_1_56' title="bbox 1047 1803 1893 1842; baseline 0.005 -12"><span class='ocrx_word' id='word_1_502' title='bbox 1047 1804 1075 1831; x_wconf 89' lang='lat' dir='ltr'>et</span> <span class='ocrx_word' id='word_1_503' title='bbox 1095 1803 1166 1831; x_wconf 88' lang='lat' dir='ltr'>scire</span> <span class='ocrx_word' id='word_1_504' title='bbox 1187 1803 1344 1832; x_wconf 87' lang='lat' dir='ltr'>volentibus</span> <span class='ocrx_word' id='word_1_505' title='bbox 1364 1804 1551 1832; x_wconf 79' lang='lat' dir='ltr'>testimonium</span> <span class='ocrx_word' id='word_1_506' title='bbox 1573 1805 1741 1840; x_wconf 86' lang='lat' dir='ltr'>exhibebat;</span> <span class='ocrx_word' id='word_1_507' title='bbox 1756 1806 1822 1842; x_wconf 89' lang='lat' dir='ltr'>quia</span> <span class='ocrx_word' id='word_1_508' title='bbox 1835 1814 1893 1834; x_wconf 78' lang='lat' dir='ltr'>non</span> 
     </span>
    </p>
   </div>
   <div class='ocr_carea' id='block_1_16' title="bbox 762 1926 1279 1930">
    <p class='ocr_par' dir='ltr' id='par_1_17' title="bbox 762 1926 1279 1930">
     <span class='ocr_line' id='line_1_57' title="bbox 762 1926 1279 1930; baseline 0 0"><span class='ocrx_word' id='word_1_509' title='bbox 762 1926 1279 1930; x_wconf 95' lang='lat' dir='ltr'> </span> 
     </span>
    </p>
   </div>
   <div class='ocr_carea' id='block_1_17' title="bbox 144 2019 995 2946">
    <p class='ocr_par' dir='ltr' id='par_1_18' title="bbox 208 2019 355 2043">
     <span class='ocr_line' id='line_1_58' title="bbox 208 2019 355 2043; baseline -0.007 0"><span class='ocrx_word' id='word_1_510' title='bbox 208 2019 216 2032; x_wconf 90' lang='lat'>¹</span> <span class='ocrx_word' id='word_1_511' title='bbox 234 2021 299 2043; x_wconf 85' lang='lat' dir='ltr'>vers.</span> <span class='ocrx_word' id='word_1_512' title='bbox 318 2020 355 2043; x_wconf 84' lang='grc'>17.</span> 
     </span>
    </p>

    <p class='ocr_par' dir='ltr' id='par_1_19' title="bbox 144 2058 994 2516">
     <span class='ocr_line' id='line_1_59' title="bbox 207 2058 990 2087; baseline 0 -5"><span class='ocrx_word' id='word_1_513' title='bbox 207 2058 216 2072; x_wconf 78' lang='lat'><strong>²</strong></span> <span class='ocrx_word' id='word_1_514' title='bbox 234 2061 301 2083; x_wconf 89' lang='lat' dir='ltr'>Vers.</span> <span class='ocrx_word' id='word_1_515' title='bbox 317 2060 355 2082; x_wconf 89' lang='grc'>21.</span> <span class='ocrx_word' id='word_1_516' title='bbox 366 2073 397 2077; x_wconf 88' lang='grc'>-</span> <span class='ocrx_word' id='word_1_517' title='bbox 408 2060 483 2087; x_wconf 86' lang='lat' dir='ltr'>Beda,</span> <span class='ocrx_word' id='word_1_518' title='bbox 496 2060 519 2083; x_wconf 91' lang='lat' dir='ltr'>ll.</span> <span class='ocrx_word' id='word_1_519' title='bbox 531 2060 614 2082; x_wconf 87' lang='lat' dir='ltr'>Homil.</span> <span class='ocrx_word' id='word_1_520' title='bbox 632 2059 710 2082; x_wconf 87' lang='lat' dir='ltr'>homil.</span> <span class='ocrx_word' id='word_1_521' title='bbox 727 2060 765 2082; x_wconf 87' lang='grc'>23.</span> <span class='ocrx_word' id='word_1_522' title='bbox 782 2060 805 2082; x_wconf 91' lang='grc'>10</span> <span class='ocrx_word' id='word_1_523' title='bbox 821 2060 890 2082; x_wconf 86' lang='lat' dir='ltr'>natali</span> <span class='ocrx_word' id='word_1_524' title='bbox 907 2060 930 2082; x_wconf 90' lang='lat' dir='ltr'>S.</span> <span class='ocrx_word' id='word_1_525' title='bbox 947 2060 990 2082; x_wconf 85' lang='lat' dir='ltr'>An-</span> 
     </span>
     <span class='ocr_line' id='line_1_60' title="bbox 144 2098 990 2127; baseline -0.001 -6"><span class='ocrx_word' id='word_1_526' title='bbox 144 2098 214 2121; x_wconf 82' lang='lat' dir='ltr'>dreae</span> <span class='ocrx_word' id='word_1_527' title='bbox 235 2099 353 2127; x_wconf 87' lang='lat' dir='ltr'>Apostoli:</span> <span class='ocrx_word' id='word_1_528' title='bbox 370 2099 464 2121; x_wconf 89' lang='lat' dir='ltr'>lntuitus</span> <span class='ocrx_word' id='word_1_529' title='bbox 489 2102 523 2121; x_wconf 90' lang='lat' dir='ltr'>est</span> <span class='ocrx_word' id='word_1_530' title='bbox 547 2099 665 2122; x_wconf 84' lang='lat' dir='ltr'>Simonem</span> <span class='ocrx_word' id='word_1_531' title='bbox 687 2100 750 2122; x_wconf 87' lang='lat' dir='ltr'>lesus</span> <span class='ocrx_word' id='word_1_532' title='bbox 771 2104 817 2121; x_wconf 89' lang='lat' dir='ltr'>non</span> <span class='ocrx_word' id='word_1_533' title='bbox 839 2098 990 2121; x_wconf 87' lang='lat' dir='ltr'>exterioribus</span> 
     </span>
     <span class='ocr_line' id='line_1_61' title="bbox 145 2137 990 2166; baseline 0.001 -7"><span class='ocrx_word' id='word_1_534' title='bbox 145 2137 219 2160; x_wconf 87' lang='lat' dir='ltr'>solum</span> <span class='ocrx_word' id='word_1_535' title='bbox 230 2138 315 2165; x_wconf 85' lang='lat' dir='ltr'>oculis,</span> <span class='ocrx_word' id='word_1_536' title='bbox 327 2138 368 2160; x_wconf 89' lang='lat' dir='ltr'>sed</span> <span class='ocrx_word' id='word_1_537' title='bbox 385 2141 407 2160; x_wconf 91' lang='lat' dir='ltr'>et</span> <span class='ocrx_word' id='word_1_538' title='bbox 424 2138 513 2161; x_wconf 88' lang='grc'><strong>11110100</strong></span> <span class='ocrx_word' id='word_1_539' title='bbox 529 2138 658 2161; x_wconf 81' lang='lat' dir='ltr'>Divinitatis</span> <span class='ocrx_word' id='word_1_540' title='bbox 675 2138 768 2166; x_wconf 89' lang='lat' dir='ltr'>intuitu,</span> <span class='ocrx_word' id='word_1_541' title='bbox 781 2138 842 2160; x_wconf 75' lang='grc'><strong>101113</strong></span> <span class='ocrx_word' id='word_1_542' title='bbox 856 2138 913 2160; x_wconf 90' lang='lat' dir='ltr'>illud</span> <span class='ocrx_word' id='word_1_543' title='bbox 930 2137 990 2160; x_wconf 85' lang='lat' dir='ltr'>beati</span> 
     </span>
     <span class='ocr_line' id='line_1_62' title="bbox 146 2176 991 2207; baseline 0.001 -9"><span class='ocrx_word' id='word_1_544' title='bbox 146 2176 258 2199; x_wconf 81' lang='lat' dir='ltr'>Samuelis</span> <span class='ocrx_word' id='word_1_545' title='bbox 277 2176 306 2206; x_wconf 92' lang='lat' dir='ltr'>[l.</span> <span class='ocrx_word' id='word_1_546' title='bbox 318 2178 375 2205; x_wconf 85' lang='lat' dir='ltr'>Reg.</span> <span class='ocrx_word' id='word_1_547' title='bbox 388 2177 430 2205; x_wconf 82' lang='grc'>16,</span> <span class='ocrx_word' id='word_1_548' title='bbox 442 2177 488 2207; x_wconf 80' lang='lat'>7.]:</span> <span class='ocrx_word' id='word_1_549' title='bbox 500 2177 575 2201; x_wconf 86' lang='lat' dir='ltr'>Homo</span> <span class='ocrx_word' id='word_1_550' title='bbox 586 2177 647 2200; x_wconf 75' lang='lat' dir='ltr'>videt</span> <span class='ocrx_word' id='word_1_551' title='bbox 664 2177 688 2200; x_wconf 84' lang='lat' dir='ltr'>in</span> <span class='ocrx_word' id='word_1_552' title='bbox 704 2177 772 2207; x_wconf 83' lang='lat' dir='ltr'>facie,</span> <span class='ocrx_word' id='word_1_553' title='bbox 786 2177 847 2200; x_wconf 70' lang='lat' dir='ltr'>Dens</span> <span class='ocrx_word' id='word_1_554' title='bbox 861 2179 941 2200; x_wconf 76' lang='lat' dir='ltr'>autem</span> <span class='ocrx_word' id='word_1_555' title='bbox 959 2177 991 2199; x_wconf 83' lang='lat' dir='ltr'>in-</span> 
     </span>
     <span class='ocr_line' id='line_1_63' title="bbox 145 2216 992 2245; baseline 0.001 -7"><span class='ocrx_word' id='word_1_556' title='bbox 145 2216 224 2238; x_wconf 75' lang='lat' dir='ltr'>tuetur</span> <span class='ocrx_word' id='word_1_557' title='bbox 241 2222 290 2239; x_wconf 79' lang='lat' dir='ltr'>cor.</span> <span class='ocrx_word' id='word_1_558' title='bbox 308 2216 371 2239; x_wconf 89' lang='lat' dir='ltr'>Vidit</span> <span class='ocrx_word' id='word_1_559' title='bbox 388 2217 464 2239; x_wconf 86' lang='lat' dir='ltr'>cordis</span> <span class='ocrx_word' id='word_1_560' title='bbox 485 2217 535 2239; x_wconf 87' lang='lat' dir='ltr'>eius</span> <span class='ocrx_word' id='word_1_561' title='bbox 557 2217 739 2245; x_wconf 87' lang='lat' dir='ltr'>simplicitatem,</span> <span class='ocrx_word' id='word_1_562' title='bbox 755 2217 814 2239; x_wconf 81' lang='lat' dir='ltr'>vidit</span> <span class='ocrx_word' id='word_1_563' title='bbox 829 2217 901 2239; x_wconf 89' lang='lat' dir='ltr'>animi</span> <span class='ocrx_word' id='word_1_564' title='bbox 922 2216 992 2239; x_wconf 88' lang='lat' dir='ltr'>subli-</span> 
     </span>
     <span class='ocr_line' id='line_1_64' title="bbox 146 2255 991 2284; baseline 0 -7"><span class='ocrx_word' id='word_1_565' title='bbox 146 2255 260 2284; x_wconf 80' lang='lat' dir='ltr'>mitatem,</span> <span class='ocrx_word' id='word_1_566' title='bbox 283 2256 349 2278; x_wconf 84' lang='lat' dir='ltr'>cuius</span> <span class='ocrx_word' id='word_1_567' title='bbox 373 2256 454 2278; x_wconf 89' lang='lat' dir='ltr'>merito</span> <span class='ocrx_word' id='word_1_568' title='bbox 477 2259 573 2279; x_wconf 87' lang='lat' dir='ltr'>cunctae</span> <span class='ocrx_word' id='word_1_569' title='bbox 597 2259 657 2279; x_wconf 88' lang='lat' dir='ltr'>esset</span> <span class='ocrx_word' id='word_1_570' title='bbox 681 2256 846 2284; x_wconf 78' lang='lat' dir='ltr'>praeferendus</span> <span class='ocrx_word' id='word_1_571' title='bbox 870 2255 991 2278; x_wconf 85' lang='lat' dir='ltr'>Ecclesiae.</span> 
     </span>
     <span class='ocr_line' id='line_1_65' title="bbox 147 2293 992 2323; baseline 0 -7"><span class='ocrx_word' id='word_1_572' title='bbox 147 2293 215 2321; x_wconf 90' lang='lat' dir='ltr'>Vidit,</span> <span class='ocrx_word' id='word_1_573' title='bbox 232 2294 299 2323; x_wconf 88' lang='lat' dir='ltr'>quia,</span> <span class='ocrx_word' id='word_1_574' title='bbox 316 2298 413 2317; x_wconf 87' lang='lat' dir='ltr'>vocante</span> <span class='ocrx_word' id='word_1_575' title='bbox 430 2295 533 2322; x_wconf 84' lang='lat' dir='ltr'>Andrea,</span> <span class='ocrx_word' id='word_1_576' title='bbox 551 2296 653 2317; x_wconf 78' lang='lat' dir='ltr'>fervente</span> <span class='ocrx_word' id='word_1_577' title='bbox 669 2295 699 2318; x_wconf 90' lang='lat' dir='ltr'>ad</span> <span class='ocrx_word' id='word_1_578' title='bbox 716 2301 740 2317; x_wconf 89' lang='lat' dir='ltr'>se</span> <span class='ocrx_word' id='word_1_579' title='bbox 757 2301 836 2317; x_wconf 87' lang='lat' dir='ltr'>amore</span> <span class='ocrx_word' id='word_1_580' title='bbox 860 2295 992 2323; x_wconf 87' lang='lat' dir='ltr'>pervolave-</span> 
     </span>
     <span class='ocr_line' id='line_1_66' title="bbox 145 2332 991 2362; baseline 0.002 -8"><span class='ocrx_word' id='word_1_581' title='bbox 145 2332 185 2360; x_wconf 87' lang='lat' dir='ltr'>rit,</span> <span class='ocrx_word' id='word_1_582' title='bbox 203 2333 302 2362; x_wconf 90' lang='lat' dir='ltr'>ideoque</span> <span class='ocrx_word' id='word_1_583' title='bbox 323 2334 454 2356; x_wconf 86' lang='lat' dir='ltr'>venientem</span> <span class='ocrx_word' id='word_1_584' title='bbox 480 2339 533 2356; x_wconf 89' lang='lat' dir='ltr'>mox</span> <span class='ocrx_word' id='word_1_585' title='bbox 557 2334 662 2356; x_wconf 81' lang='lat' dir='ltr'>familiari</span> <span class='ocrx_word' id='word_1_586' title='bbox 685 2335 766 2356; x_wconf 79' lang='lat' dir='ltr'>assatur</span> <span class='ocrx_word' id='word_1_587' title='bbox 783 2333 889 2362; x_wconf 88' lang='lat' dir='ltr'>eloquio:</span> <span class='ocrx_word' id='word_1_588' title='bbox 908 2334 943 2356; x_wconf 78' lang='lat' dir='ltr'>Tu</span> <span class='ocrx_word' id='word_1_589' title='bbox 959 2339 991 2362; x_wconf 79' lang='lat' dir='ltr'>cs,</span> 
     </span>
     <span class='ocr_line' id='line_1_67' title="bbox 146 2371 992 2403; baseline 0 -9"><span class='ocrx_word' id='word_1_590' title='bbox 146 2372 265 2400; x_wconf 88' lang='lat' dir='ltr'>inquiens,</span> <span class='ocrx_word' id='word_1_591' title='bbox 287 2371 383 2400; x_wconf 72' lang='lat' dir='ltr'>Simon,</span> <span class='ocrx_word' id='word_1_592' title='bbox 400 2372 465 2403; x_wconf 80' lang='lat' dir='ltr'>filius</span> <span class='ocrx_word' id='word_1_593' title='bbox 487 2373 579 2395; x_wconf 82' lang='lat' dir='ltr'>loanna</span> <span class='ocrx_word' id='word_1_594' title='bbox 597 2373 641 2401; x_wconf 88' lang='lat' dir='ltr'>[ita</span> <span class='ocrx_word' id='word_1_595' title='bbox 658 2373 737 2401; x_wconf 90' lang='lat' dir='ltr'>legunt</span> <span class='ocrx_word' id='word_1_596' title='bbox 761 2373 830 2395; x_wconf 88' lang='lat' dir='ltr'>etiam</span> <span class='ocrx_word' id='word_1_597' title='bbox 853 2373 877 2394; x_wconf 93' lang='lat' dir='ltr'>B.</span> <span class='ocrx_word' id='word_1_598' title='bbox 898 2372 992 2400; x_wconf 85' lang='lat' dir='ltr'>Albert.,</span> 
     </span>
     <span class='ocr_line' id='line_1_68' title="bbox 146 2409 993 2441; baseline 0 -9"><span class='ocrx_word' id='word_1_599' title='bbox 146 2409 210 2432; x_wconf 81' lang='lat' dir='ltr'>card.</span> <span class='ocrx_word' id='word_1_600' title='bbox 228 2410 296 2438; x_wconf 81' lang='lat' dir='ltr'>Hugo</span> <span class='ocrx_word' id='word_1_601' title='bbox 318 2413 341 2433; x_wconf 88' lang='lat' dir='ltr'>et</span> <span class='ocrx_word' id='word_1_602' title='bbox 361 2412 384 2433; x_wconf 88' lang='lat' dir='ltr'>S.</span> <span class='ocrx_word' id='word_1_603' title='bbox 401 2411 514 2440; x_wconf 81' lang='lat' dir='ltr'>Thomas;</span> <span class='ocrx_word' id='word_1_604' title='bbox 531 2412 629 2439; x_wconf 84' lang='lat' dir='ltr'>August.</span> <span class='ocrx_word' id='word_1_605' title='bbox 646 2417 702 2433; x_wconf 88' lang='lat' dir='ltr'>vero</span> <span class='ocrx_word' id='word_1_606' title='bbox 724 2410 788 2441; x_wconf 79' lang='lat' dir='ltr'>filius</span> <span class='ocrx_word' id='word_1_607' title='bbox 811 2411 921 2439; x_wconf 59' lang='lat' dir='ltr'>lamnis,-</span> <span class='ocrx_word' id='word_1_608' title='bbox 939 2411 993 2433; x_wconf 90' lang='lat' dir='ltr'>Vul-</span> 
     </span>
     <span class='ocr_line' id='line_1_69' title="bbox 146 2448 994 2479; baseline 0.001 -8"><span class='ocrx_word' id='word_1_609' title='bbox 146 2451 198 2476; x_wconf 83' lang='lat' dir='ltr'>gata</span> <span class='ocrx_word' id='word_1_610' title='bbox 215 2448 280 2479; x_wconf 77' lang='lat' dir='ltr'>filins</span> <span class='ocrx_word' id='word_1_611' title='bbox 292 2449 383 2479; x_wconf 81' lang='lat' dir='ltr'>Iona]...</span> <span class='ocrx_word' id='word_1_612' title='bbox 395 2450 474 2472; x_wconf 88' lang='lat' dir='ltr'>Simon</span> <span class='ocrx_word' id='word_1_613' title='bbox 490 2456 547 2478; x_wconf 84' lang='lat' dir='ltr'>ergo</span> <span class='ocrx_word' id='word_1_614' title='bbox 564 2449 678 2478; x_wconf 81' lang='lat' dir='ltr'>obediens,</span> <span class='ocrx_word' id='word_1_615' title='bbox 696 2451 780 2472; x_wconf 88' lang='grc'><strong>103003</strong></span> <span class='ocrx_word' id='word_1_616' title='bbox 797 2450 880 2472; x_wconf 92' lang='lat' dir='ltr'>dicitur</span> <span class='ocrx_word' id='word_1_617' title='bbox 897 2449 994 2473; x_wconf 85' lang='lat' dir='ltr'>Domini</span> 
     </span>
     <span class='ocr_line' id='line_1_70' title="bbox 146 2487 286 2516; baseline 0 -6"><span class='ocrx_word' id='word_1_618' title='bbox 146 2487 225 2516; x_wconf 68' lang='lat' dir='ltr'>aratia</span> <span class='ocrx_word' id='word_1_619' title='bbox 242 2490 286 2510; x_wconf 89' lang='lat' dir='ltr'>etc.</span> 
     </span>
    </p>

    <p class='ocr_par' dir='ltr' id='par_1_20' title="bbox 147 2524 994 2829">
     <span class='ocr_line' id='line_1_71' title="bbox 209 2524 992 2556; baseline 0.003 -8"><span class='ocrx_word' id='word_1_620' title='bbox 209 2524 219 2538; x_wconf 75' lang='lat'><strong>⁸</strong></span> <span class='ocrx_word' id='word_1_621' title='bbox 236 2527 259 2549; x_wconf 95' lang='lat' dir='ltr'>ln</span> <span class='ocrx_word' id='word_1_622' title='bbox 277 2527 345 2550; x_wconf 84' lang='lat' dir='ltr'>Marc.</span> <span class='ocrx_word' id='word_1_623' title='bbox 362 2528 388 2556; x_wconf 89' lang='lat'>3,</span> <span class='ocrx_word' id='word_1_624' title='bbox 408 2528 451 2550; x_wconf 68' lang='lat'>¹6:</span> <span class='ocrx_word' id='word_1_625' title='bbox 468 2527 531 2550; x_wconf 87' lang='lat' dir='ltr'>Idem</span> <span class='ocrx_word' id='word_1_626' title='bbox 549 2534 605 2556; x_wconf 88' lang='lat' dir='ltr'>ergo</span> <span class='ocrx_word' id='word_1_627' title='bbox 625 2529 712 2550; x_wconf 86' lang='lat' dir='ltr'>Graece</span> <span class='ocrx_word' id='word_1_628' title='bbox 733 2528 784 2550; x_wconf 88' lang='lat' dir='ltr'>sive</span> <span class='ocrx_word' id='word_1_629' title='bbox 804 2528 881 2550; x_wconf 81' lang='lat' dir='ltr'>Latine</span> <span class='ocrx_word' id='word_1_630' title='bbox 898 2528 992 2555; x_wconf 77' lang='lat' dir='ltr'>Petrus,</span> 
     </span>
     <span class='ocr_line' id='line_1_72' title="bbox 147 2565 993 2596; baseline 0.001 -8"><span class='ocrx_word' id='word_1_631' title='bbox 147 2565 211 2594; x_wconf 90' lang='lat' dir='ltr'>quod</span> <span class='ocrx_word' id='word_1_632' title='bbox 228 2566 321 2594; x_wconf 88' lang='lat' dir='ltr'>Syriace</span> <span class='ocrx_word' id='word_1_633' title='bbox 339 2566 434 2596; x_wconf 73' lang='lat' dir='ltr'>Cepha-3.</span> <span class='ocrx_word' id='word_1_634' title='bbox 451 2568 477 2589; x_wconf 89' lang='lat' dir='ltr'>Et</span> <span class='ocrx_word' id='word_1_635' title='bbox 494 2568 516 2589; x_wconf 89' lang='lat' dir='ltr'>in</span> <span class='ocrx_word' id='word_1_636' title='bbox 534 2569 631 2596; x_wconf 87' lang='lat' dir='ltr'>utraque</span> <span class='ocrx_word' id='word_1_637' title='bbox 647 2567 724 2595; x_wconf 89' lang='lat' dir='ltr'>lingua</span> <span class='ocrx_word' id='word_1_638' title='bbox 741 2574 827 2590; x_wconf 88' lang='grc'><strong>11010011</strong></span> <span class='ocrx_word' id='word_1_639' title='bbox 844 2573 856 2589; x_wconf 88' lang='grc'>3</span> <span class='ocrx_word' id='word_1_640' title='bbox 874 2570 939 2595; x_wconf 85' lang='lat' dir='ltr'>petra</span> <span class='ocrx_word' id='word_1_641' title='bbox 956 2567 993 2589; x_wconf 91' lang='lat' dir='ltr'>de-</span> 
     </span>
     <span class='ocr_line' id='line_1_73' title="bbox 148 2604 993 2636; baseline 0.001 -10"><span class='ocrx_word' id='word_1_642' title='bbox 148 2604 247 2627; x_wconf 86' lang='lat' dir='ltr'>rivatum</span> <span class='ocrx_word' id='word_1_643' title='bbox 265 2608 313 2634; x_wconf 84' lang='lat' dir='ltr'>est;</span> <span class='ocrx_word' id='word_1_644' title='bbox 330 2606 393 2628; x_wconf 84' lang='lat' dir='ltr'>haud</span> <span class='ocrx_word' id='word_1_645' title='bbox 415 2606 526 2634; x_wconf 87' lang='lat' dir='ltr'>dubium,</span> <span class='ocrx_word' id='word_1_646' title='bbox 542 2607 597 2636; x_wconf 88' lang='lat' dir='ltr'>quin</span> <span class='ocrx_word' id='word_1_647' title='bbox 615 2606 663 2634; x_wconf 82' lang='lat' dir='ltr'>illa,</span> <span class='ocrx_word' id='word_1_648' title='bbox 680 2607 709 2629; x_wconf 87' lang='lat' dir='ltr'>de</span> <span class='ocrx_word' id='word_1_649' title='bbox 726 2613 772 2635; x_wconf 88' lang='lat' dir='ltr'>qua</span> <span class='ocrx_word' id='word_1_650' title='bbox 792 2606 876 2629; x_wconf 80' lang='lat' dir='ltr'>Paulus</span> <span class='ocrx_word' id='word_1_651' title='bbox 894 2607 924 2634; x_wconf 86' lang='lat'>[1.</span> <span class='ocrx_word' id='word_1_652' title='bbox 940 2605 993 2629; x_wconf 84' lang='lat' dir='ltr'>Cor.</span> 
     </span>
     <span class='ocr_line' id='line_1_74' title="bbox 153 2643 993 2675; baseline 0 -10"><span class='ocrx_word' id='word_1_653' title='bbox 153 2644 188 2671; x_wconf 87' lang='lat' dir='ltr'>lO,</span> <span class='ocrx_word' id='word_1_654' title='bbox 207 2643 237 2673; x_wconf 80' lang='grc'><strong>4.]</strong></span> <span class='ocrx_word' id='word_1_655' title='bbox 255 2644 300 2675; x_wconf 82' lang='lat' dir='ltr'>ait:</span> <span class='ocrx_word' id='word_1_656' title='bbox 317 2644 388 2667; x_wconf 84' lang='lat' dir='ltr'>Petra</span> <span class='ocrx_word' id='word_1_657' title='bbox 404 2646 484 2668; x_wconf 78' lang='lat' dir='ltr'>autem</span> <span class='ocrx_word' id='word_1_658' title='bbox 503 2647 557 2668; x_wconf 83' lang='lat' dir='ltr'>erat</span> <span class='ocrx_word' id='word_1_659' title='bbox 572 2645 703 2668; x_wconf 77' lang='lat' dir='ltr'>Christus...</span> <span class='ocrx_word' id='word_1_660' title='bbox 720 2644 791 2667; x_wconf 89' lang='lat' dir='ltr'>Cuius</span> <span class='ocrx_word' id='word_1_661' title='bbox 813 2645 868 2667; x_wconf 87' lang='lat' dir='ltr'>alias</span> <span class='ocrx_word' id='word_1_662' title='bbox 890 2644 993 2666; x_wconf 85' lang='lat' dir='ltr'>alludens</span> 
     </span>
     <span class='ocr_line' id='line_1_75' title="bbox 148 2682 994 2713; baseline 0 -9"><span class='ocrx_word' id='word_1_663' title='bbox 148 2682 302 2710; x_wconf 82' lang='lat' dir='ltr'>etymologiae</span> <span class='ocrx_word' id='word_1_664' title='bbox 326 2683 381 2705; x_wconf 82' lang='lat' dir='ltr'>dixit</span> <span class='ocrx_word' id='word_1_665' title='bbox 407 2683 495 2712; x_wconf 81' lang='lat' dir='ltr'>[Matth.</span> <span class='ocrx_word' id='word_1_666' title='bbox 514 2684 556 2711; x_wconf 81' lang='grc'>16,</span> <span class='ocrx_word' id='word_1_667' title='bbox 574 2683 634 2713; x_wconf 49' lang='grc'><strong>118.];</strong></span> <span class='ocrx_word' id='word_1_668' title='bbox 658 2684 693 2706; x_wconf 84' lang='lat' dir='ltr'>Tu</span> <span class='ocrx_word' id='word_1_669' title='bbox 717 2689 740 2706; x_wconf 84' lang='lat' dir='ltr'>es</span> <span class='ocrx_word' id='word_1_670' title='bbox 762 2683 855 2711; x_wconf 81' lang='lat' dir='ltr'>Petrus&#39;,</span> <span class='ocrx_word' id='word_1_671' title='bbox 878 2684 900 2706; x_wconf 77' lang='lat' dir='ltr'>et</span> <span class='ocrx_word' id='word_1_672' title='bbox 921 2688 994 2712; x_wconf 78' lang='lat' dir='ltr'>super·</span> 
     </span>
     <span class='ocr_line' id='line_1_76' title="bbox 148 2716 993 2752; baseline -0.001 -8"><span class='ocrx_word' id='word_1_673' title='bbox 148 2721 210 2744; x_wconf 80' lang='lat' dir='ltr'>hanc</span> <span class='ocrx_word' id='word_1_674' title='bbox 223 2723 318 2750; x_wconf 81' lang='lat' dir='ltr'>petram</span> <span class='ocrx_word' id='word_1_675' title='bbox 335 2721 462 2752; x_wconf 78' lang='lat' dir='ltr'>aedificabo</span> <span class='ocrx_word' id='word_1_676' title='bbox 480 2722 611 2746; x_wconf 80' lang='lat' dir='ltr'>Ecclesiam</span> <span class='ocrx_word' id='word_1_677' title='bbox 627 2716 712 2746; x_wconf 84' lang='lat' dir='ltr'>meam.</span> <span class='ocrx_word' id='word_1_678' title='bbox 731 2722 794 2750; x_wconf 91' lang='lat' dir='ltr'>[Duo</span> <span class='ocrx_word' id='word_1_679' title='bbox 820 2723 841 2745; x_wconf 78' lang='lat' dir='ltr'>lii</span> <span class='ocrx_word' id='word_1_680' title='bbox 868 2722 911 2744; x_wconf 87' lang='lat' dir='ltr'>loci</span> <span class='ocrx_word' id='word_1_681' title='bbox 937 2721 993 2744; x_wconf 87' lang='lat' dir='ltr'>Scri-</span> 
     </span>
     <span class='ocr_line' id='line_1_77' title="bbox 149 2761 994 2792; baseline 0.002 -10"><span class='ocrx_word' id='word_1_682' title='bbox 149 2763 230 2788; x_wconf 84' lang='lat' dir='ltr'>pturae</span> <span class='ocrx_word' id='word_1_683' title='bbox 254 2761 381 2789; x_wconf 81' lang='lat' dir='ltr'>allegantur</span> <span class='ocrx_word' id='word_1_684' title='bbox 405 2762 475 2784; x_wconf 90' lang='lat' dir='ltr'>etiam</span> <span class='ocrx_word' id='word_1_685' title='bbox 499 2762 594 2784; x_wconf 81' lang='lat' dir='ltr'>inferius</span> <span class='ocrx_word' id='word_1_686' title='bbox 614 2769 625 2784; x_wconf 86' lang='lat' dir='ltr'>a</span> <span class='ocrx_word' id='word_1_687' title='bbox 647 2763 669 2784; x_wconf 92' lang='lat' dir='ltr'>S.</span> <span class='ocrx_word' id='word_1_688' title='bbox 687 2762 793 2792; x_wconf 86' lang='lat' dir='ltr'>Bonav.].</span> <span class='ocrx_word' id='word_1_689' title='bbox 808 2762 852 2785; x_wconf 88' lang='lat' dir='ltr'>Csr.</span> <span class='ocrx_word' id='word_1_690' title='bbox 870 2762 953 2785; x_wconf 86' lang='lat' dir='ltr'>Homil.</span> <span class='ocrx_word' id='word_1_691' title='bbox 970 2762 994 2784; x_wconf 87' lang='lat' dir='ltr'>in</span> 
     </span>
     <span class='ocr_line' id='line_1_78' title="bbox 149 2800 493 2829; baseline 0.003 -7"><span class='ocrx_word' id='word_1_692' title='bbox 149 2803 201 2822; x_wconf 86' lang='grc'><strong>0013</strong></span> <span class='ocrx_word' id='word_1_693' title='bbox 220 2800 373 2828; x_wconf 85' lang='lat' dir='ltr'>praecedente</span> <span class='ocrx_word' id='word_1_694' title='bbox 389 2801 493 2829; x_wconf 84' lang='lat' dir='ltr'>allegata.</span> 
     </span>
    </p>

    <p class='ocr_par' dir='ltr' id='par_1_21' title="bbox 149 2837 995 2946">
     <span class='ocr_line' id='line_1_79' title="bbox 211 2837 994 2870; baseline 0.001 -9"><span class='ocrx_word' id='word_1_695' title='bbox 211 2837 221 2850; x_wconf 80' lang='lat'>‘²</span> <span class='ocrx_word' id='word_1_696' title='bbox 237 2839 342 2868; x_wconf 84' lang='lat' dir='ltr'>August.,</span> <span class='ocrx_word' id='word_1_697' title='bbox 359 2841 375 2862; x_wconf 93' lang='lat' dir='ltr'>l.</span> <span class='ocrx_word' id='word_1_698' title='bbox 391 2841 489 2863; x_wconf 85' lang='lat' dir='ltr'>Retract.</span> <span class='ocrx_word' id='word_1_699' title='bbox 511 2847 530 2863; x_wconf 92' lang='lat' dir='ltr'>c.</span> <span class='ocrx_word' id='word_1_700' title='bbox 547 2841 586 2862; x_wconf 86' lang='grc'>21.</span> <span class='ocrx_word' id='word_1_701' title='bbox 608 2847 631 2863; x_wconf 89' lang='lat' dir='ltr'>n.</span> <span class='ocrx_word' id='word_1_702' title='bbox 649 2841 673 2863; x_wconf 79' lang='lat' dir='ltr'>l:</span> <span class='ocrx_word' id='word_1_703' title='bbox 696 2841 719 2863; x_wconf 93' lang='lat' dir='ltr'>ln</span> <span class='ocrx_word' id='word_1_704' title='bbox 744 2847 791 2869; x_wconf 89' lang='lat' dir='ltr'>quo</span> <span class='ocrx_word' id='word_1_705' title='bbox 816 2840 891 2870; x_wconf 87' lang='lat' dir='ltr'>[libro</span> <span class='ocrx_word' id='word_1_706' title='bbox 915 2843 994 2863; x_wconf 84' lang='lat' dir='ltr'>contra</span> 
     </span>
     <span class='ocr_line' id='line_1_80' title="bbox 149 2878 994 2908; baseline 0.002 -8"><span class='ocrx_word' id='word_1_707' title='bbox 149 2878 272 2906; x_wconf 85' lang='lat' dir='ltr'>Epistolam</span> <span class='ocrx_word' id='word_1_708' title='bbox 297 2878 393 2908; x_wconf 85' lang='lat' dir='ltr'>Donati]</span> <span class='ocrx_word' id='word_1_709' title='bbox 416 2879 462 2901; x_wconf 81' lang='lat' dir='ltr'>dixi</span> <span class='ocrx_word' id='word_1_710' title='bbox 487 2879 509 2901; x_wconf 95' lang='lat' dir='ltr'>in</span> <span class='ocrx_word' id='word_1_711' title='bbox 533 2879 636 2908; x_wconf 90' lang='lat' dir='ltr'>quodam</span> <span class='ocrx_word' id='word_1_712' title='bbox 662 2879 712 2901; x_wconf 90' lang='lat' dir='ltr'>loco</span> <span class='ocrx_word' id='word_1_713' title='bbox 734 2879 764 2902; x_wconf 88' lang='lat' dir='ltr'>de</span> <span class='ocrx_word' id='word_1_714' title='bbox 785 2880 894 2907; x_wconf 88' lang='lat' dir='ltr'>Apostolo</span> <span class='ocrx_word' id='word_1_715' title='bbox 916 2880 994 2907; x_wconf 86' lang='lat' dir='ltr'>Petro,</span> 
     </span>
     <span class='ocr_line' id='line_1_81' title="bbox 150 2917 995 2946; baseline 0.001 -6"><span class='ocrx_word' id='word_1_716' title='bbox 150 2917 212 2946; x_wconf 87' lang='lat' dir='ltr'>quod</span> <span class='ocrx_word' id='word_1_717' title='bbox 230 2918 253 2940; x_wconf 85' lang='lat' dir='ltr'>in</span> <span class='ocrx_word' id='word_1_718' title='bbox 269 2917 309 2940; x_wconf 92' lang='lat' dir='ltr'>illo</span> <span class='ocrx_word' id='word_1_719' title='bbox 327 2921 435 2946; x_wconf 80' lang='lat' dir='ltr'>tanquam</span> <span class='ocrx_word' id='word_1_720' title='bbox 453 2918 475 2940; x_wconf 94' lang='lat' dir='ltr'>in</span> <span class='ocrx_word' id='word_1_721' title='bbox 492 2920 555 2945; x_wconf 85' lang='lat' dir='ltr'>petra</span> <span class='ocrx_word' id='word_1_722' title='bbox 578 2918 670 2940; x_wconf 83' lang='lat' dir='ltr'>fundata</span> <span class='ocrx_word' id='word_1_723' title='bbox 687 2918 715 2940; x_wconf 90' lang='lat' dir='ltr'>sit</span> <span class='ocrx_word' id='word_1_724' title='bbox 732 2918 854 2941; x_wconf 87' lang='lat' dir='ltr'>Ecclesia...</span> <span class='ocrx_word' id='word_1_725' title='bbox 871 2919 912 2941; x_wconf 87' lang='lat' dir='ltr'>sed</span> <span class='ocrx_word' id='word_1_726' title='bbox 935 2919 995 2946; x_wconf 83' lang='lat' dir='ltr'>scio,</span> 
     </span>
    </p>
   </div>
   <div class='ocr_carea' id='block_1_18' title="bbox 1017 2028 1024 2941">
    <p class='ocr_par' dir='ltr' id='par_1_22' title="bbox 1017 2028 1024 2941">
     <span class='ocr_line' id='line_1_82' title="bbox 1017 2028 1024 2941; baseline 0 0"><span class='ocrx_word' id='word_1_727' title='bbox 1017 2028 1024 2941; x_wconf 95' lang='lat' dir='ltr'> </span> 
     </span>
    </p>
   </div>
   <div class='ocr_carea' id='block_1_19' title="bbox 1046 2019 1897 2908">
    <p class='ocr_par' dir='ltr' id='par_1_23' title="bbox 1046 2019 1897 2596">
     <span class='ocr_line' id='line_1_83' title="bbox 1046 2019 1893 2050; baseline 0.002 -8"><span class='ocrx_word' id='word_1_728' title='bbox 1046 2026 1084 2042; x_wconf 89' lang='lat' dir='ltr'>me</span> <span class='ocrx_word' id='word_1_729' title='bbox 1101 2023 1180 2048; x_wconf 85' lang='lat' dir='ltr'>postea</span> <span class='ocrx_word' id='word_1_730' title='bbox 1197 2020 1333 2048; x_wconf 84' lang='lat' dir='ltr'>saepissime</span> <span class='ocrx_word' id='word_1_731' title='bbox 1354 2020 1387 2043; x_wconf 87' lang='lat' dir='ltr'>sic</span> <span class='ocrx_word' id='word_1_732' title='bbox 1409 2021 1550 2048; x_wconf 86' lang='lat' dir='ltr'>exposuisse,</span> <span class='ocrx_word' id='word_1_733' title='bbox 1568 2021 1632 2050; x_wconf 88' lang='lat' dir='ltr'>quod</span> <span class='ocrx_word' id='word_1_734' title='bbox 1655 2027 1667 2043; x_wconf 89' lang='lat' dir='ltr'>a</span> <span class='ocrx_word' id='word_1_735' title='bbox 1690 2021 1789 2044; x_wconf 90' lang='lat' dir='ltr'>Domino</span> <span class='ocrx_word' id='word_1_736' title='bbox 1806 2019 1893 2044; x_wconf 83' lang='lat' dir='ltr'>dictum</span> 
     </span>
     <span class='ocr_line' id='line_1_84' title="bbox 1046 2059 1894 2091; baseline 0.002 -9"><span class='ocrx_word' id='word_1_737' title='bbox 1046 2062 1093 2082; x_wconf 88' lang='lat' dir='ltr'>est:</span> <span class='ocrx_word' id='word_1_738' title='bbox 1113 2060 1148 2082; x_wconf 78' lang='lat' dir='ltr'>Tu</span> <span class='ocrx_word' id='word_1_739' title='bbox 1165 2066 1188 2082; x_wconf 79' lang='lat' dir='ltr'>cs</span> <span class='ocrx_word' id='word_1_740' title='bbox 1205 2060 1298 2088; x_wconf 74' lang='lat' dir='ltr'>Petrus,</span> <span class='ocrx_word' id='word_1_741' title='bbox 1315 2061 1336 2083; x_wconf 83' lang='lat' dir='ltr'>et</span> <span class='ocrx_word' id='word_1_742' title='bbox 1353 2066 1425 2089; x_wconf 79' lang='lat' dir='ltr'>super</span> <span class='ocrx_word' id='word_1_743' title='bbox 1437 2059 1499 2084; x_wconf 71' lang='lat' dir='ltr'>hanc</span> <span class='ocrx_word' id='word_1_744' title='bbox 1507 2061 1603 2089; x_wconf 84' lang='lat' dir='ltr'>petram</span> <span class='ocrx_word' id='word_1_745' title='bbox 1619 2059 1746 2091; x_wconf 79' lang='lat' dir='ltr'>aedificabo</span> <span class='ocrx_word' id='word_1_746' title='bbox 1764 2060 1894 2084; x_wconf 81' lang='lat' dir='ltr'>Ecclesiam</span> 
     </span>
     <span class='ocr_line' id='line_1_85' title="bbox 1046 2099 1894 2128; baseline 0.001 -7"><span class='ocrx_word' id='word_1_747' title='bbox 1046 2105 1135 2127; x_wconf 84' lang='lat' dir='ltr'>meam,</span> <span class='ocrx_word' id='word_1_748' title='bbox 1153 2102 1178 2121; x_wconf 91' lang='lat' dir='ltr'>ut</span> <span class='ocrx_word' id='word_1_749' title='bbox 1195 2105 1265 2127; x_wconf 91' lang='lat' dir='ltr'>super</span> <span class='ocrx_word' id='word_1_750' title='bbox 1282 2100 1342 2121; x_wconf 90' lang='lat' dir='ltr'>hunc</span> <span class='ocrx_word' id='word_1_751' title='bbox 1360 2099 1531 2127; x_wconf 83' lang='lat' dir='ltr'>intelligeretur,</span> <span class='ocrx_word' id='word_1_752' title='bbox 1548 2105 1617 2128; x_wconf 90' lang='lat' dir='ltr'>quem</span> <span class='ocrx_word' id='word_1_753' title='bbox 1637 2101 1755 2122; x_wconf 85' lang='lat' dir='ltr'>consessus</span> <span class='ocrx_word' id='word_1_754' title='bbox 1770 2102 1805 2122; x_wconf 89' lang='lat' dir='ltr'>est</span> <span class='ocrx_word' id='word_1_755' title='bbox 1816 2100 1894 2122; x_wconf 84' lang='lat' dir='ltr'>Petrus</span> 
     </span>
     <span class='ocr_line' id='line_1_86' title="bbox 1047 2137 1895 2166; baseline 0.001 -6"><span class='ocrx_word' id='word_1_756' title='bbox 1047 2138 1140 2160; x_wconf 87' lang='lat' dir='ltr'>dicens:</span> <span class='ocrx_word' id='word_1_757' title='bbox 1161 2138 1196 2160; x_wconf 82' lang='lat' dir='ltr'>Tu</span> <span class='ocrx_word' id='word_1_758' title='bbox 1213 2143 1236 2160; x_wconf 83' lang='lat' dir='ltr'>cs</span> <span class='ocrx_word' id='word_1_759' title='bbox 1254 2137 1362 2161; x_wconf 70' lang='lat' dir='ltr'>Christus</span> <span class='ocrx_word' id='word_1_760' title='bbox 1380 2137 1456 2161; x_wconf 60' lang='lat' dir='ltr'>Filius&gt;=</span> <span class='ocrx_word' id='word_1_761' title='bbox 1473 2137 1517 2161; x_wconf 87' lang='lat' dir='ltr'>Dei</span> <span class='ocrx_word' id='word_1_762' title='bbox 1534 2137 1593 2166; x_wconf 85' lang='lat' dir='ltr'>vivi,</span> <span class='ocrx_word' id='word_1_763' title='bbox 1611 2144 1638 2160; x_wconf 88' lang='grc'>30</span> <span class='ocrx_word' id='word_1_764' title='bbox 1654 2139 1686 2161; x_wconf 83' lang='grc'>510</span> <span class='ocrx_word' id='word_1_765' title='bbox 1704 2139 1783 2161; x_wconf 82' lang='lat' dir='ltr'>Petrus</span> <span class='ocrx_word' id='word_1_766' title='bbox 1802 2138 1832 2161; x_wconf 89' lang='lat' dir='ltr'>ab</span> <span class='ocrx_word' id='word_1_767' title='bbox 1852 2140 1895 2161; x_wconf 88' lang='lat' dir='ltr'>hac</span> 
     </span>
     <span class='ocr_line' id='line_1_87' title="bbox 1047 2177 1895 2206; baseline 0.001 -7"><span class='ocrx_word' id='word_1_768' title='bbox 1047 2180 1111 2205; x_wconf 89' lang='lat' dir='ltr'>petra</span> <span class='ocrx_word' id='word_1_769' title='bbox 1129 2177 1256 2205; x_wconf 85' lang='lat' dir='ltr'>appellatus</span> <span class='ocrx_word' id='word_1_770' title='bbox 1274 2183 1396 2204; x_wconf 85' lang='lat' dir='ltr'>personam</span> <span class='ocrx_word' id='word_1_771' title='bbox 1414 2177 1526 2199; x_wconf 82' lang='lat' dir='ltr'>Ecclesiae</span> <span class='ocrx_word' id='word_1_772' title='bbox 1543 2177 1666 2205; x_wconf 86' lang='lat' dir='ltr'>figuraret,</span> <span class='ocrx_word' id='word_1_773' title='bbox 1677 2183 1738 2206; x_wconf 87' lang='lat' dir='ltr'>quae</span> <span class='ocrx_word' id='word_1_774' title='bbox 1749 2184 1819 2205; x_wconf 86' lang='lat' dir='ltr'>super</span> <span class='ocrx_word' id='word_1_775' title='bbox 1837 2179 1895 2200; x_wconf 87' lang='lat' dir='ltr'>hanc</span> 
     </span>
     <span class='ocr_line' id='line_1_88' title="bbox 1048 2216 1895 2244; baseline 0 -6"><span class='ocrx_word' id='word_1_776' title='bbox 1048 2218 1137 2244; x_wconf 87' lang='lat' dir='ltr'>petram</span> <span class='ocrx_word' id='word_1_777' title='bbox 1155 2216 1300 2243; x_wconf 82' lang='lat' dir='ltr'>aedificatur,</span> <span class='ocrx_word' id='word_1_778' title='bbox 1312 2218 1334 2238; x_wconf 88' lang='lat' dir='ltr'>et</span> <span class='ocrx_word' id='word_1_779' title='bbox 1346 2216 1434 2244; x_wconf 85' lang='lat' dir='ltr'>accepit</span> <span class='ocrx_word' id='word_1_780' title='bbox 1450 2216 1527 2238; x_wconf 88' lang='lat' dir='ltr'>claves</span> <span class='ocrx_word' id='word_1_781' title='bbox 1543 2216 1610 2244; x_wconf 84' lang='lat' dir='ltr'>regni</span> <span class='ocrx_word' id='word_1_782' title='bbox 1627 2216 1752 2238; x_wconf 89' lang='lat' dir='ltr'>caelorum.</span> <span class='ocrx_word' id='word_1_783' title='bbox 1768 2217 1817 2238; x_wconf 93' lang='lat' dir='ltr'>Non</span> <span class='ocrx_word' id='word_1_784' title='bbox 1834 2217 1895 2239; x_wconf 90' lang='lat' dir='ltr'>enim</span> 
     </span>
     <span class='ocr_line' id='line_1_89' title="bbox 1048 2254 1895 2284; baseline 0 -7"><span class='ocrx_word' id='word_1_785' title='bbox 1048 2255 1136 2278; x_wconf 90' lang='lat' dir='ltr'>dictum</span> <span class='ocrx_word' id='word_1_786' title='bbox 1154 2258 1188 2277; x_wconf 89' lang='lat' dir='ltr'>est</span> <span class='ocrx_word' id='word_1_787' title='bbox 1205 2255 1251 2277; x_wconf 87' lang='lat' dir='ltr'>illi:</span> <span class='ocrx_word' id='word_1_788' title='bbox 1269 2255 1305 2277; x_wconf 92' lang='lat' dir='ltr'>Tu</span> <span class='ocrx_word' id='word_1_789' title='bbox 1327 2261 1352 2277; x_wconf 93' lang='lat' dir='ltr'>es</span> <span class='ocrx_word' id='word_1_790' title='bbox 1364 2256 1443 2284; x_wconf 78' lang='lat' dir='ltr'>petra,</span> <span class='ocrx_word' id='word_1_791' title='bbox 1463 2254 1503 2277; x_wconf 87' lang='lat' dir='ltr'>sed</span> <span class='ocrx_word' id='word_1_792' title='bbox 1524 2255 1559 2277; x_wconf 86' lang='lat' dir='ltr'>Tu</span> <span class='ocrx_word' id='word_1_793' title='bbox 1575 2261 1599 2278; x_wconf 81' lang='lat' dir='ltr'>es</span> <span class='ocrx_word' id='word_1_794' title='bbox 1616 2255 1709 2278; x_wconf 67' lang='lat' dir='ltr'>Petrus.</span> <span class='ocrx_word' id='word_1_795' title='bbox 1726 2255 1797 2278; x_wconf 80' lang='lat' dir='ltr'>Petro.</span> <span class='ocrx_word' id='word_1_796' title='bbox 1818 2258 1895 2277; x_wconf 91' lang='lat' dir='ltr'>autem</span> 
     </span>
     <span class='ocr_line' id='line_1_90' title="bbox 1048 2293 1895 2323; baseline 0 -7"><span class='ocrx_word' id='word_1_797' title='bbox 1048 2296 1098 2316; x_wconf 90' lang='lat' dir='ltr'>erat</span> <span class='ocrx_word' id='word_1_798' title='bbox 1113 2293 1230 2321; x_wconf 91' lang='lat' dir='ltr'>Christus,</span> <span class='ocrx_word' id='word_1_799' title='bbox 1247 2300 1317 2323; x_wconf 91' lang='lat' dir='ltr'>quem</span> <span class='ocrx_word' id='word_1_800' title='bbox 1335 2295 1454 2316; x_wconf 78' lang='lat' dir='ltr'>consessus</span> <span class='ocrx_word' id='word_1_801' title='bbox 1472 2294 1564 2322; x_wconf 81' lang='lat' dir='ltr'>Simon,</span> <span class='ocrx_word' id='word_1_802' title='bbox 1581 2294 1641 2317; x_wconf 90' lang='lat' dir='ltr'>sicut</span> <span class='ocrx_word' id='word_1_803' title='bbox 1661 2300 1715 2316; x_wconf 89' lang='lat' dir='ltr'>eum</span> <span class='ocrx_word' id='word_1_804' title='bbox 1733 2297 1779 2316; x_wconf 88' lang='lat' dir='ltr'>tota</span> <span class='ocrx_word' id='word_1_805' title='bbox 1796 2295 1895 2317; x_wconf 87' lang='lat' dir='ltr'>Ecclesia</span> 
     </span>
     <span class='ocr_line' id='line_1_91' title="bbox 1049 2333 1896 2363; baseline 0.001 -8"><span class='ocrx_word' id='word_1_806' title='bbox 1049 2334 1178 2361; x_wconf 80' lang='lat' dir='ltr'>confitetur,</span> <span class='ocrx_word' id='word_1_807' title='bbox 1194 2333 1270 2356; x_wconf 84' lang='lat' dir='ltr'>dictus</span> <span class='ocrx_word' id='word_1_808' title='bbox 1286 2336 1320 2355; x_wconf 89' lang='lat' dir='ltr'>est</span> <span class='ocrx_word' id='word_1_809' title='bbox 1336 2333 1424 2355; x_wconf 86' lang='lat' dir='ltr'>Petrus.</span> <span class='ocrx_word' id='word_1_810' title='bbox 1445 2333 1532 2363; x_wconf 68' lang='lat' dir='ltr'>Harum</span> <span class='ocrx_word' id='word_1_811' title='bbox 1555 2335 1632 2355; x_wconf 85' lang='lat' dir='ltr'>autern</span> <span class='ocrx_word' id='word_1_812' title='bbox 1655 2333 1755 2356; x_wconf 84' lang='lat' dir='ltr'>duarum</span> <span class='ocrx_word' id='word_1_813' title='bbox 1777 2334 1896 2356; x_wconf 84' lang='lat' dir='ltr'>sententia-</span> 
     </span>
     <span class='ocr_line' id='line_1_92' title="bbox 1048 2365 1896 2401; baseline 0 -6"><span class='ocrx_word' id='word_1_814' title='bbox 1048 2379 1102 2395; x_wconf 87' lang='lat' dir='ltr'>rum</span> <span class='ocrx_word' id='word_1_815' title='bbox 1126 2378 1186 2401; x_wconf 88' lang='lat' dir='ltr'>quae</span> <span class='ocrx_word' id='word_1_816' title='bbox 1211 2372 1239 2395; x_wconf 86' lang='lat' dir='ltr'>sit</span> <span class='ocrx_word' id='word_1_817' title='bbox 1264 2371 1417 2400; x_wconf 85' lang='lat' dir='ltr'>probabilior,</span> <span class='ocrx_word' id='word_1_818' title='bbox 1435 2365 1504 2400; x_wconf 77' lang='lat' dir='ltr'>eligat</span> <span class='ocrx_word' id='word_1_819' title='bbox 1520 2373 1599 2394; x_wconf 85' lang='lat' dir='ltr'>lector.</span> <span class='ocrx_word' id='word_1_820' title='bbox 1620 2371 1664 2395; x_wconf 86' lang='lat' dir='ltr'>Csr.</span> <span class='ocrx_word' id='word_1_821' title='bbox 1682 2373 1755 2400; x_wconf 80' lang='lat' dir='ltr'>Beda,</span> <span class='ocrx_word' id='word_1_822' title='bbox 1773 2373 1798 2395; x_wconf 92' lang='lat' dir='ltr'>ll.</span> <span class='ocrx_word' id='word_1_823' title='bbox 1814 2373 1896 2396; x_wconf 87' lang='lat' dir='ltr'>Homil.</span> 
     </span>
     <span class='ocr_line' id='line_1_93' title="bbox 1049 2411 1897 2440; baseline 0.001 -7"><span class='ocrx_word' id='word_1_824' title='bbox 1049 2412 1128 2434; x_wconf 89' lang='lat' dir='ltr'>homil.</span> <span class='ocrx_word' id='word_1_825' title='bbox 1140 2412 1177 2433; x_wconf 88' lang='lat'>23.</span> <span class='ocrx_word' id='word_1_826' title='bbox 1189 2411 1213 2433; x_wconf 93' lang='lat' dir='ltr'>in</span> <span class='ocrx_word' id='word_1_827' title='bbox 1223 2411 1293 2433; x_wconf 80' lang='lat' dir='ltr'>natali</span> <span class='ocrx_word' id='word_1_828' title='bbox 1305 2412 1327 2433; x_wconf 84' lang='lat' dir='ltr'>S.</span> <span class='ocrx_word' id='word_1_829' title='bbox 1340 2411 1446 2433; x_wconf 85' lang='lat' dir='ltr'>Andreae</span> <span class='ocrx_word' id='word_1_830' title='bbox 1458 2411 1568 2439; x_wconf 82' lang='lat' dir='ltr'>Apostoli.</span> <span class='ocrx_word' id='word_1_831' title='bbox 1579 2423 1610 2427; x_wconf 97' lang='lat'><strong>—</strong></span> <span class='ocrx_word' id='word_1_832' title='bbox 1622 2411 1661 2433; x_wconf 64' lang='lat' dir='ltr'>Ed.</span> <span class='ocrx_word' id='word_1_833' title='bbox 1675 2414 1752 2434; x_wconf 87' lang='lat' dir='ltr'>contra</span> <span class='ocrx_word' id='word_1_834' title='bbox 1765 2411 1833 2434; x_wconf 90' lang='lat' dir='ltr'>codd.</span> <span class='ocrx_word' id='word_1_835' title='bbox 1845 2415 1897 2440; x_wconf 91' lang='lat' dir='ltr'>post</span> 
     </span>
     <span class='ocr_line' id='line_1_94' title="bbox 1049 2449 1896 2479; baseline 0 -6"><span class='ocrx_word' id='word_1_836' title='bbox 1049 2451 1103 2473; x_wconf 79' lang='lat' dir='ltr'>erat</span> <span class='ocrx_word' id='word_1_837' title='bbox 1119 2449 1226 2473; x_wconf 76' lang='lat' dir='ltr'>christus</span> <span class='ocrx_word' id='word_1_838' title='bbox 1244 2450 1308 2472; x_wconf 85' lang='lat' dir='ltr'>addit</span> <span class='ocrx_word' id='word_1_839' title='bbox 1329 2449 1380 2473; x_wconf 78' lang='lat' dir='ltr'>Vel:</span> <span class='ocrx_word' id='word_1_840' title='bbox 1397 2455 1470 2479; x_wconf 76' lang='lat' dir='ltr'>super</span> <span class='ocrx_word' id='word_1_841' title='bbox 1487 2451 1508 2472; x_wconf 80' lang='lat' dir='ltr'>te</span> <span class='ocrx_word' id='word_1_842' title='bbox 1520 2452 1625 2479; x_wconf 78' lang='lat' dir='ltr'>petram.</span> <span class='ocrx_word' id='word_1_843' title='bbox 1642 2462 1673 2466; x_wconf 97' lang='lat'><strong>—</strong></span> <span class='ocrx_word' id='word_1_844' title='bbox 1689 2450 1764 2472; x_wconf 82' lang='lat' dir='ltr'>Prima</span> <span class='ocrx_word' id='word_1_845' title='bbox 1785 2450 1896 2478; x_wconf 87' lang='lat' dir='ltr'>expositio</span> 
     </span>
     <span class='ocr_line' id='line_1_95' title="bbox 1049 2488 1896 2517; baseline 0.001 -6"><span class='ocrx_word' id='word_1_846' title='bbox 1049 2489 1173 2517; x_wconf 73' lang='lat' dir='ltr'>Augustini</span> <span class='ocrx_word' id='word_1_847' title='bbox 1189 2489 1269 2517; x_wconf 86' lang='lat' dir='ltr'>procul</span> <span class='ocrx_word' id='word_1_848' title='bbox 1286 2488 1358 2511; x_wconf 87' lang='lat' dir='ltr'>dubio</span> <span class='ocrx_word' id='word_1_849' title='bbox 1380 2489 1423 2516; x_wconf 84' lang='lat' dir='ltr'>ipsi</span> <span class='ocrx_word' id='word_1_850' title='bbox 1446 2489 1532 2511; x_wconf 83' lang='lat' dir='ltr'>litterae</span> <span class='ocrx_word' id='word_1_851' title='bbox 1555 2491 1589 2511; x_wconf 87' lang='lat' dir='ltr'>est</span> <span class='ocrx_word' id='word_1_852' title='bbox 1610 2489 1751 2511; x_wconf 81' lang='lat' dir='ltr'>conformior</span> <span class='ocrx_word' id='word_1_853' title='bbox 1768 2492 1790 2511; x_wconf 90' lang='lat' dir='ltr'>et</span> <span class='ocrx_word' id='word_1_854' title='bbox 1807 2495 1866 2512; x_wconf 86' lang='lat' dir='ltr'>nunc</span> <span class='ocrx_word' id='word_1_855' title='bbox 1883 2496 1896 2512; x_wconf 90' lang='lat' dir='ltr'>a</span> 
     </span>
     <span class='ocr_line' id='line_1_96' title="bbox 1050 2528 1896 2557; baseline 0.001 -8"><span class='ocrx_word' id='word_1_856' title='bbox 1050 2528 1106 2550; x_wconf 75' lang='lat' dir='ltr'>viris</span> <span class='ocrx_word' id='word_1_857' title='bbox 1126 2528 1243 2550; x_wconf 88' lang='lat' dir='ltr'>catholicis</span> <span class='ocrx_word' id='word_1_858' title='bbox 1264 2528 1418 2550; x_wconf 87' lang='lat' dir='ltr'>communiter</span> <span class='ocrx_word' id='word_1_859' title='bbox 1443 2530 1522 2550; x_wconf 91' lang='lat' dir='ltr'>contra</span> <span class='ocrx_word' id='word_1_860' title='bbox 1548 2528 1675 2550; x_wconf 88' lang='lat' dir='ltr'>haereticos</span> <span class='ocrx_word' id='word_1_861' title='bbox 1697 2528 1828 2551; x_wconf 78' lang='lat' dir='ltr'>detenditur</span> <span class='ocrx_word' id='word_1_862' title='bbox 1845 2528 1896 2557; x_wconf 79' lang='lat' dir='ltr'>(cfr.</span> 
     </span>
     <span class='ocr_line' id='line_1_97' title="bbox 1049 2565 1630 2596; baseline 0 -7"><span class='ocrx_word' id='word_1_863' title='bbox 1049 2565 1191 2594; x_wconf 88' lang='lat' dir='ltr'>Bellarmin.,</span> <span class='ocrx_word' id='word_1_864' title='bbox 1209 2568 1224 2589; x_wconf 91' lang='grc'>1.</span> <span class='ocrx_word' id='word_1_865' title='bbox 1241 2567 1273 2589; x_wconf 90' lang='lat' dir='ltr'>De</span> <span class='ocrx_word' id='word_1_866' title='bbox 1290 2567 1394 2589; x_wconf 87' lang='lat' dir='ltr'>Romano</span> <span class='ocrx_word' id='word_1_867' title='bbox 1411 2567 1519 2589; x_wconf 87' lang='lat' dir='ltr'>Pontifice</span> <span class='ocrx_word' id='word_1_868' title='bbox 1536 2573 1555 2589; x_wconf 91' lang='grc'>0.</span> <span class='ocrx_word' id='word_1_869' title='bbox 1575 2567 1630 2596; x_wconf 78' lang='grc'><strong>10.).</strong></span> 
     </span>
    </p>

    <p class='ocr_par' dir='ltr' id='par_1_24' title="bbox 1113 2604 1246 2629">
     <span class='ocr_line' id='line_1_98' title="bbox 1113 2604 1246 2629; baseline -0.008 0"><span class='ocrx_word' id='word_1_870' title='bbox 1113 2604 1123 2617; x_wconf 81' lang='lat'>⁵</span> <span class='ocrx_word' id='word_1_871' title='bbox 1140 2607 1207 2629; x_wconf 85' lang='lat' dir='ltr'>Vers.</span> <span class='ocrx_word' id='word_1_872' title='bbox 1224 2607 1246 2628; x_wconf 87' lang='lat'>3.</span> 
     </span>
    </p>

    <p class='ocr_par' dir='ltr' id='par_1_25' title="bbox 1051 2643 1896 2713">
     <span class='ocr_line' id='line_1_99' title="bbox 1112 2643 1896 2674; baseline 0 -7"><span class='ocrx_word' id='word_1_873' title='bbox 1112 2643 1122 2657; x_wconf 77' lang='lat'><strong>⁶</strong></span> <span class='ocrx_word' id='word_1_874' title='bbox 1140 2646 1203 2667; x_wconf 89' lang='lat' dir='ltr'>Vers.</span> <span class='ocrx_word' id='word_1_875' title='bbox 1217 2646 1238 2667; x_wconf 90' lang='lat'>3.</span> <span class='ocrx_word' id='word_1_876' title='bbox 1255 2651 1328 2674; x_wconf 59' lang='lat' dir='ltr'>seqq„</span> <span class='ocrx_word' id='word_1_877' title='bbox 1341 2644 1380 2667; x_wconf 88' lang='lat' dir='ltr'>ubi</span> <span class='ocrx_word' id='word_1_878' title='bbox 1397 2645 1427 2667; x_wconf 88' lang='lat' dir='ltr'>de</span> <span class='ocrx_word' id='word_1_879' title='bbox 1444 2651 1505 2673; x_wconf 86' lang='lat' dir='ltr'>agno</span> <span class='ocrx_word' id='word_1_880' title='bbox 1523 2645 1624 2673; x_wconf 87' lang='lat' dir='ltr'>paschali</span> <span class='ocrx_word' id='word_1_881' title='bbox 1641 2645 1791 2667; x_wconf 88' lang='lat' dir='ltr'>immolando.</span> <span class='ocrx_word' id='word_1_882' title='bbox 1803 2658 1833 2661; x_wconf 97' lang='lat'><strong>—</strong></span> <span class='ocrx_word' id='word_1_883' title='bbox 1847 2645 1896 2668; x_wconf 83' lang='lat' dir='ltr'>lsai.</span> 
     </span>
     <span class='ocr_line' id='line_1_100' title="bbox 1051 2683 1819 2713; baseline -0.001 -6"><span class='ocrx_word' id='word_1_884' title='bbox 1051 2685 1093 2713; x_wconf 70' lang='lat'>46,</span> <span class='ocrx_word' id='word_1_885' title='bbox 1111 2685 1136 2707; x_wconf 77' lang='lat' dir='ltr'>l:</span> <span class='ocrx_word' id='word_1_886' title='bbox 1154 2684 1235 2706; x_wconf 88' lang='lat' dir='ltr'>Emitte</span> <span class='ocrx_word' id='word_1_887' title='bbox 1251 2684 1358 2712; x_wconf 79' lang='lat' dir='ltr'>Agnum,</span> <span class='ocrx_word' id='word_1_888' title='bbox 1375 2684 1483 2712; x_wconf 84' lang='lat' dir='ltr'>Domine,</span> <span class='ocrx_word' id='word_1_889' title='bbox 1501 2683 1669 2706; x_wconf 81' lang='lat' dir='ltr'>dominatorem</span> <span class='ocrx_word' id='word_1_890' title='bbox 1687 2686 1761 2706; x_wconf 87' lang='lat' dir='ltr'>terrae</span> <span class='ocrx_word' id='word_1_891' title='bbox 1777 2686 1819 2706; x_wconf 89' lang='grc'><strong>010.</strong></span> 
     </span>
    </p>

    <p class='ocr_par' dir='ltr' id='par_1_26' title="bbox 1113 2721 1770 2752">
     <span class='ocr_line' id='line_1_101' title="bbox 1113 2721 1770 2752; baseline 0 -7"><span class='ocrx_word' id='word_1_892' title='bbox 1113 2721 1121 2735; x_wconf 92' lang='lat'>⁷</span> <span class='ocrx_word' id='word_1_893' title='bbox 1140 2724 1206 2745; x_wconf 90' lang='lat' dir='ltr'>Vers.</span> <span class='ocrx_word' id='word_1_894' title='bbox 1223 2723 1249 2745; x_wconf 83' lang='lat'>5:</span> <span class='ocrx_word' id='word_1_895' title='bbox 1267 2723 1313 2745; x_wconf 87' lang='lat' dir='ltr'>Erit</span> <span class='ocrx_word' id='word_1_896' title='bbox 1330 2726 1405 2745; x_wconf 85' lang='lat' dir='ltr'>autem</span> <span class='ocrx_word' id='word_1_897' title='bbox 1424 2729 1498 2751; x_wconf 82' lang='lat' dir='ltr'>agnus</span> <span class='ocrx_word' id='word_1_898' title='bbox 1515 2722 1604 2752; x_wconf 89' lang='lat' dir='ltr'>absque</span> <span class='ocrx_word' id='word_1_899' title='bbox 1621 2723 1710 2745; x_wconf 88' lang='lat' dir='ltr'>macula</span> <span class='ocrx_word' id='word_1_900' title='bbox 1727 2726 1770 2745; x_wconf 87' lang='lat' dir='ltr'>etc.</span> 
     </span>
    </p>

    <p class='ocr_par' dir='ltr' id='par_1_27' title="bbox 1114 2760 1655 2790">
     <span class='ocr_line' id='line_1_102' title="bbox 1114 2760 1655 2790; baseline -0.002 -6"><span class='ocrx_word' id='word_1_901' title='bbox 1114 2760 1123 2774; x_wconf 63' lang='grc' dir='ltr'><strong>Β</strong></span> <span class='ocrx_word' id='word_1_902' title='bbox 1140 2763 1206 2784; x_wconf 87' lang='lat' dir='ltr'>Vers.</span> <span class='ocrx_word' id='word_1_903' title='bbox 1222 2762 1244 2784; x_wconf 91' lang='lat'>7.</span> <span class='ocrx_word' id='word_1_904' title='bbox 1262 2762 1306 2785; x_wconf 81' lang='lat' dir='ltr'>Csr.</span> <span class='ocrx_word' id='word_1_905' title='bbox 1326 2768 1396 2790; x_wconf 90' lang='lat' dir='ltr'>supra</span> <span class='ocrx_word' id='word_1_906' title='bbox 1414 2768 1469 2790; x_wconf 87' lang='lat' dir='ltr'>pag.</span> <span class='ocrx_word' id='word_1_907' title='bbox 1486 2762 1545 2790; x_wconf 86' lang='lat'>262,</span> <span class='ocrx_word' id='word_1_908' title='bbox 1562 2764 1615 2784; x_wconf 83' lang='lat' dir='ltr'>nota</span> <span class='ocrx_word' id='word_1_909' title='bbox 1635 2761 1655 2783; x_wconf 70' lang='lat' dir='ltr'>t.</span> 
     </span>
    </p>

    <p class='ocr_par' dir='ltr' id='par_1_28' title="bbox 1051 2800 1895 2870">
     <span class='ocr_line' id='line_1_103' title="bbox 1113 2800 1895 2830; baseline -0.001 -7"><span class='ocrx_word' id='word_1_910' title='bbox 1113 2800 1123 2813; x_wconf 80' lang='lat'>⁹</span> <span class='ocrx_word' id='word_1_911' title='bbox 1139 2801 1213 2824; x_wconf 90' lang='lat' dir='ltr'>Codd.</span> <span class='ocrx_word' id='word_1_912' title='bbox 1225 2801 1332 2823; x_wconf 89' lang='lat' dir='ltr'>omittunt</span> <span class='ocrx_word' id='word_1_913' title='bbox 1347 2800 1404 2830; x_wconf 79' lang='lat' dir='ltr'>quia</span> <span class='ocrx_word' id='word_1_914' title='bbox 1421 2800 1470 2824; x_wconf 82' lang='lat' dir='ltr'>ovis</span> <span class='ocrx_word' id='word_1_915' title='bbox 1482 2800 1576 2829; x_wconf 79' lang='lat' dir='ltr'>tribuit,</span> <span class='ocrx_word' id='word_1_916' title='bbox 1590 2801 1729 2829; x_wconf 85' lang='lat' dir='ltr'>incongrue,</span> <span class='ocrx_word' id='word_1_917' title='bbox 1741 2800 1784 2823; x_wconf 92' lang='lat' dir='ltr'>nisi</span> <span class='ocrx_word' id='word_1_918' title='bbox 1798 2800 1895 2823; x_wconf 90' lang='lat' dir='ltr'>subinde</span> 
     </span>
     <span class='ocr_line' id='line_1_104' title="bbox 1051 2839 1895 2870; baseline -0.001 -7"><span class='ocrx_word' id='word_1_919' title='bbox 1051 2847 1104 2864; x_wconf 87' lang='lat' dir='ltr'>cum</span> <span class='ocrx_word' id='word_1_920' title='bbox 1123 2841 1139 2863; x_wconf 90' lang='lat' dir='ltr'><strong>N</strong></span> <span class='ocrx_word' id='word_1_921' title='bbox 1157 2841 1257 2868; x_wconf 85' lang='lat' dir='ltr'>legatur:</span> <span class='ocrx_word' id='word_1_922' title='bbox 1269 2839 1305 2863; x_wconf 89' lang='lat' dir='ltr'>lac</span> <span class='ocrx_word' id='word_1_923' title='bbox 1317 2839 1341 2862; x_wconf 78' lang='lat' dir='ltr'>in</span> <span class='ocrx_word' id='word_1_924' title='bbox 1350 2841 1443 2869; x_wconf 79' lang='lat' dir='ltr'>potum,</span> <span class='ocrx_word' id='word_1_925' title='bbox 1458 2846 1539 2863; x_wconf 85' lang='lat' dir='ltr'>caro...</span> <span class='ocrx_word' id='word_1_926' title='bbox 1551 2840 1631 2863; x_wconf 80' lang='lat' dir='ltr'>lana...</span> <span class='ocrx_word' id='word_1_927' title='bbox 1646 2839 1716 2870; x_wconf 80' lang='lat' dir='ltr'>pellis</span> <span class='ocrx_word' id='word_1_928' title='bbox 1733 2839 1758 2863; x_wconf 84' lang='lat' dir='ltr'>in</span> <span class='ocrx_word' id='word_1_929' title='bbox 1774 2840 1895 2863; x_wconf 78' lang='lat' dir='ltr'>ornatum.</span> 
     </span>
    </p>

    <p class='ocr_par' dir='ltr' id='par_1_29' title="bbox 1115 2878 1305 2908">
     <span class='ocr_line' id='line_1_105' title="bbox 1115 2878 1305 2908; baseline -0.005 -6"><span class='ocrx_word' id='word_1_930' title='bbox 1115 2878 1134 2892; x_wconf 88' lang='lat'>¹⁰</span> <span class='ocrx_word' id='word_1_931' title='bbox 1151 2880 1225 2908; x_wconf 84' lang='lat' dir='ltr'>Supra</span> <span class='ocrx_word' id='word_1_932' title='bbox 1243 2886 1266 2902; x_wconf 96' lang='lat' dir='ltr'>v.</span> <span class='ocrx_word' id='word_1_933' title='bbox 1283 2879 1305 2901; x_wconf 93' lang='lat'>7.</span> 
     </span>
    </p>
   </div>
  </div>
 </body>
</html>
