2296 3316
9 333 11 347 l

9 372 11 382 1

26 326 120 347 tenebrae.

28 1100 55 1119 De.
68 1100 130 1120 tertio.

742 166 912 196 COMMENT.
935 166 967 194 IN
988 166 1226 195 ECCLESIASTEN
1247 166 1275 195 C.
1298 167 1326 195 ll.

151 251 236 284 esset,
258 250 403 286 quantum
425 245 523 285 differt
543 246 595 275 lux
616 255 636 275 a
657 245 787 275 tenebris.
810 245 842 274 Et
862 245 915 274 ista
929 252 1003 273 com-

6 295 54 329 11111
70 303 102 321 lux
115 303 134 321 et
150 295 257 333 paratio
271 295 343 324 bona
356 297 413 329 est,
428 294 560 331 quoniam
575 293 711 330 sapientia
724 293 878 326 illuminat,
893 294 920 321 et
934 291 1003 320 stul-

149 342 209 371 titia
229 344 360 371 excaecat
374 342 432 370 sive
450 340 622 370 obtenebrat.
644 340 793 377 Propterea
814 339 926 368 subdit:
948 338 1003 368 Sa-

146 389 253 426 pientis
274 388 352 418 oculi
372 389 403 417 in
424 388 518 425 capite
538 388 618 422 eius,
640 387 744 416 scilicet
762 387 796 416 ad
810 386 1002 424 dirigendum;

148 436 256 465 stultus
277 435 309 464 in
330 435 453 464 tenebris
475 434 623 469 ambulat,
645 434 725 471 quasi
746 442 801 462 non
822 433 923 462 habeat
936 441 1003 462 ocu-

149 483 190 512 los
211 483 238 511 in
260 483 357 520 capite.
383 482 462 519 Quod
489 485 583 511 autem
613 481 747 518 sapientia
774 480 927 514 illuminet,
956 480 1002 509 Sa-

148 529 268 567 pientiae
289 532 369 558 sexto
382 530 410 557 ¹:
438 541 451 554 «
466 529 576 566 Diligite
597 528 692 557 lumen
720 527 870 564 sapientiae
891 535 1001 561 omnes,

149 577 197 614 qui
218 577 352 614 praeestis
373 576 484 613 populis
498 587 526 610 »;
554 575 629 604 unde
656 578 683 604 et
711 575 854 608 Christus,
883 574 930 603 Dei
960 582 1003 603 sa-

148 623 266 661 pientia,
288 623 355 652 dicit
376 631 405 652 se
424 623 531 657 lucem;
557 622 664 651 Ioannis
688 625 803 651 octavo:
834 633 847 646 «
862 621 918 658 Ego
939 629 1002 650 suni

148 670 200 699 lux
230 670 326 699 mundi
348 682 375 698 12.
408 670 526 699 Econtra
551 669 667 698 stultitia
688 672 730 698 est
757 669 890 703 tenebra;
921 668 1002 697 Isaiae

148 717 264 755 quinto:
292 729 305 742 τι
321 717 392 752 Vae,
414 717 462 754 qui
484 717 574 746 dicitis
594 717 699 745 bonum
719 716 825 745 malum
847 718 874 744 et
896 715 1002 744 malum

147 765 268 799 bonum,
297 767 430 802 ponentes
463 765 552 793 lucem
581 763 709 793 tenebras
743 766 771 792 et
803 763 932 792 tenebras
961 762 1002 790 lu-

148 820 207 841 cem
222 823 249 846 »;
271 811 345 840 unde
366 811 474 840 Ioannis
495 811 603 848 primo:
631 822 644 836 «
659 811 720 839 Lux
735 811 762 839 in
778 810 900 839 tenebris
914 810 1002 843 lucet,

147 862 175 889 et
194 859 326 888 tenebrae
347 867 407 888 eain
429 867 483 887 non
505 858 778 895 comprehenderunt
792 868 819 891 »ς
843 857 921 891 ideo,
937 857 1003 894 quia

153 906 342 935 «nescierunt
369 913 461 943 neque
488 905 705 939 intellexerunt,
734 904 795 933 ideo
824 904 851 932 in
880 904 1002 932 tenebris

147 953 292 982 ambulant
306 963 332 987 »3
355 953 462 981 loannis
484 953 584 981 tertio:
612 964 626 977 «
640 952 807 981 Dilexerunt
827 951 900 980 enim
916 950 1003 987 magis

148 1001 277 1030 tenebras
296 1008 380 1037 quam
403 1000 493 1029 lucem
508 1012 535 1028 ».

222 1047 311 1085 (Vers.
327 1047 370 1075 lli.
386 1048 430 1075 15.
446 1047 511 1082 16.).
526 1048 562 1075 Et
572 1046 673 1081 didici,
685 1046 763 1084 quod
773 1054 853 1074 unus
868 1049 940 1074 esset
950 1048 1001 1074 etc.

149 1094 284 1132 Tangitur
305 1094 349 1122 hic
371 1094 501 1122 tertium:
524 1093 656 1130 sapientis
676 1093 711 1121 ad
729 1093 846 1122 stultum
862 1092 1003 1130 aequipa-

148 1141 251 1170 rantia
262 1144 290 1169 et
301 1141 332 1169 iu
343 1144 434 1169 morte
445 1143 472 1169 et
479 1143 546 1177 post
556 1143 686 1169 mortem.
702 1140 845 1176 Quantum
859 1139 894 1168 ad
908 1139 1003 1176 aequi-

148 1188 302 1225 parantiam
324 1187 352 1216 in
373 1187 524 1216 moriendo
545 1187 629 1216 dicit:
653 1187 687 1215 Et
709 1186 816 1221 didici,
832 1187 909 1225 quod
924 1195 1003 1214 umis

148 1235 302 1274 utriusque
322 1238 394 1264 esset
414 1235 572 1268 interitus,·
600 1243 696 1269 umis,
719 1234 746 1263 id
767 1237 808 1263 est
836 1234 1002 1268 consimilis,

148 1283 215 1320 quia
235 1290 316 1312 nemo
337 1282 434 1320 effugit
461 1282 559 1311 mortis
587 1282 751 1311 sententiam
780 1284 894 1318 propter
923 1289 1002 1310 suam

148 1330 329 1368 sapientiam;
361 1330 435 1358 unde
463 1329 576 1358 secundi
606 1330 709 1366 Regum
731 1329 838 1358 decimo
859 1328 1002 1366 quart02:

153 1389 167 1403 <t
181 1377 283 1406 Omnes
303 1377 457 1411 morimur,
478 1379 506 1405 et
527 1376 599 1405 sicut
619 1384 724 1414 aquae,
746 1384 818 1413 quae
839 1376 1002 1404 dilabuntur

147 1425 176 1454 in
197 1428 319 1459 terram,
341 1432 412 1462 quae
434 1432 489 1453 non
510 1427 730 1453 revertentur»,
753 1424 829 1452 Sicut
844 1423 947 1452 stultus
961 1423 1003 1452 ni-

148 1471 188 1501 hil
202 1471 308 1506 aufert,
324 1471 363 1500 sic
377 1479 428 1500 nec
443 1471 567 1508 sapiens;
583 1471 629 1500 Iob
644 1471 750 1508 primo:
771 1482 784 1496 «
799 1470 895 1499 Nudus
909 1478 1002 1507 egres-

149 1526 197 1547 sus
218 1526 280 1547 sum
301 1518 335 1547 de
356 1521 438 1547 utero
458 1518 557 1547 matris
574 1526 668 1552 meae,
683 1521 711 1546 et
725 1517 818 1546 nudus
833 1520 959 1546 revertar
975 1529 1001 1545 u.

149 1582 186 1587 —
207 1566 239 1594 Et
260 1568 375 1603 propter
401 1565 473 1594 hanc
500 1565 740 1602 aequiparantiam
765 1565 933 1602 contempsit
960 1573 1002 1594 sa-

148 1613 296 1651 pientiam;
317 1612 379 1642 ideo
399 1612 484 1641 dicit:
508 1613 542 1641 Et
563 1612 629 1641 dixi
642 1613 674 1641 iu
688 1613 774 1641 corde
787 1621 866 1641 meo:
882 1612 910 1641 si
923 1621 1003 1641 unus

148 1663 173 1688 et
192 1659 275 1688 stulti
295 1663 322 1688 et
341 1668 423 1688 meus
445 1668 568 1688 occasus
589 1660 661 1694 erit,
683 1659 755 1698 quid
774 1658 850 1688 milti
866 1659 1002 1697 prodest,

148 1707 226 1746 quod
250 1707 394 1736 maiorem
421 1707 583 1745 sapientiae
607 1707 674 1735 dedi
694 1706 839 1744 operam?
861 1707 940 1743 quasi
962 1707 1003 1735 di-

148 1757 211 1784 cat:
239 1754 309 1783 nihil
337 1757 473 1792 quantum
502 1754 536 1783 ad
563 1757 685 1783 mortem
693 1764 703 1787 ;
725 1754 906 1783 Ecclesiastici
934 1762 1003 1791 qua-

147 1802 318 1840 dragesimo:
353 1813 366 1827 (ι
381 1802 445 1831 Dies
472 1801 620 1835 finitionis,
648 1801 675 1830 id
700 1804 742 1830 est
762 1801 875 1835 mortis,
897 1810 913 1829 a
934 1801 1003 1830 resi-

148 1849 229 1883 dente
240 1861 254 1874 »
270 1851 322 1878 etc.
336 1865 371 1869 —-
384 1849 442 1877 Non
453 1851 561 1877 tantum
573 1847 782 1885 aequiparantia
797 1848 829 1876 iu
842 1851 943 1882 morte,
955 1848 1003 1876 sed

148 1896 231 1925 etiam
249 1899 317 1933 post
336 1899 476 1928 moment,-
498 1895 572 1925 unde
590 1898 618 1924 et
636 1894 744 1924 subdit:
769 1895 949 1933 Locutusque
963 1895 1002 1923 fui

149 1952 215 1972 cum
230 1946 322 1972 mente
336 1951 400 1971 mea
410 1966 418 1977 ,
434 1943 461 1971 id
476 1945 518 1972 est
532 1943 650 1971 interius
664 1942 850 1976 consideravi,
865 1944 892 1971 et
906 1942 1002 1970 anim-

149 1990 279 2024 adverti,
308 1990 386 2028 quod
414 1989 466 2018 hoc
496 1998 609 2028 quoque
639 1993 709 2018 esset
734 1989 870 2023 vanitas,
899 1989 1003 2018 scilicet

148 2038 215 2068 dare
236 2037 386 2075 sapientiae
407 2045 521 2075 operam
542 2037 675 2066 maiorem
696 2045 781 2074 quam
803 2036 922 2070 stultus,
937 2036 1003 2073 quia

149 2094 204 2115 non
218 2088 260 2115 est
274 2085 361 2122 magis
375 2085 409 2113 de
423 2085 483 2122 ipso
496 2084 631 2113 memoria
641 2092 725 2121 quam
739 2083 773 2112 de
785 2083 878 2112 stulto.
892 2099 928 2104 —
941 2083 1003 2111 Ideo

149 2133 233 2162 dicit:
256 2131 321 2161 Non
342 2124 418 2161 enuit
446 2132 503 2160 erit
528 2131 670 2169 sapientis
698 2130 842 2159 memoria
866 2129 1003 2158 similiter

149 2183 184 2209 ut
202 2179 284 2208 stulti
304 2179 336 2207 in
360 2182 556 2217 perpetuum;
578 2181 605 2207 et
626 2178 697 2207 ratio
719 2177 868 2207 subditur:
892 2178 928 2206 Et
953 2176 1002 2215 fu—

150 2231 221 2256 tura
252 2230 383 2263 tempora
414 2225 554 2255 oblivione
585 2228 692 2254 cuncta
720 2225 836 2262 pariter
865 2225 1001 2262 operient.

149 2274 225 2304 Unde
246 2282 333 2311 supra
356 2268 447 2311 primo
460 2273 471 2290 ³
492 2273 598 2302 dictum
619 2276 679 2302 est:
706 2284 720 2298 «
734 2273 792 2301 Non
813 2275 855 2301 est
875 2272 1002 2310 priorum

149 2321 292 2356 memoria,
314 2329 364 2350 nec
384 2321 468 2349 etiam
490 2328 588 2350 eorum
609 2327 681 2357 quae
702 2319 874 2357 postfutura
895 2322 960 2348 sunt
975 2330 1002 2354 »;

150 2368 303 2406 Sapientiae
331 2368 471 2397 secundo:
499 2379 512 2392 «
528 2367 559 2396 Et
578 2366 744 2396 oblivionem
766 2366 882 2404 accipiet
902 2374 1002 2395 nomen

149 2419 277 2446 nostrum
301 2424 352 2453 per
380 2419 505 2452 tempus,
534 2417 562 2444 et
588 2422 671 2444 nemo
698 2414 861 2443 memoriam
890 2413 1004 2442 habebit

150 2472 267 2502 operum
294 2466 455 2493 nostrorum
470 2474 498 2498 »;
527 2463 573 2492 lob
601 2462 708 2491 decimo
728 2462 830 2491 tertio:
857 2473 871 2487 α
886 2461 918 2490 Et
945 2469 1002 2490 me-

215 2657 223 2670 ¹
241 2658 307 2681 Vers.
325 2658 362 2680 23.
374 2670 405 2674 -
417 2658 552 2686 Sequuntur
564 2658 625 2680 ioan.
639 2657 665 2685 8,
684 2657 725 2684 42;
742 2657 791 2679 lsai.
805 2657 832 2684 ὕ,
850 2657 891 2685 2ος
909 2657 968 2679 loan.
982 2657 1002 2684 1,

153 2697 178 2726 5;
194 2698 231 2720 Ps.
249 2698 289 2725 8⁴,
307 2697 333 2724 5,
351 2696 390 2719 uhi
409 2697 430 2719 in
448 2697 546 2725 Vulgata
563 2697 628 2719 deest
644 2695 710 2724 ideo;
727 2697 787 2719 loan.
805 2697 832 2723 3,
851 2697 893 2718 rl9:
916 2696 1003 2718 Dilexe-

151 2739 205 2760 runt
221 2737 326 2759 homines
343 2736 419 2764 magis
435 2739 477 2759 etc.

214 2774 224 2788 ²
241 2776 308 2799 Vers.
326 2775 368 2798 ⁴4:
386 2775 473 2798 Omnes
490 2776 603 2798 morimur
619 2778 642 2798 et
658 2775 724 2804 quasi
742 2781 817 2804 aquae
834 2773 963 2797 dilabimur
982 2775 1003 2796 in

152 2818 237 2838 terram
245 2833 250 2843 ,
262 2821 323 2844 quae
334 2821 381 2837 non
392 2817 541 2837 revertuntur
554 2814 726 2843 (Septuagintm
740 2814 855 2843 Quoniam
867 2816 942 2836 morte
954 2820 1004 2836 mo-

152 2854 240 2877 riemur
257 2858 279 2876 et
296 2856 407 2882 tanquam
424 2859 483 2882 aqua
496 2853 607 2876 delabens
618 2859 690 2881 super
707 2856 805 2880 terram,
823 2859 883 2882 quac
901 2859 948 2875 11011
960 2852 1004 2875 col-

153 2893 293 2922 ligetur).—
306 2894 359 2922 Seq.
376 2893 440 2916 locus
457 2895 491 2915 est
508 2892 548 2915 lob
566 2894 587 2920 ’1,
605 2893 647 2921 21;
667 2893 746 2916 tertius
762 2893 830 2915 Eccli.
849 2891 891 2919 40,
909 2893 929 2913 2.
948 2894 970 2914 et
982 2892 1003 2914 3.

216 2930 225 2944 ¹³
243 2933 309 2955 Vera.
327 2933 365 2955 Μ.
384 2944 416 2948 -
436 2933 569 2960 Sequuntur
588 2932 640 2960 Sap.
658 2933 684 2960 2,
704 2931 723 2954 4.
741 2934 764 2954 et
786 2930 826 2954 lob
843 2931 884 2957 13,
903 2931 944 2952 1121
962 2930 1004 2952 Me-

149 2970 230 2993 moria.
244 2973 288 2993 etc.

250 3017 275 3041 S.
292 3017 382 3041 Bomio.
399 3030 430 3034 —
448 3018 515 3040 Tom.
533 3018 569 3040 Vl.

1872 171 1908 199 25

1060 244 1149 273 moria
1177 247 1270 274 vestra
1294 246 1502 282 comparabitur
1523 247 1624 281 cineri,
1646 250 1672 276 et
1694 247 1854 284 redigentur
1882 249 1909 277 in

1061 290 1153 320 lutum
1174 291 1296 320 cervices
1316 295 1425 321 vestrae
1439 304 1466 321 ».

1140 338 1229 374 (Vers.
1254 339 1298 367 16.
1324 340 1389 376 17.).
1409 340 1455 368 Hic
1470 343 1571 377 quarto
1591 348 1627 369 ex
1642 341 1801 370 huiusmodi
1816 342 1910 379 aequi-

1061 385 1188 422 parantia
1213 386 1323 414 inventa
1353 386 1493 415 concludit
1512 388 1669 416 vanitatem
1691 388 1719 417 in
1741 396 1792 417 suo
1819 389 1910 417 studio

1060 435 1088 461 et
1113 431 1365 469 reprelzemionem
1386 441 1484 468 suam;
1514 434 1587 463 unde
1608 435 1708 472 repetit
1728 436 1911 472 aequiparan-

1063 479 1127 508 tiam
1148 479 1260 508 dicens:
1282 480 1409 508 Moritur
1430 481 1531 509 doctus
1551 481 1686 510 similiter
1705 486 1738 510 ut
1759 483 1910 517 indoctus,

1060 529 1088 556 et
1109 527 1147 555 ita
1168 534 1249 563 pares
1271 530 1344 555 sunt.
1368 543 1404 548 —
1428 528 1459 556 Et
1479 536 1516 556 ex
1538 528 1590 557 boc
1615 529 1772 558 concludit:
1798 529 1911 558 Idcirco

1061 574 1172 602 taeduit
1191 582 1236 602 me
1257 574 1333 602 vitae
1353 583 1450 609 meae,
1472 575 1551 612 quasi
1573 576 1712 604 recusavit
1733 576 1827 605 vivere
1845 584 1912 613 prae

1061 620 1166 655 taedio,
1189 621 1261 649 sicut
1282 621 1327 649 Iol]
1348 621 1497 650 decimo4:
1525 622 1654 651 «Taedet
1674 623 1793 651 animam
1823 631 1911 652 meam

1061 668 1132 696 vitae
1153 675 1230 696 meae
1245 678 1272 695 »ε
1295 670 1409 704 propter
1434 672 1622 706 peecatorum
1649 669 1835 703 oeeasiones;
1862 669 1912 698 Ge—

1060 714 1134 743 nesis
1154 714 1286 751 vigesimo
1308 715 1425 751 septimo
1446 715 1518 744 dixit
1539 715 1677 744 Rebecca:
1713 728 1726 741 «
1741 716 1842 745 Taedet
1869 725 1912 745 me

1060 761 1133 790 vitae
1147 769 1224 790 meae
1239 765 1354 799 propter
1370 762 1440 791 silias
1454 763 1524 791 lieth
1538 774 1565 790 ».
1582 763 1697 799 Propter
1713 762 1843 796 labores‚·
1858 764 1913 792 Nu-

1060 816 1204 838 merorum
1227 809 1359 846 vigesimo
1381 809 1486 846 primo:
1511 822 1524 835 «
1540 810 1661 839 Taedere
1675 810 1765 847 coepit
1777 811 1911 848 populum

1059 855 1167 884 itineris
1177 858 1205 885 et
1219 856 1322 885 laboris
1337 859 1364 885 et
1379 856 1490 885 locutus
1504 860 1545 886 est
1559 860 1657 886 contra
1670 858 1819 887 Dominum
1831 870 1844 884 »
1861 861 1911 887 etc.

1061 904 1175 940 Propter
1198 903 1417 937 to·z'bulatz‘ones;
1437 904 1573 933 secundae
1588 904 1622 933 ad
1636 904 1793 934 Corinthios
1807 906 1911 942 primo:

1065 962 1079 975 α
1094 951 1184 987 Supra
1205 950 1318 979 modum
1345 951 1452 987 gravati
1474 959 1587 985 sumus,
1610 951 1647 980 ita
1668 955 1700 980 ut
1722 952 1844 981 taederet
1864 961 1913 981 nos

1060 998 1142 1027 etiam
1165 998 1299 1027 vivere».
1323 998 1437 1035 Propter
1462 998 1574 1027 futurae
1593 999 1707 1036 gloriae
1727 999 1913 1033 dilationem

1061 1045 1107 1074 Iob
1127 1045 1252 1074 decimo:
1280 1045 1409 1074 «Taedet
1437 1043 1558 1074 anima'ni
1588 1054 1678 1074 meam
1699 1047 1772 1075 vitae
1793 1054 1870 1075 meae
1885 1058 1911 1075 >›.

1061 1094 1177 1130 Propter
1204 1093 1400 1121 imminentem
1423 1093 1606 1121 tentationem
1614 1104 1624 1127 ;
1646 1093 1788 1122 Psalmus:
1816 1105 1829 1119 «
1844 1094 1913 1122 Dor-

1061 1140 1169 1168 mitavit
1190 1140 1281 1168 anima
1301 1147 1363 1168 mea
1384 1148 1450 1176 prae
1472 1139 1576 1173 taedio,
1599 1140 1734 1168 confirma
1748 1151 1761 1165 »
1780 1143 1832 1169 etc.
1849 1140 1913 1169 Pro-

1060 1189 1123 1224 pter
1153 1187 1256 1215 mortis
1288 1187 1466 1215 imminentis
1494 1185 1647 1215 horrorem
1655 1197 1665 1220 ,·
1696 1187 1779 1215 Marci
1807 1187 1913 1216 decimo

1061 1237 1161 1271 quarto
1175 1245 1180 1261 :
1201 1245 1214 1258 «
1229 1233 1324 1270 Coepit
1340 1233 1414 1262 lesus
1428 1241 1529 1270 pavere
1544 1236 1572 1262 et
1586 1233 1696 1262 taedere
1712 1245 1738 1261 ».
1753 1250 1793 1255 —-
1812 1234 1913 1262 Viden-

1061 1284 1130 1315 tem,
1152 1281 1235 1310 mala
1249 1289 1307 1309 esse
1322 1281 1462 1309 rum'versa
1476 1280 1530 1309 sub
1544 1280 1615 1315 sole,
1630 1284 1655 1309 et
1669 1284 1775 1309 cuncta
1797 1281 1912 1309 vanita-

1061 1332 1114 1357 tem
1127 1332 1153 1357 et
1163 1327 1349 1365 afflictionem
1365 1328 1508 1365 spiritu&
1524 1328 1677 1365 Sapientiae
1692 1336 1764 1357 nono
1775 1328 1802 1356 ⁵:
1823 1340 1836 1353 «
1847 1328 1913 1357 Cor-

1061 1384 1129 1413 pus,
1151 1375 1226 1412 quod
1241 1376 1449 1412 corrumpitur,
1465 1378 1598 1413 aggravat
1612 1375 1746 1409 animam,
1762 1378 1789 1404 et
1803 1378 1914 1404 terrena

1060 1423 1224 1451 inhabitatio
1245 1430 1356 1451 sensum
1377 1422 1509 1459 deprimit
1529 1422 1618 1450 multa
1631 1421 1795 1459 cogitantem
1811 1433 1838 1456 »3
1854 1422 1914 1450 ideo

1060 1469 1193 1507 frequens
1210 1469 1354 1498 meditatio
1376 1469 1468 1498 carnis
1489 1472 1531 1498 est
1551 1469 1671 1498 afflictio.

1930 348 1957 367 De
1970 351 2043 372 quarto.

1953 676 1988 694 Sex
2002 676 2058 694 ratio-

1930 704 1963 717 nes
1970 699 2059 718 taediivi-

1930 726 1967 741 tae,

1385 1564 1587 1600 QUAEsriouas.

1142 1660 1158 1687 l.
1174 1652 1325 1695 Quaeritur
1346 1658 1391 1687 hic
1413 1658 1504 1695 primo
1524 1658 1558 1687 de
1573 1658 1625 1686 hoc
1640 1657 1715 1695 quod
1736 1657 1819 1687 dicit:
1837 1658 1914 1694 Quid

1060 1710 1102 1735 est
1122 1705 1222 1740 lzomo,
1244 1709 1277 1734 ut
1298 1706 1380 1743 sequi
1396 1705 1492 1743 possit
1513 1704 1630 1733 Deum?

1140 1752 1272 1782 Couraa:
1292 1754 1314 1780 1.
1332 1752 1512 1781 Ecclesiastici
1528 1752 1660 1789 vigesimo
1681 1751 1804 1780 terti0⁶:
1831 1763 1844 1776 «
1859 1752 1913 1779 Ma-

1059 1808 1113 1837 gna
1134 1800 1222 1837 gloria
1242 1802 1284 1828 est
1305 1800 1383 1836 sequi
1406 1799 1595 1828 Dominum».

1140 1849 1166 1876 2.
1190 1848 1269 1881 Item,
1292 1847 1339 1875 lob
1360 1846 1492 1884 vigesimo
1521 1846 1644 1875 tertio⁷:
1677 1857 1691 1870 «
1706 1845 1826 1882 Vestigia
1853 1845 1912 1874 eius

1061 1898 1174 1924 secutus
1195 1897 1236 1923 est
1258 1902 1306 1931 pes
1327 1901 1406 1922 meus
1420 1905 1447 1921 ».

1140 1941 1318 1978 RespondeO:
1347 1940 1510 1974 dicendum,
1535 1940 1609 1977 quod
1631 1942 1673 1969 est
1693 1940 1771 1976 sequi
1794 1948 1843 1976 per
1865 1948 1912 1968 ae-
1924 1944 2044 1986 3333&ch

1060 1988 1306 2028 quiparantiam;
1327 1991 1354 2017 et
1375 1988 1427 2016 hoc
1448 1987 1516 2016 nulli
1538 1987 1634 2015 datum
1654 1989 1696 2015 est
1710 1989 1914 2027 creaturaeget
2048 1982 2051 1985 '

1060 2036 1127 2073 quia
1147 2039 1256 2064 satanas
1278 2035 1330 2063 hoc
1351 2034 1454 2068 voluit,
1476 2034 1537 2062 ideo
1558 2033 1673 2062 corruit.
1694 2033 1739 2062 Est
1754 2033 1855 2062 iterum
1871 2041 1913 2062 se-

1060 2083 1108 2121 qui
1130 2090 1180 2119 per
1201 2082 1405 2110 subiectionem
1425 2084 1453 2110 et
1474 2081 1673 2115 obedientiam;
1695 2084 1722 2109 et
1737 2081 1789 2110 lioc
1800 2081 1911 2118 quidem

1060 2132 1151 2167 potest
1172 2130 1270 2163 homo,
1298 2128 1346 2157 sed
1373 2137 1428 2157 non
1450 2128 1581 2166 quilibet,
1611 2127 1658 2156 sed
1687 2128 1790 2165 quibus
1817 2128 1912 2156 datum

1060 2180 1102 2206 est
1122 2185 1139 2205 a
1159 2176 1215 2205 Deo
1237 2184 1287 2213 per
1308 2175 1441 2212 gratiam,
1457 2178 1484 2204 et
1499 2183 1583 2212 quem
1598 2175 1656 2212 ipse
1671 2175 1795 2210 trahit&
1811 2178 1838 2204 et
1852 2175 1913 2204 ideo

1060 2224 1155 2253 nullus
1176 2225 1266 2261 potest
1286 2230 1337 2260 per
1358 2230 1388 2252 se
1409 2223 1467 2252 sine
1488 2223 1537 2251 Dei
1558 2223 1673 2252 auxilio.

1140 2271 1169 2300 Il.
1185 2271 1336 2308 Quaeritur
1350 2270 1384 2299 de
1399 2271 1452 2299 hoc
1473 2270 1547 2308 quod
1562 2270 1640 2299 dicit:
1658 2270 1736 2306 Quid
1753 2269 1827 2299 milii
1843 2279 1913 2307 pro-

1060 2320 1137 2354 dest,
1160 2319 1237 2358 quod
1258 2318 1402 2347 maiorem
1422 2318 1584 2355 sapientiae
1606 2326 1725 2355 operam
1747 2317 1836 2346 dedii)

1140 2366 1210 2403 Quia
1221 2365 1375 2395 secundum
1389 2366 1442 2394 hoc
1457 2365 1582 2399 videtur,
1598 2365 1673 2402 quod
1686 2364 1843 2394 dissuadeat
1855 2367 1912 2392 stu-

1060 2414 1142 2448 dere,
1156 2413 1237 2442 cuius
1251 2413 1423 2442 contrarium
1438 2420 1519 2449 saepe
1534 2413 1682 2446 hortatur3
1704 2415 1732 2440 et
1752 2412 1911 2440 Proverbio-

1060 2469 1125 2489 rum
1137 2460 1270 2497 vigesimo
1281 2459 1397 2496 septimo
1409 2459 1435 2487 ⁹:
1453 2472 1466 2484 α
1475 2459 1559 2487 Stude
1570 2459 1727 2495 sapientiae,
1739 2458 1776 2486 lili
1790 2459 1848 2486 mi»
1861 2462 1911 2488 etc.

1123 2654 1133 2667 ⁴
1151 2656 1216 2677 Vei-s.
1236 2656 1256 2677 1.
1277 2667 1308 2671 -
1325 2655 1457 2682 Sequuntur
1474 2654 1530 2675 Gen.
1549 2653 1586 2681 27,
1605 2653 1646 2680 463
1665 2653 1732 2675 Nun».
1750 2653 1787 2680 24,
1807 2652 1828 2674 4.
1845 2655 1867 2674 et
1885 2652 1910 2675 5:

1060 2695 1083 2717 ll.
1101 2694 1153 2717 Cor.
1172 2695 1194 2721 l,
1212 2695 1238 2722 8,
1256 2693 1294 2715 ubi
1313 2696 1365 2720 post
1382 2698 1465 2715 sumus
1484 2692 1505 2713 111
1524 2692 1623 2719 Vulgata
1640 2691 1732 2714 additur
1746 2697 1821 2720 supra
1841 2690 1911 2713 virtu-

1060 2735 1122 2762 tem,-
1139 2733 1179 2756 lob
1198 2733 1239 2761 lo,
1261 2732 1337 2761 13Ps.
1360 2732 1413 2758 ¹18,
1436 2732 1478 2759 283
1496 2731 1563 2753 Marc.
1582 2730 1623 2757 ti,
1642 2731 1679 2752 33.

1123 2771 1133 2784 ⁵
1151 2772 1217 2794 Vers.
1236 2772 1273 2793 115.

1124 2810 1134 2823 ὃ
1151 2812 1216 2833 Vers.
1234 2811 1272 2833 38.
1763 2806 1771 2819 ⁷
1789 2808 1853 2829 vers.
1872 2807 1909 2828 tl.

1124 2849 1134 2862 ²³
1151 2850 1281 2878 Respicitui·
1299 2851 1359 2872 loan.
1376 2849 1401 2876 6,
1420 2848 1462 2870 tt:
1480 2849 1551 2870 Nemo
1570 2850 1644 2875 potest
1656 2847 1735 2869 venire
1752 2847 1781 2869 ad
1799 2852 1849 2872 me,
1867 2846 1908 2868 uisi

1061 2890 1155 2912 Pater...
1174 2889 1267 2911 traxerit
1278 2894 1340 2910 eum.
1357 2887 1402 2910 Ctr.
1415 2888 1525 2915 August,
1544 2887 1644 2908 linai-rat.
1663 2886 1683 2907 in
1698 2886 1732 2907 Ps.
1751 2885 1788 2907 70.
1807 2890 1874 2906 serm.
1888 2884 1908 2904 ¹2⁴

1061 2935 1083 2951 n.
1103 2929 1124 2951 6.
1144 2934 1206 2957 seq„
1223 2927 1262 2950 ubi
1281 2928 1310 2949 de
1327 2927 1413 2954 duplici
1431 2926 1471 2948 Dei
1488 2925 1645 2948 similitudine.

1125 2966 1135 2979 ⁹
1153 2969 1218 2990 Vers.
1237 2968 1273 2990 li.
1291 2967 1337 2989 Csr.
1354 2967 1427 2989 Eccie.
1445 2967 1471 2993 2,
1491 2966 1534 2992 ⁴3;
1553 2965 1579 2994 7,
1599 2966 1635 2987 42.
1654 2963 1798 2990 20;9,116.

1801 3009 1814 3031 4
