2296 3316
78 426 147 445 Prima.

77 2278 147 2297 Tertia.

748 150 917 179 COMMENT.
940 150 971 178 ΙΝ
995 149 1229 179 ECCLESIASTEN
1250 151 1280 183 C„
1300 152 1331 180 X.
1874 155 1909 182 79

166 231 394 269 praeeminentia:
416 231 507 267 primo
528 229 728 266 praemittendo
759 236 818 257 eam
839 226 1011 264 fortitudini

164 279 323 316 potentiae,-
344 277 480 311 secundo,
505 276 665 305 munimini
691 278 884 308 armaturae,-
913 274 1009 308 tertio,

165 325 317 354 altitudini
336 324 506 353 mundanae
524 323 645 361 plot-iae.

243 371 331 407 (Vers.
350 371 393 399 16.
412 371 476 404 17.).
493 369 643 398 Praemittit
658 377 724 406 ergo
739 368 828 405 primo
849 367 1010 405 sapientiam

163 418 334 456 fortitudini
353 425 404 446 suo
425 417 533 445 iudicio.
556 417 700 453 Propterea
723 415 801 444 dicit:
826 416 860 443 Et
879 413 1011 443 dicebam

165 474 231 503 eqo,
261 464 408 493 meliorem
438 471 497 492 esse
528 463 704 500 sapimttianz
734 461 930 499 fortitudine,·
964 460 1011 488 Sa—

166 512 282 550 pientiae
303 512 420 549 sext01:
448 523 461 536 α
476 510 570 539 Melior
591 512 632 539 est
662 509 795 546 sapientia
816 516 900 545 quam
923 507 1011 541 vires,

165 561 193 588 et
219 558 262 587 vir
292 558 416 595 prudens
443 557 541 586 melior
571 565 655 594 quam
683 556 804 585 sortis».
826 555 858 583 Et
885 555 951 591 quia
970 557 1012 583 est

165 605 277 639 melior,
298 605 359 634 ideo
379 613 434 633 non
455 604 569 633 deberet
589 603 707 640 despici;
722 606 749 632 et
768 605 858 631 tamen
873 601 1012 630 nihilomi-

165 660 217 681 nus
238 655 279 681 est
299 651 434 688 despecta.
457 652 605 688 Propterea
625 650 702 679 dicit:
720 649 867 686 Quomodo
881 656 950 685 erpo
963 656 1013 676 sa-

162 698 274 736 pientia
291 698 435 735 pauperis
455 701 616 735 contempta
643 696 702 725 est?
723 695 801 733 quasi
824 703 878 724 non
899 695 1013 723 deberet

164 753 224 775 esse
238 747 407 782 contempta;
423 745 469 774 sed
484 747 598 781 propter
613 745 804 781 paupertatem
820 741 1010 779 vilipenditur3

165 792 238 821 unde
259 792 437 821 Ecclesiastici
459 791 565 820 decimo
586 790 667 820 tertio
694 790 796 819 dicitur
817 789 851 818 de
872 796 1010 826 paupere:

169 851 182 865 «
197 839 317 868 Locutus
337 841 379 868 est
400 841 523 873 sensate,
538 841 565 867 et
585 846 639 866 non
661 839 702 866 est
722 836 956 870 datus-ei·locus;
971 835 1012 864 di-

165 894 212 915 ves
233 885 342 915 locutus
362 888 419 920 est,
440 887 468 914 et
488 892 584 914 omnes
605 886 769 918 tacuerunt,
790 886 817 912 et
840 882 958 912 verbum
980 882 1011 910 il-

165 933 218 962 lius
245 941 335 970 usque
361 933 395 962 ad
422 933 519 962 nubes·
538 931 735 969 perducunt».
765 931 796 959 Et
817 930 926 967 signum
947 937 1011 959 con-

166 983 287 1017 temptus
307 980 456 1017 sapientiae
477 979 620 1008 subditur:
638 979 672 1007 Et
693 977 780 1007 verba
794 977 857 1006 eius
871 986 930 1005 non
943 980 1013 1005 sunt

164 1027 284 1061 audita,-
305 1030 332 1056 et
353 1030 443 1055 tamen
465 1029 530 1055 sunt
543 1026 663 1054 multum
679 1024 830 1058 audienda;
850 1023 1012 1052 Proverbio-

165 1082 228 1103 rum
239 1077 335 1102 octavo
347 1073 373 1101 ²³:
391 1085 404 1098 ι(
415 1073 493 1102 Nunc
506 1081 585 1110 ergo,
600 1072 662 1106 filii,
677 1071 770 1100 audite
785 1079 845 1100 me:
861 1070 948 1104 Beati,
963 1069 1010 1106 qui

163 1121 322 1150 custodiunt
343 1121 401 1149 vias
421 1128 496 1149 meas
510 1132 536 1147 ».
560 1120 591 1148 Et
612 1119 685 1156 quod
707 1119 792 1148 verba
813 1117 943 1155 sapientis
958 1117 1012 1146 sint

163 1166 314 1200 audienda,
336 1166 495 1203 subiungit:
524 1166 616 1195 Verba
636 1165 814 1202 sapientium
842 1164 1012 1192 audiuntur

164 1214 195 1243 in
214 1214 338 1248 silentio,
360 1213 387 1242 id
402 1217 455 1247 est,
470 1213 552 1250 digna
572 1216 638 1242 sunt
658 1212 747 1241 audiri
769 1212 796 1241 in
818 1212 941 1246 silentio;
964 1211 1012 1240 Ec-

164 1260 306 1290 clesiastici
333 1260 473 1297 trigesimo
503 1259 637 1288 secundo:
663 1270 677 1284 «
692 1258 759 1287 Audi
781 1261 890 1293 tacens,
912 1261 939 1286 et
960 1266 1012 1294 pro

164 1307 320 1336 reverentia
340 1306 450 1335 accedet
478 1306 526 1335 tibi
555 1306 627 1335 hona
653 1306 742 1343 gratia
753 1316 780 1340 »;
802 1305 875 1334 unde
897 1308 924 1333 et
945 1304 1011 1333 sub-

163 1354 254 1383 ditur:
281 1365 295 1378 «
309 1354 340 1382 Et
361 1353 436 1390 loqui
458 1353 485 1381 in
507 1353 596 1382 medio
616 1355 809 1390 magnatorum
837 1360 871 1381 ne
896 1359 1011 1389 praesu-

164 1408 222 1429 mas
235 1412 263 1428 ».
286 1400 359 1428 Plus
389 1409 480 1439 quam
501 1400 613 1429 clamor
630 1399 778 1437 principis
798 1399 872 1428 inter
893 1398 1009 1433 stultos,

163 1450 191 1477 et
210 1448 273 1485 plus
293 1447 412 1476 clamosa
431 1447 491 1476 eius
519 1447 622 1482 oratio,
649 1446 730 1484 quia,
752 1449 1011 1483 quantumcumque

165 1494 247 1523 homo
267 1494 378 1528 clamet,
399 1494 502 1523 stultus
525 1502 579 1522 non
607 1493 739 1527 attendit;
768 1492 947 1522 Ecclesiastici
970 1492 1010 1520 vi—

162 1541 266 1578 gesimo
286 1541 408 1570 secundo
418 1541 446 1569 ³:
465 1552 479 1567 a
492 1541 561 1569 Cum
576 1541 729 1569 dormiente
744 1540 868 1577 loquitur
883 1539 930 1577 qui
946 1533 1010 1568 nar-

164 1591 207 1617 rat
221 1588 306 1617 stulto
321 1588 480 1625 sapientiam
491 1611 498 1623 ‚
513 1590 540 1617 et
554 1587 581 1616 in
596 1587 651 1616 fine
666 1587 833 1616 narrationis
846 1586 927 1615 dicit:
943 1586 1011 1623 Quis

1066 230 1107 255 est
1129 228 1173 256 hic
1188 231 1225 256 »‘.>
1247 229 1323 265 Quod
1352 238 1418 266 ergo
1447 231 1579 267 sapientia
1604 231 1639 259 sit
1667 234 1838 268 contempta,
1858 231 1910 260 hoc

1066 277 1107 301 est
1129 277 1242 310 propter
1263 276 1440 305 audientium.
1462 277 1618 311 stultitiam:
1640 278 1700 306 ideo
1722 278 1847 306 Matthaei
1870 286 1912 306 se-

1067 319 1169 356 ptimo:
1192 332 1209 351 ‚«
1224 321 1309 350 Nolite
1331 326 1456 351 sanctum
1477 323 1543 351 dare
1558 324 1672 352 canibus
1686 336 1712 351 ».
1730 324 1761 352 Et
1776 324 1845 352 ratio
1860 325 1912 353 hu-

1048 366 1111 395 ‘ius
1132 367 1257 395 redditur
1285 368 1319 396 ab
1346 370 1473 405 Apostolo
1500 370 1605 406 primae
1633 370 1666 398 ad
1694 370 1850 400 Corinthios
1871 379 1912 400 se-

1068 413 1174 442 cundo:
1201 425 1215 438 «
1230 414 1357 443 Animalis
1379 416 1461 444 homo
1482 424 1535 444 non
1564 417 1680 453 percipit
1700 425 1733 445 ea
1753 425 1823 454 quae
1849 421 1913 446 sunt

1069 460 1184 496 spiritus
1204 460 1251 489 Dei
1267 472 1293 488 ».

1148 507 1236 542 (Vers.
1262 508 1327 543 18.).
1350 508 1449 537 Melior
1473 513 1513 537 est
1543 510 1689 547 sapientia
1719 515 1770 540 etc.
1797 512 1843 541 Hic
1871 519 1913 540 se·
1930 518 2023 537 Secunda-

1069 553 1160 581 cundo
1181 554 1333 590 praemittit
1359 556 1519 592 sapientiam
1541 558 1701 586 munimini
1720 563 1912 592 armatu-rae,

1068 599 1174 628 dicens:
1196 599 1297 628 Melior
1327 604 1367 629 est
1397 602 1542 638 sapientia
1569 612 1659 641 quam
1686 613 1775 633 arma
1796 604 1912 638 bellica,

1068 646 1134 683 quia
1154 646 1252 675 bellica
1271 655 1349 675 arma
1370 651 1435 676 sunt
1457 648 1491 677 ad
1504 650 1715 685 protectionem;
1731 651 1855 680 similiter
1870 659 1914 680 sa-

1068 693 1170 730 pientia
1187 694 1330 731 protam,-
1359 694 1572 724 Proverbiorum
1601 697 1758 726 secundo4:
1793 710 1806 723 «
1820 699 1912 727 Consi—

1069 740 1136 768 lium
1158 740 1294 769 custodiet
1315 744 1357 775 te‚
1379 744 1406 770 et
1427 742 1573 778 prudentia
1594 744 1714 773 servabit
1729 748 1770 779 te,
1787 749 1817 774 ut
1831 753 1913 774 erua-

1068 787 1107 816 ris
1127 796 1144 816 a
1164 788 1208 816 via
1230 788 1301 816 mala
1315 791 1342 817 et
1356 788 1390 817 ab
1406 788 1528 823 homine,
1544 790 1591 826 qui
1606 798 1737 826 perversa
1751 792 1873 828 loquitur
1884 804 1911 820 ».

1069 835 1100 863 Et
1121 835 1197 872 quod
1218 835 1322 864 melius
1341 838 1480 873 protegat,
1502 839 1590 873 patet:
1612 837 1678 874 quia
1696 838 1742 875 qui
1757 839 1857 867 amittit
1871 847 1912 868 sa-

1067 881 1198 918 pientiam
1224 890 1273 919 per
1302 882 1410 919 culpam
1439 891 1494 911 non
1525 887 1614 920 potest
1642 892 1670 913 se
1697 884 1842 914 defendere
1864 893 1913 922 per

1067 931 1255 963 armaturam,
1277 928 1345 965 quin
1366 929 1474 958 amittat
1500 931 1587 959 multa
1615 931 1700 966 bona;
1729 932 1802 961 unde
1828 932 1911 961 dicit:

1070 975 1104 1003 Et
1124 975 1177 1013 qui
1203 975 1234 1003 in
1261 984 1320 1003 uno
1344 976 1523 1012 peccaverit,
1552 977 1703 1006 recedendo
1727 987 1743 1006 a
1768 979 1912 1016 sapientia,

1069 1021 1222 1050 secundum
1244 1022 1318 1058 quod
1339 1022 1443 1051 dictum
1465 1026 1511 1051 est¹
1527 1031 1612 1060 supra
1632 1025 1765 1053 octavo⁵:
1793 1037 1806 1050 «
1820 1026 1858 1054 Ne
1875 1026 1913 1054 fe-

1068 1068 1153 1097 stines
1184 1068 1313 1097 recedere
1340 1077 1357 1097 a
1387 1069 1455 1098 facie
1486 1069 1561 1104 eius,
1584 1078 1674 1107 neque
1702 1079 1864 1108 permaneas
1885 1073 1913 1101 in

1068 1123 1152 1152 opere
1171 1115 1282 1144 malo».
1304 1116 1396 1144 Multa
1418 1116 1492 1144 bona
1511 1117 1609 1154 perdet
1616 1128 1626 1151 ;
1649 1118 1784 1154 peccando
1798 1118 1869 1148 enim
1885 1119 1913 1147 in

1068 1170 1137 1195 uno,
1160 1162 1250 1199 perdit
1281 1162 1456 1199 sapientiam;
1485 1166 1512 1191 et
1532 1163 1606 1191 illam
1632 1164 1796 1199 amittendo,
1824 1165 1914 1202 perdit

1068 1209 1156 1237 multa
1186 1209 1273 1243 bona3
1302 1209 1455 1246 Sapientiae
1483 1210 1614 1247 septimo:
1648 1212 1818 1240 «Venerunt
1845 1212 1913 1240 milii

1068 1256 1160 1285 omnia
1177 1257 1252 1285 bona
1271 1257 1375 1293 pariter
1397 1265 1460 1285 cum
1479 1257 1563 1291 illam:
1585 1261 1611 1286 et
1633 1258 1708 1291 ideo,
1733 1257 1778 1287 illa
1799 1259 1913 1294 perdita,

1068 1303 1226 1340 perduntur
1247 1304 1335 1332 multa
1355 1303 1434 1332 bona.
1458 1303 1522 1332 Vel:
1538 1303 1590 1342 qui
1606 1305 1771 1341 peccauerit
1787 1307 1819 1333 m
1841 1313 1913 1339 uno,

1067 1354 1164 1378 contra
1184 1350 1340 1384 caritatem,
1360 1349 1459 1387 perdet
1480 1350 1573 1378 multa
1594 1350 1686 1385 bona,
1708 1352 1859 1379 secundum
1882 1351 1913 1379 il-

1067 1397 1114 1426 lud
1137 1397 1223 1426 lacobi
1246 1397 1382 1426 secundo:
1410 1409 1423 1422 «
1438 1396 1489 1433 Qui
1511 1396 1538 1425 in
1564 1405 1620 1425 uno
1648 1398 1802 1434 peccaverit
1826 1398 1914 1427 factus

1067 1447 1109 1473 est
1129 1444 1252 1472 omnium
1274 1452 1340 1473 reus
1354 1456 1380 1472 ».
1398 1460 1433 1464 --
1450 1444 1481 1472 Et
1501 1444 1569 1473 illud
1591 1445 1745 1473 manifestat
1759 1453 1808 1482 per
1828 1448 1913 1474 meta-

1066 1492 1200 1528 phoram,
1224 1491 1290 1528 quia
1317 1491 1420 1528 peccati
1447 1491 1565 1528 cognitio
1593 1495 1770 1527 comparatur
1801 1500 1912 1521 muscae

1066 1539 1211 1573 morienti,
1233 1538 1299 1575 quia
1320 1538 1409 1567 reddit
1423 1542 1450 1567 et
1469 1539 1532 1567 facit
1553 1539 1781 1568 abominationem
1803 1540 1913 1568 affectui

1067 1588 1094 1614 et
1115 1585 1306 1615 conscientiae.

931 1696 1092 1724 Carnum».
1114 1696 1144 1723 X.

240 1808 329 1842 (Vers.
355 1807 400 1843 1.).
423 1807 484 1836 Ideo
511 1806 619 1837 subdit:
641 1814 760 1835 muscae
787 1805 956 1839 morientes,
983 1805 1009 1834 id

162 1857 205 1884 est
225 1854 403 1891 cogitationes
430 1856 607 1890 peccatorum
639 1853 690 1890 sibi
722 1852 901 1881 succedentes
928 1855 956 1880 et
976 1851 1010 1880 ad

163 1903 304 1938 peccatum
337 1900 453 1929 mortale
481 1900 658 1933 inclinantes,
677 1900 808 1937 perdunt
833 1899 1010 1927 suavitatem

164 1946 320 1985 unquenti,
342 1946 369 1975 id
389 1949 446 1980 est,
468 1946 588 1983 perdunt
616 1946 790 1980 unctionem,
811 1948 839 1974 et
858 1945 896 1974 ita
922 1945 1010 1973 multa

163 1994 249 2028 bona,
271 1993 336 2030 quia
357 1993 463 2030 primae
484 1993 590 2022 Ioannis
611 1993 767 2022 secundo⁶:
794 2004 807 2017 α
821 1992 917 2021 Unctio
931 1991 1010 2020 docet

165 2049 212 2070 vos
231 2040 265 2069 de
286 2040 414 2069 omnibus
428 2051 455 2067 ι».
471 2039 535 2068 Vel:
550 2040 726 2069 suavitatem
746 2039 905 2077 unquenti,
927 2039 953 2068 id
968 2041 1010 2068 est

163 2087 299 2116 internam
321 2086 493 2115 devotionem
515 2089 542 2114 et
559 2085 701 2114 dulcorem
716 2085 879 2122 sapientiae;
895 2085 1009 2114 Prover—

164 2134 274 2163 biorum
294 2133 425 2171 vigesimo
447 2133 576 2170 septimo:
604 2144 618 2158 ι(
632 2132 776 2170 Unguento
797 2136 824 2161 et
846 2132 930 2160 variis
944 2131 1009 2160 odo-

162 2181 241 2210 ribus
261 2180 413 2209 delectatur
427 2191 455 2208 ».

242 2227 331 2264 (Vers.
356 2228 380 2255 1.
402 2228 451 2263 2).
468 2226 628 2255 Pretiosior
643 2229 683 2254 est
703 2225 857 2262 sapientia.
886 2225 933 2254 Hic
954 2228 1008 2256 ter-

165 2274 202 2303 tio
222 2274 410 2315 praemittitur
431 2273 564 2310 sapientia
588 2272 740 2302 altitudini
759 2272 930 2301 mundanae
948 2272 1009 2310 ylo-

164 2321 243 2355 riae,
274 2321 318 2351 vel
348 2321 431 2350 etiam
461 2320 608 2355 stultitiae,
639 2324 724 2357 quarn
756 2319 831 2348 stulti
865 2314 1008 2356 appetunt:

164 2368 311 2405 Propterea
337 2367 417 2397 dicit:
441 2367 602 2396 Preliosior
622 2370 663 2396 est
690 2366 836 2404 sapientia
854 2374 1009 2404 parvaque

161 2414 275 2452 qim-ia,
296 2415 324 2443 id
342 2418 383 2444 est
404 2423 468 2444 cum
489 2422 576 2452 parva
596 2414 698 2451 gloria,
720 2414 760 2442 ad
778 2416 903 2451 tempus,
926 2413 953 2442 id
967 2416 1008 2442 est

1066 1805 1271 1842 temporaliter;
1293 1805 1403 1839 melior,
1432 1805 1560 1842 inquam,
1582 1805 1723 1839 stultitia,
1745 1806 1826 1834 etiam
1848 1814 1912 1834 cum

1066 1860 1165 1888 magna
1185 1852 1287 1888 gloria;
1309 1860 1395 1888 supra
1409 1854 1509 1889 quarto
1520 1852 1547 1880 ⁷:
1568 1864 1581 1877 «
1595 1852 1689 1881 Melior
1704 1856 1745 1881 est
1760 1860 1829 1889 puer
1844 1861 1912 1889 pau-

1066 1907 1116 1935 per
1137 1901 1164 1929 et
1177 1899 1294 1935 ‘sapiens
1316 1905 1379 1936 rege
1401 1906 1465 1927 sene
1486 1901 1513 1927 et
1534 1899 1619 1927 stulto
1633 1911 1660 1927 ».
1682 1899 1730 1928 Vel
1746 1902 1835 1936 potest
1852 1895 1911 1928 esse

1066 1948 1233 1979 sensus‚-ut
1264 1945 1397 1982 sapientia
1428 1945 1524 1974 melior
1552 1945 1587 1974 sit
1618 1945 1749 1980 stultitia:
1775 1948 1802 1974 et
1830 1946 1912 1974 etiam

1067 2001 1153 2029 parva
1172 1992 1260 2029 gloria
1269 2015 1277 2029 ,f
1297 1992 1337 2021 ad
1358 1996 1483 2029 tempus,
1505 1992 1532 2020 id
1553 1995 1594 2021 est
1616 1992 1643 2020 in
1674 1992 1765 2021 debito
1787 1996 1911 2029 tempo-re

1067 2040 1180 2073 collata,
1202 2039 1300 2068 melior
1326 2042 1368 2068 est
1399 2039 1523 2068 stultitia.
1546 2055 1583 2060 —
1612 2039 1643 2067 Et
1674 2039 1803 2067 subditur
1825 2038 1910 2067 ratio:

1069 2087 1125 2115 Cor
1145 2086 1286 2123 sapientis
1307 2086 1338 2114 in
1359 2086 1479 2114 dextera
1504 2085 1582 2120 eius,
1604 2089 1629 2114 et
1649 2094 1699 2114 cor
1720 2085 1801 2114 stulti
1822 2086 1852 2114 in
1872 2085 1912 2113 si-

1066 2133 1164 2161 nistra
1186 2133 1282 2167 illius,
1305 2141 1354 2169 per
1385 2133 1534 2161 deoeteram
1566 2132 1652 2166 bona,
1682 2140 1730 2169 per
1757 2132 1913 2160 sinistram

1066 2180 1150 2213 mala;
1173 2179 1301 2208 Matthaei
1330 2179 1462 2216 vigesimo
1493 2178 1627 2215 quintoss:
1655 2191 1668 2203 «
1684 2179 1790 2207 Statuet
1811 2186 1876 2207 oves
1896 2186 1913 2206 a

1066 2226 1190 2255 dexteris
1211 2226 1284 2260 suis,
1306 2226 1408 2255 haedos
1429 2229 1522 2254 autem
1544 2234 1559 2253 a
1580 2225 1739 2254 sinistris».
1762 2225 1827 2253 Vult
1847 2233 1912 2262 ergo

1065 2273 1170 2307 dicere,
1193 2273 1266 2310 quod
1288 2273 1426 2310 sapientes
1447 2273 1567 2310 cogitant
1588 2272 1672 2307 bona,
1694 2276 1721 2301 et
1742 2272 1818 2301 stulti
1840 2271 1912 2309 cogi-

1065 2322 1124 2349 tant
1144 2320 1231 2354 mala;
1254 2319 1470 2348 Proverbiorum
1491 2319 1611 2348 decimo:
1639 2331 1652 2344 α
1667 2319 1748 2347 Labia
1762 2319 1826 2347 iusti
1848 2327 1912 2347 con-

1065 2366 1187 2395 siderant
1199 2366 1314 2403 placita,
1328 2374 1360 2395 os
1374 2366 1524 2402 impiorum
1538 2373 1667 2402 perversa
1685 2377 1710 2393 ».
1729 2365 1851 2393 Dextera
1866 2365 1912 2393 dat

1064 2413 1217 2450 intelligere
1245 2414 1316 2442 bona
1336 2416 1464 2447 aeterna,
1485 2413 1609 2441 sinislra
1641 2412 1816 2449 temporalia;
1838 2412 1911 2440 unde

226 2581 234 2595 ¹
252 2583 319 2605 Vers.
337 2583 358 2606 l.
374 2595 405 2599 —
422 2583 475 2613 Seq.
491 2583 555 2606 locus
572 2585 606 2605 est
622 2583 690 2605 Eccli.
708 2583 750 2611 113,
767 2583 805 2605 27.
820 2585 843 2605 et
854 2583 897 2610 -28,
908 2583 931 2606 in
942 2583 1008 2605 cuius

164 2622 209 2644 tine
225 2622 325 2650 Vulgata
341 2622 396 2650 legit
409 2621 547 2652 perducent.

225 2659 235 2672 ²
252 2661 319 2683 Vers.
345 2661 382 2683 32.
398 2672 430 2677 -—
447 2661 555 2689 Sequitur
577 2661 645 2683 Eccli.
667 2661 710 2688 32,
731 2661 754 2683 9.
775 2663 798 2683 et
820 2661 861 2684 43:
885 2661 908 2683 ln
931 2661 1008 2691 medio

164 2702 325 2728 magnatorum
342 2706 389 2722 non
405 2706 553 2729 praesumas,
570 2702 593 2723 et
614 2699 654 2723 ubi
671 2702 723 2723 sunt
744 2706 823 2728 senes,
840 2706 888 2723 non
910 2701 1008 2723 multum

163 2738 271 2768 loquaris.

226 2776 235 2789 ³
253 2778 318 2800 Vers.
343 2778 366 2800 9.
388 2778 486 2805 Vulgata
510 2779 611 2801 enarrat
635 2784 677 2806 pro
702 2779 796 2801 narrat.
821 2790 852 2795 -
876 2779 1008 2807 Sequuntur

164 2816 239 2839 Matth.
256 2817 283 2844 7,
300 2817 322 2839 6.
340 2820 362 2840 et
378 2817 393 2840 ι.
410 2816 462 2840 eor.
479 2818 506 2844 2,
525 2817 560 2839 44.
703 2809 705 2811 ’

225 2853 235 2867 ⁴
253 2856 319 2878 Vers.
336 2856 374 2878 ll.
390 2858 412 2878 et
429 2856 466 2878 42.
482 2868 513 2872 —
530 2856 625 2878 Inferius
641 2858 694 2884 post
707 2857 773 2885 patet
784 2856 835 2879 Vat.
847 2855 1007 2886 omittitquia,

163 2896 186 2916 et
203 2894 286 2917 deinde
302 2900 334 2917 se.

227 2931 237 2945 ⁵
254 2933 320 2956 Vers.
337 2934 358 2956 3.
376 2946 407 2950 —
424 2934 475 2956 Duo
492 2934 536 2956 loci
547 2940 613 2963 seqq.
624 2937 677 2957 sunt
688 2935 743 2962 Sap.
754 2933 777 2961 7,
790 2934 827 2956 Μ.
838 2936 861 2956 et
872 2935 915 2956 lac.
928 2935 953 2961 2,
967 2934 1008 2955 ’1οι

1066 2583 1212 2612 Quicumque
1229 2586 1307 2605 autem
1324 2585 1394 2605 totam
1417 2583 1492 2609 legem
1514 2581 1653 2608 servaverit,
1671 2581 1772 2603 offendat
1793 2584 1870 2603 aulem
1888 2581 1910 2602 in

1065 2629 1124 2651 uno,
1143 2624 1214 2644 sactus
1231 2624 1265 2644 est
1281 2622 1384 2644 omnium
1403 2627 1463 2643 reus.

1127 2659 1138 2673 ⁶
1155 2662 1221 2683 Vers.
1238 2661 1281 2683 27:
1298 2660 1377 2683 Unctio
1395 2660 1444 2682 eius
1461 2660 1528 2682 docet
1544 2662 1587 2682 etc.
1598 2671 1629 2676 —
1640 2659 1748 2687 Sequitur
1760 2659 1827 2681 Prov.
1839 2658 1876 2687 27,
1888 2658 1909 2680 9.

1064 2712 1096 2717 —
1113 2700 1224 2728 Superius
1241 2702 1293 2728 post
1309 2699 1354 2722 sibi
1368 2698 1516 2722 succedentes
1533 2705 1559 2721 ex
1577 2700 1593 2721 E
1609 2698 1771 2727 supplevimus
1787 2699 1808 2721 el
1819 2697 1851 2720 ad
1858 2703 1909 2726 pec-

1065 2740 1145 2763 catum
1162 2738 1263 2761 mortale
1280 2738 1431 2765 inclinantes,
1449 2737 1548 2760 subinde
1564 2737 1725 2760 substituimus
1740 2743 1767 2758 ex
1785 2737 1801 2758 A
1820 2736 1908 2759 unctio-

1065 2784 1118 2801 nem
1135 2784 1178 2806 pro
1196 2776 1357 2805 intentionem,
1376 2779 1397 2799 et
1414 2783 1440 2799 ex
1458 2777 1474 2799 Ε
1491 2776 1651 2804 supplevimus
1667 2777 1689 2799 el
1704 2775 1833 2798 dulcorem.

1127 2815 1136 2829 ⁷
1154 2817 1219 2839 Vers.
1238 2817 1275 2839 ⁴3.

1128 2854 1137 2867 ⁸
1154 2856 1221 2878 Vers.
1232 2856 1271 2878 33.
1282 2856 1324 2878 Pro
1336 2861 1389 2878 oves
1400 2854 1417 2877 C
1425 2855 1466 2877 DE
1475 2861 1558 2884 agnos.
1568 2867 1597 2871 -
1608 2855 1738 2883 Sequuntur
1747 2854 1813 2875 Prov.
1828 2853 1860 2881 ¹0y
1870 2853 1908 2875 32.

1065 2896 1087 2916 et
1105 2894 1131 2921 3,
1150 2894 1191 2921 '163
1208 2893 1272 2916 Cant.
1289 2894 1316 2921 2,
1333 2893 1354 2915 6.
