2296 3316
867 165 1111 194 PROLEGOMENA
1133 165 1160 194 C.
1184 166 1213 195 ll.
1854 167 1924 199 xvii

225 246 246 268 3.
264 244 387 274 Erlanqen
399 245 422 267 in
435 244 545 272 navaria,
558 244 697 267 bibliotheca
710 244 881 272 Universitatis,
894 244 946 267 cod.
959 244 1014 266 268.

161 291 260 315 membr.
279 292 301 315 in
320 291 340 314 4.
358 298 418 315 saec.
436 292 496 314 ΚΝ.
514 292 612 314 ineuntis
630 291 694 321 (olim
707 291 766 314 liber
782 294 875 314 sanciae
892 291 977 314 Mariae
989 291 1013 313 in

161 340 222 362 fonte
239 339 337 368 salutis).
353 339 415 362 Folio
429 340 448 362 1.
461 345 479 361 r.
491 339 514 361 in
526 339 647 367 superiore
663 342 729 367 parte
743 339 910 367 praemittitur:
927 338 1013 368 Incipit

162 387 222 411 bona
236 386 336 417 postilla
353 386 497 417 parisiensis
517 392 591 417 super
608 386 775 410 Ecclesiasten.
801 386 887 410 Beatus
908 386 947 410 vir
969 388 1012 409 ete.

161 434 248 457 Desinit
265 434 303 456 [ο1.
320 440 352 457 r.:
370 433 396 456 in
412 434 540 463 conspectu
556 432 640 457 iudicis
658 434 744 456 cuncta
757 432 883 456 servantis.
901 432 1014 462 Explicit.

159 493 192 501 ·-
209 482 275 510 Sign.
290 482 330 504 litt.
347 481 374 504 B.

223 529 281 552 Cod.
298 531 334 552 est
352 528 466 551 inferioris
481 528 549 556 pretii
566 534 637 557 quam
650 529 705 556 EG,
723 531 800 551 tamen
812 528 951 557 plerumque
962 534 1016 550 con-

159 576 222 600 venit
238 582 293 599 cum
310 576 406 599 eisdem.

224 623 246 646 4.
263 622 376 650 Parisiis,
399 622 537 646 bibliotheca
557 623 693 650 Nationalis,
715 623 768 645 cod.
788 622 874 645 15573.
892 622 958 649 <olim
976 622 1016 644 81.

159 671 309 700 sorbonicus)
329 670 429 693 membr.
445 671 468 693 in
481 670 519 693 sol.
535 676 596 693 saec.
613 670 669 692 Xlll.
687 671 710 693 ln
723 670 798 698 capite
811 670 847 692 [01.
860 670 882 692 2.
896 676 915 692 r.
930 669 1014 697 legitur

159 726 172 742 a
189 719 265 748 prima
277 724 348 741 runnu
359 721 477 741 exaratum
496 717 662 746 grandioribus
673 717 768 740 litteris:
785 715 912 746 Proloyus.
926 716 1015 738 Deinde

160 767 203 790 col.
222 767 247 788 l:
266 765 351 789 Beatus
374 764 471 789 vir-etc.
489 765 576 788 Desinit
594 765 631 787 [ο1.
654 765 692 787 30.
715 771 735 787 r.
755 765 800 787 eol.
822 764 844 786 1.
867 764 890 786 in
906 764 965 786 tine:
989 763 1015 787 in

159 815 286 844 conspectu
311 812 396 837 iudicis
422 814 508 836 cuncta
530 811 654 836 cernentis.
673 812 727 834 Post
750 812 808 834 haec
830 811 913 834 eadem
938 811 1014 840 prima

159 867 244 885 manus
260 861 362 884 addidit:
380 859 485 890 Explicit
502 866 574 890 super
593 858 749 883 Eccteszasten
761 858 894 882 'secandam
910 858 1014 888 fratrem

159 909 252 932 Bonam
269 909 410 936 venturam,
427 909 451 931 et
465 909 522 931 sunt
538 907 672 938 peroptima
688 906 788 936 scripta.
801 919 834 924 —
846 906 910 934 sig-n.
930 906 970 929 litt.
989 907 1014 929 E.

221 957 263 979 Hic
280 956 380 985 optimas
397 955 467 978 habet
488 946 598 978 lectiones
622 957 645 977 et
662 955 770 977 convenit
790 961 844 977 cum
862 957 974 983 sequente
991 954 1013 977 ὅ.

158 1004 308 1033 perantiquo,
325 1010 353 1027 ex
370 1010 417 1033 quo
433 1003 561 1031 exemplari
579 1002 672 1025 videtur
684 1008 735 1025 esse
752 1003 912 1030 transcrIptus.

222 1052 243 1074 5.
260 1050 362 1079 Ibidem,
380 1051 404 1073 in
421 1051 505 1073 eadem
522 1049 676 1077 bibliotheca,
692 1049 744 1072 cod.
764 1049 849 1072 14429.
869 1049 970 1072 membr.
989 1049 1012 1071 in

158 1100 209 1127 [01.,
226 1100 336 1122 exaratus
353 1105 390 1122 an.
416 1098 485 1121 1267.
508 1098 588 1126 incipit
604 1098 641 1120 sol.
661 1098 682 1120 1.
699 1104 718 1120 r.
740 1104 794 1120 cum
817 1097 895 1120 titulo:
912 1096 1013 1120 Postilla

157 1153 230 1177 saper
246 1146 414 1171 Ecclesiasten.
431 1145 518 1169 Desinit
530 1146 560 1168 tol
579 1145 616 1168 49.
627 1152 660 1168 r.:
676 1144 702 1168 in
713 1146 840 1174 conspecta
857 1144 941 1168 iudicis
954 1151 1013 1168 cun-

157 1196 196 1218 cta
212 1192 338 1218 cervwntis.
354 1193 443 1216 Deinde
459 1193 567 1216 additur:
578 1192 698 1216 Iohannes
714 1192 758 1216 hoc
773 1192 840 1222 fecit,
858 1198 927 1222 quem
945 1191 1012 1215 beata

157 1241 226 1271 virqo
244 1240 326 1265 Maria
347 1240 451 1264 adiuvet.
475 1239 582 1270 Eoeplitit
598 1245 671 1270 super
696 1239 855 1263 Ecclesiasten
880 1239 1013 1263 secundum

157 1289 261 1319 fratrem
279 1289 371 1312 Bonam
387 1289 515 1311 venturam
532 1289 553 1311 et
569 1288 627 1311 sunt
634 1287 771 1316 peroptima
786 1286 884 1316 scripta.
900 1299 931 1304 —
948 1287 1011 1315 Sign.

157 1337 198 1359 litt.
215 1337 242 1359 G.

220 1384 262 1407 Hic
279 1385 356 1406 tantae
373 1383 515 1412 antiquitatis
536 1382 608 1405 codex
625 1382 760 1405 auctoritate
777 1384 799 1404 et
820 1382 900 1404 valore
923 1384 1012 1405 ceteros

158 1431 271 1454 antecellit
281 1433 304 1454 et
319 1431 387 1453 etiam
401 1431 548 1459 praecedenti
565 1431 582 1453 Ε
594 1429 624 1453 ab
642 1430 692 1459 ipso
704 1430 842 1458 transcripto
856 1436 922 1452 suam
935 1432 1012 1452 aucto-

157 1479 247 1501 ritatem
265 1478 429 1501 communicat.
448 1477 507 1501 Cum
524 1477 577 1500 cod.
596 1478 612 1500 E
629 1477 676 1500 iarn
692 1479 758 1500 antea
776 1483 789 1500 a
809 1477 913 1506 quodam
931 1480 1011 1500 nostro

159 1525 326 1549 collaboratore
343 1531 397 1548 cum
414 1524 482 1547 editis
498 1525 592 1548 collatus
609 1527 682 1552 esset,
699 1524 810 1548 continuo
827 1525 949 1553 apparuit,
966 1525 1011 1553 pri-

157 1579 222 1596 mum
235 1573 264 1596 ita
276 1574 377 1602 perfecte
388 1579 441 1595 cum
454 1572 584 1602 antiquiore
593 1573 612 1595 G
621 1572 758 1601 convenire,
772 1575 797 1595 ut
808 1573 831 1595 in
843 1574 887 1595 boc
899 1572 937 1595 vix
948 1578 1011 1595 nova

156 1622 223 1645 lectio
240 1621 337 1644 alicuius
355 1621 466 1643 momenti
484 1621 582 1643 inveniri
598 1620 705 1649 potuerit.
722 1620 789 1644 Unde
811 1622 864 1648 post
880 1620 971 1648 prologi
989 1622 1012 1642 et

156 1669 225 1698 primi
245 1675 272 1692 ac
291 1668 388 1691 secundi
404 1668 498 1696 capituli
517 1668 664 1690 collationem
681 1667 747 1689 labor
763 1666 897 1689 conserendi
915 1673 960 1689 non
977 1670 1012 1689 est

156 1716 311 1740 continuatus.
329 1716 373 1738 Pro
391 1715 441 1743 ipso
458 1715 528 1743 igitur
545 1715 568 1737 in
585 1714 667 1737 ceteris
684 1714 778 1742 supplet
794 1713 847 1736 cod.
864 1714 888 1736 E.

219 1764 242 1786 6.
261 1762 360 1786 Tuderti
373 1762 397 1784 in
414 1761 517 1790 Umbria,
533 1761 672 1784 bibliotheca
691 1761 825 1784 Conventus
841 1761 913 1784 sancti
930 1761 1010 1783 Fortu-

156 1810 214 1839 nati,
231 1810 285 1833 cod.
304 1810 325 1832 9.
339 1809 438 1832 membr.
456 1809 479 1831 in
496 1809 533 1832 sol.
545 1809 659 1836 maximo,
676 1815 738 1831 saec.
750 1808 810 1831 XlV.
823 1807 929 1831 Continet
940 1808 1010 1830 etiam

156 1860 242 1881 textum
267 1857 356 1880 Bibliae
372 1863 426 1879 cnm
443 1856 529 1879 Glossis
546 1858 568 1878 et
585 1855 758 1879 commentariis
783 1856 807 1877 in
831 1862 913 1878 omnes
938 1855 1011 1878 libros

156 1905 285 1928 Salomonis
305 1904 354 1927 sine
371 1903 504 1927 nominibus
521 1906 652 1926 auctorum.
677 1903 753 1926 Codex
779 1904 938 1932 pereleganter
955 1904 1011 1926 scri-

156 1954 223 1979 ptus,
241 1951 327 1974 litteras
349 1957 431 1973 omnes
448 1951 545 1974 initiales
560 1949 630 1973 habet
646 1956 703 1973 auro
720 1953 743 1973 et
760 1950 877 1974 coloribus
888 1950 1011 1979 splendide

156 2001 249 2021 ornatas
265 2004 293 2021 ac
310 1998 421 2026 depictas.
441 1997 626 2020 Commentarius
643 1997 715 2020 sancti
738 1998 915 2019 Bonavcnturae
933 1997 1011 2025 incipit

156 2046 194 2069 tol.
211 2046 249 2068 61.
266 2052 285 2068 r.
302 2046 344 2068 col.
363 2046 389 2067 ¹1:
408 2045 494 2068 Beatus
511 2044 549 2068 vir
566 2047 609 2068 etc.
632 2045 719 2067 Desinit
735 2045 771 2067 [01.
791 2045 828 2067 86.
854 2050 892 2067 xa:
915 2044 940 2067 in
957 2050 1009 2067 con-

154 2095 236 2123 specta
253 2092 338 2116 iucltcz‘s
355 2094 441 2116 cuncta
459 2092 583 2116 cernentis.
601 2104 632 2109 -
649 2092 714 2120 Sign.
733 2092 774 2115 litt.
794 2092 821 2115 D.

218 2141 286 2170 Quod
303 2147 373 2169 saepe
390 2140 413 2162 in
430 2140 595 2168 manuscriptis
607 2139 708 2168 antiquis
719 2139 868 2167 observatur,
884 2140 928 2162 hoc
939 2139 1009 2162 etiam

156 2188 185 2210 de
197 2188 241 2210 isto
254 2188 380 2210 dicendum
392 2190 438 2215 est,
450 2193 536 2215 nempe
547 2187 613 2216 qnod
624 2187 690 2209 valor
703 2187 804 2209 internus
816 2193 863 2209 non
875 2191 1010 2214 correspon-

155 2235 194 2258 det
210 2235 361 2263 pulcritudIni
386 2235 473 2258 codicis
498 2237 520 2258 et
537 2235 673 2263 scripturae.
695 2235 725 2257 lta
745 2235 806 2258 enim
833 2237 958 2263 corruptus
975 2238 1010 2257 est

155 2281 280 2304 omissione
297 2281 424 2304 verborum
441 2284 464 2304 et
480 2281 582 2310 paruum
600 2284 686 2310 textus,
703 2284 729 2304 ut
745 2281 863 2304 interdum
879 2287 926 2304 non
944 2287 1009 2310 prae-

155 2328 208 2352 beat
225 2335 328 2352 sensum.

217 2376 240 2398 7.
257 2375 357 2404 Ibidem,
376 2376 396 2398 in
416 2376 497 2399 eadem
516 2375 668 2405 bibliotheca,
686 2377 738 2399 cod.
755 2377 793 2400 68.
811 2377 910 2400 membr.
929 2378 951 2400 in
968 2378 1007 2400 [01.

155 2429 215 2446 saec.
233 2423 291 2446 xiii.
308 2423 418 2446 exeuntis.
436 2423 485 2446 Alia
502 2430 585 2446 manus
601 2429 663 2446 saec.
679 2424 739 2446 XIV.
758 2425 891 2452 praemisit:
910 2424 1010 2448 Postilla

154 2476 227 2500 saper
243 2470 409 2494 Eccleszasten.
431 2470 519 2494 Beatus
540 2470 578 2494 vir
595 2474 638 2493 etc.
656 2471 749 2494 Desinit.
768 2472 804 2494 sol.
829 2473 866 2494 23.
888 2479 907 2495 r.
925 2473 970 2495 col.
987 2474 1008 2495 2.

155 2520 180 2540 ut
198 2517 220 2540 in
244 2517 319 2540 editis.
336 2517 393 2540 Hinc
419 2517 584 2545 grandioribus
601 2518 696 2541 litteris:
721 2518 828 2548 Empticit
847 2519 1008 2543 Ecctesiastes.

156 2565 262 2588 Secunda
279 2571 374 2594 manua,
391 2565 433 2588 sed
445 2565 535 2594 primae
546 2572 632 2589 coaeva
642 2583 648 2593 ,
665 2566 767 2589 addidit:
786 2566 851 2590 Unde
867 2573 969 2592 versus:

250 2674 332 2704 Linea,
350 2676 500 2703 mysterium,
517 2676 636 2704 velamen,
654 2677 714 2699 sama
731 2677 841 2705 pudoris,

282 2715 402 2743 Solamen,
420 2715 483 2738 testis
499 2714 621 2743 lapidatio,
638 2716 710 2744 prolis
726 2717 845 2744 honestas,

282 2754 329 2777 Hec
345 2756 411 2781 sunt,
429 2760 471 2777 cur
488 2760 574 2783 sponso
592 2755 675 2777 tradita
691 2755 759 2783 virgo
777 2756 825 2778 suit.

281 2792 334 2815 Pius
346 2793 466 2822 dominns,
479 2794 518 2822 qui
531 2794 570 2822 pie
581 2794 739 2822 penitentibus
750 2797 790 2817 aut
801 2798 897 2823 peccata
906 2796 1008 2825 dimittit,

281 2832 328 2855 Aut
339 2832 369 2855 ad
382 2833 519 2855 memoriam
531 2833 643 2856 reducere
655 2834 714 2857 facit.
732 2834 781 2857 Deo
794 2835 891 2862 gracias

137 2967 139 2969 q
155 2951 187 2956 —
207 2940 270 2968 Sign.
286 2941 326 2963 litt.
344 2941 368 2964 C.

219 2987 276 3011 Cod.
294 2990 329 3011 est
339 2988 394 3011 satis
410 2988 486 3012 bonus
497 2992 520 3012 et
530 2990 669 3020 plerumque
680 2991 789 3014 convenit
800 2997 854 3014 cum
866 2992 935 3015 codd.
953 2993 969 3015 E
978 2993 1005 3015 G.

250 3034 276 3058 S.
294 3035 385 3058 Bonan.
396 3047 427 3053 —
440 3036 508 3059 Tom.
526 3037 564 3060 Vl.

1484 247 1508 269 ιι.

1277 330 1383 361 Codices
1404 340 1422 361 a
1442 331 1519 362 nobis
1540 341 1594 363 non
1614 333 1717 364 collati.

1136 434 1158 456 8.
1175 433 1294 463 Basileae,
1314 434 1454 458 bibliotheca
1471 435 1588 465 Civitatis,
1605 438 1657 460 cod.
1674 439 1700 461 B.
1717 439 1750 461 ΙΙΙ.
1768 440 1805 462 20.
1825 441 1924 464 membr.

1073 481 1094 503 in
1113 482 1152 504 sol.
1172 482 1297 509 grandiore
1314 488 1373 505 saec.
1392 483 1449 505 Xlll.
1465 484 1576 507 exeuntis.
1593 484 1778 509 Commentarius
1795 487 1874 516 incipit
1886 489 1924 511 sol.

1072 529 1111 551 97.
1129 535 1160 557 r.⁷
1178 529 1214 551 cni
1233 530 1332 558 scriptor
1349 536 1409 553 saec.
1422 531 1482 553 le.
1495 531 1631 559 praemisit:
1642 532 1739 556 Postille
1750 540 1822 564 super
1835 534 1924 559 tibrum

1072 576 1231 600 Ecclesiasten
1246 577 1379 601 secundum
1395 578 1499 607 fratrem
1521 579 1673 603 Witnetmum
1690 580 1718 604 de
1734 581 1821 605 Alcona
1833 583 1924 607 ordinis

1072 623 1256 647 medicatorum
1265 624 1414 654 mayistrum
1423 625 1538 655 tlteoloyie
1547 626 1663 651 Parisius.
1673 628 1785 657 Prologus
1791 632 1825 652 cst
1831 631 1926 653 omnino

1073 672 1181 694 diversus
1199 678 1210 694 a
1229 672 1331 700 genuino
1349 673 1421 695 sancti
1438 673 1629 703 Bonax‘euturae.
1646 675 1688 698 sed
1699 677 1879 700 commentarius
1891 681 1926 701 est

1073 719 1148 748 idem,
1165 719 1294 742 identidem
1317 722 1394 742 tamen
1411 721 1448 743 vel
1466 724 1559 750 anetus,
1577 722 1614 744 rel
1631 722 1767 746 diminutus.
1784 723 1870 747 Desinit
1888 724 1926 748 sol.

1073 766 1126 789 114.
1143 773 1162 789 r.
1181 767 1224 789 col.
1244 767 1272 789 l:
1297 769 1352 790 ante
1377 767 1460 791 oculos
1482 768 1565 798 ayitar
1589 769 1673 793 iudicis
1691 772 1777 794 cancta
1800 772 1926 796 cernentis.

1072 814 1128 836 llinc
1145 814 1263 836 adduntur
1280 815 1387 837 nonnulla
1405 815 1491 845 verba,
1508 822 1609 845 quorum
1627 817 1679 840 [inis
1691 818 1742 840 talis
1753 821 1800 841 est:
1812 819 1926 842 Forsitan

1071 859 1243 889 propitiabitur
1260 860 1332 889 mihi,
1350 867 1424 891 quam
1437 862 1633 892 propitiationem
1655 863 1722 887 nobis
1748 865 1874 889 concedere
1893 865 1925 889 di·

1071 909 1172 937 ynetur,
1190 907 1232 937 qui
1244 907 1298 932 vivit
1310 910 1331 932 et
1342 911 1429 938 reynat
1436 916 1482 940 per
1494 910 1575 934 omnia
1587 911 1668 934 secula
1684 912 1829 936 seculorum.
1842 913 1926 937 Amen.

1071 955 1177 985 Erplicit
1194 962 1254 986 opas
1271 956 1358 986 fratris
1376 957 1500 981 Gnitletmi
1516 958 1543 981 cle
1561 958 1649 982 Alcona
1661 959 1753 983 ordinis
1772 960 1823 989 (alia
1842 967 1925 984 munus

1070 1009 1131 1025 saec.
1149 1003 1210 1026 XlV.
1226 1004 1384 1033 prosequitur)
1397 1004 1505 1034 fratrum
1519 1005 1700 1030 Predioatorum
1713 1007 1817 1031 doctoris
1829 1009 1853 1032 in
1865 1009 1924 1032 theo-

1071 1050 1135 1080 loqia
1152 1051 1270 1075 Pari-sius.

1134 1099 1155 1120 9.
1174 1098 1321 1129 Bnrdiqalae
1346 1100 1369 1122 in
1393 1101 1477 1128 Gallia,
1502 1100 1641 1124 bibliotheca
1667 1101 1785 1130 Civitatis,
1810 1104 1862 1126 cod.
1886 1105 1925 1127 38.

1070 1144 1171 1168 membr.
1196 1146 1219 1168 in
1246 1147 1283 1169 [01.
1308 1153 1369 1169 saec.
1387 1147 1444 1169 xiil.
1461 1148 1571 1171 exeuntis.
1590 1148 1670 1176 incipit
1687 1150 1726 1171 [01.
1744 1150 1765 1172 2.
1783 1156 1816 1172 r.:
1834 1150 1922 1174 Beatus

1070 1193 1132 1216 vir...
1150 1193 1210 1217 Cum
1227 1193 1290 1217 sicut
1307 1194 1357 1217 vult
1374 1193 1456 1218 beatas
1472 1195 1600 1225 Dionysius
1618 1200 1661 1219 ote.
1679 1197 1765 1220 Desinit
1782 1198 1818 1220 sol.
1837 1199 1874 1220 30.
1891 1205 1924 1221 r.:

1070 1240 1095 1263 in
1112 1242 1239 1270 conspecta
1256 1241 1340 1265 iudicis
1364 1243 1450 1265 cuncta
1467 1242 1593 1266 servantis.
1611 1243 1752 1273 Ezpliciwzt
1775 1245 1870 1268 Postitte
1886 1252 1924 1269 su-

1067 1294 1112 1317 per
1130 1287 1289 1311 Ecctesz'ascen
1305 1288 1393 1318 f1·alri.‹›·
1409 1289 1590 1318 Bonarentare,
1609 1290 1636 1313 de
1653 1290 1722 1314 (Iomo
1740 1291 1872 1315 minorum.

1136 1336 1171 1358 10.
1190 1335 1319 1359 Diaconum
1337 1337 1360 1359 in
1377 1337 1525 1366 Burgundia,
1542 1337 1683 1361 bibliotheca
1700 1339 1807 1367 Publica,
1819 1327 1871 1363 cod.
1886 1341 1924 1363 43.

1070 1383 1171 1406 membr.
1188 1384 1212 1406 in
1231 1384 1266 1406 [01.
1284 1390 1343 1407 saec.
1362 1385 1417 1407 Xlll.
1435 1387 1527 1408 exeunt.
1543 1386 1580 1408 vel
1598 1386 1686 1409 ineunt.
1703 1387 1763 1410 xlv.
1781 1387 1861 1416 incipit
1883 1389 1922 1411 sol.

1071 1431 1092 1453 1.
1110 1437 1129 1453 r.
1147 1431 1281 1459 praemissis
1297 1431 1392 1454 verbis:
1409 1432 1488 1462 Super
1505 1432 1677 1463 Eccleszfflten,
1694 1434 1785 1464 absque
1802 1436 1843 1458 alia
1862 1439 1923 1459 nota.

1070 1478 1156 1501 Desinit
1175 1479 1212 1501 [01.
1231 1479 1269 1501 31.
1285 1485 1320 1501 r.:
1338 1478 1363 1502 in
1379 1481 1506 1509 conspecta
1523 1480 1581 1504 iusti
1596 1481 1680 1505 iudicis
1698 1484 1784 1506 cuncta
1801 1483 1921 1507 intuentis.

1135 1525 1172 1548 11.
1189 1525 1296 1555 Lipsiae,
1314 1526 1453 1550 bibliotheca
1471 1528 1564 1550 Paulina
1573 1546 1579 1555 ,
1595 1529 1649 1551 cod.
1662 1529 1715 1552 140.
1727 1529 1828 1553 membr.
1841 1531 1864 1553 in
1876 1531 1921 1559 [01.,

1069 1576 1175 1596 exaratus
1200 1580 1261 1596 anno
1285 1574 1354 1597 1345.
1371 1574 1556 1598 Commentarius
1574 1576 1596 1598 in
1614 1577 1765 1600 Ecclesiasten
1782 1578 1863 1606 incipit
1885 1579 1924 1601 [(11.

1070 1621 1108 1644 67.
1125 1628 1143 1644 r.
1161 1621 1255 1645 verbis:
1273 1622 1361 1646 Beatus
1385 1622 1424 1645 vir
1449 1625 1491 1645 etc.
1514 1623 1582 1647 Sicut
1608 1623 1659 1647 uult
1684 1623 1766 1648 beatus
1786 1625 1922 1657 Dionysius.

1068 1669 1169 1691 Plurima
1186 1669 1303 1692 adduntur
1320 1672 1424 1692 mutuata
1442 1676 1469 1692 ex
1486 1671 1653 1694 commentario
1670 1672 1774 1700 lingonis
1794 1672 1923 1696 Cardinalis

1069 1722 1081 1738 a
1100 1717 1122 1738 S.
1139 1716 1227 1745 Charo,
1252 1717 1387 1744 praesertim
1410 1718 1433 1739 in
1457 1717 1624 1746 posterioribus
1641 1719 1756 1747 capitulis.
1773 1720 1859 1743 Desinit
1882 1721 1920 1743 sol.

1069 1764 1122 1786 108.
1134 1770 1172 1786 r.:
1185 1763 1249 1793 qaod
1260 1765 1325 1787 caret
1337 1764 1464 1788 intentione
1472 1765 1512 1794 pie
1523 1765 1677 1795 humititatis,
1695 1767 1739 1790 aut
1755 1767 1848 1790 ratione
1860 1767 1922 1791 iuste

1068 1811 1225 1839 necessitatis,
1237 1811 1285 1835 sire
1297 1811 1385 1835 bonum
1396 1812 1446 1836 sive
1457 1812 1563 1841 malam,
1581 1813 1646 1843 quod
1661 1813 1753 1843 factam
1770 1815 1816 1843 est,
1830 1815 1922 1845 supple.

1136 1859 1169 1881 1-2.
1187 1858 1300 1887 Lomltui,
1326 1858 1433 1882 Collectio
1458 1860 1536 1888 regia,
1556 1861 1608 1883 cod.
1627 1861 1648 1883 2.
1665 1860 1689 1884 C.
1708 1861 1755 1884 Vll.
1774 1861 1874 1884 membr.
1896 1862 1920 1885 in

1068 1905 1105 1928 sol.
1122 1912 1182 1928 saec.
1200 1905 1257 1928 Xlll.
1274 1905 1460 1929 Commentarius
1478 1907 1501 1929 in
1518 1906 1669 1930 Ecclesiastcn
1686 1908 1767 1935 incipit
1783 1909 1821 1931 sol.
1838 1909 1890 1931 108.
1903 1915 1921 1931 r.

1068 1953 1189 1975 absolute:
1212 1954 1299 1976 Beatus
1322 1953 1359 1976 vir
1377 1956 1419 1976 etc.
1438 1954 1524 1976 Desinit
1542 1954 1579 1977 iol.
1598 1954 1651 1977 130.
1668 1961 1690 1976 v.
1709 1955 1750 1977 col.
1769 1956 1795 1983 2,
1812 1955 1920 1978 additur:

1067 2000 1209 2030 Empta-iant
1226 2000 1322 2023 Postilte
1338 2006 1411 2030 saper
1428 2001 1593 2030 Ecclesiastes,
1614 2002 1681 2024 tacito
1699 2002 1793 2024 nomine
1811 2003 1919 2025 auctoris.

1132 2048 1169 2070 13.
1186 2047 1254 2071 Motis
1271 2048 1295 2070 in
1312 2048 1473 2077 Lotharingia‚
1490 2048 1630 2071 bibliotheca
1647 2048 1761 2077 Civitatis,
1779 2050 1831 2072 cod.
1852 2050 1904 2072 478.

1068 2094 1168 2117 membr.
1186 2095 1209 2117 in
1226 2096 1264 2117 [01.
1281 2094 1384 2122 minore,
1402 2096 1457 2117 olim
1474 2095 1609 2118 Conventus
1626 2096 1708 2119 beatae
1720 2097 1804 2119 Mariae
1815 2096 1922 2120 Coclesii-

1067 2148 1151 2165 nornm
1169 2142 1198 2165 do
1215 2142 1286 2165 Metis.
1304 2142 1478 2165 Commentario
1496 2143 1666 2171 praemittitur:
1684 2143 1784 2167 Postilla
1802 2144 1921 2167 Bonaven-

1067 2192 1133 2217 tura,
1151 2192 1173 2212 ct
1190 2190 1230 2212 nni
1247 2189 1384 2212 subiicitur:
1402 2189 1507 2220 Explicit
1523 2190 1639 2220 expositio
1656 2191 1720 2214 Bone
1739 2193 1835 2215 venture
1846 2198 1919 2221 super

1068 2237 1226 2261 Ecclesiasten
1242 2237 1377 2267 conscripta
1393 2243 1458 2261 anno
1475 2237 1573 2261 Domini
1588 2238 1620 2261 M.
1633 2238 1698 2261 ΙΙΙΙῡ.
1709 2239 1794 2261 XLVI.
1812 2239 1917 2262 secunda

1067 2285 1104 2309 die
1117 2287 1173 2315 post
1190 2285 1290 2308 Pascha.

1132 2334 1139 2355 1
1148 2333 1168 2355 1.
1185 2332 1298 2361 Parisiis,
1316 2332 1455 2355 bibliotheca
1474 2333 1598 2360 Mazarina,
1616 2334 1667 2356 cod.
1691 2334 1756 2356 ¹276.
1780 2334 1879 2357 membr.
1897 2336 1920 2357 in

1067 2381 1104 2404 sol.
1121 2387 1182 2403 saec.
1199 2381 1250 2403 XV.
1267 2380 1375 2403 ineuntis.
1400 2374 1572 2403 Commentario
1598 2381 1664 2403 deest
1688 2382 1812 2409 prologus,
1840 2382 1919 2409 incipit

1067 2429 1129 2451 enim
1147 2435 1160 2451 a
1177 2428 1271 2451 verbis:
1289 2427 1394 2451 Memini.
1411 2427 1472 2451 Huic
1488 2427 1548 2451 libro
1557 2428 1676 2458 premittit
1686 2428 1820 2451 leronimas
1838 2429 1920 2456 prolem

1067 2475 1151 2499 mium.
1168 2475 1255 2498 Desinit
1273 2478 1297 2498 ut
1314 2474 1337 2497 in
1354 2475 1429 2498 editis.
1447 2475 1465 2497 Α
1483 2481 1553 2497 manu
1579 2475 1664 2497 sacculi
1690 2475 1824 2503 posterioris
1841 2476 1918 2498 addita

1067 2527 1121 2546 sunt
1138 2525 1195 2546 haec
1212 2523 1300 2545 verba:
1318 2522 1459 2553 Easspli'ct'tmt
1475 2522 1570 2545 Postille
1586 2522 1674 2552 fratris
1691 2523 1755 2546 Bone
1771 2525 1870 2546 ventare
1881 2529 1919 2546 sa·

1064 2577 1109 2601 per
1126 2570 1291 2594 Ecolesz'asten.
1309 2570 1391 2593 Manus
1407 2570 1485 2592 adhuc
1496 2569 1609 2592 recentior
1626 2569 1715 2592 notavit
1732 2571 1788 2592 haec
1806 2570 1860 2592 alia.
1874 2570 1920 2593 Iste

1068 2617 1126 2641 tiber
1143 2617 1177 2641 est
1193 2617 1308 2647 theotonis
1325 2616 1419 2646 cotteyii
1435 2616 1463 2640 cle
1476 2616 1608 2646 Campania
1619 2623 1650 2640 ecc
1662 2616 1739 2646 lngato
1751 2617 1864 2646 oitaqislrt'
1880 2618 1919 2640 Pe-

1067 2665 1101 2689 tri
1111 2665 1138 2688 de
1151 2664 1291 2692 Par-rochia,
1311 2663 1433 2694 quondam
1449 2663 1562 2693 maaser-2⁴
1576 2664 1794 2693 grammaticorum
1805 2664 1862 2687 dicti
1873 2664 1920 2688 cot-

1068 2711 1138 2741 laqz't':
1152 2710 1227 2739 pretii
1242 2711 1300 2734 XX.
1317 2711 1335 2741 f.

1131 2759 1167 2780 15.
1186 2757 1286 2786 Ibidem,
1306 2757 1445 2780 bibliotheca
1464 2758 1599 2786 Nationalis,
1617 2759 1670 2781 cod.
1693 2758 1746 2781 472.
1772 2757 1870 2780 membr.
1895 2759 1917 2780 in

1067 2806 1105 2828 sol.
1121 2812 1181 2828 saec.
1199 2806 1260 2836 Xiv,
1277 2805 1340 2834 (olim
1353 2805 1529 2828 Carmeliturnm
1541 2805 1722 2834 Parisiensium).
1734 2804 1918 2828 Commentarius

1067 2852 1146 2880 Incipit
1164 2852 1200 2874 rol.
1216 2852 1236 2874 1.
1253 2858 1285 2880 r.⁷
1302 2852 1340 2874 cui
1357 2858 1440 2874 manus
1456 2852 1511 2880 alia,
1529 2852 1570 2874 sed
1593 2852 1683 2879 primae
1700 2857 1786 2873 coaeva
1799 2850 1918 2879 praemisit

1066 2899 1125 2921 hanc
1137 2898 1268 2921 rubricam:
1281 2898 1380 2922 Postilla
1392 2899 1456 2922 Bone
1473 2900 1571 2922 venture
1587 2904 1659 2927 saper
1677 2897 1842 2921 Ecclesiasten.
1855 2898 1916 2919 Haec

1066 2945 1148 2968 eadem
1171 2946 1253 2974 repetit
1271 2946 1293 2968 in
1310 2946 1369 2973 ane,
1394 2952 1464 2975 quem
1482 2946 1565 2974 excipit
1582 2946 1619 2968 [οἰ.
1637 2946 1674 2969 33,
1692 2952 1715 2967 v.
1738 2946 1780 2967 col.
1800 2946 1828 2967 2:
1854 2945 1918 2968 Dum.

1066 2995 1152 3016 attacta
1169 2992 1264 3022 aqimus
1282 2993 1305 3016 in
1324 2994 1449 3023 conspecta
1468 2992 1550 3016 iudicis
1568 2994 1653 3016 cuncta
1670 2992 1794 3015 cernemus.

1788 3039 1819 3061 lll
