2296 3316
0 3027 9 3172 -ss-OEx-„zz-aa
0 2989 9 3029 —2
0 2921 9 2996 <am

2 393 6 404 “
3 290 16 386 2⁴1.ss-

15 863 69 885 ¹rimo,
82 862 104 880 de

0 870 16 954 ἡ
27 885 104 910 pastoris

11 582 15 608 't
24 581 99 602 Divisio.

18 914 57 929 essu
63 909 103 927 tria.

0 1103 14 1226 l

9 1259 11 1331 l

15 1142 68 1161 mitio
74 1142 102 1161 m-

15 1166 78 1185 sei-alis.

15 1189 98 1208 ³rimum.

15 1794 96 1814 mudum.

5 3274 7 3298 A
5 3226 15 3267 a..
4 3208 8 3218 -
0 3172 9 3183 1

744 120 914 150 COMMENT.
936 120 969 150 IN
989 120 1135 150 lOANNEM
1156 121 1184 150 C.
1206 120 1239 150 X.

119 201 238 240 pastoris
258 201 386 239 privatur
406 199 496 229 officio
520 199 569 236 qui
591 206 640 236 per
661 198 769 227 ostium
788 207 846 227 non
868 199 963 236 myre—

116 248 215 283 ditur,
236 251 265 277 et
284 248 337 276 hoc
359 245 559 283 multipliciter.

152 349 210 372 Pars
225 347 325 372 secunda
341 346 434 378 exponit
448 346 579 377 parabolam
595 346 619 370 et
635 344 738 377 applicat
754 346 783 370 ad
801 347 924 371 christum.

117 526 290 564 propositum
311 526 369 555 sibi
387 526 558 564 actaptando
579 525 735 562 θωρίαηαι,
755 525 904 554 ostendens
932 533 962 554 se

115 581 213 603 verum
234 575 373 610 pastorem
393 576 529 610 quantum
550 572 585 600 ad
605 572 652 601 illa
672 572 739 606 tria,
761 580 832 609 quae
853 572 961 608 praedi-

116 623 159 649 cta
179 623 244 649 sunt
265 620 292 648 in
314 620 477 657 proverbio:
500 619 603 655 primo,
631 619 729 656 quoad
750 619 813 647 veri
831 619 962 656 pastoris

116 667 298 705 iuqrcssum;
320 665 454 699 secundo,
476 665 575 703 quoad
594 665 658 693 veri
667 665 799 702 pastoria
814 664 961 703 affectum,

117 714 188 743 ibi1:
211 714 271 751 Eyo
291 721 357 741 sum
377 715 482 749 pastor
503 712 614 745 bonus;
636 712 731 746 tertio,
745 712 844 750 quoad
861 716 962 749 pasto-

116 761 160 789 ris
180 760 341 794 iudicium,
362 759 413 787 ibi:
435 759 529 787 Facta
548 762 619 786 sunt
638 759 778 787 encaenia
799 761 851 787 etc.

194 807 284 835 Primo
306 813 372 842 ergo
391 805 511 834 ostendit
532 812 561 833 se
582 813 681 834 verum
703 807 841 842 pastorem
862 806 962 844 quoad

113 855 282 891 ‹inyressum
303 853 356 881 hoc
376 852 488 881 ordine:
511 852 613 889 primo,
628 852 703 890 quod
717 852 817 881 mittas
837 853 898 881 nisi
907 861 962 890 per

117 902 215 938 ipsum
236 903 309 929 recte
330 899 511 937 ingreditum
533 899 670 934 secundo,
692 899 767 936 quod
784 908 839 936 per
863 900 961 936 ipsum

116 947 289 986 quicumque
310 946 493 984 ingreditur,
524 947 620 975 recte²
651 946 836 984 inqreditum
865 947 961 980 tertio,

116 995 173 1031 ipse
193 1002 248 1022 non
272 997 377 1022 tantum
399 996 440 1022 est
460 993 511 1021 via
532 993 728 1030 ingrediendi,
750 992 797 1021 sed
819 993 901 1021 etiam
917 1001 963 1022 re—

115 1045 155 1070 cte
176 1041 351 1078 tnyreclitur.

193 1088 281 1124 (Vers.
305 1088 352 1122 7.).
382 1086 508 1115 Ostendit
535 1094 602 1123 ergo
632 1086 740 1123 primo,
765 1086 840 1123 quod
861 1086 962 1115 nullus

115 1135 175 1163 uisi
192 1143 246 1172 per
266 1134 364 1171 ipsum
393 1136 467 1162 recte
495 1133 526 1162 in
548 1133 618 1161 ovile
640 1133 825 1170 inficimur,-
847 1136 962 1169 propter

116 1182 189 1219 quod
220 1181 298 1210 dicit:
325 1182 432 1214 Amen,
463 1188 550 1208 amen
577 1180 641 1208 dico
662 1179 759 1208 vobis.-
786 1180 869 1216 Epo-‘³
894 1188 963 1208 sum

116 1229 222 1257 ostium
243 1228 359 1261 ovium;
379 1235 430 1264 ⁶²90
451 1226 613 1260 discretive,
635 1229 663 1255 et
684 1226 778 1254 nullus
793 1226 874 1260 alius,
895 1226 963 1263 quia

115 1283 169 1303 non
191 1277 232 1303 est
253 1275 395 1311 ingressus
416 1273 468 1302 nisi
490 1281 540 1310 per
561 1280 621 1306 me;
644 1272 717 1301 unde
738 1272 819 1301 dicit:

196 1323 239 1350 10.
262 1321 351 1358 (Vers.
366 1321 416 1357 8.).
434 1320 552 1354 Omnes,
567 1322 703 1358 quotquot
717 1322 865 1353 venerunt,
878 1318 963 1356 fures

115 1371 184 1396 sunt
204 1371 230 1396 et
251 1367 393 1401 latrones,
415 1366 481 1403 quia
502 1366 605 1395 scilicet
626 1373 675 1403 per
696 1373 740 1394 me
766 1373 820 1394 non
841 1365 962 1394 intrave-

116 1417 196 1449 runt;
218 1417 245 1443 et
266 1414 351 1443 huius
372 1414 482 1451 signum
503 1413 612 1442 subdit:
629 1413 706 1441 Sed⁴=
724 1420 783 1441 mm
801 1412 963 1441 audierunt

115 1470 161 1490 eos
181 1469 254 1489 oves.
286 1460 360 1489 Istud
391 1460 493 1489 ostium
525 1460 651 1488 clausum
683 1459 735 1488 suit
763 1459 821 1493 diu,
855 1459 902 1488 sed
932 1459 960 1487 in

116 1508 240 1545 passione
261 1511 302 1537 est
324 1510 494 1541 reseratum,
516 1510 547 1535 ut
573 1518 586 1532 «
602 1506 744 1543 plenitudo
775 1506 898 1543 gentium
920 1506 961 1534 in-

117 1557 203 1584 traret
217 1566 243 1583 ».
265 1554 305 1582 De
325 1554 378 1582 hoc
408 1553 478 1582 ostio
505 1553 680 1590 Apocalypsis
705 1553 844 1590 quart0⁵:
871 1564 885 1578 «
900 1553 963 1581 Post

116 1602 183 1630 haec
203 1601 274 1635 vidi3
296 1603 324 1629 et
344 1608 423 1634 ecce,
445 1600 547 1629 ostium
569 1603 697 1637 apertum
720 1600 748 1628 in
763 1599 838 1628 caelo
853 1610 880 1634 »;
896 1607 962 1628 vere

114 1650 258 1685 apertum,
279 1647 361 1684 quia,
382 1647 455 1676 sicut
475 1647 577 1675 dicitur
598 1655 684 1683 supra
705 1649 801 1680 sexto,
822 1657 836 1672 «
850 1646 899 1683 qui
915 1654 959 1675 ve-

117 1695 155 1723 nit
175 1694 210 1723 ad
230 1702 284 1729 me,
305 1702 360 1722 non
381 1694 489 1722 eiiciam
509 1701 574 1722 eum
595 1693 668 1722 foras
682 1705 709 1721 n.

197 1743 240 1770 11.
263 1741 352 1778 (Vers.
376 1741 423 1777 9.).
447 1742 507 1778 Eyo
527 1749 594 1769 sum
623 1740 738 1768 ostium.
761 1740 894 1777 Tangitur
916 1740 962 1768 hic

116 1788 284 1822 secundum,
306 1788 410 1817 scilicet
430 1788 505 1825 quod
525 1788 699 1826 quicumque
718 1796 772 1824 per
792 1787 891 1824 ipsum
917 1787 963 1815 in-

113 1835 259 1873 qreditur,
273 1834 432 1863 salubriter
442 1834 617 1872 ingreditur.
634 1834 781 1871 Propterea
801 1834 880 1862 dicit:
902 1834 963 1871 Eyo

114 1890 182 1910 sum
202 1881 326 1915 ostium,
348 1889 398 1918 per
425 1881 500 1918 quod
528 1881 632 1910 scilicet
653 1881 802 1909 salubriter
823 1880 961 1914 intratur;

115 1931 143 1957 et
163 1929 233 1957 ratio
254 1928 400 1957 subditur:
423 1929 482 1956 Per
501 1937 547 1956 me
573 1928 601 1956 si
627 1928 694 1966 quis
719 1928 882 1962 introierit,
903 1927 962 1955 sal-

118 1974 253 2009 vabitur;
273 1975 307 2004 de
327 1983 383 2012 quo
404 1975 531 2012 ingressu
562 1975 690 2003 Matthaei
712 1974 867 2011 septimoss:
895 1974 962 2002 «ln-

1807 120 1864 149 385

1019 201 1090 228 trate
1111 207 1162 235 per
1176 201 1321 236 angustam
1336 201 1453 235 portam.
1476 199 1563 235 Quam
1585 202 1701 236 angusta
1716 201 1756 228 est
1769 201 1864 236 porta,

1019 248 1046 274 et
1065 249 1142 274 arcta
1161 245 1207 274 via
1227 248 1283 280 est,
1305 253 1377 282 quae
1397 246 1474 274 ducit
1493 246 1528 274 ad
1548 246 1632 274 vitam
1644 248 1671 275 »l
1695 246 1760 283 quia
1786 246 1864 274 Chri-

1018 294 1078 320 stus
1098 291 1150 320 fuit
1171 300 1277 328 pauper
1298 295 1325 321 et
1346 291 1478 320 modicus.
1502 292 1551 320 Per
1572 292 1624 320 hoc
1645 292 1747 320 ostium
1762 300 1865 329 parvu-

1018 337 1076 365 lum
1097 346 1153 366 non
1174 338 1279 366 intrant
1299 338 1397 367 divites
1418 338 1490 375 pleni
1512 338 1628 372 divitiis;
1650 342 1764 375 propter
1789 339 1863 376 quod

990 387 992 391 ⁴
1017 384 1119 412 dicitur
1147 384 1275 413 Matthaei
1303 385 1409 414 decimo
1436 385 1547 414 n0n0⁷:
1573 397 1586 410 α
1602 385 1718 414 Facilius
1739 389 1795 419 est,
1817 394 1863 414 ca-

195 435 220 463 9.
245 433 328 462 Dixit
346 441 414 470 erqo
434 433 476 461 eis
507 435 615 461 iterum
646 433 737 461 Iesus.
760 433 830 461 Haec
850 436 893 461 est
919 441 962 462 se-
990 427 992 439 '¹

117 480 207 509 cunda
238 487 302 516 pars
329 479 459 516 capituli,
480 479 508 507 in
529 487 585 516 qua
614 479 749 507 Dominus
771 479 961 515 proverbium
990 478 991 495 ³

990 520 991 524 ’
1016 523 1103 560 fidem
1129 527 1156 552 et
1177 524 1361 561 baptismatis
1381 524 1623 558 Sacramentum,-
1642 526 1773 562 quoniam
1795 526 1863 555 haec

990 601 991 607 ἵ
1018 573 1059 599 est
1086 571 1169 599 ianua
1194 571 1348 605 virtutum,
1381 574 1407 600 et
1434 572 1501 602 illud
1532 573 1781 601 sacramentorum.
1810 573 1863 609 Qui

1018 430 1121 459 melum
1144 431 1262 459 transire
1284 432 1470 468 perforamen
1491 439 1571 466 acus,
1592 437 1675 469 quam
1690 432 1801 460 divitem
1823 432 1864 461 in-

1018 480 1093 505 trare
1113 476 1141 505 in
1161 485 1280 514 regnum
1302 478 1442 507 caelorum
1464 490 1491 507 ».
1514 479 1656 515 Ingressus
1677 479 1727 508 iste
1752 482 1793 508 est
1814 486 1865 516 per

1019 616 1071 644 hoc
1086 616 1167 645 modo
1185 616 1339 653 ingreditur
1354 618 1518 653 salvabitur3
1536 619 1618 647 Marci
1634 619 1730 647 ultimo
1742 619 1766 647 ²³:
1787 630 1800 644 a
1810 619 1864 655 Qui

1018 662 1165 691 crediderit
1179 667 1207 691 et
1221 663 1376 700 baptizatus
1396 664 1479 693 fuerit
1494 665 1586 693 salvus
1606 665 1659 693 erit
1670 677 1696 692 n.
1722 666 1755 693 Et
1767 665 1863 702 inpre-

1018 709 1115 738 dietur
1135 713 1159 738 et
1179 710 1344 747 eyrcdietur
1370 714 1394 739 et
1412 719 1529 747 pascua
1550 711 1692 740 inveniet:
1720 712 1862 748 iporedie-

1019 760 1078 790 tur,
1094 764 1144 793 per
1164 757 1435 794 contemplationem,
1450 765 1522 794 quae
1540 761 1650 786 revocat
1664 758 1698 786 ad
1719 758 1862 792 interiora;

1017 807 1043 832 et
1062 803 1234 841 egredietur,
1263 812 1312 841 per
1339 804 1490 838 actionem;
1518 805 1703 833 Numerorum
1732 805 1863 842 vigesimo

1018 851 1173 887 septimo²³:
1199 863 1212 877 «ι
1228 851 1371 881 Provideat
1391 852 1526 881 Dominus
1551 852 1624 880 Deus
1645 852 1773 889 spiritum
1801 852 1864 880 uni-

1017 905 1113 926 versae
1134 898 1240 932 carnis,
1263 899 1417 933 hominem,
1438 899 1485 935 qui
1507 899 1593 935 possit
1614 899 1717 927 intrare
1738 902 1765 927 et
1786 899 1864 927 exire

1017 949 1080 974 ante
1102 953 1148 973 eos
1166 957 1192 973 ».
1216 945 1276 979 Vel,
1297 946 1369 974 sicut
1386 946 1501 982 exponit
1523 946 1691 982 Augustinus
1711 946 1746 979 ¹⁰,
1768 946 1864 983 ingre-

1018 991 1115 1019 dietur
1129 991 1162 1019 ad
1183 992 1438 1028 contemplationem
1463 992 1631 1026 Divinitatis,
1653 993 1816 1030 egredietur
1830 992 1863 1021 ad

1017 1040 1160 1074 aspectum
1181 1038 1376 1072 humanitatis,
1397 1042 1421 1066 et
1439 1047 1556 1075 pascua
1579 1039 1715 1073 inueniet,
1743 1039 1808 1075 quia
1836 1039 1863 1067 in

1017 1085 1146 1113 omnibus
1168 1085 1308 1120 reficitur,
1324 1086 1478 1114 intellectus
1499 1086 1526 1113 in
1548 1086 1775 1122 contemplatione
1790 1086 1863 1114 Divi-

1018 1131 1123 1166 nitatis,
1145 1135 1172 1160 et
1191 1139 1289 1160 sensus
1309 1132 1337 1160 in
1362 1133 1590 1169 contemplatione
1611 1133 1804 1167 humanitatis3
1830 1133 1863 1162 de

1018 1177 1121 1214 quibus
1142 1178 1251 1214 pascuis
1273 1178 1421 1207 Ezechielis
1444 1179 1583 1215 trigesimo
1604 1182 1704 1215 quarto
1717 1179 1755 1206 ¹1:
1782 1190 1795 1203 <t
1817 1179 1864 1207 Pa-

1019 1231 1092 1252 scam
1117 1231 1164 1252 eos
1192 1225 1218 1252 in
1244 1224 1384 1253 montibus
1413 1225 1510 1259 Israel,
1532 1225 1558 1253 in
1581 1226 1689 1261 pascuis
1716 1225 1865 1254 uberrimis

1019 1278 1128 1307 pascam
1151 1278 1197 1299 eos
1209 1282 1235 1298 ».

1100 1318 1143 1345 12.
1166 1317 1255 1353 (Vers.
1280 1318 1345 1353 10.).
1374 1318 1439 1345 Fur
1459 1326 1518 1345 uon
1538 1318 1630 1351 venit,
1652 1318 1713 1346 nisi
1732 1322 1765 1346 ut
1785 1317 1865 1354 ficre-

1019 1368 1076 1392 tur.
1092 1364 1226 1401 Tangitur
1242 1364 1286 1392 hic
1308 1364 1433 1397 tertium,
1449 1364 1552 1392 scilicet
1573 1364 1646 1401 quod
1662 1364 1719 1401 ipse
1740 1364 1866 1394 Christus

1018 1415 1050 1439 ut
1077 1420 1165 1439 verus
1192 1414 1295 1447 pascor
1322 1411 1499 1448 inyreditur,
1521 1419 1574 1439 non
1604 1414 1635 1439 ut
1663 1411 1723 1445 fur;
1752 1415 1866 1448 propter

1018 1458 1091 1494 quod
1112 1457 1192 1486 dicit:
1216 1458 1281 1486 Fur
1307 1466 1366 1485 non
1387 1457 1477 1491 venit,
1505 1458 1565 1486 uisi
1585 1461 1617 1486 ut
1643 1456 1773 1494 furetur,
1796 1458 1867 1487 bona

1018 1504 1179 1541 temporalia
1200 1504 1408 1541 extorquendo;
1431 1507 1455 1532 et
1476 1508 1595 1538 mactet,
1617 1504 1741 1533 subditos
1763 1507 1865 1542 tempo‘-

1019 1551 1114 1579 raliter
1135 1551 1295 1588 affligendo;
1317 1554 1342 1579 et
1359 1552 1482 1588 perdat,
1504 1559 1554 1587 per
1575 1551 1678 1579 malum
1704 1552 1865 1588 exemplum

1018 1598 1046 1626 in
1068 1598 1206 1626 infernum
1228 1598 1440 1635 praecipitando.
1464 1599 1524 1635 Epo
1545 1598 1625 1632 veni,
1648 1602 1681 1626 ut
1700 1598 1792 1627 vitam
1813 1597 1864 1627 liu-

1019 1644 1103 1672 beam
1129 1648 1154 1672 et
1179 1644 1381 1673 abundantius
1402 1643 1541 1677 habeant,
1571 1645 1597 1673 id
1625 1648 1666 1673 est
1693 1645 1726 1673 ad
1755 1653 1865 1674 conser-

1018 1691 1134 1719 vandam
1156 1691 1240 1719 vitam
1262 1694 1293 1719 ut
1314 1694 1420 1727 pastor;
1442 1695 1475 1719 ut
1495 1690 1739 1726 babeantvitam,
1762 1692 1865 1720 scilieet

1018 1738 1138 1774 gratiae,
1160 1737 1193 1766 de
1213 1746 1268 1774 qua
1289 1738 1345 1765 vita
1366 1745 1451 1773 supra
1472 1741 1551 1766 sexto
1565 1739 1602 1765 12;
1629 1738 1703 1766 «Hic
1724 1741 1765 1767 est
1785 1739 1863 1775 panis

1017 1784 1052 1813 de
1080 1784 1155 1813 caelo
1183 1783 1366 1817 descendens,
1398 1784 1445 1820 qui
1473 1783 1519 1812 dat
1547 1784 1630 1812 vitam
1660 1784 1810 1818 mundo»;
1839 1788 1863 1812 et

1019 1831 1221 1859 abundantius
1236 1829 1376 1864 babeam,
1398 1830 1501 1859 scilicet
1515 1830 1599 1859 vitam
1620 1831 1737 1867 gloriae,
1758 1831 1791 1859 de
1809 1839 1864 1867 qua

1018 1878 1090 1906 infra
1110 1877 1217 1906 decimo
1237 1877 1353 1913 septimo
1366 1877 1403 1905 1³:
1429 1888 1443 1902 <r
1459 1878 1527 1906 Haec
1548 1881 1590 1906 est
1611 1878 1665 1905 vita
1686 1881 1811 1911 aeterna,
1833 1880 1864 1906 ut

1020 1928 1185 1962 cognoscant
1206 1927 1232 1953 te
1253 1925 1342 1953 solum
1363 1932 1462 1953 verum
1488 1925 1574 1953 Deum
1603 1927 1630 1953 et
1657 1932 1739 1961 quem
1767 1924 1863 1952 misisti

1019 1974 1107 2002 lesum
1129 1972 1269 2000 Christum
1284 1984 1310 1999 ».
1327 1972 1396 2000 Haec
1410 1971 1511 1999 dicitur
1526 1971 1698 2005 abundans,
1720 1971 1784 2008 quia
1799 1971 1864 1999 dici-

119 2163 141 2183 et
157 2160 279 2189 parabolas
296 2160 465 2188 composuerit,
482 2160 543 2183 aliud
566 2160 677 2183 habentes
694 2160 717 2182 in
734 2160 845 2189 medulla,
862 2161 925 2183 aliud
942 2160 964 2183 in

117 2200 238 2228 superficie
263 2199 396 2228 pollicentes
407 2208 428 2221 n.
446 2199 533 2227 1sidor.,
550 2199 670 2221 Prooemia
689 2199 710 2221 in
727 2199 778 2221 libr.
794 2202 840 2221 vet.
863 2201 885 2221 et
909 2199 964 2221 novi

117 2241 219 2267 testam„
244 2239 274 2262 de
298 2238 362 2262 libris
383 2239 524 2266 Salomonis,
549 2245 573 2261 n.
596 2238 641 2261 37:
658 2240 716 2261 Sunt
738 2241 814 2261 antem
838 2238 964 2266 proverbia

117 2277 161 2301 sub
182 2278 261 2301 verbis
285 2279 334 2301 aliis
359 2284 396 2301 res
421 2278 477 2300 alias
502 2278 635 2306 explicantia
660 2279 697 2300 vel
722 2278 886 2306 significantia,
904 2283 964 2306 quae

117 2317 187 2344 aliter,
199 2323 270 2346 quam
282 2317 398 2345 dicuntur,
415 2317 580 2345 intelliguntur,
593 2317 646 2345 plus
657 2317 680 2339 in
697 2316 782 2339 virtute
798 2317 963 2339 sententiarum

117 2362 188 2384 quarn
206 2356 227 2378 in
243 2362 301 2379 sono
317 2356 457 2385 verborum,
475 2362 536 2385 quae
558 2356 638 2378 Graeci
658 2355 796 2385 paroemias
815 2358 900 2378 vocant
917 2355 964 2385 [ed.

117 2395 233 2423 antiquior
250 2395 315 2418 addit
331 2395 458 2424 habentesl.

180 2432 188 2445 ¹
208 2434 273 2456 Vers.
290 2435 331 2462 Μ;
348 2434 403 2457 ibid.
420 2441 444 2457 v.
461 2435 498 2457 22.
516 2437 550 2457 est
566 2441 615 2463 seq.
631 2435 707 2457 locus:
721 2434 795 2458 Facta
811 2436 868 2458 sunt
884 2436 964 2457 autem

117 2472 229 2496 encaenia
246 2476 288 2496 etc.
305 2485 336 2490 —
353 2473 448 2496 lnserius
464 2476 516 2501 post
533 2473 612 2503 quoad
628 2473 664 2496 ed.
683 2473 747 2496 addit
764 2473 820 2496 veri.

179 2510 189 2524 ²
207 2512 248 2535 Ed.
264 2511 402 2541 salubriter,
419 2513 482 2541 quod
500 2513 568 2535 etiarn
586 2512 684 2535 hebetur
701 2513 758 2535 infra
776 2519 797 2535 n.
817 2513 853 2535 ll.

180 2549 190 2563 ³
207 2551 307 2579 Vulgata
328 2550 390 2579 Quia
407 2557 457 2581 eqo.
474 2564 504 2568 —
521 2551 554 2574 De
571 2557 612 2581 eqo
630 2551 751 2574 discretive
768 2552 808 2574 cfr.
826 2557 896 2580 supra
909 2557 962 2580 pag.

118 2589 176 2617 344,
193 2591 246 2612 nota
263 2589 301 2611 45.

179 2627 189 2640 ¹
207 2629 305 2656 Vulgata
326 2629 364 2652 Et.
380 2640 412 2645 —
429 2628 532 2651 Subinde
554 2629 664 2657 allegatur
686 2630 754 2652 Rom.
775 2630 808 2658 11,
825 2629 868 2652 25:
886 2630 964 2652 Donec

118 2667 237 2694 plenitudo
255 2668 359 2695 gentium
376 2667 477 2690 intraret.

179 2705 189 2718 ⁵
206 2707 272 2729 Vers.
292 2707 314 2729 4.
333 2718 364 2723 —
381 2707 490 2735 Sequitur
507 2707 565 2729 ioan.
584 2707 610 2734 6,
628 2707 665 2729 37.
814 2706 824 2719 ⁶
842 2707 907 2730 Vers.
927 2708 964 2730 43.

179 2744 188 2757 ⁷
207 2746 272 2768 Vers.
290 2745 328 2769 24.
347 2745 391 2769 Csr.
409 2752 479 2774 supra
497 2752 550 2774 pag.
569 2746 627 2773 383,
644 2749 695 2768 nota
714 2747 736 2769 2.
754 2749 776 2769 et
794 2746 814 2768 4.

180 2783 190 2796 ¹³
208 2785 272 2807 Vers.
292 2785 327 2807 16.
346 2785 405 2808 Vide
422 2785 458 2808 lV.
476 2786 538 2808 Sent.
558 2785 580 2808 d.
598 2786 635 2808 22.
652 2792 674 2808 a.
691 2786 711 2808 3.
729 2792 752 2814 q.
772 2787 792 2808 l.
809 2788 831 2808 et
848 2787 869 2808 2.

181 2822 191 2836 ⁹
209 2825 274 2846 Vers.
293 2824 330 2846 ⁴6.
347 2826 369 2846 et
387 2824 423 2846 ⁴7.

181 2861 201 2875 ²⁰
218 2862 279 2886 Libr.
297 2863 327 2885 de
349 2863 433 2891 Spiritu
451 2865 473 2885 et
489 2863 565 2885 anima
584 2863 655 2891 (inter
676 2869 747 2891 opera
769 2863 887 2892 August),
905 2869 925 2885 c.
941 2863 963 2885 9.

120 2901 178 2924 Vide
194 2905 249 2924 tom.
267 2902 299 2924 lll.
317 2908 371 2930 pag.
391 2903 430 2931 19,
447 2905 525 2925 notam
544 2903 570 2931 5,
588 2902 628 2924 ubi
648 2902 716 2924 etiarn
739 2902 776 2924 alii
798 2902 890 2924 indicati
913 2904 964 2924 sunt

212 2948 239 2972 S.
256 2949 346 2972 Bonav.
358 2961 389 2966 —
401 2949 469 2971 Tom.
487 2950 525 2972 Vl.

1020 2160 1070 2182 loci.
1094 2172 1123 2175 —-
1145 2159 1194 2186 Ed„
1216 2159 1283 2180 etiam
1309 2158 1411 2180 Gorrano
1436 2157 1617 2184 contradicente,
1642 2158 1694 2184 post
1717 2155 1864 2185 Augustinus

1020 2201 1077 2222 haec
1096 2199 1131 2229 [ex
1149 2199 1253 2226 August,
1271 2198 1293 2219 in
1311 2198 1371 2219 ioan.
1388 2197 1476 2224 Evang.
1493 2198 1520 2218 tr.
1538 2196 1574 2218 45.
1592 2202 1613 2217 n.
1634 2195 1679 2225 15]
1697 2195 1815 2222 adiungit:
1828 2196 1864 2217 Ιη-

1021 2238 1089 2268 qredi
1103 2244 1158 2265 nos,
1177 2236 1271 2267 quando
1288 2235 1387 2259 incertus
1404 2234 1495 2264 aliquid
1512 2235 1659 2264 copitamus‚-
1675 2234 1756 2264 eyredz·
1771 2236 1862 2262 autem,

1022 2276 1116 2307 quando
1134 2276 1239 2299 exterius
1256 2274 1348 2305 aliquid
1363 2280 1501 2303 operamur.
1523 2273 1569 2296 Vel.

1085 2315 1102 2328 ¹¹
1122 2316 1186 2338 Vers.
1206 2316 1240 2337 13.
1258 2320 1306 2343 seq.
1318 2326 1349 2330 —
1360 2314 1464 2341 Gregor.,
1480 2314 1495 2335 1.
1506 2312 1588 2334 Homil.
1604 2312 1624 2334 in
1637 2313 1723 2339 Evang.
1736 2312 1813 2334 homil.
1827 2312 1865 2334 ⁴4.

1021 2363 1043 2378 n.
1061 2356 1087 2377 5:
1104 2354 1253 2384 anredietur
1270 2354 1358 2382 quippe
1375 2352 1403 2375 ad
1421 2352 1502 2379 fidem,
1519 2350 1653 2380 eqredietur
1670 2357 1726 2373 vero
1743 2357 1755 2372 a
1773 2350 1818 2373 fide
1836 2350 1864 2372 ad

1021 2394 1122 2421 speciem
1133 2411 1138 2420 ,
1156 2399 1168 2415 a
1185 2392 1318 2415 credulitate
1335 2391 1363 2413 ad
1381 2390 1608 2417 contemplationem⁷
1623 2395 1717 2418 pascua.
1738 2391 1815 2411 autem
1832 2388 1865 2411 in-

1021 2432 1095 2455 veniet
1114 2433 1136 2454 in
1152 2434 1244 2453 aeterna
1261 2430 1392 2452 resectione.
1409 2429 1454 2452 Csr.
1472 2429 1546 2451 XXX.
1563 2429 1640 2450 Moral.
1657 2434 1676 2450 c.
1696 2427 1730 2449 ⁴4.
1749 2434 1772 2449 n.
1791 2427 1828 2450 49.

1084 2470 1103 2483 ¹²
1121 2471 1187 2493 Vers.
1204 2471 1241 2492 32.
1259 2472 1280 2492 et
1293 2470 1329 2492 33.
1343 2470 1388 2498 (ed.
1400 2468 1483 2491 omittit
1500 2468 1605 2490 ultimum
1622 2467 1701 2495 vers).
1714 2479 1745 2483 —
1756 2467 1864 2494 August,

1021 2512 1043 2533 in
1062 2511 1121 2533 loon.
1138 2511 1225 2537 Evang.
1242 2512 1270 2531 tr.
1295 2509 1330 2531 45.
1348 2515 1370 2530 n.
1388 2508 1432 2529 115:
1453 2507 1550 2529 Videtur
1572 2507 1631 2529 enim
1650 2506 1705 2528 mihi
1724 2506 1819 2533 dixisse,
1839 2507 1865 2528 ut

1020 2550 1094 2573 vitam
1111 2549 1211 2572 habeant
1229 2548 1393 2575 ingredientes,
1412 2548 1433 2569 et
1449 2545 1609 2569 alrzmdaoztius
1627 2545 1728 2568 habeant
1747 2544 1865 2573 egredien-

1021 2593 1083 2612 tes...
1102 2589 1152 2618 Egla
1169 2587 1234 2615 veni.
1251 2588 1279 2609 ut
1294 2586 1367 2609 vitam
1385 2585 1496 2613 habeant,
1517 2586 1560 2607 hoc
1577 2587 1611 2607 est
1634 2585 1717 2612 tidem,
1740 2590 1801 2613 quae
1824 2589 1865 2612 per

1022 2629 1166 2651 dilectionem
1185 2630 1293 2655 operatur
1310 2625 1370 2655 [Gal.
1387 2625 1414 2652 5,
1432 2625 1476 2653 6.),
1495 2630 1536 2652 per
1553 2630 1623 2652 quam
1636 2624 1705 2646 fidem
1723 2623 1744 2645 in
1763 2623 1823 2645 ovile
1834 2623 1865 2645 in-

1022 2667 1165 2695 grediuntur,
1184 2669 1207 2688 ut
1224 2666 1314 2691 vivant,
1332 2664 1385 2693 quia
1403 2664 1476 2685 iustus
1493 2669 1519 2685 ex
1543 2663 1589 2685 fide
1606 2662 1663 2684 vivit
1681 2662 1775 2691 [Hebae.
1792 2663 1819 2688 ⁴2,
1838 2661 1864 2688 4;

1022 2707 1088 2728 Rom.
1102 2706 1121 2732 l,
1137 2704 1196 2733 l7.];
1207 2706 1229 2727 et
1244 2702 1404 2726 abundantius
1415 2701 1527 2729 habeant,
1539 2701 1591 2730 qui,
1607 2701 1779 2729 perseverando
1791 2706 1866 2728 usque

1022 2745 1043 2767 in
1061 2745 1143 2771 finem,
1160 2750 1201 2771 per
1218 2743 1273 2765 illud
1290 2743 1387 2769 ostium,
1405 2742 1428 2763 id
1445 2744 1478 2763 est
1490 2747 1532 2769 per
1549 2741 1618 2763 fldem
1631 2740 1725 2768 Christi5
1743 2739 1866 2767 egrediun-

1022 2787 1069 2811 tur,
1087 2783 1197 2812 quoniam
1215 2782 1264 2804 veri
1282 2782 1360 2804 fideles
1377 2780 1518 2807 moriuntur,
1535 2783 1557 2802 et
1574 2779 1730 2802 abundantius
1748 2778 1865 2801 habebunt

1022 2824 1106 2851 vitam⁷
1123 2822 1237 2844 veniendo
1258 2827 1305 2849 quo
1330 2822 1408 2848 pastor
1425 2820 1461 2841 ille
1479 2819 1614 2847 praecessit,
1632 2818 1671 2841 ubi
1689 2824 1807 2846 nunquam
1825 2817 1865 2839 de-

1022 2862 1075 2884 inde
1090 2861 1216 2883 moriantur
1228 2862 1271 2882 etc.

1085 2899 1104 2912 ¹³
1122 2899 1187 2922 Vers.
1205 2899 1226 2921 3.
1243 2910 1274 2915 —-
1292 2897 1393 2920 Subinde
1410 2897 1521 2924 allegatur
1535 2897 1590 2919 Luc.
1607 2897 1632 2923 6,
1651 2896 1688 2918 38.

1743 2940 1770 2962 49

1881 950 1947 969 Aliter.

1882 1323 1972 1341 Tertium.
