2296 3316
319 173 400 202 xxw
1030 166 1275 197 PROLEGOMENA
1297 167 1324 196 C.
1347 167 1376 195 ll.

319 251 479 275 Correcti0nes
496 250 526 273 ad
542 249 672 278 marginem
689 251 742 272 sunt
760 249 832 271 tactae
849 247 893 270 alia
910 253 982 270 manu
993 246 1098 270 eiusdem
1111 246 1171 269 aevi.

319 311 352 316 —
370 299 433 327 Sign.
451 298 492 321 litt.
509 299 535 320 Α.

385 347 408 368 2.
424 344 565 369 Monasterii
575 344 599 366 in
610 343 718 367 Borussia
726 361 732 372 ,
743 342 883 366 bibliotheca
894 342 1000 370 Paulina,
1012 342 1064 365 cod.
1078 341 1135 369 ⁴35,
1144 341 1174 364 de

321 399 369 422 quo
378 392 447 416 locuti
460 398 542 415 sumus
553 397 624 420 supra
636 397 691 420 pag.
704 391 774 413 xxul
784 396 808 413 n.
819 391 833 413 8
841 407 847 418 ,
859 392 893 413 est
905 389 1004 413 membr.
1016 389 1040 412 in
1053 389 1089 412 sol.
1100 395 1174 417 parvo

321 445 383 463 saec.
392 439 449 462 xul.
457 438 560 461 exeuntis
571 438 608 461 vel
621 437 683 460 xlv.
692 437 799 460 ineuntis.
811 436 947 460 collationes
958 436 1071 464 incipitmt
1082 436 1121 458 sol.
1137 435 1175 458 95.

322 493 341 509 r.
353 486 395 509 col.
409 486 430 508 ‹lz
443 486 471 509 In
486 484 604 515 principio
615 486 669 508 erat
680 483 778 508 verbum
789 486 832 506 etc.
846 483 960 506 Desinunt
971 483 1009 506 tol.
1022 483 1075 505 4-20.
1086 482 1131 505 col.
1148 482 1174 504 2:

322 533 390 557 salus
404 532 500 556 visibilis
512 533 535 555 et
545 531 603 555 visio
619 531 744 555 salutaris.
761 530 866 555 Finitur.
883 532 966 554 Amen.
978 542 1010 546 —
1022 529 1085 558 Sign.
1098 529 1139 551 litt.
1150 528 1175 552 C.

387 580 408 602 3.
426 579 527 607 Romae,
553 577 692 601 bibliotheca
717 577 842 604 Vaticana,
860 576 911 599 cod.
935 576 1005 598 1298.
1030 574 1129 607 membr.
1152 574 1176 597 in

325 627 364 650 sol.
380 626 470 649 minore
487 632 547 649 saec.
565 626 626 648 XIV.
642 624 750 648 ineuntis.
767 624 904 648 Collationes
924 623 947 646 in
964 622 1115 651 Evangelium
1128 628 1177 644 san-

324 674 353 696 cti
371 673 461 697 loannis
478 675 607 702 sequuntur
619 672 785 700 expositionem
798 671 870 694 sancti
882 671 1058 693 Bonaventurae
1070 669 1093 692 in
1105 670 1177 691 Evan-

324 721 411 750 gelium
434 720 506 744 sancti
523 721 607 743 Lucae.
624 719 752 748 Incipiunt:
770 719 797 741 1η
810 717 930 748 principio
947 718 999 740 erat
1017 716 1114 740 verbum
1130 719 1175 739 etc.

324 768 449 791 Desinunt:
467 767 534 791 salus
551 766 676 790 invisibilis
687 768 709 790 et
720 765 779 789 visio
791 764 922 794 salutaris,
934 767 959 787 ut
970 764 993 787 in
1005 764 1099 787 duobus
1111 770 1177 792 pra:-

324 815 460 839 cedentibus
477 814 605 838 codicibus.
621 827 653 831 —
669 814 734 842 Siga.
751 813 790 836 litt.
808 813 834 835 B.

387 863 474 886 Codice
490 862 523 890 A,
540 861 570 884 ab
587 861 638 889 ipso
655 861 680 883 Ρ.
696 860 773 883 Fidele
789 860 916 888 exscripto,
934 860 968 882 usi
981 865 1063 882 sumus
1075 865 1118 887 pro
1130 860 1178 882 sun-

325 911 435 934 dameato
452 912 544 932 nostrae
560 908 675 932 editionis.
692 908 743 936 lpse
754 909 788 930 est
799 907 853 929 satis
865 909 991 933 correctus,
1001 906 1045 928 nisi
1055 906 1119 935 quod
1131 912 1178 928 non

325 965 378 982 raro
400 957 489 981 laborat
506 957 572 980 solito
590 950 697 979 cddicum
716 955 772 978 vitio
788 954 910 977 omittendi
930 960 957 977 ea
974 960 1034 983 quae
1056 954 1079 976 in
1101 954 1179 977 medio

325 1005 454 1029 eorundem
471 1004 640 1027 vocabulorum
658 1002 779 1025 habentur.
791 1002 838 1024 Hae
850 1002 946 1024 lacunae
956 1001 1061 1029 suppleri
1072 1003 1180 1029 poterant

326 1055 426 1082 utroque
442 1051 523 1074 codice
540 1051 557 1073 B
569 1050 598 1079 C,
616 1049 753 1079 praesertim
770 1055 827 1072 vero
844 1049 897 1072 cod.
913 1049 938 1071 B.
956 1048 1012 1072 Cod.
1035 1047 1052 1071 C
1077 1048 1108 1071 ab
1131 1048 1180 1070 aliis

325 1100 413 1123 recedit
430 1100 452 1121 in
469 1105 510 1127 eo,
527 1098 593 1127 quod
610 1097 682 1120 dubie
693 1097 729 1119 vel
739 1096 841 1132 breviter
853 1096 913 1119 dicta
925 1096 974 1119 aliis
985 1095 1064 1118 verbis
1081 1096 1139 1118 solet
1151 1095 1180 1117 in-

326 1146 460 1176 terpretari,
478 1145 519 1169 sed
537 1147 626 1169 tantum
646 1144 668 1167 in
680 1143 750 1167 rebus
762 1143 868 1172 minutis,
885 1143 940 1172 quia
953 1143 1031 1172 quoad
1042 1142 1180 1170 sententias,

326 1194 427 1223 exceptis
435 1193 582 1216 librariorum
592 1192 732 1221 negligentia
744 1191 848 1219 omissis,
860 1197 914 1214 cum
927 1191 977 1214 aliis
986 1191 1054 1219 plene
1063 1190 1181 1213 convenit.

326 1242 406 1265 Nullus
422 1241 492 1264 trium
510 1240 618 1264 codicum
636 1239 666 1262 ab
683 1239 727 1262 alio
745 1239 862 1268 dependet
879 1241 904 1262 ut
926 1240 1103 1267 apographum,
1125 1238 1181 1267 quia

327 1290 412 1318 singuli
429 1295 483 1312 suas
500 1288 607 1318 proprias
624 1288 732 1311 lectiones
749 1286 834 1310 habent
849 1286 926 1310 necin
938 1285 1181 1315 praetermissionibus

327 1337 452 1361 convenire
463 1337 545 1363 solent,
556 1335 598 1358 sed
610 1335 709 1357 invicem
722 1340 747 1357 se
759 1334 879 1362 corrigunt
890 1337 913 1356 ct
923 1334 1039 1362 supplent.
1052 1334 1099 1356 Ilae
1111 1333 1182 1355 excel-

327 1384 382 1407 lenti
399 1385 482 1407 horum
500 1383 607 1406 codicum
625 1382 774 1411 proprietate,
786 1388 831 1411 qua
843 1383 1046 1410 repraesentantur
1057 1380 1124 1409 quasi
1136 1383 1182 1402 tres

328 1432 436 1455 codicum
450 1430 560 1457 familiae,
572 1432 701 1458 praestatur
713 1429 809 1458 sponsio
820 1435 863 1457 pro
875 1428 1006 1451 sinceritate
1018 1430 1092 1450 textus
1102 1427 1183 1450 nostri.

392 1478 406 1507 g
422 1477 446 1501 7.
461 1477 492 1500 Do
509 1475 583 1500 indole
599 1476 624 1500 et
639 1475 787 1507 praestantia
799 1474 1016 1499 Commentariorum
1027 1474 1051 1498 S.
1064 1474 1183 1498 Boaaven-

328 1525 397 1549 turae
414 1525 438 1548 ot:
454 1524 480 1548 <le
496 1524 578 1548 nostra.
594 1523 702 1547 editione.

393 1572 512 1596 Iudicandi
529 1575 582 1595 sunt
599 1571 623 1594 hi
640 1571 806 1595 Commentarii
823 1570 952 1593 secundum
964 1576 1094 1598 normam,
1110 1576 1182 1599 quam

331 1620 485 1644 communiter
507 1619 649 1648 expositores
670 1617 730 1641 illius
751 1618 839 1646 aetatis¹
856 1621 878 1641 et
894 1618 953 1640 inter
970 1618 1026 1640 alios
1049 1617 1184 1640 innumeros

331 1667 357 1700 B.
373 1667 493 1695 Allienus,
510 1667 648 1702 S3Thomas
659 1665 835 1694 etcard.Hugo
852 1671 865 1688 a
883 1666 907 1688 S.
926 1664 1001 1688 Charo
1018 1664 1184 1694 sequebantur.

332 1715 485 1744 Quaestiones
501 1714 552 1737 illae
568 1714 735 1743 philologicae,
758 1713 894 1740 historicae,
910 1713 1016 1740 criticae,
1033 1719 1094 1742 quac
1111 1713 1133 1735 in
1151 1719 1184 1735 re-

332 1761 475 1785 centioribus
491 1761 669 1785 Commentariis
690 1760 822 1789 abundant,
840 1761 863 1783 in
880 1760 915 1783 his
940 1760 1117 1784 Commentariis
1138 1763 1185 1783 tan-

333 1813 383 1833 tum
400 1809 482 1838 obiter,
495 1812 517 1832 et
529 1812 599 1838 prout
615 1815 658 1837 per
674 1809 751 1832 media
769 1809 829 1831 illlus
846 1808 897 1831 aevi
915 1808 963 1830 fleri
981 1808 1068 1836 potuit,
1089 1810 1184 1831 tractan-

332 1860 381 1885 tur,
399 1863 445 1880 non
463 1859 541 1880 tamen
558 1856 651 1885 penitus
667 1856 825 1885 negliguntur.
842 1856 963 1884 Expositor
975 1859 1052 1879 noster
1064 1858 1126 1879 totus
1138 1857 1184 1879 sere

333 1907 440 1927 versatur
452 1904 475 1926 iu
487 1909 557 1926 sensu
569 1903 783 1931 sententiarumque
794 1909 853 1925 nexu
865 1902 924 1925 sacri
936 1902 988 1925 libri
999 1902 1108 1925 eruendis
1120 1904 1142 1924 et
1154 1902 1185 1925 ad

333 1958 402 1974 usum
414 1951 602 1979 praedicatorum
620 1950 794 1978 praeparandis.
807 1949 897 1972 Dictum
910 1952 944 1972 est
961 1950 991 1972 de
1007 1949 1185 1972 Commentariis

334 1998 405 2021 nostri
423 1998 540 2025 Doctoris,
552 1997 621 2020 nimis
632 2003 687 2019 eum
699 1996 787 2019 versari
799 1996 859 2018 circa
872 2002 967 2019 sensum
980 1996 1105 2024 mysticum
1117 2002 1187 2025 quae-

333 2045 443 2068 rendum.
461 2044 506 2067 Sed
523 2044 563 2074 qui
580 2045 625 2067 hoc
641 2045 781 2067 censuerunt
796 2043 906 2066 videntur
920 2043 1044 2065 attendisse
1061 2043 1186 2071 praecipue

331 2093 364 2116 ad
381 2098 453 2121 opera
478 2092 557 2120 spuria
582 2091 690 2114 editionis
712 2091 844 2114 Vaticanae.
867 2090 963 2119 Legenti
988 2090 1050 2113 enim
1073 2091 1187 2119 genuInos

334 2139 404 2162 huius
421 2138 545 2161 voluminis
562 2137 747 2161 Commentarios
772 2137 802 2160 ad
826 2137 906 2159 oculos
930 2139 1005 2165 patet,
1022 2137 1144 2165 mysticam
1162 2137 1186 2160 in

335 2187 368 2210 eis
385 2187 552 2215 expositionem
570 2185 699 2208 admodum
724 2185 833 2213 exiguam
850 2191 932 2208 eorum
950 2188 1041 2213 partem
1058 2191 1186 2218 occupare,

336 2237 359 2256 et
375 2235 434 2256 hanc
451 2234 590 2263 plerumque
612 2233 642 2255 ad
667 2231 785 2255 moralem
802 2231 990 2261 (tropologicam)
1008 2232 1186 2260 applicationem

336 2284 448 2309 spectare.
467 2281 630 2303 Bonaventura
647 2278 691 2302 sibi
703 2282 811 2302 constans
822 2279 949 2307 praecipue
960 2279 1079 2302 litteralem
1092 2276 1187 2303 sensum

335 2335 451 2357 exponere
467 2331 563 2352 conatus
579 2331 614 2352 est
626 2330 735 2357 tanquam
748 2326 846 2350 aliorum
862 2326 1052 2355 tundamentum,
1069 2327 1129 2350 sicut
1146 2327 1188 2350 do-

336 2377 384 2400 cuit
394 2377 417 2399 in
429 2377 577 2406 Breviloquio
595 2376 696 2409 (Prolog.
707 2376 721 2405 ξ’,
733 2375 779 2404 e),
798 2383 809 2395 «
821 2374 886 2404 quod
897 2381 944 2397 non
956 2377 1032 2403 potest
1043 2374 1097 2404 quis
1113 2374 1143 2397 de
1159 2375 1189 2397 t'a-

334 2424 378 2447 cile
391 2424 429 2454 (ad
439 2423 601 2447 absconditum
613 2422 719 2454 sensum)
731 2422 874 2451 pertingere,
887 2421 930 2444 nisi
941 2427 983 2450 per
994 2421 1188 2444 assuefactionem

336 2471 440 2494 lectionis
456 2474 543 2494 textum
560 2473 582 2494 et
599 2470 696 2493 litteram
714 2469 801 2493 Bibliae
816 2469 964 2492 commendet
980 2469 1119 2497 memoriae,
1137 2468 1189 2491 alio-

337 2519 393 2548 quin
410 2519 433 2542 in
450 2518 591 2547 expositione
607 2518 780 2546 Scripturarum
797 2517 917 2546 nunquam
936 2516 1019 2545 poterit
1036 2522 1087 2539 esse
1098 2519 1189 2545 potens.

338 2566 403 2589 Unde
420 2566 479 2589 sieut
495 2565 536 2595 qui
553 2565 694 2593 dedignatur
705 2564 780 2593 prima
792 2564 914 2587 addiscere
925 2564 1051 2591 elementa,
1064 2570 1090 2587 ex
1102 2563 1190 2593 quibus

338 2614 409 2637 dictio
425 2614 566 2641 integratur,
582 2618 704 2641 nunquam
721 2614 797 2641 potest
813 2618 909 2635 noscere
920 2617 962 2634 nec
972 2611 1101 2635 dictionum
1117 2611 1190 2640 signi-

338 2660 433 2683 ficatum
449 2665 493 2682 nec
517 2662 604 2682 rectam
628 2659 733 2687 regulam
750 2658 960 2687 constructionum3
978 2658 1012 2681 sic
1033 2658 1074 2688 qui
1091 2658 1189 2681 litteram

339 2712 419 2729 sacrae
436 2706 568 2734 Scripturae
585 2706 673 2734 spernit
689 2705 719 2728 ad
735 2705 865 2734 spirituales
881 2705 932 2728 eius
949 2705 1111 2734 intelligentias
1132 2712 1190 2728 nun-

339 2760 411 2783 quam
428 2755 544 2781 assurget.
558 2764 590 2769 —
606 2753 713 2776 Attendat
729 2756 806 2776 autem
824 2753 954 2781 expositor,
980 2753 1045 2782 quod
1067 2759 1116 2776 non
1138 2752 1191 2776 ubi-

339 2805 386 2828 que
402 2798 544 2828 requirenda
568 2801 603 2821 est
626 2799 735 2828 allegoria
745 2816 751 2827 ,
767 2805 810 2822 nec
835 2800 912 2822 omnia
937 2802 991 2823 sunt
1007 2800 1104 2828 mystice
1120 2805 1191 2828 expo-

340 2847 417 2870 nenda
428 2855 439 2867 n
461 2849 505 2869 otc.

403 2895 463 2917 Inter
480 2893 632 2916 scholasticos
643 2893 718 2922 viguit
734 2894 891 2922 consuetudo,
902 2894 988 2917 librum
1006 2894 1139 2922 Scripturae
1155 2900 1190 2917 ex-

340 2941 475 2971 ponendum
492 2947 538 2964 non
563 2943 652 2964 tantum
677 2941 700 2964 in
724 2944 803 2977 partes
828 2942 948 2970 generales
973 2941 1124 2969 distribuere,
1149 2941 1191 2965 sed

342 2989 409 3012 etiam
426 2990 468 3012 has
485 2989 640 3018 multipliciter
657 2995 732 3019 usque
752 2989 783 3012 ad
799 2989 903 3018 singulos
918 2990 966 3013 sere
982 2995 1066 3012 versus
1087 2989 1192 3013 subdivi-

1230 245 1286 268 dere
1293 253 1299 274 ;
1316 245 1339 268 id
1356 245 1419 274 quod
1437 251 1491 268 cum
1509 246 1531 268 S.
1544 246 1634 268 Tlioma
1651 247 1672 268 et
1689 246 1714 268 B.
1735 244 1828 268 Alberto
1839 245 1938 274 aliisque
1958 245 2028 268 etiam
2039 251 2082 268 no-

1230 296 1277 316 ster
1293 293 1378 316 Doctor
1394 299 1481 321 magno
1498 295 1521 315 et
1537 292 1615 316 subtili
1631 292 1708 315 studio
1725 293 1800 316 tacere
1816 292 1943 316 consuevit.
1958 293 2020 315 Ilaec
2036 298 2083 315 me-

1232 340 1318 364 thodus
1339 343 1416 363 nostra
1440 343 1514 363 aetate
1529 346 1576 363 non
1600 341 1689 369 placet,
1705 342 1728 363 et
1743 340 1782 363 vix
1797 340 1914 363 invenitur
1930 340 2025 369 aliquis,
2041 339 2083 369 qui

1232 390 1265 410 tot
1280 387 1408 410 divisiones
1432 387 1545 410 memoria
1569 388 1669 410 retinere
1687 387 1771 416 possit,
1788 389 1811 410 et
1835 393 1881 410 non
1898 387 1975 416 potius
1998 388 2082 410 harum

1233 440 1331 457 numero
1347 434 1460 457 obruatur
1477 440 1504 457 ac
1515 434 1676 457 contusionem
1693 434 1812 464 quandam
1824 434 1962 463 experiatur.
1979 434 2038 457 Huic
2049 434 2084 456 in-

1232 481 1358 505 commodo
1375 487 1498 505 occurrere
1513 482 1588 505 conati
1605 488 1687 504 sumus
1699 481 1786 510 duplici
1802 481 1889 504 medio.
1901 482 1925 504 In
1941 483 2002 504 textu
2016 487 2085 509 'prae-

1233 532 1267 552 ter
1294 529 1421 553 divisiones
1442 530 1597 558 capitulorum
1624 529 1787 558 principaliora
1813 529 1914 552 auctoris
1942 528 2084 551 divisionum

1233 576 1340 600 membra
1356 577 1440 600 nostris
1451 576 1550 600 rubricis
1561 577 1721 606 distinximus,
1738 577 1817 600 ultima
1834 582 1891 599 vero
1906 576 1937 599 ad
1954 576 2084 605 marginem

1233 625 1374 647 notavimus.
1391 625 1486 653 Insuper
1502 626 1556 653 post
1577 624 1762 649 Commentarms
1779 624 1802 646 in
1819 623 1906 647 scholio
1928 629 1970 652 per
1986 623 2085 646 modum

1234 673 1379 695 schematum
1397 673 1439 695 has
1456 671 1583 695 divisiones
1599 671 1644 694 sub
1661 678 1708 694 uno
1724 673 1850 699 conspectu
1868 670 2044 699 proposuimus.

1297 719 1423 747 Praecipua
1439 721 1517 742 nostra
1534 725 1589 741 cura
1612 718 1668 746 tuit,
1685 720 1711 741 ut
1727 718 1804 746 ipsum
1826 719 1914 740 textum
1935 716 2086 745 originalem,

1234 773 1279 796 ope
1295 766 1416 795 codicum,
1433 769 1547 796 quantum
1564 766 1614 789 fleri
1630 765 1718 795 potuit,
1734 765 1879 793 restitutum,
1899 767 2014 799 correcte·
2025 765 2087 793 typis

1234 814 1425 842 exprimeremus.
1443 814 1519 837 Altera
1536 820 1591 845 cura
1609 816 1631 836 et
1647 820 1693 836 non
1709 813 1753 836 nisi
1766 812 1874 842 improbo
1885 812 1965 836 labore
1976 813 2087 836 solvenda

1235 861 1288 888 Iuit,
1305 863 1331 883 ut
1346 861 1435 890 fontes,
1457 860 1544 890 quibus
1561 863 1642 883 auctor
1658 867 1714 883 usus
1736 862 1782 889 est,
1799 859 1937 884 indicemus.
1955 848 2087 882 PsBened.

1236 908 1323 930 Bonclli
1332 908 1353 930 in
1362 908 1453 931 edendo
1463 908 1529 931 tertio
1539 907 1713 931 Commentario
1725 908 1849 930 sententias
1860 907 2015 936 plurimorum
2024 912 2088 929 com-

1236 957 1391 977 mentatorum
1409 957 1431 977 et
1456 955 1623 978 catholicorum
1641 961 1653 977 a
1679 960 1740 978 saec.
1759 955 1819 977 XVI.
1840 960 1916 983 usque
1932 953 1962 977 ad
1979 953 2047 977 XVII.
2066 953 2088 976 in

1236 1002 1296 1024 notis
1313 1002 1429 1030 apposuit.
1446 1002 1520 1030 Quem
1537 1001 1642 1024 laborem
1658 1001 1676 1024 si
1695 1001 1830 1024 continuare
1846 1000 2002 1023 voluissemus
2014 1005 2088 1028 usque

1237 1048 1266 1071 ad
1283 1051 1385 1073 nostram
1402 1051 1514 1076 aetatem,
1531 1049 1605 1071 ardua
1622 1049 1679 1071 haec
1695 1054 1733 1071 res
1744 1050 1767 1071 et
1785 1048 1848 1071 vires
1864 1050 1954 1071 nostras
1969 1047 2090 1071 excederet

1237 1098 1260 1118 et
1270 1096 1343 1118 aliena
1355 1098 1416 1126 esset
1427 1095 1457 1118 ab
1469 1096 1545 1119 officio
1561 1096 1686 1118 editorum.
1702 1095 1799 1119 Omissis
1810 1095 1881 1124 igitur
1892 1094 2007 1118 eiusmodi
2019 1094 2090 1122 notis,

1238 1150 1250 1166 a
1262 1144 1286 1166 P.
1298 1143 1384 1166 Bonelli
1395 1143 1569 1167 Commentario
1586 1143 1609 1166 in
1620 1144 1729 1166 Ioannem
1746 1143 1962 1173 appositis‚.potius
1973 1142 2088 1171 supplevi-

1238 1197 1291 1213 mus
1307 1190 1411 1213 descctus
1428 1192 1450 1213 et
1470 1191 1564 1213 lacunas
1581 1190 1611 1212 ab
1628 1190 1712 1213 eodem
1729 1190 1755 1218 in,
1770 1190 1872 1214 sontibus
1887 1190 1986 1213 citandis
2003 1189 2090 1212 ibidem

1238 1238 1340 1266 relictos;
1353 1237 1432 1266 quoad
1443 1238 1609 1266 praecedentes
1620 1238 1680 1261 duos
1696 1237 1881 1261 Commentarios
1892 1237 1958 1261 labor
1970 1237 2006 1260 hic
2019 1237 2066 1260 sere
2077 1242 2090 1259 a

1238 1285 1353 1314 principio
1371 1291 1382 1307 a
1400 1284 1468 1308 nobis
1485 1285 1639 1314 praestandus
1656 1282 1711 1308 erat.
1729 1286 1780 1308 Non
1795 1290 1848 1308 raro
1860 1285 1930 1308 etiam
1947 1285 2091 1313 synchronos

1239 1335 1445 1360 commentatores,
1462 1333 1510 1356 scil.
1527 1333 1553 1355 B.
1570 1333 1701 1361 Albertum,
1718 1334 1740 1356 S.
1759 1333 1874 1356 Thomam
1892 1335 1914 1356 et
1934 1333 1998 1356 card.
2014 1333 2091 1360 Rugo-

1239 1386 1292 1402 nem
1310 1386 1323 1402 a
1341 1380 1364 1402 S.
1386 1379 1472 1408 Charo,
1489 1380 1626 1408 praesertim
1643 1380 1665 1402 iu
1683 1379 1855 1403 Commentario
1873 1380 1896 1402 in
1913 1380 2021 1403 Ioannem
2039 1379 2091 1401 alle-

1240 1433 1296 1455 gare
1313 1426 1407 1455 placuit.

1303 1473 1372 1502 Quod
1389 1479 1479 1496 sacram
1492 1473 1633 1501 scripturam
1646 1473 1804 1509 interpretari,
1819 1482 1831 1493 α
1843 1473 1874 1496 ad
1890 1466 1998 1501 proprios
2009 1478 2091 1495 sensus

1240 1522 1399 1551 contorquens
1411 1529 1433 1549 n,
1447 1527 1516 1543 nenio
1528 1520 1624 1549 audeat,
1636 1526 1713 1549 neque
1724 1529 1736 1541 α
1748 1522 1826 1543 contra
1838 1526 1892 1543 eum
1905 1525 2008 1547 sensum,
2020 1525 2092 1548 quem

1239 1568 1313 1591 tenuit
1329 1570 1351 1590 et
1368 1571 1429 1591 tenet
1440 1571 1518 1591 sancta
1530 1570 1604 1590 mater
1622 1556 1736 1595 Ecclesia,
1746 1567 1813 1591 cuius
1829 1570 1864 1591 est
1875 1567 1978 1590 iudicare
1994 1567 2024 1590 de
2035 1572 2092 1589 vero

1240 1622 1309 1639 sensu
1326 1618 1348 1639 et
1365 1616 1553 1644 interpretatione
1570 1609 1756 1644 Scripturarum,
1773 1616 1813 1637 aut
1828 1615 1898 1637 etiam
1916 1616 1994 1637 contra
2013 1613 2094 1637 unani-

1241 1670 1303 1686 mem
1316 1668 1455 1686 consensum
1468 1664 1561 1686 patrum
1574 1672 1585 1683 n
1596 1670 1601 1691 ς
1619 1663 1768 1686 constitutum
1780 1664 1815 1685 est
1825 1669 1838 1685 a
1851 1662 1946 1691 Synodo
1959 1661 2094 1685 Tridentina

1242 1710 1311 1740 (Sess.
1329 1711 1366 1733 IV.
1384 1711 1416 1733 De
1434 1710 1535 1733 editione
1546 1712 1569 1733 et
1580 1717 1623 1734 usu
1636 1716 1655 1733 s.
1668 1710 1769 1740 script).
1782 1710 1843 1732 Ilaec
1855 1710 1936 1738 regula
1947 1709 2058 1733 catholica
2069 1709 2094 1731 in

1240 1757 1417 1781 Commentariis
1429 1758 1451 1780 S.
1468 1758 1646 1780 Bonaventurae
1658 1760 1681 1780 et
1697 1763 1839 1780 coaevorum
1851 1759 1973 1780 auctorum
1986 1756 2018 1779 sic
2029 1762 2094 1784 prae-

1241 1805 1342 1834 valebat,
1360 1808 1385 1828 ut
1396 1805 1425 1828 ad
1438 1805 1540 1827 tramites
1557 1806 1593 1827 Ss.
1605 1805 1698 1827 Patrum
1711 1807 1781 1827 totam
1794 1805 1841 1827 sere
1857 1804 2023 1833 expositionem
2040 1803 2095 1826 ‹ttri-

1241 1855 1323 1882 gerent
1339 1855 1361 1875 et
1377 1853 1426 1875 sine
1443 1852 1578 1875 auctoritate
1589 1857 1672 1874 eorum
1690 1852 1728 1875 vix
1745 1858 1774 1874 no
1793 1858 1833 1874 um
1845 1851 1932 1880 aliquid
1949 1851 1971 1873 iu
1989 1850 2093 1873 medium

1242 1901 1345 1928 proferro
1361 1899 1482 1922 auderent.
1505 1899 1589 1922 Notum
1602 1901 1652 1927 cst,
1677 1901 1764 1928 quanta
1781 1897 1916 1921 auctoritate
1941 1897 2004 1926 apud
2026 1898 2095 1920 Scho-

1243 1947 1335 1970 lasticos
1360 1948 1475 1969 frueretur
1497 1949 1595 1976 utraque
1619 1945 1715 1974 Glossa,
1738 1946 1786 1969 scil.
1811 1944 1937 1969 ordinaria
1961 1947 1984 1968 et
2006 1944 2097 1968 interli-

1242 1993 1336 2022 nearis,
1354 1996 1448 2023 propter
1465 1995 1524 2016 lianc
1540 1993 1667 2020 rationem,
1684 1993 1739 2022 quia
1756 1999 1783 2015 ex
1800 1991 1905 2015 Patribus
1922 1992 2041 2020 collectae,
2057 1992 2095 2014 vel

1243 2041 1373 2064 secundum
1390 2041 1485 2064 eosdem
1504 2042 1576 2064 sactae
1593 2042 1664 2063 erant.
1684 2040 1794 2062 Omnium
1808 2039 1866 2062 illius
1882 2039 1962 2061 aetatis
1974 2038 2098 2067 expositio-

1243 2095 1299 2111 num
1316 2089 1382 2117 quasi
1394 2088 1584 2115 sundamentum‚
1601 2093 1672 2115 super
1683 2093 1730 2116 quo
1742 2086 1906 2109 Commentarii
1922 2085 2016 2114 diversi,
2029 2085 2095 2108 adhi-

1244 2135 1298 2158 bitis
1313 2135 1370 2160 aliis¹
1381 2136 1473 2157 Patrum
1491 2134 1636 2163 testimoniiS,
1653 2133 1808 2157 communiter
1825 2131 2025 2161 construebantur,
2043 2134 2096 2155 sunt

1244 2184 1345 2206 Glossae.
1362 2183 1419 2206 Hinc
1445 2188 1529 2210 magna
1546 2182 1582 2204 illa
1607 2181 1832 2205 Commentariorum
1850 2180 1999 2209 antiquorum
2017 2180 2096 2209 quoad

1244 2230 1395 2254 substantiam
1413 2230 1547 2253 similitudo.

1307 2279 1399 2301 Praeter
1416 2280 1539 2307 utramque
1555 2277 1660 2300 Glossam
1679 2277 1701 2299 S.
1719 2277 1879 2299 Bonaventura
1892 2276 1916 2298 in
1933 2275 2044 2304 operibus
2057 2276 2097 2298 hu-

1244 2326 1281 2349 ius
1297 2326 1354 2349 tomi
1371 2325 1471 2348 diversis
1487 2324 1620 2348 auctoribus
1637 2330 1693 2347 usus
1710 2326 1751 2347 est.
1769 2324 1802 2346 De
1813 2323 1915 2346 sontibus
1931 2322 2096 2347 Commentarii

1245 2374 1268 2396 in
1285 2373 1443 2397 Ecclesiasten
1454 2373 1499 2396 iam
1511 2373 1580 2395 locuti
1598 2378 1679 2395 sumus
1691 2372 1713 2395 in
1730 2371 1817 2395 scholio
1829 2374 1908 2394 nostro
1920 2371 1978 2394 intra
1990 2377 2045 2399 pag.
2057 2370 2096 2393 99.

1245 2433 1277 2438 -
1288 2421 1353 2449 Ipsae
1370 2420 1468 2444 Glossae
1485 2420 1515 2443 ad
1531 2419 1616 2442 librum
1633 2418 1769 2449 Sapientiae
1781 2425 1865 2447 magna
1882 2425 1909 2441 ex
1927 2420 1994 2447 parte
2005 2420 2096 2441 sumtae

1245 2470 1298 2492 sunt
1314 2468 1344 2491 de
1361 2468 1504 2496 expositione
1520 2466 1625 2496 Rabani,
1645 2473 1717 2496 quam
1734 2467 1803 2489 etiam
1820 2468 1897 2489 noster
1909 2464 2095 2489 Commentarius

1246 2517 1384 2546 plerumque
1401 2514 1513 2544 sequitur.
1530 2527 1561 2531 —
1578 2514 1601 2537 In
1618 2513 1790 2537 Commentario
1802 2513 1825 2536 in
1837 2512 1989 2541 Evangelium
2007 2512 2098 2535 Ioannis

1246 2566 1326 2587 auctor
1342 2565 1420 2586 noster
1436 2561 1539 2585 breviter
1555 2562 1625 2584 refert
1640 2562 1688 2583 sere
1708 2560 1799 2589 omnia,
1823 2566 1885 2589 quae
1901 2560 1936 2582 Ss.
1953 2559 2098 2588 Augustinus

1247 2614 1269 2634 et
1285 2611 1345 2634 Ioan.
1363 2609 1542 2638 chrysostomus
1559 2608 1589 2631 de
1611 2608 1695 2631 eodem
1711 2607 1837 2636 Evangelio
1859 2607 2015 2635 scripserunt,
2033 2606 2098 2636 quod

1246 2658 1301 2682 satis
1317 2660 1380 2687 patet
1399 2663 1425 2681 ex
1442 2657 1502 2680 notis
1523 2663 1537 2679 a
1553 2656 1621 2680 nobis
1641 2656 1671 2679 ad
1693 2656 1780 2679 calcem
1797 2655 1886 2684 positis.
1910 2655 2029 2677 Praeterea
2050 2660 2097 2677 non

1246 2712 1299 2729 raro
1310 2706 1364 2729 citat
1385 2705 1502 2734 quendam
1526 2703 1655 2732 Victorem,
1674 2703 1704 2726 de
1719 2709 1767 2732 quo
1786 2702 1867 2725 nullibi
1890 2704 1975 2724 certam
1993 2702 2097 2726 notitiam

1247 2759 1260 2776 a
1277 2753 1392 2782 principio
1417 2752 1520 2775 invenire
1536 2751 1663 2780 potuimus.
1680 2751 1761 2773 Postea
1786 2756 1843 2772 vero
1868 2748 1991 2772 incidimus
2009 2748 2032 2771 in
2049 2748 2099 2771 duo

1247 2800 1378 2825 testimonia
1390 2800 1485 2823 Alicuini
1497 2805 1551 2828 pag.
1565 2798 1622 2826 277,
1634 2800 1687 2820 nota
1700 2798 1737 2820 tt.
1750 2797 1801 2827 (cfr.
1812 2803 1866 2825 pag.
1880 2795 1938 2825 246,
1949 2798 2003 2818 nota
2015 2795 2046 2820 7.)
2065 2801 2099 2819 re-

1248 2849 1303 2877 lata,
1315 2854 1376 2878 quae
1392 2846 1491 2876 anegant
1505 2847 1553 2870 duo
1570 2852 1641 2874 opera
1653 2851 1716 2868 nunc
1727 2845 1818 2873 ignota,
1830 2849 1891 2873 quae
1908 2842 1999 2871 scripsit
2011 2842 2098 2872 Victor,

1248 2895 1371 2926 episcopus
1383 2894 1485 2925 Capuae.
1497 2893 1626 2917 Verisimile
1638 2895 1685 2921 est,
1701 2892 1732 2915 ad
1749 2893 1809 2915 hunc
1826 2891 1944 2914 Victorem
1961 2889 2098 2919 Capuanum

1248 2944 1353 2971 spectare
1369 2941 1516 2970 allegationes
1528 2941 1550 2963 S.
1568 2940 1749 2963 Bonavcnturae.
1761 2938 1835 2962 Etiam
1847 2939 1928 2961 auctor
1943 2936 2017 2965 spurii
2032 2936 2101 2960 Com-

1249 2988 1355 3012 mentarii
1373 2988 1395 3011 in
1412 2987 1577 3017 Apocalypsim
1594 2986 1710 3010 interdum
1728 2985 1782 3009 citat
1797 2985 1917 3015 quendam
1938 2983 2060 3007 Vz'ctore‘tn.
