2296 3316
13 679 15 690 ι
34 672 90 696 nesp.

0 1126 38 1161 fflio
49 1140 69 1160 in
81 1141 92 1159 5

7 1164 73 1184 itmbm.

9 1433 11 1444 ‚
26 1422 91 1447 primo.

720 113 891 141 COMMENT.
913 112 945 141 IN
966 112 1113 141 lOANNEM
1133 112 1162 141 C.
1185 113 1239 142 XV.

108 196 176 228 tem,
199 192 351 222 secundum
366 191 441 229 quod
455 199 554 229 capere
568 193 697 228 poterant
709 192 727 219 ¹.
744 207 780 211 —
795 191 828 219 Et
846 191 885 220 sic
907 198 954 228 pa-

108 242 166 269 tent
186 239 286 268 omnia.

185 287 231 316 30.
254 287 364 323 Quaest.
387 285 428 314 Vl.
451 285 517 314 Item
538 285 685 322 quaeritur
705 284 739 314 de
754 285 806 313 hoc
821 284 895 322 quod
913 284 954 312 di-

107 334 159 364 cit:
182 333 247 362 Νοη
266 341 316 362 vos
337 341 382 361 me
402 332 534 369 eleqistis.

184 381 313 410 ComnA:
338 381 362 408 1.
378 378 584 409 Deuteronomii
611 378 742 416 vigesimo
757 381 837 407 sexto
849 378 875 406 ²:
900 378 954 406 Do-

106 428 221 458 minum
241 427 363 465 elegisti,
384 430 418 455 ut
437 427 476 455 sit
496 426 549 455 tibi
570 426 654 454 Deus.

185 477 211 504 2.
234 475 315 509 ltem,
337 474 359 503 si
380 474 513 503 meritum
534 473 612 502 liberi
640 473 749 502 arbitrii
774 472 899 501 consistit
926 472 953 501 in

106 522 238 552 electione
252 521 273 556 ³,
294 520 434 558 quomodo
456 520 645 554 merebantur,
667 520 689 548 si
712 519 803 556 ipsum
824 527 879 548 non
899 519 954 548 ele-

106 571 224 607 gerant?

184 616 362 645 Rssspommo:
384 614 463 652 Quod
479 615 530 643 hoc
544 613 753 651 intelligendum
774 616 831 642 est:
844 613 954 650 primo,

106 663 172 701 quia
185 671 241 692 non
253 663 352 700 primo
367 670 417 691 nos
431 661 559 698 eligimus
570 661 717 690 Dominum
727 684 734 695 ,
749 660 797 689 sed
811 660 955 693 seeundo,-

106 711 172 749 quia
191 710 250 747 ipse
271 709 350 746 prius
370 708 452 746 elegit
463 708 711 745 praedestinando
730 711 757 736 et
778 707 953 744 postmodum

107 757 183 795 eligit
202 765 239 786 ex
260 756 321 785 aliis
335 756 480 790 vocando,
502 755 550 784 sed
571 763 622 784 nos
635 754 813 792 postmodum
827 754 955 792 eligimus

108 803 242 833 vocationi
264 802 464 833 consentiendo
476 803 496 830 ⁴.

169 905 247 929 Tertio
263 904 373 929 hortatur
389 903 512 935 discipulos
529 904 558 928 ad
574 903 723 928 tolerantiam
740 903 891 927 inimicorum.

186 992 232 1022 31.
256 992 288 1021 Si
314 992 445 1021 mundus
472 1000 523 1020 vos
544 991 605 1020 odit
631 994 682 1020 etc.
705 991 774 1019 Haec
802 993 844 1019 est
874 990 956 1019 tertia

108 1048 172 1078 pars
193 1039 305 1076 capituli
317 1039 338 1074 ⁶,
359 1039 387 1067 in
401 1047 458 1076 qua
478 1038 613 1067 Dominus
627 1038 757 1066 hortatur
775 1037 809 1066 ad
831 1037 955 1066 toleran-

108 1087 181 1116 tiam
202 1086 392 1116 inimieorum
404 1085 657 1124 persequentizwm
675 1088 702 1113 et
716 1085 769 1113 hoc
790 1084 901 1121 quidem
916 1084 956 1113 fa-

108 1134 145 1163 cit
165 1141 215 1171 per
230 1133 306 1162 hunc
328 1132 448 1161 modum.
465 1132 555 1160 Primo
573 1131 721 1168 praedicit
734 1131 840 1159 mundi
856 1130 955 1159 inimi—

107 1180 209 1210 citiam
217 1190 227 1214 ;
255 1179 377 1209 secundo
397 1187 477 1213 vero,
508 1186 545 1207 ex
567 1178 620 1207 hoc
650 1178 847 1215 procedentem
877 1178 956 1206 iniu-

107 1227 202 1260 riam,·
217 1226 299 1255 tertio
313 1234 380 1255 vero
398 1225 521 1254 ostendit
531 1225 765 1263 persequentium
787 1225 845 1253 sive
862 1225 956 1253 odien-

108 1274 179 1303 tium
200 1273 364 1307 malitiam;
392 1276 494 1310 quarto
521 1280 602 1306 vero,
624 1280 713 1301 suam
741 1272 938 1302 innocentiam
946 1283 956 1306 ;

108 1321 205 1359 quinto
226 1328 292 1349 vero
314 1319 473 1357 discipulos
494 1323 596 1348 armat
615 1319 656 1348 ad
673 1319 858 1356 patientiam.

186 1367 275 1405 (Vers.
300 1367 366 1401 118).
389 1367 479 1395 Primo
493 1374 559 1404 ergo
570 1366 716 1404 praedicit
731 1366 838 1395 mundi
857 1366 955 1395 inimi-

108 1415 227 1449 citiam,
248 1422 320 1452 quae
340 1414 436 1443 futura
456 1417 517 1443 erat
537 1417 634 1443 contra
654 1414 779 1443 membra
806 1413 840 1442 ad
861 1421 957 1442 exem-

107 1462 186 1500 plum
216 1462 320 1499 capitis.
349 1462 450 1490 Fuerat
476 1461 550 1490 enim
577 1461 672 1490 odium
701 1461 798 1489 mundi
827 1463 956 1497 respectu

107 1509 229 1546 eapitis,
250 1508 325 1546 quod
345 1511 386 1537 est
406 1508 550 1542 Christus;
572 1511 686 1544 propter
711 1507 786 1544 quod
813 1506 894 1535 dicit:
924 1506 957 1535 Si

108 1555 238 1585 mundus
257 1563 308 1584 vos
329 1555 405 1589 odit,
426 1555 540 1589 scitote,
555 1554 581 1583 id
597 1557 653 1588 est,
675 1554 862 1588 considerate,
884 1554 956 1591 quia

107 1611 151 1632 me
168 1603 301 1640 priorem
320 1601 401 1631 vobis
420 1602 486 1630 odio
508 1600 618 1630 habuit.
642 1601 783 1630 Rationem
798 1600 883 1629 huius
901 1600 955 1629 odii

107 1650 256 1687 assignavit
275 1649 410 1678 Dominus
431 1657 517 1686 supra
537 1648 658 1685 capitulo
679 1648 798 1677 tertioG:
819 1659 832 1673 α
847 1647 956 1682 Omnis,

107 1697 155 1735 qui
176 1697 246 1726 male
265 1696 336 1734 agit,
358 1696 415 1725 odit
437 1696 526 1725 lucem
541 1707 572 1730 ²³3
588 1698 615 1724 et
629 1703 715 1732 supra
736 1695 867 1732 septimo:
888 1706 901 1720 «
915 1695 956 1723 Me

106 1745 163 1774 odit
190 1744 326 1779 mundus,
353 1744 484 1781 quoniam
517 1743 705 1772 testimonium
737 1742 774 1771 illi
807 1742 956 1779 perhibeo,

106 1791 181 1829 quod
201 1799 286 1829 opera
306 1790 366 1819 eius
386 1790 458 1819 mala
479 1792 584 1819 sunt».
607 1790 722 1826 Propter
749 1789 821 1818 hanc
841 1789 955 1818 eandem

107 1839 239 1868 rationem
260 1838 380 1867 ostendit
392 1838 486 1867 odium
501 1837 717 1871 membrorum
732 1837 805 1865 unde
820 1836 955 1866 rationem

106 1885 191 1915 huius
217 1885 272 1914 odii
302 1884 411 1914 reddit:
443 1884 510 1922 quia
536 1884 587 1922 ipsi
618 1884 862 1913 disconveniebant
891 1892 956 1913 cum

107 1932 228 1967 mundo;
250 1935 364 1969 propter
385 1931 459 1969 quod
480 1931 560 1960 dicit:

185 1978 231 2007 32.
254 1978 343 2015 (Vers.
361 1979 427 2014 19.).
451 1978 484 2007 Si
503 1978 537 2007 de
550 1977 661 2006 mundo
681 1976 829 2015 fuissetis,
852 1977 879 2006 id
898 1980 954 2012 est,

108 2026 135 2054 in
159 2025 263 2054 mundo
289 2025 459 2054 mansissetis
486 2033 536 2061 per
552 2032 678 2062 -pravam
707 2024 934 2053 consuetudinem
948 2035 955 2059 ;

107 2072 237 2101 mundus
267 2072 344 2111 quod
374 2080 464 2100 suum
494 2075 558 2100 erat
588 2071 737 2109 ditiyeress·
768 2071 841 2100 unde
870 2079 956 2108 supra

171 2245 179 2259 ¹
196 2246 327 2275 chrysost,
344 2247 369 2269 in
385 2246 446 2269 loan.
464 2246 544 2269 homil.
560 2246 598 2268 77.
616 2246 682 2275 <alias
692 2246 740 2275 76.)
753 2253 777 2269 n.
790 2247 798 2269 1
811 2255 816 2269 ε
828 2246 887 2270 Cum
899 2253 956 2270 vero

107 2286 164 2310 dicit
180 2285 273 2315 omnia,
300 2286 413 2314 intelligas
429 2292 455 2308 ea
479 2291 540 2314 quae
557 2286 639 2308 audire
662 2286 710 2309 illos
731 2285 861 2314 oportebat.
883 2287 956 2309 Theo-

108 2325 219 2353 phylact,
237 2325 259 2347 in
276 2325 338 2347 loan.
356 2325 398 2352 15,
419 2325 462 2347 15:
480 2323 566 2347 Omnia
582 2327 635 2346 nota
655 2324 704 2347 feeit
724 2325 769 2351 eis,
787 2331 848 2353 quae
860 2325 891 2347 illi
908 2328 956 2353 pot-

109 2366 174 2386 erant
191 2363 272 2386 audire
289 2366 311 2385 et
327 2369 428 2392 quorum
446 2365 511 2386 erant
527 2369 631 2391 capaces.

170 2401 179 2414 '³
198 2402 264 2424 Vers.
282 2401 319 2424 17.

171 2440 180 2453 ²
197 2441 243 2465 Csr.
259 2441 378 2470 Damasc.,
396 2442 419 2464 ll.
438 2442 468 2464 de
485 2442 540 2464 Fide
556 2442 647 2464 orthod.
665 2449 685 2464 c.
704 2443 746 2469 22,
764 2441 804 2465 ubi
816 2441 895 2465 electio
907 2444 957 2464 tan-

108 2487 179 2510 quam
204 2480 305 2504 ultimus
329 2482 397 2504 actus
422 2481 546 2504 voluntatis
564 2482 585 2503 in
603 2481 684 2504 ordine
702 2481 832 2504 intentionis
848 2484 955 2509 respectu

110 2520 161 2543 flnis
178 2527 219 2549 per
236 2520 313 2543 media
330 2520 468 2549 assequendi
486 2520 624 2548 assignatur,
641 2523 663 2542 et
680 2520 800 2548 definitur,
817 2520 881 2549 quod
902 2528 913 2540 11
925 2520 956 2542 ni-

109 2559 140 2582 hil
156 2562 190 2582 est
207 2560 267 2582 aliud
290 2560 334 2582 nisi
351 2566 364 2582 e
381 2559 473 2582 duabus
489 2559 573 2587 rebus,
591 2566 651 2588 quae
668 2562 844 2588 proponuntur,
863 2559 956 2581 alterius

110 2605 166 2627 prae
182 2600 251 2622 altera
268 2599 384 2627 susceptio
396 2608 417 2621 n.
429 2611 460 2617 —
473 2599 529 2621 infra
542 2602 594 2627 post
605 2599 786 2629 intelliqendum
798 2599 879 2622 ested.
892 2599 956 2621 omit-

110 2638 135 2661 tit
151 2638 238 2668 primo.
476 2658 478 2661 .

171 2676 182 2690 ⁴¹
199 2678 332 2700 Secundum
350 2678 459 2705 August,
477 2678 500 2700 in
518 2679 578 2700 ioan.
603 2679 690 2705 Evang.
709 2680 736 2700 tr.
754 2678 792 2700 86.
810 2684 832 2700 n.
849 2679 872 2700 2.
888 2680 911 2700 et
927 2678 956 2700 de

110 2716 272 2739 Praedestinat.
290 2717 441 2743 Sanctorum,
458 2723 478 2739 c.
499 2717 533 2738 17.
551 2723 572 2738 n.
591 2716 628 2738 34.
645 2716 691 2739 Csr.
709 2717 723 2738 l.
741 2718 803 2739 Scnt.
815 2716 838 2739 d.
852 2716 888 2738 40.
901 2722 921 2738 a.
935 2717 956 2738 3.

110 2761 133 2784 q.
151 2755 172 2777 1.
188 2758 211 2777 et
227 2756 249 2777 2.
266 2767 297 2772 -—-
314 2755 354 2777 Ed.
373 2754 443 2777 libere
460 2754 632 2778 consentiendo.

173 2792 183 2806 ⁵
199 2793 245 2817 Ctr.
262 2800 332 2822 supra
351 2800 373 2816 n.
395 2795 412 2821 l,
429 2800 456 2816 ex
473 2800 520 2822 quo
538 2794 603 2816 lectio
620 2794 656 2816 ed.
679 2795 767 2823 qum-ta
781 2800 842 2823 pars
858 2794 958 2823 capituli

111 2832 255 2861 reprobatur.

173 2871 182 2885 ⁵
200 2873 266 2895 Vers.
282 2873 328 2900 20;
353 2873 457 2901 sequitur
480 2872 509 2899 7,
534 2872 557 2894 7.
573 2884 604 2888 —
621 2873 690 2894 Maior
715 2879 769 2900 pars
794 2873 863 2895 codd.
886 2872 955 2900 legit:

110 2917 187 2941 supra-
201 2911 357 2941 proponendo
374 2911 477 2941 capitulo
496 2911 572 2934 tertio.

1802 115 1860 144 453

1010 190 1128 227 septimo
1139 191 1150 207 ⁷
1164 190 1266 220 dicitur
1281 191 1441 221 mundanis:
1461 203 1475 217 «
1486 192 1606 229 Tempus
1621 196 1713 221 autem
1736 196 1860 222 vestrum

1010 245 1120 274 semper
1147 240 1189 266 est
1219 241 1356 275 paratum.
1385 239 1443 267 Non
1465 242 1555 276 potest
1580 248 1628 268 vos
1656 240 1746 268 odisse
1778 248 1859 268 mun*

1009 283 1100 313 dus».
1124 284 1202 320 Quia
1216 293 1284 313 vero
1304 285 1338 314 de
1352 286 1463 315 mundo
1483 295 1543 315 riori
1556 286 1637 320 estis,
1660 287 1686 315 id
1711 290 1753 315 est
1778 295 1860 315 mun-

1009 330 1096 360 danae
1117 331 1349 367 conversationis;
1370 333 1420 361 sed
1440 341 1491 370 eqo
1511 333 1582 370 eleyi
1601 342 1652 362 vos
1677 334 1711 362 de
1731 334 1859 368 mundo,

1006 381 1164 415 propterea
1184 379 1244 407 odit
1264 388 1314 408 vos
1339 380 1477 408 mundus.
1500 380 1569 408 Illud
1599 380 1694 409 odium
1723 381 1859 418 significa-

1010 428 1071 454 tum
1091 425 1144 454 fuit
1171 425 1283 455 Genesis
1310 426 1443 463 vigesimo
1472 427 1610 463 septimo⁸
1633 428 1659 456 in
1688 428 1751 457 odio
1773 428 1859 463 Esau,

1009 472 1058 502 ubi
1079 473 1197 501 dicitur:
1224 484 1238 498 α
1252 473 1355 502 Oderat
1376 474 1447 503 Esau
1476 474 1554 503 lacob
1578 483 1629 512 pro
1654 476 1859 510 benedictione,

1010 527 1066 556 qua
1086 519 1267 549 benedixerat
1287 521 1312 550 ei
1331 524 1409 558 pater
1429 522 1489 550 eius
1501 533 1526 550 ».
1550 523 1631 551 Esau
1653 523 1807 551 mundanos
1832 526 1859 551 et

1011 566 1145 604 reprobos
1166 567 1317 604 significat,
1336 568 1382 597 sed
1404 569 1490 597 Jacob
1512 570 1621 599 electos.

1093 614 1138 643 33.
1162 614 1251 651 (Vers.
1274 615 1342 651 20).
1370 616 1533 645 Mementote
1556 618 1707 645 sermonis.
1730 618 1776 646 llic
1798 620 1859 646 tan-

1010 661 1087 698 gitur
1106 661 1277 696 secundum,
1299 662 1404 691 scilicet
1424 663 1555 697 iniuria,
1577 664 1673 692 eodem
1690 664 1787 698 modo,
1803 673 1859 701 quo

1011 707 1168 742 inimicitia,
1190 708 1295 737 scilicet
1315 709 1421 745 eapitis
1437 709 1527 746 primo
1541 713 1569 738 et
1583 710 1781 738 membrormn
1796 719 1859 747 pro-

1012 758 1074 791 pter
1096 758 1227 792 caputet
1259 756 1292 784 ad
1320 757 1482 793 exemplum
1514 757 1619 794 capitis.
1650 758 1764 794 Propter
1786 758 1861 795 quod

1011 802 1089 831 dicit:
1112 802 1276 831 Mementote
1295 804 1456 838 sermonis,
1478 812 1562 842 quem
1583 804 1648 833 dimi
1658 804 1668 821 ⁹
1683 804 1778 833 vohis:
1796 804 1860 833 Non

1011 853 1051 878 est
1071 858 1175 878 servus
1195 850 1294 879 maior
1315 850 1433 879 domino
1448 860 1520 884 Sim,-
1535 859 1621 888 supra
1635 851 1742 880 decimo
1764 851 1859 880 tertio:

1015 907 1030 921 «
1044 897 1144 930 Amen,
1166 905 1245 925 amen
1267 897 1328 926 dico
1350 897 1442 926 vobis:
1465 898 1522 926 Non
1544 901 1585 927 est
1607 898 1760 935 discipulus
1775 906 1861 935 supra

1012 944 1189 981 magistrum,
1211 952 1262 974 nec
1282 945 1424 981 apostolus
1456 945 1544 974 maior
1576 945 1687 974 domino
1716 954 1804 974 suo».
1830 946 1861 974 Et

1011 990 1072 1019 ideo
1092 991 1201 1027 arguit:
1231 991 1265 1020 Si
1290 1000 1335 1020 me
1356 992 1504 1029 persecuti
1530 996 1613 1026 sant,
1635 996 1661 1021 et
1688 1001 1738 1021 vos
1763 1001 1860 1029 perse-

1012 1041 1147 1075 quentur.
1171 1038 1202 1066 Et
1230 1038 1299 1066 illud
1325 1041 1367 1069 est
1388 1046 1576 1076 consequens,
1598 1042 1645 1073 ut,
1672 1039 1693 1068 si
1715 1039 1812 1067 odiunt
1833 1043 1860 1068 et

1012 1087 1222 1121 persequuntur
1244 1088 1351 1122 eaput,
1373 1085 1447 1122 quod
1463 1085 1545 1114 etiam
1560 1086 1700 1114 membra.
1717 1086 1792 1114 Unde
1807 1086 1859 1114 Au—

1012 1130 1192 1168 gustinus¹⁰:
1226 1143 1239 1156 «
1256 1132 1372 1161 Recusat
1400 1140 1460 1161 esse
1484 1132 1511 1161 in
1540 1141 1656 1170 corpore
1688 1133 1734 1170 qui
1767 1133 1860 1161 odium

1012 1178 1107 1207 mundi
1131 1187 1185 1207 non
1207 1179 1267 1207 vult
1288 1179 1426 1208 sustinere
1447 1187 1510 1208 cum
1526 1180 1614 1216 capite
1629 1191 1655 1207 ».
1678 1180 1716 1208 De
1732 1188 1861 1217 persecu-

1013 1225 1086 1254 tione
1101 1226 1207 1263 eapz'tis
1222 1226 1342 1255 hahetur
1357 1226 1383 1254 in
1400 1227 1522 1255 Psalmo:
1542 1239 1556 1252 «
1571 1227 1710 1256 Persecuti
1732 1231 1797 1256 sunt
1812 1228 1860 1256 ho-

1012 1272 1115 1301 minem
1129 1273 1240 1309 inopem
1260 1275 1288 1302 et
1308 1273 1465 1302 mendicum
1480 1277 1508 1302 et
1522 1277 1719 1310 compunctum
1735 1274 1818 1303 corde
1833 1286 1859 1302 ».

1012 1319 1071 1348 Non
1092 1320 1181 1348 solum
1198 1323 1404 1357 persequentur
1418 1320 1446 1348 in
1467 1320 1551 1354 facto,
1573 1320 1620 1349 sed
1642 1324 1818 1349 contemnent
1833 1321 1860 1349 in

1012 1366 1107 1395 eorde:
1124 1367 1156 1396 Si
1174 1375 1336 1396 sermonem
1351 1376 1447 1396 meum
1467 1372 1677 1402 servaverunt,
1693 1371 1717 1396 et
1731 1371 1861 1396 vestrum

1011 1413 1187 1448 servabunt,
1210 1414 1237 1443 id
1258 1418 1316 1449 est,
1338 1415 1410 1452 sicut
1437 1423 1530 1443 meum
1560 1423 1716 1444 sermonem
1738 1418 1860 1444 contem-

1012 1463 1144 1497 pserunt,
1166 1461 1204 1489 ita
1218 1465 1245 1490 et
1259 1464 1401 1495 vestrum3
1417 1462 1506 1490 Lucae
1527 1461 1635 1490 decimo
1647 1463 1685 1490 ¹¹:
1706 1473 1720 1487 «
1735 1462 1786 1498 Qui
1811 1470 1858 1491 vos

1012 1506 1090 1535 audit
1111 1515 1156 1536 me
1176 1507 1269 1541 audit,
1291 1510 1319 1536 et
1339 1507 1387 1544 qui
1416 1515 1464 1536 vos
1493 1507 1599 1544 spernit
1619 1516 1663 1536 me
1685 1509 1799 1545 spernit.
1823 1525 1859 1529 —

1012 1553 1062 1582 Vel
1076 1558 1279 1588 servaverunt,
1294 1554 1321 1582 id
1335 1556 1389 1588 est,
1405 1554 1627 1583 observaverunt
1641 1555 1675 1583 ad
1690 1555 1860 1583 calumnian-

1012 1600 1095 1635 dum;
1117 1600 1245 1630 Matthaei
1267 1600 1399 1638 vigesimo
1420 1601 1554 1630 secundo:
1582 1613 1595 1626 «
1610 1601 1747 1631 Abeuntes
1768 1602 1863 1631 Phari-

1012 1647 1068 1676 saei
1089 1647 1234 1676 consilium
1265 1647 1403 1682 inierunt,
1425 1651 1457 1677 ut
1485 1648 1574 1677 lesum
1602 1652 1733 1685 caperent
1754 1649 1781 1677 in
1803 1657 1861 1678 ser-

1012 1702 1132 1729 mone»;
1146 1698 1174 1723 et
1188 1695 1215 1723 in
1232 1695 1349 1724 Psalmo:
1366 1706 1379 1720 α
1394 1695 1559 1724 Observabit
1573 1699 1701 1732 peccator
1715 1696 1821 1724 iustum
1832 1708 1859 1723 ».

1013 1758 1050 1762 —
1066 1741 1097 1770 Et
1111 1742 1194 1770 etiam
1208 1745 1418 1779 persequuntur
1433 1742 1565 1771 mundani
1580 1746 1664 1780 caput
1678 1745 1705 1771 et
1719 1743 1859 1776 membra,

1013 1796 1068 1817 non
1089 1792 1300 1826 persequuntur
1321 1792 1404 1826 caput
1419 1793 1533 1826 propter
1547 1789 1688 1824 membra,
1704 1790 1750 1819 sed
1766 1798 1781 1819 e
1795 1798 1860 1819 con-

1013 1843 1113 1870 verso3
1135 1835 1208 1864 unde
1229 1836 1311 1865 dicit:

1092 1882 1138 1911 34.
1160 1882 1250 1919 (Vers.
1273 1882 1341 1918 21.).
1365 1883 1420 1912 Sed
1441 1882 1511 1911 haee
1532 1883 1632 1912 omnia
1651 1882 1762 1921 facient
1782 1883 1861 1912 vobis

1009 1933 1131 1967 propter
1151 1938 1256 1959 nomen
1275 1939 1389 1965 meum,
1417 1931 1520 1960 scilicet
1547 1931 1711 1965 delendum,
1734 1940 1784 1968 pro
1806 1940 1861 1968 quo

1012 1977 1085 2006 beati
1099 1977 1181 2011 estis;
1196 1977 1270 2006 unde
1285 1978 1413 2006 Matthaei
1428 1978 1526 2015 quinto
1539 1978 1577 2006 12:
1598 1989 1611 2003 «
1623 1978 1695 2006 Beati
1707 1978 1781 2012 estis,
1797 1986 1861 2007 cum

1877 621 1904 640 De
1916 621 2005 640 secundo.

1878 1557 1946 1577 Aliter.

1012 2033 1062 2054 vos
1082 2025 1221 2062 persecuti
1244 2025 1348 2054 suerint
1369 2025 1495 2054 homines
1515 2028 1542 2054 et
1564 2025 1687 2054 dixerint
1706 2034 1787 2054 omne
1803 2028 1879 2054 ma-‘

1013 2072 1073 2100 lum
1094 2071 1242 2101 adversum
1265 2080 1328 2106 vos,
1350 2072 1514 2101 mentientes
1540 2075 1653 2109 propter
1675 2080 1719 2101 me
1734 2084 1760 2100 ».
1784 2073 1860 2101 Ratio

1074 2245 1083 2259 ⁷
1102 2248 1168 2270 Vers.
1185 2248 1206 2269 6.
1223 2250 1246 2269 et
1262 2247 1285 2269 7.
1302 2247 1343 2270 Ed.
1359 2253 1413 2269 cum
1432 2253 1477 2269 uno
1503 2247 1622 2275 alteroque
1646 2246 1698 2268 cod.
1716 2249 1738 2268 et
1755 2247 1859 2269 Gorrano

1012 2286 1096 2310 omittit
1113 2293 1136 2309 v.
1154 2287 1181 2309 6:
1202 2287 1327 2316 Tempus...
1340 2288 1465 2315 paratum.

1075 2324 1084 2337 Β
1103 2326 1168 2348 Vers.
1186 2325 1223 2348 41.
1240 2338 1271 2342 —
1287 2325 1332 2348 Csr.
1354 2326 1421 2348 Rom.
1439 2325 1464 2353 9,
1486 2325 1526 2347 13:
1546 2325 1608 2347 Sicut
1625 2325 1736 2352 scriptum
1754 2328 1788 2347 est
1805 2324 1860 2354 [Ma-

1012 2365 1071 2388 lach.
1089 2366 1110 2394 1,
1127 2366 1148 2387 2.
1166 2365 1237 2393 seq.]:
1256 2364 1323 2386 Iacob
1340 2364 1420 2391 dilexi,
1438 2364 1496 2386 Esau
1516 2366 1593 2386 autem
1620 2364 1673 2386 odio
1699 2363 1777 2385 habui.
1801 2364 1860 2386 Vide

1012 2405 1117 2432 Hieron„
1130 2405 1143 2426 l.
1156 2403 1285 2426 Comment.
1298 2403 1320 2425 in
1332 2404 1403 2425 Amos
1415 2404 1441 2430 2,
1456 2403 1491 2425 Η,
1504 2409 1581 2431 seqq,
1593 2406 1615 2425 et
1628 2403 1738 2431 August.y
1752 2403 1825 2425 Serm.
1839 2403 1859 2425 4.

1013 2444 1078 2473 (alias
1095 2444 1125 2466 de
1141 2443 1243 2466 Diversis
1261 2442 1310 2472 415.)
1328 2449 1348 2465 c.
1368 2443 1389 2464 3.
1407 2449 1429 2465 n.
1447 2443 1468 2465 3.
1486 2449 1551 2471 seqq.

1075 2481 1085 2495 ⁹
1103 2483 1201 2510 Vulgata
1219 2481 1337 2505 sermonis
1354 2481 1411 2509 mei,
1429 2488 1496 2511 quem
1515 2488 1557 2511 eqo
1575 2481 1633 2504 diri.
1646 2494 1677 2498 —
1689 2481 1792 2504 Subinde
1809 2482 1859 2504 alle-

1014 2525 1082 2550 gatur
1104 2522 1164 2543 loan.
1191 2521 1230 2549 13,
1250 2521 1291 2547 16,
1309 2520 1331 2542 in
1348 2526 1395 2549 quo
1412 2520 1448 2542 ed.
1467 2527 1520 2543 cum
1538 2520 1637 2548 Vulgata
1655 2520 1713 2544 Non
1726 2522 1760 2543 est
1775 2526 1859 2544 servus

1012 2560 1092 2583 maior
1109 2559 1204 2583 domino
1221 2565 1265 2582 suo
1282 2565 1325 2587 pro
1343 2559 1397 2582 Non
1414 2560 1449 2582 est
1464 2558 1595 2588 disciputus
1612 2565 1688 2588 supra
1705 2559 1858 2589 vmqistrum,

1013 2606 1074 2629 quae
1090 2598 1162 2621 verba
1179 2601 1254 2621 sumta
1272 2601 1324 2621 sunt
1341 2604 1368 2620 ex
1385 2599 1440 2621 Luc.
1457 2599 1484 2625 6,
1508 2598 1546 2620 40.
1562 2598 1592 2620 ab
1609 2599 1647 2621 ed.
1663 2599 1731 2621 etiam
1755 2599 1859 2627 allegato.

1076 2637 1096 2652 ¹⁰
1114 2639 1137 2661 ln
1149 2639 1209 2660 loan.
1228 2639 1313 2666 Evang.
1327 2640 1354 2660 tr.
1373 2637 1410 2660 87.
1421 2644 1443 2659 n.
1457 2638 1486 2660 2:
1506 2646 1517 2657 α
1530 2638 1631 2660 Recusas
1648 2644 1698 2660 esse
1716 2639 1736 2660 in
1754 2645 1859 2667 corpore,

1013 2678 1033 2701 si
1050 2684 1097 2701 non
1114 2678 1149 2700 vis
1166 2678 1245 2700 odium
1264 2677 1345 2699 mundi
1363 2677 1475 2699 sustinere
1491 2683 1544 2699 cum
1563 2677 1637 2705 capite
1649 2686 1670 2699 n.
1683 2679 1712 2700 lta
1725 2678 1780 2705 legit
1790 2678 1859 2699 etiam

1014 2717 1051 2740 ed.
1058 2726 1064 2744 ;
1081 2717 1149 2739 codd.
1167 2722 1221 2738 cum
1238 2717 1341 2738 Gorrano
1358 2715 1467 2738 exhibent
1483 2718 1568 2738 textum
1589 2719 1707 2743 nostrum,
1725 2717 1811 2739 omisso
1829 2720 1859 2739 ta-

1014 2762 1067 2778 men
1086 2755 1175 2778 mutzdt'.
1193 2768 1224 2772 —
1242 2755 1350 2783 Sequitur
1376 2755 1410 2777 Ps.
1430 2755 1486 2782 108,
1506 2755 1547 2782 17,
1564 2761 1634 2784 queni
1652 2756 1749 2783 August.
1767 2756 1859 2785 exponit

1013 2795 1043 2818 de
1061 2795 1114 2817 tuda
1132 2797 1154 2816 et
1171 2794 1260 2816 ludaeis
1276 2794 1391 2817 Christum
1409 2794 1505 2823 eiusque
1523 2794 1628 2816 membra
1645 2794 1848 2823 persequentibus.

1076 2832 1094 2845 ¹¹
1113 2834 1179 2855 Vers.
1198 2833 1233 2855 16.
1251 2845 1282 2849 —
1300 2833 1349 2855 Duo
1366 2839 1432 2861 seqq.
1450 2833 1491 2855 loci
1510 2836 1563 2855 sunt
1580 2834 1657 2855 lilattli.
1669 2834 1711 2860 22,
1731 2834 1767 2856 15.
1784 2837 1806 2856 et
1824 2834 1857 2856 Ps.

1014 2873 1056 2900 36,
1075 2873 1111 2894 12.

1077 2910 1096 2923 ¹²
1115 2912 1179 2933 Vers.
1198 2911 1234 2932 tt.
1246 2923 1277 2927 -—
1289 2910 1392 2933 Subinde
1410 2911 1537 2938 allegantur
1555 2911 1615 2933 loen.
1634 2912 1659 2938 8,
1678 2912 1715 2933 19.
1731 2914 1753 2933 et
1772 2910 1808 2938 17,
1820 2911 1859 2933 25.
