2296 3316
245 629 324 648 Divisio.

197 1100 222 1118 Ex
226 1098 293 1123 positio
301 1098 331 1117 lit-

231 1123 302 1142 tei-alis.

217 1146 245 1165 De
259 1146 325 1170 primo.

227 1170 325 1193 Proponit.

235 1428 325 1448 Assumit,

344 173 380 201 50

960 170 1130 199 COMMENT.
1154 170 1185 199 lN
1207 169 1443 199 ECCLESIASTEN
1464 170 1492 198 C.
1516 170 1556 198 Vl.

1111 320 1271 348 CAPlTULUM
1294 319 1335 347 Vl.

422 431 514 462 Tertio
534 430 694 461 detestatur
716 429 884 465 avaritiam,
906 429 972 469 quia
993 429 1109 459 divitiae

469 478 629 518 frequenter
650 476 832 508 devolvuntur
853 476 889 506 ad
910 477 1063 507 extraneos.

424 575 474 603 Est
494 578 517 602 et
539 573 623 602 aliea!
643 572 755 601 malum
777 575 828 601 etc.
851 572 941 608 Supra
968 571 1102 605 ostendit,
1123 571 1192 599 divi-

344 622 394 651 tias
414 629 473 651 esse
494 620 724 653 contemnendas,
740 622 768 648 et
788 619 853 656 quia
874 627 928 647 non
950 618 1038 647 ditant
1053 626 1192 656 possesso-

344 677 387 698 res
409 677 488 702 suos,
510 670 538 697 et
558 667 624 705 quia
645 667 806 704 frequenter
828 675 882 695 non
905 666 1133 694 transmittuntur
1158 665 1191 693 ad

343 719 476 753 posteros.
500 715 545 744 Hic
568 715 649 743 tertio
663 713 782 743 ostendit
802 721 861 742 esse
883 712 1106 746 contemnendas,
1127 712 1193 749 quia

342 762 507 801 frequenter
535 761 729 791 devolvantur
757 761 797 789 ad
816 763 984 792 extraneos,-
1006 760 1058 788 hoc
1080 758 1191 796 quidem

342 810 406 839 tacit
428 810 479 838 hoc
501 809 605 838 ordine.
635 808 726 837 Primo
754 807 866 845 quidem
889 807 1047 836 insinuatur
1075 805 1193 835 divitia-

342 865 411 885 rum
443 859 685 885 conservaturum
708 854 884 887 translatio:
912 853 1033 882 secundo
1054 861 1134 887 vero,
1156 856 1194 881 te-

342 903 481 932 nacitatis
502 902 662 935 detestatio,
685 901 736 929 ibi:
753 901 786 930 Si
804 900 936 937 petiuerit
957 900 1104 938 quispiam
1127 902 1192 933 etc.;

344 951 425 980 tertio
446 949 627 986 subiungitur
648 948 843 977 detestationis
866 947 957 981 ratio,
980 947 1032 975 ibi:
1064 948 1194 975 Frustra

345 997 437 1035 eyitur
460 996 534 1025 venit
555 999 606 1025 etc.

423 1044 511 1079 (Vers.
538 1045 559 1072 l.
583 1043 631 1079 2).
655 1043 744 1071 Primo
766 1041 851 1079 igitur
873 1040 1049 1069 Ecclesiastes
1071 1040 1194 1069 conside-

344 1092 415 1120 ravit
436 1091 595 1120 vanitatem
627 1091 841 1126 consequentem
873 1088 972 1116 divites
1002 1090 1029 1116 et
1057 1086 1195 1124 proponit

343 1148 419 1173 eam,
442 1138 569 1167 assumit
589 1140 616 1166 et
637 1136 790 1165 concludit.
812 1135 954 1172 Proponit
974 1134 1083 1163 dicens:
1107 1135 1156 1162 Est
1170 1137 1196 1162 et

344 1187 427 1216 aliud
448 1186 578 1219 malum,
600 1185 678 1223 quod
700 1184 761 1213 vidi
780 1183 833 1212 sub
854 1183 929 1217 ωλι»,-
958 1186 985 1211 et
1005 1184 1137 1219 aggravat
1158 1189 1195 1209 ex

344 1232 565 1263 circumstantia:
589 1233 623 1260 Et
644 1232 721 1269 quod
741 1235 780 1259 est
794 1230 932 1269 frequens
953 1230 1036 1267 apud
1051 1228 1193 1262 homines,

345 1282 371 1310 id
393 1285 433 1310 est
454 1280 528 1317 apud
549 1280 674 1308 infirmos
695 1278 790 1307 mundi
812 1278 958 1307 dilectores
983 1280 1010 1306 et
1031 1276 1139 1310 divites,
1161 1276 1195 1304 de

344 1328 447 1366 quibus
469 1327 592 1356 l'salmus
608 1327 633 1354 ¹:
661 1337 673 1351 «
689 1325 745 1354 Filii
769 1325 926 1359 hominum,
948 1332 1096 1361 usquequo
1117 1322 1195 1360 gravi

345 1376 426 1405 corde
436 1379 447 1403 ‘t
469 1375 502 1403 [t
523 1374 590 1411 quid
610 1373 723 1410 diligitis
744 1372 892 1401 vanitatem
914 1375 942 1401 et
962 1371 1097 1409 quaeritis
1119 1378 1195 1399 men-

344 1422 480 1451 dacium»
500 1424 551 1449 etc.
571 1437 610 1441 —-
628 1420 660 1448 Et
680 1419 806 1448 assumit
827 1419 991 1452 vanitatem,
1014 1426 1085 1455 quae
1107 1420 1195 1445 atten—

344 1470 419 1498 ditur
441 1469 468 1497 in
491 1469 551 1502 hoc,
574 1468 648 1505 quod
669 1467 778 1496 divitias
800 1469 958 1501 conservat,
980 1469 1006 1495 et
1021 1466 1092 1494 alius
1113 1465 1195 1494 devo-

346 1520 404 1550 rat;
426 1516 486 1544 ideo
507 1515 584 1543 dicit:
614 1514 673 1548 Vir,
696 1514 754 1544 cui,
766 1514 844 1542 Deus
859 1513 936 1542 dedit
956 1513 1091 1546 divitias,
1107 1520 1195 1549 quan-

346 1568 405 1592 tum
426 1563 460 1591 ad
486 1562 612 1595 mobilia;
634 1565 658 1590 et
688 1561 900 1594 substantiam,
923 1562 1059 1597 quantum
1090 1559 1124 1588 ad
1146 1559 1196 1587 im-

347 1610 471 1642 mobilia;
501 1613 525 1637 et
547 1608 682 1642 honores,
711 1611 848 1645 quantum
869 1607 903 1636 ad
931 1607 1068 1636 sublimia.
1098 1606 1196 1635 Omnia

346 1658 419 1686 enim
440 1665 455 1685 a
477 1657 544 1685 Deo:
568 1656 687 1684 divitiae
708 1664 723 1684 a
744 1656 816 1689 Deo;
840 1654 1053 1684 Proverbiorum
1075 1654 1156 1683 tertio
1169 1654 1194 1681 2;

352 1716 364 1728 =‹
381 1703 532 1740 Longitudo
553 1702 661 1731 dierum
684 1702 710 1730 in
732 1702 848 1731 dextera
876 1702 952 1735 eius,
980 1704 1007 1730 et
1029 1701 1056 1729 in
1085 1701 1197 1730 sinistra

348 1751 420 1780 illius
441 1750 552 1778 divitiae
573 1753 600 1778 et
621 1749 746 1786 gloria».
771 1749 801 1777 Et
821 1748 989 1777 substantia
1011 1756 1027 1776 a
1048 1748 1117 1781 Deo,
1139 1756 1196 1776 ma-

348 1799 421 1827 xime
437 1798 495 1829 illa,
517 1797 550 1826 de
565 1805 621 1834 qua
648 1796 828 1825 Ecclesiastici
853 1796 959 1825 decimo
980 1795 1075 1824 tertio:
1096 1807 1109 1820 «
1125 1795 1198 1823 Bona

346 1849 387 1875 est
408 1845 574 1878 substantia,
591 1844 634 1873 cui
658 1852 712 1872 non
727 1846 768 1872 est
783 1846 926 1880 peccatum
943 1843 969 1871 in
992 1842 1195 1871 conscientia».

347 1893 477 1921 Similiter
499 1891 652 1921 honoratio
667 1899 683 1919 a
698 1891 766 1924 Deo;
786 1890 859 1919 unde
874 1890 994 1918 Danielis
1008 1889 1106 1927 quinto
1126 1889 1198 1917 dixit

348 1940 441 1969 Daniel
464 1940 618 1968 Ralthasar:
640 1938 687 1966 «Ο
709 1940 776 1967 rex!
799 1938 873 1966 Deus
901 1937 1051 1965 attissimus
1079 1943 1197 1973 regnum

347 1992 373 2016 et
388 1987 619 2024 magnificentiam
634 1989 661 2015 et
677 1986 809 2014 honorem
831 1984 906 2013 dedit
920 1984 992 2021 patri
1014 1987 1100 2012 tuo».
1120 1983 1152 2011 Et
1166 1986 1198 2011 ut

347 2038 519 2064 consummet
531 2034 679 2070 perlectam
692 2031 889 2061 abundantiam
905 2031 1042 2060 bonorum
1057 2030 1197 2064 fortunae,

348 2081 505 2118 subiungit:
530 2081 563 2108 Et
584 2078 659 2108 uiltii
671 2080 747 2108 deest
767 2078 886 2107 animae
900 2086 972 2106 suae
993 2086 1028 2105 ex
1049 2077 1197 2111 omuibus,

347 2137 421 2165 quae
443 2127 601 2159 desiderat,
617 2126 682 2162 quia
700 2125 870 2154 sufficienter
887 2125 977 2153 habet.
994 2124 1136 2153 Animam
1151 2132 1198 2153 vo-

348 2178 391 2203 cat
413 2175 457 2202 hic
472 2174 554 2202 vitam
577 2173 728 2205 carnalem,
744 2173 777 2201 de
798 2181 854 2209 qua
872 2172 979 2200 Ioannis
999 2171 1197 2200 duodecimo³:

353 2233 366 2245 <r
381 2221 433 2257 Qui
461 2223 534 2248 amat
555 2219 674 2248 animam
703 2227 781 2247 suam
804 2218 899 2255 perdet
920 2227 980 2247 eam
996 2230 1022 2246 ».
1050 2218 1088 2246 lta
1115 2218 1199 2246 habet

348 2267 544 2297 abundantiam
566 2266 599 2295 ad
619 2266 827 2303 possidendum,
850 2268 877 2294 et
899 2268 990 2293 tamen
1006 2265 1089 2293 habet
1109 2264 1199 2293 avari-

350 2316 414 2345 tiam
435 2315 468 2344 ad
497 2314 688 2347 retinendum,
718 2321 788 2350 quae
816 2312 907 2341 aufert
935 2312 959 2341 ei
988 2312 1136 2349 potentiam
1165 2311 1199 2340 ad

349 2362 513 2395 fruendum;
536 2361 596 2390 ideo
611 2360 767 2397 subiungit:
790 2358 847 2388 Nec
869 2359 973 2387 tribuit
986 2359 1013 2387 ci
1030 2352 1200 2395 potestatem

352 2410 443 2443 Deus,
465 2412 497 2437 ut
518 2408 647 2437 comedat
675 2416 709 2436 eac
730 2416 777 2441 eo,
800 2407 866 2444 quia
887 2406 955 2435 illud
984 2406 1114 2435 continue
1136 2413 1200 2434 con-

349 2459 441 2484 servat
462 2459 488 2483 et
510 2455 629 2487 srustra;
645 2454 719 2483 unde
740 2453 920 2482 Ecclesiastici
935 2452 1041 2481 decimo
1063 2452 1198 2489 quart04:

355 2515 367 2527 «
383 2502 447 2530 Viro
469 2502 568 2538 cupido
589 2505 616 2530 et
640 2501 724 2529 tenaci
752 2501 810 2529 siue
832 2500 938 2529 ratione
959 2503 1001 2528 est
1029 2499 1199 2533 substantia;

350 2552 376 2577 et
399 2548 502 2577 bomini
525 2548 608 2576 livido
628 2548 662 2576 ad
683 2547 751 2585 quid
769 2555 873 2575 aurum
893 2549 930 2574 n?
951 2547 1004 2575 Nec
1030 2546 1088 2583 ipse
1111 2546 1200 2574 utitur

350 2604 399 2624 nec
422 2596 539 2632 posteri,
562 2595 608 2624 sed
630 2595 726 2628 alieni;
748 2594 822 2623 unde
847 2594 937 2622 addit:
961 2593 1016 2622 Sed
1041 2592 1124 2621 homo
1151 2602 1199 2621 ex-

1219 433 1221 440 ¹
1250 432 1371 457 araneus
1403 428 1516 457 vorabit
1548 428 1642 462 ittucl;
1674 429 1747 458 unde
1780 429 1959 459 Ecclesiastici
1994 429 2100 459 decimo

1249 478 1364 512 quarto:
1399 475 1481 511 «Qui
1510 478 1621 504 acervat
1649 484 1685 504 ex
1713 476 1806 505 animo
1834 484 1885 505 suo
1913 476 2014 506 iniuste
2040 477 2101 506 aliis

1249 525 1411 559 congregat,
1433 525 1459 550 et
1481 522 1507 550 in
1531 522 1608 551 bonis
1629 522 1703 551 illius
1724 523 1795 552 alius
1817 523 2009 553 luxuriabitur
2020 535 2051 559 »;
2073 527 2100 553 et

1250 569 1463 598 l‘roverbiorum
1485 569 1592 598 decimo
1614 570 1710 598 tertio:
1737 570 1923 599 «Custoditur
1944 571 2017 600 iusto
2035 571 2100 600 sub-

1249 617 1350 645 stantia
1364 617 1517 654 peccatoris
1527 628 1554 645 ».
1568 634 1604 637 —
1616 617 1648 645 Et
1662 625 1698 646 ex
1714 617 1766 646 hoc
1781 616 1872 654 infert
1885 617 2049 647 vanitatem:
2067 619 2102 647 Et

1250 663 1302 692 ltoc
1322 663 1441 692 vanitas
1462 667 1487 692 et
1512 664 1634 692 miseria
1661 672 1774 701 maana
1794 668 1853 693 est:
1874 664 2008 699 van-itas,
2034 665 2101 702 quia

1251 711 1308 747 ipse
1339 719 1393 739 non
1427 711 1560 745 laetatur;
1582 711 1718 744 miserta,
1751 711 1829 748 quia,
1857 711 1911 740 alio
1940 712 2099 746 auferente,

1251 758 1394 792 tristatur;
1417 757 1499 787 Isaiae
1521 758 1626 795 primo:
1654 769 1667 783 «
1683 758 1828 795 Regionem
1855 760 1975 787 vestram
2006 767 2099 788 coram

1251 805 1329 834 vobis
1349 805 1429 834 alieni
1453 805 1614 834 devorant»
1641 808 1692 834 etc.

1330 852 1418 888 (Vers.
1435 852 1483 886 3.).
1500 851 1533 880 Si
1544 852 1677 889 genuerit
1691 852 1841 890 quispiam
1855 856 1907 881 etc.
1927 852 1974 881 Hic
1988 855 2101 882 notatur

1251 899 1416 927 tenacitatis
1437 899 1583 927 detestatio
1604 899 1711 927 ratione
1725 899 1882 936 praedictae
1900 899 2101 934 translationis,

1251 949 1279 975 et
1306 946 1485 983 reprehendit
1512 946 1599 982 ipsam
1627 946 1816 981 tenacitatem,
1844 949 2102 984 quantumcumque

1252 993 1352 1022 habeat
1372 993 1556 1022 successivam
1581 993 1802 1030 prosperitatem.
1826 993 1974 1030 Propterea
1994 993 2102 1023 subdit:

1252 1040 1285 1069 Si
1303 1040 1437 1077 yenuerit
1464 1040 1615 1078 quispiam
1635 1043 1750 1068 centum
1777 1040 1896 1074 liberate,
1925 1040 2103 1078 hyperbolice

1251 1087 1357 1115 dictum
1377 1090 1433 1121 est,
1450 1086 1475 1115 id
1497 1090 1539 1116 est
1552 1087 1655 1116 multos
1676 1087 1791 1121 liberos;
1807 1087 1874 1124 quia
1887 1087 1950 1116 mali
1972 1087 2103 1125 frequen-

1252 1137 1294 1163 ter
1309 1137 1442 1171 generant
1458 1133 1527 1163 filios
1542 1134 1641 1168 malos,
1656 1134 1689 1163 de
1704 1134 1808 1171 quibus
1825 1143 1879 1163 non
1895 1137 1936 1164 est
1956 1134 2102 1172 gaudium,

1252 1181 1335 1210 etiam
1349 1181 1371 1210 si
1386 1181 1441 1210 sint
1462 1181 1558 1215 multi;
1575 1182 1754 1211 Ecclesiastici
1769 1182 1875 1211 decimo
1890 1182 2003 1211 sexto⁵z
2020 1182 2103 1211 «Non

1252 1228 1413 1258 iucunderis
1445 1229 1471 1257 in
1503 1228 1566 1257 siliis
1597 1229 1703 1266 impiis;
1726 1229 1746 1258 si
1780 1229 2016 1266 multiplicantur,
2048 1238 2103 1258 non

1252 1275 1398 1304 oblecteris
1426 1283 1511 1312 super
1539 1275 1600 1304 illos
1619 1287 1645 1303 ».
1668 1276 1815 1305 Abundare
1843 1276 1906 1305 filiis
1934 1276 2104 1313 prosperitas

1252 1326 1293 1352 est
1314 1322 1488 1359 temporalis3
1511 1325 1538 1351 et
1559 1323 1686 1360 sequitur
1708 1323 1761 1352 alia
1782 1323 1951 1360 prosperitas
1966 1326 2104 1360 tempora-

1253 1370 1300 1399 lis:
1324 1370 1359 1398 Et
1380 1369 1484 1398 vixerit
1505 1369 1611 1398 multos
1632 1378 1742 1404 anuos,
1765 1370 1792 1399 id
1806 1373 1848 1399 est
1869 1378 1918 1407 per
1940 1370 2042 1399 multos
2055 1378 2104 1399 an-

1253 1425 1321 1451 n0s;
1344 1420 1369 1445 et
1386 1416 1489 1454 plures
1517 1417 1577 1445 dies
1606 1417 1710 1445 aetatis
1732 1416 1884 1451 habuerit,
1912 1417 2017 1446 scilicet
2036 1425 2103 1454 prae

1252 1464 1312 1492 aliis
1334 1464 1508 1497 liominibus;
1530 1467 1557 1492 et
1573 1464 1640 1492 haec
1661 1464 1773 1501 quidem
1789 1464 1959 1501 prosperitas
1980 1467 2021 1493 est
2037 1467 2104 1493 tem-

1253 1511 1363 1548 poralis.
1386 1512 1459 1540 Hanc
1480 1512 1692 1548 prosperitatem
1714 1512 1875 1549 frequenter
1890 1512 1993 1541 habent
2014 1511 2103 1549 impii;

1254 1558 1327 1587 unde
1348 1558 1420 1587 infra
1441 1558 1593 1595 septimo⁶z
1621 1570 1634 1583 «
1649 1559 1740 1595 Longo
1763 1562 1886 1595 tempore
1907 1558 2010 1595 impius
2037 1558 2105 1587 vivit

1254 1605 1281 1633 in
1303 1605 1442 1642 impietate
1463 1613 1514 1634 sua
1528 1617 1555 1639 n,
1578 1605 1599 1634 si
1622 1605 1665 1634 his
1686 1605 1918 1642 prosperitatibus
1945 1605 2104 1634 abundave-

1254 1653 1298 1681 rit.
1322 1653 1357 1681 Et
1378 1652 1480 1681 anima
1503 1652 1584 1681 iltius
1604 1661 1662 1681 uon
1684 1656 1790 1681 utatur
1819 1652 1900 1681 bonis
1923 1652 2105 1681 substantiae

1253 1708 1342 1734 suae,
1365 1699 1392 1728 id
1411 1703 1464 1733 est,
1488 1703 1570 1728 tenax
1593 1700 1677 1728 suerit
1698 1702 1725 1728 et
1746 1708 1848 1728 avarus
1869 1700 1896 1728 iu
1920 1699 1989 1734 vita;
2010 1699 2104 1737 sepul-

1255 1750 1380 1785 turaque
1406 1751 1507 1775 careat
1536 1746 1563 1775 in
1589 1749 1694 1780 morte,
1723 1746 1877 1775 secundum
1904 1746 1979 1784 quod
2006 1746 2040 1775 de
2065 1746 2104 1774 10-

1254 1793 1344 1822 achim
1369 1793 1472 1822 dicitur
1501 1793 1630 1822 leremiae
1657 1793 1789 1830 vigesimo
1817 1792 1953 1822 secundo:
1980 1792 2105 1830 «Sepul-

1255 1844 1319 1869 tura
1332 1840 1400 1869 asiui
1417 1840 1566 1877 sepelietur
1589 1840 1720 1874 loacbim,
1736 1840 1909 1877 putrefactus
1923 1843 1950 1869 et
1964 1840 2105 1877 proiectus

1254 1890 1336 1916 extra
1350 1890 1444 1924 portas
1460 1887 1607 1916 Ierusalem
1619 1899 1646 1915 ».
1663 1903 1699 1908 —
1715 1887 1760 1915 His
1774 1886 1978 1916 conditionibus
1992 1894 2106 1924 prospe-

1255 1934 1344 1968 ritatis
1365 1937 1392 1962 et
1414 1934 1568 1963 tenacitatis
1590 1934 1761 1971 praemissis,
1783 1934 1927 1971 subiungit
1950 1933 2108 1963 detestatio-

1255 1989 1334 2010 nem:
1359 1981 1398 2009 Dc
1419 1980 1470 2009 hoc
1495 1990 1545 2018 eqo
1568 1981 1746 2018 pronuntio,
1777 1984 1908 2018 tanquam
1937 1981 2022 2010 iudex
2051 1983 2106 2009 ter-

1256 2036 1321 2062 rae;
1343 2028 1420 2066 quod
1440 2028 1542 2057 metior
1564 2028 1611 2056 itio
1632 2028 1671 2056 sit
1691 2028 1857 2062 abortivus,
1886 2031 1999 2065 propter
2024 2027 2106 2056 mise-

1256 2075 1381 2103 rianret
1402 2075 1549 2104 vanitatem
1573 2075 1704 2109 multam,
1727 2075 1829 2112 quibus
1850 2075 1994 2104 abortivus
2015 2077 2105 2108 caret;

1256 2122 1329 2151 unde
1350 2122 1452 2151 dicitur
1475 2122 1519 2150 lol·
1542 2122 1622 2150 tertio
1635 2122 1660 2150 ⁷:
1682 2134 1694 2146 «
1711 2122 1802 2158 Quare
1824 2130 1877 2150 non
1893 2122 1919 2150 in
1935 2122 2019 2150 vulva
2033 2129 2107 2150 mor—

1257 2172 1322 2198 tuus
1343 2172 1425 2198 sum?
1439 2169 1531 2205 Quare
1552 2177 1681 2206 egressus
1695 2169 1728 2197 dc
1744 2171 1824 2197 utero
1839 2177 1893 2197 uon
1908 2169 1999 2198 statim
2015 2169 2107 2206 perii?

1256 2215 1347 2252 Quare
1376 2218 1511 2252 exceptus
1539 2215 1674 2252 genibus?
1702 2215 1758 2244 Cur
1780 2216 1896 2245 lactatus
1920 2216 2056 2245 uberibus
2070 2218 2106 2243 »Ἰ

1258 2263 1288 2291 Et
1310 2263 1411 2291 iterum
1427 2263 1549 2291 decimo:
1574 2274 1587 2287 «
1602 2263 1693 2298 Quare
1714 2262 1747 2291 de
1769 2263 1853 2291 vulva
1873 2262 1994 2292 eduxisti
2014 2270 2057 2291 me
2071 2264 2106 2290 »ἵ

1336 2310 1424 2346 (Vers.
1447 2310 1473 2338 lt.
1498 2311 1522 2337 5.
1547 2311 1572 2338 (5.
1596 2311 1643 2346 7.).
1661 2310 1790 2338 Frustra
1804 2310 1880 2339 euim
1901 2310 1977 2339 venit
1992 2313 2043 2339 etc.
2060 2309 2106 2338 Hic

1257 2357 1437 2394 subiungitur
1461 2357 1541 2385 tertio
1569 2357 1763 2385 detestationis
1784 2357 1879 2391 ratio,
1908 2357 2012 2386 scilicet
2032 2356 2106 2394 quod

1258 2404 1309 2433 isto
1330 2404 1412 2433 modo
1444 2404 1531 2433 tenaci
1564 2404 1661 2432 melior
1693 2404 1728 2432 sit
1748 2404 1906 2438 abortivus,
1928 2404 2009 2441 quia,
2036 2403 2107 2433 sicut

1257 2452 1400 2480 abortivus
1421 2451 1526 2480 frustra
1555 2451 1629 2480 venit
1649 2454 1676 2479 et
1698 2451 1787 2488 pergit
1815 2451 1848 2480 ad
1871 2451 2013 2484 tenebras,
2042 2450 2108 2488 quia

1258 2499 1349 2528 statim
1372 2499 1506 2532 moritur,
1535 2498 1573 2527 sic
1595 2501 1622 2527 ct
1649 2498 1715 2532 iste;
1743 2498 1803 2527 ideo
1831 2498 1947 2527 dicitur:
1977 2498 2107 2526 Frustra

1257 2546 1334 2574 enim
1356 2545 1432 2574 uenit
1451 2549 1477 2574 et
1496 2545 1590 2582 ρει-92]
1612 2545 1653 2573 ad
1673 2544 1821 2579 tenebras,
1851 2545 1954 2573 scilicet
1982 2544 2039 2581 ipse
2067 2546 2106 2573 te-

1258 2601 1329 2626 nax;
1358 2592 1404 2621 lob
1426 2592 1545 2624 tertioss:
1573 2592 1667 2620 «Viro
1690 2591 1771 2620 cuius
1798 2591 1957 2620 abscondita
1981 2594 2023 2620 est
2047 2591 2109 2625 via,

415 2740 421 2753 ¹
442 2742 522 2764 Psalm.
541 2741 566 2767 t,
585 2742 606 2763 3.

414 2780 422 2792 ²
443 2782 506 2803 vers.
528 2781 562 2802 16.
580 2793 608 2796 —
627 2781 759 2809 Sequuntur
782 2780 913 2806 Ect·li.,1l3,
931 2781 968 2802 30.
991 2783 1013 2802 et
1036 2780 1093 2802 Dan.
1115 2779 1141 2807 5,
1164 2779 1202 2801 18:

352 2820 369 2841 0
387 2826 452 2841 rexm
471 2820 534 2841 dedit
552 2819 763 2841 Nabuchodonosor
780 2820 839 2847 patri
857 2822 903 2845 luo.

415 2857 424 2870 ³
443 2859 506 2880 Vers.
525 2858 563 2880 ²25.
574 2870 605 2875 —
617 2859 728 2886 Superius
746 2859 762 2880 E
780 2858 897 2880 substituit
909 2858 957 2880 sine
970 2858 1098 2880 sufficiente
1115 2857 1203 2879 ratione

352 2899 500 2920 ronsmmnet
517 2904 558 2925 pro
576 2897 707 2920 rom-ludat.

415 2936 424 2948 ⁴
443 2937 507 2958 vers.
525 2937 546 2958 3,
563 2949 594 2953 -
607 2936 710 2959 Subinde
721 2937 847 2964 allegantur
859 2937 926 2959 Eccli.
941 2936 980 2963 14,
993 2936 1018 2963 sbi
1032 2936 1100 2958 prov.
1116 2936 1153 2963 13,
1166 2936 1203 2957 22.

352 2980 372 2997 et
392 2976 440 2999 lsai.
462 2977 479 3003 1,
496 2975 518 2997 7.

1321 2738 1330 2750 ⁵
1349 2739 1415 2761 Vers.
1433 2739 1441 2760 t
1453 2746 1458 2760 z
1472 2738 1526 2760 Ne.u
1538 2738 1556 2759 si
1570 2737 1756 2765 multiplicentur,
1768 2743 1809 2759 uec
1822 2734 1943 2759 oblecteris
1955 2742 2025 2764 super
2037 2736 2107 2764 ipsos

1321 2777 1331 2790 ⁰
1349 2779 1415 2801 Vers.
1431 2778 1474 2799 ¹16:
1493 2777 1578 2805 impius
1595 2778 1667 2799 multo
1684 2776 1742 2798 vivit
1758 2779 1863 2804 tempore
1880 2776 1902 2798 iu
1920 2776 2006 2798 malitia
2015 2781 2065 2798 sua.
2076 2787 2107 2792 -

1260 2818 1368 2847 Sequitur
1394 2819 1434 2840 ter.
1459 2818 1501 2841 22.
1527 2817 1561 2839 19.
1580 2828 1612 2833 —-
1630 2816 1723 2838 inferius
1745 2822 1771 2838 ex
1798 2816 1813 2837 E
1836 2815 1969 2838 addidimus
1991 2816 2107 2844 tanquam

1260 2857 1332 2880 indm
1349 2859 1435 2880 terrae.

1322 2894 1330 2907 '¹
1348 2897 1413 2919 Vers.
1433 2896 1467 2918 Η.
1489 2896 1528 2922 12,
1546 2895 1584 2918 ubi
1604 2901 1646 2923 pro
1664 2894 1745 2922 Quare
1761 2900 1870 2923 cqressus
1887 2893 1996 2916 deutero
2009 2893 2109 2921 Vulgata

1259 2941 1369 2964 esp-essus
1386 2941 1416 2957 ea:
1433 2936 1509 2957 utero.
1528 2933 1584 2956 ibid.
1600 2934 1643 2960 10,
1661 2934 1699 2955 18.
1715 2936 1749 2955 est
1766 2939 1814 2961 seq.
1832 2933 1902 2955 locus.

1323 2972 1332 2985 Β
1351 2974 1416 2996 Vers.
1433 2974 1471 2995 233.

2117 625 2222 645 Concludit.

2118 860 2146 880 Do
2157 860 2244 880 seeundo.

2136 1001 2163 1020 De
2177 1002 2246 1026 tempo·
2268 1011 2270 1023 i

2120 1025 2155 1044 tali
2170 1030 2245 1049 prospe-

2120 1049 2183 1068 ritate.

2123 1894 2210 1914 Eiusdem
2219 1894 2250 1914 de·
2275 1881 2277 1907 'i

2141 1918 2222 1938 testatio.

2125 2317 2151 2336 De
2164 2317 2226 2336 tertio.
