2296 3316
254 638 281 657 De
293 639 376 658 secundo

288 664 339 680 actu.

278 1578 304 1597 De
319 1578 375 1597 tertio

297 1605 347 1620 acm.

259 2003 287 2022 De
304 2004 370 2027 quarto

260 2029 303 2046 actu
317 2027 362 2045 duo.

263 2191 359 2215 Respecto

246 2215 373 2234 subditorum.

391 177 446 205 164

389 263 472 291 quam
488 255 592 288 inveni,
603 263 689 292 quam
704 263 817 289 rumor,
832 263 916 292 quem
930 255 1023 284 audivi
1039 267 1065 283 ».
1085 255 1139 284 Hoc
1159 255 1240 284 etiam

389 310 488 331 verum
510 302 561 331 suit
582 302 616 331 de
644 305 739 331 nostro
770 303 927 336 Salvatore;
948 302 1023 331 unde
1045 303 1172 332 Matthaei
1195 303 1241 331 de-

390 349 461 377 cimo
481 352 595 386 quarto:
623 361 636 374 α
651 349 760 377 Audivit
782 349 923 378 tetrarcha
944 349 1044 378 samam
1071 349 1105 378 de
1134 350 1194 379 lesu
1215 352 1242 378 et

389 396 428 425 ait
448 396 544 433 pueris
564 396 622 425 suis
637 408 650 421 ι»
676 400 727 425 etc.
750 397 804 425 lloc
825 396 908 425 etiam
941 404 1040 425 verum
1062 399 1104 425 est
1124 397 1157 425 de
1179 404 1241 434 per-

391 443 462 473 fecto
492 443 630 481 sapiente;
660 443 840 472 Ecclesiastici
872 443 1004 480 vigesimo
1035 446 1151 481 quarto:
1184 444 1241 472 «ln

390 491 480 520 medio
501 491 595 529 populi
617 491 660 520 sui
682 490 868 525 exaltabitur,
890 494 918 519 et
939 491 966 519 111
989 491 1159 528 plenitudiue
1181 499 1242 519 san-

390 541 433 568 cta
452 538 638 568 admirabitur
652 550 678 566 n.

468 586 557 622 (Vers.
583 586 648 621 12).
678 586 828 614 Tacentem
848 594 906 619 nze,
923 585 949 614 id
963 588 1018 619 est,
1033 585 1101 622 quid
1115 585 1241 618 doceam,

390 633 650 670 praemeditantem
673 633 700 662 in
723 632 868 662 Psalmo¹:
895 644 907 658 a
923 632 960 661 Os
982 632 1046 661 iusti
1063 631 1242 660 meditabitur

390 680 552 717 sapientiam
567 692 594 708 ».
617 680 820 715 Sustinebant,
842 680 869 709 id
890 684 947 714 est,
963 680 990 708 in
1012 679 1121 709 silentio
1142 687 1242 716 exspe-

390 727 517 761 ctabunt,
545 739 558 753 a
572 736 627 756 non
649 728 783 757 audentes
798 728 912 766 loqui»,
935 726 1087 756 secundum
1102 726 1241 759 Glossam

389 773 435 801 Iob
463 774 596 811 vigesimo
623 783 715 803 nono:
743 787 756 800 «
779 774 981 812 Exspectabam
1008 782 1052 803 me
1081 774 1153 802 sicut
1181 773 1242 810 plu-

389 820 475 854 viam,
496 823 524 849 et
543 821 706 858 aperiebant
720 830 751 850 os
771 829 855 851 suum
877 822 950 851 sicut
969 821 1004 850 ad
1025 821 1143 850 imbrem
1166 828 1242 849 sero-

389 866 477 895 tinum
489 879 516 895 ».
534 868 569 896 Et
583 868 740 906 loquentem
758 871 825 902 etc.‚
840 868 1057 897 taciturnitatem
1072 871 1147 897 recte
1163 875 1242 904 prae-

387 913 462 942 misit
483 914 627 948 locutioni,
642 915 723 952 quia,
738 915 893 944 secundum
908 915 1106 952 Hieronymum
1121 915 1146 949 2,
1167 926 1180 940 «
1194 914 1242 943 do-

387 961 476 990 ctrina
497 961 667 998 Pythagorae
688 965 749 990 erat
775 964 869 991 tacere
893 971 943 999 per
971 962 1194 1000 quinquennium
1215 965 1243 991 et

388 1011 483 1045 postea
503 1008 627 1037 eruditos
649 1008 724 1045 loqui
741 1020 767 1036 υ.
791 1010 823 1037 Et
840 1009 997 1047 loquentem
1013 1018 1057 1038 nte
1071 1009 1241 1047 respicient,

388 1055 492 1084 scilicet
511 1055 667 1092 diligenter,
697 1059 724 1084 et
746 1056 798 1084 hoc
819 1056 847 1084 in
869 1056 979 1093 signum
1001 1056 1173 1091 attentionis;
1197 1057 1243 1086 Iob

390 1101 521 1138 vigesimo
552 1101 670 1130 nono⁸:
701 1113 714 1127 α
738 1102 835 1131 Intenti
871 1103 999 1132 tacebant
1028 1104 1064 1132 ad
1095 1104 1242 1133 consilium

388 1157 481 1178 meum
494 1161 520 1177 ».
550 1150 586 1178 Et
605 1149 818 1178 semnocinunte
846 1158 891 1178 ¹rne
908 1151 1016 1187 plura,
1046 1151 1093 1180 sed
1118 1160 1172 1180 non
1196 1159 1243 1181 su-

387 1196 497 1234 perssua
518 1197 575 1226 sive
596 1196 700 1231 multa,
722 1196 789 1233 quia
814 1208 827 1222 α
843 1197 870 1225 10
893 1197 1071 1235 multiloquio
1085 1210 1113 1232 »‚
1136 1199 1193 1228 sive
1215 1199 1243 1228 in

389 1244 583 1281 superfluitate
611 1244 779 1277 verborum,
807 1256 820 1268 «
842 1252 895 1272 non
928 1244 1017 1273 deerit
1049 1249 1193 1282 peccatum
1215 1258 1242 1280 »,

390 1291 604 1320 Proverbiorum
625 1290 739 1320 decimo.
762 1291 845 1325 Nota,
861 1291 936 1328 quod
952 1291 1156 1329 pluralitatem
1178 1301 1242 1322 con-

388 1338 509 1367 stituunt
523 1338 591 1372 (100,
614 1338 657 1367 vel
672 1338 738 1371 tria,
754 1337 801 1367 sed
816 1346 870 1366 non
885 1338 1112 1367 multitudinem.
1136 1340 1243 1368 Manus

389 1385 436 1413 ori
449 1393 503 1414 suo
526 1385 686 1422 imponent;
700 1384 830 1413 Glossa4:
858 1396 871 1409 «
882 1385 941 1413 Non
956 1385 1090 1415 audentes
1112 1386 1243 1415 resistere

388 1431 456 1460 mihi
475 1442 505 1466 »;
535 1432 580 1461 Iob
608 1432 740 1469 vigesimo
768 1440 859 1461 nono:
894 1444 907 1457 a
930 1432 1071 1469 Principes
1099 1433 1243 1462 cessabant

390 1479 481 1516 loqui,
503 1483 530 1508 et
550 1479 668 1517 digitum
688 1480 914 1517 superponebant
934 1480 975 1508 ori
999 1488 1050 1508 suo
1065 1492 1092 1508 ».

467 1527 558 1563 (Vers.
583 1527 648 1561 13).
664 1528 837 1560 ,Praeterea
856 1535 911 1564 per
938 1526 1032 1562 lianc,
1061 1528 1165 1558 scilicet
1192 1537 1242 1566 per

389 1574 564 1611 sapientiam,
587 1573 694 1603 habebo
722 1574 986 1609 immortalitatem,
1009 1575 1113 1604 scilicet
1139 1576 1243 1613 gloriae

388 1624 517 1649 aeternae
538 1621 566 1649 in
595 1621 685 1655 caelo;
708 1621 924 1650 Proverbiorum
952 1622 1070 1651 tertio⁵:
1097 1634 1110 1648 «κ
1127 1622 1242 1660 Lignum

390 1667 462 1696 vitae
482 1670 524 1696 est
551 1667 593 1696 1115
613 1668 663 1705 qui
691 1668 928 1705 apprehenderint
949 1676 1008 1697 eam
1024 1680 1051 1697 ».
1083 1670 1118 1698 Et
1137 1678 1243 1697 memo-

388 1715 484 1747 riam,-
506 1714 616 1744 Glossa:
642 1727 655 1740 «
671 1716 794 1744 Meorum
816 1723 933 1752 operum
955 1719 982 1744 et
1004 1716 1180 1750 virtutum»,
1195 1724 1242 1744 ae-

389 1765 518 1796 ternam,
541 1762 568 1791 id
589 1766 631 1792 est
659 1766 835 1800 perpetuam,
864 1762 999 1800 quamdiu
1027 1763 1140 1792 durabit
1161 1772 1242 1792 mun-

389 1809 458 1843 dus;
480 1808 526 1838 liis
540 1810 593 1848 qui
608 1814 676 1847 post
689 1819 734 1839 nw
753 1809 855 1848 futuri
874 1814 957 1844 sunt,
973 1810 1155 1849 relinquanz‚·
1177 1811 1241 1839 Pro

388 1857 551 1886 verbiorum
573 1858 692 1887 decimo:
720 1870 733 1883 α
747 1858 878 1887 Memoria
898 1858 964 1887 iusti
985 1866 1050 1887 cum
1073 1858 1203 1888 laudibus
1214 1870 1242 1893 »3

388 1903 415 1931 in
437 1903 559 1933 Psalmo:
585 1915 599 1929 <x
617 1904 644 1933 In
665 1905 800 1933 memoria
820 1908 934 1934 aeterna
955 1904 1008 1933 erit
1029 1905 1121 1934 iustus
1134 1917 1161 1933 ».

468 1951 631 1987 Disponam
652 1954 704 1980 etc.
728 1951 774 1981 Hic
795 1955 948 1989 tanguntur
969 1952 1042 1981 bona
1062 1960 1112 1989 per
1135 1952 1242 1989 sapien-

388 1998 452 2027 tiam
475 1998 569 2027 habita
583 1999 673 2036 quoad
689 2003 790 2028 aetum
804 2000 937 2037 regendi,
959 2002 987 2029 et
1000 2000 1091 2037 primo
1112 2003 1242 2037 respectu

387 2045 574 2074 subditorum
582 2055 592 2079 ‚·
620 2046 757 2080 secundo,
784 2050 913 2084 respectu
935 2051 1160 2076 eaetraneorum:
1196 2048 1243 2076 Ti-

387 2092 504 2121 mebunt
523 2095 575 2121 etc.

466 2140 556 2176 (Vers.
582 2140 647 2176 tlt).
680 2140 752 2169 Dicit
782 2149 864 2178 ergo:
896 2141 1076 2178 Disponam;
1107 2142 1241 2171 Glossafl:

393 2198 406 2211 u
422 2186 552 2215 Erudiam
569 2199 595 2221 »,
617 2187 738 2225 regendo
759 2188 862 2217 scilicet
884 2191 911 2217 et
932 2189 1128 2225 gubernando,
1147 2198 1242 2226 popu-

388 2233 443 2268 los,
475 2234 573 2271 Legem
605 2234 747 2263 habentes.
771 2235 892 2272 Populus
922 2235 995 2264 enim
1023 2239 1065 2264 est
1092 2235 1242 2265 multitudo

388 2280 533 2309 hominum
555 2281 607 2310 sub
632 2289 689 2310 una
716 2281 775 2319 lege
803 2281 956 2311 viventium
969 2282 988 2316 ⁷,
1015 2285 1047 2311 ut
1068 2282 1161 2311 Iudaei·
1187 2283 1241 2312 sub

981 176 1151 206 COMMENT.
1175 177 1206 206 IN
1227 177 1420 206 SAPIENTIAM
1442 177 1469 205 C.
1492 177 1556 205 VIII.

1299 256 1357 293 lege
1379 255 1471 293 Moysi.
1496 256 1531 284 Et
1551 255 1697 291 nationes,
1719 256 1746 285 id
1770 259 1812 285 est
1832 257 1948 293 gentiles
1973 259 2070 296 Legem
2093 268 2148 288 non

1299 302 1445 337 habentes,
1467 306 1494 332 et
1507 302 1647 332 dicuntur·
1661 303 1808 337 nationes‘,
1830 304 1896 341 quia
1910 313 1963 333 non
1986 305 2088 339 renati,
2103 306 2150 334 sed

1299 348 1326 377 in
1358 349 1509 378 nativitatis
1542 349 1689 386 praeputio
1719 352 1747 378 et
1781 349 1848 378 vitio
1880 353 2091 387 permanentes3
2123 351 2149 379 iu

1300 396 1422 424 Psalmo:
1442 407 1455 420 «
1470 395 1592 424 Subiecit
1613 396 1730 432 populos
1755 396 1834 425 nobis
1859 399 1887 425 et
1913 400 2009 434 gentes
2030 397 2082 426 sub
2103 405 2151 434 pe-

1298 442 1381 479 dibus
1396 442 1498 471 nostris
1510 453 1539 476 »;
1556 442 1639 471 Isaiae
1660 443 1892 480 quinquagesimo
1907 444 2017 480 quinto:
2043 455 2057 469 α
2069 444 2150 478 Ecce,

1300 492 1397 518 testem
1423 489 1533 526 populis
1563 489 1625 518 dedi
1646 497 1724 523 eum,
1756 489 1856 518 ducem
1883 497 1915 518 ac
1942 492 2150 527 praeceptorem

1299 535 1429 573 gentihus
1441 547 1466 564 ».
1485 535 1637 570 Nationes,
1659 535 1877 573 inquam,qmilzi
1896 540 1983 565 erunt
2002 537 2149 572 subditae,

1299 590 1350 619 per
1371 583 1562 612 obedientiam.

1379 630 1468 667 (Vers.
1494 631 1558 667 15).
1589 630 1739 659 Timebunt
1752 638 1797 658 nze
1816 629 1968 658 audientes
1983 639 2063 668 reyes
2084 630 2272 684 ''⁰²‘'exi‘r‘32'222'n'i

1301 677 1401 711 rendi,
1423 677 1450 706 id
1471 681 1513 707 est
1541 678 1650 715 tyranni
1672 681 1700 707 et
1727 677 1819 714 impii;
1847 677 1922 707 unde
1949 686 2045 707 omnes
2073 687 2152 717 reges

1300 732 1349 760 per
1380 724 1530 754 circuitum
1552 725 1615 754 sacti
1647 728 1713 754 sunt
1733 725 1874 754 tributarii
1897 725 2049 760 Salomoni,
2078 726 2151 755 tertii

1300 771 1404 808 Regum
1428 772 1536 807 nono⁸;
1558 772 1624 802 item
1646 772 1729 801 Isaiae
1751 772 1935 810 sexagesimo:
1956 784 1970 798 «
1984 772 2100 803 Venient
2118 773 2151 803 ad

1300 821 1326 846 te
1341 818 1420 847 curvi
1437 819 1485 847 tilii
1500 827 1598 848 eorum
1613 820 1661 857 qui
1678 819 1897 849 humiliaverunt
1912 823 1972 849 te».
1986 821 2021 849 Et
2035 820 2067 850 in
2081 821 2153 850 mul-

1300 865 1436 900 titudine,
1456 878 1469 891 «
1481 866 1586 896 scilicet
1607 867 1729 896 fidelium
1742 879 1769 902 »,
1785 867 1877 896 bonus
1891 867 2018 903 videbor,
2038 868 2091 898 «id
2111 872 2153 898 est

1300 912 1437 950 benignus
1450 925 1478 947 »‚
1504 917 1529 942 et
1550 914 1582 943 in
1608 914 1690 949 bello,
1718 927 1731 940 «ι
1753 914 1857 944 scilicet
1879 914 2108 945 adversariorum
2123 928 2150 950 »‚

1299 957 1396 995 fortis.
1419 960 1488 989 Haec
1503 961 1595 990 omnia
1616 961 1808 999 spiritualiter,
1823 962 1976 996 secundum
1993 962 2117 993 Glossam
2129 963 2150 998 ⁹,

1299 1005 1413 1043 impleta
1434 1011 1499 1036 sunt
1520 1008 1548 1037 in
1573 1008 1683 1038 Christo
1705 1011 1732 1037 et
1752 1009 1787 1038 de
1814 1009 1874 1047 ipso
1894 1010 1996 1047 exponi
2017 1013 2150 1047 possunt,

1300 1056 1332 1082 ut
1352 1057 1428 1091 patet
1449 1055 1602 1092 inspicienti
1624 1056 1741 1085 Glossas.

1448 1156 1538 1187 Tertio,
1556 1157 1647 1188 propter
1663 1157 1721 1181 bona
1737 1157 1880 1188 pertinentia
1895 1157 1925 1181 ad
1941 1157 2016 1182 vitm

1621 1196 1831 1227 contemplativam.

1380 1291 1469 1327 (Vers
1495 1291 1560 1327 16.).
1583 1292 1705 1320 Intrans
1727 1292 1760 1320 in¹
1779 1291 1899 1320 domum
1924 1300 2033 1326 meam,
2062 1291 2090 1321 id
2110 1295 2152 1322 est

1300 1338 1512 1372 conscientiam,
1534 1338 1637 1367 scilicet
1658 1338 1800 1368 redeundo
1821 1338 1854 1368 de
1872 1347 1941 1368 cura
1962 1339 2097 1368 exteriori
2118 1339 2152 1368 ad

1300 1385 1474 1419 interiorem,
1490 1385 1562 1414 sicut
1587 1397 1600 1410 α
1615 1385 1769 1422 discipuli»
1788 1389 1850 1423 post
1871 1386 2103 1423 praedicationem
2117 1386 2151 1415 ad

1299 1432 1449 1460 Dominum
1476 1444 1488 1457 «ε
1504 1435 1570 1461 sunt
1591 1432 1696 1461 reversi
1719 1440 1783 1461 cum
1811 1432 1912 1470 gaudio
1927 1444 1954 1467 »,
1975 1437 2008 1462 ut
2029 1433 2150 1462 habetur

1299 1479 1388 1507 Lucae
1416 1479 1523 1508 decimo
1536 1479 1566 1507 ¹⁰.
1590 1479 1732 1508 Praemisit
1753 1482 1847 1509 autem
1868 1480 2003 1509 actionem
2030 1482 2152 1509 contem-

1299 1526 1413 1563 plationi
1445 1527 1551 1555 ratione
1583 1527 1715 1564 temporis
1727 1550 1734 1561 ,
1766 1535 1821 1555 non
1853 1527 1960 1557 ratione
1992 1527 2151 1565 dignitatis,

1299 1573 1373 1602 sicut
1395 1573 1440 1602 Lia
1467 1577 1531 1603 ante
1559 1574 1672 1609 Rachel,
1694 1574 1807 1603 Genesis
1823 1574 1954 1612 vigesimo
1974 1583 2056 1604 nono.
2080 1575 2152 1604 Con-

1300 1620 1449 1658 quiescanz
1470 1629 1537 1649 euni
1558 1621 1627 1655 illa,
1651 1621 1677 1650 id
1698 1625 1753 1656 est,
1774 1622 1858 1650 simul
1878 1622 2019 1659 quiescam
2040 1622 2069 1651 in
2090 1622 2152 1657 illa,

1300 1671 1328 1696 et
1349 1668 1396 1696 illa
1417 1676 1527 1697 mecum
1548 1668 1591 1697 vel
1613 1668 1641 1697 in
1662 1677 1719 1703 me;
1742 1668 1922 1698 EcclesiastIci
1949 1668 2090 1706 trigesimo
2111 1677 2153 1698 se-

1302 1715 1393 1744 cundo
1405 1716 1443 1744 ¹¹:
1465 1728 1477 1741 «
1493 1716 1645 1745 praecurre
1666 1716 1744 1753 prior
1759 1716 1786 1745 in
1804 1716 1919 1746 domum
1934 1719 2027 1751 tuam,
2049 1719 2077 1746 et
2097 1716 2153 1745 illic

1301 1771 1417 1792 avocare
1444 1766 1472 1792 et
1500 1763 1555 1792 illic
1577 1764 1664 1793 lude»
1684 1766 1735 1793 etc.
1758 1764 1829 1793 Bene
1850 1764 1924 1793 dixi:
1946 1764 2151 1803 Conquiescam

1301 1819 1370 1839 cunt
1397 1810 1468 1844 illa‚·
1492 1820 1552 1841 non
1579 1811 1656 1840 enim
1684 1810 1767 1840 habel
1794 1811 2046 1847 amaritudinem,
2075 1815 2153 1841 exte—

1302 1857 1384 1887 rioris
1405 1858 1587 1892 turbationis,
1609 1859 1791 1888 conversatio
1812 1859 1909 1894 illius,
1931 1859 1958 1888 id
1979 1862 2021 1888 est
2041 1859 2153 1889 cohabi-

1301 1904 1383 1939 tatio,
1407 1905 1586 1934 Ecclesiastici
1607 1905 1741 1943 vigesimo
1762 1910 1878 1943 quarto:
1905 1918 1919 1931 «
1933 1906 2053 1943 Spiritus
2072 1914 2153 1935 111005

1301 1960 1387 1989 super
1409 1953 1463 1982 mel
1484 1953 1573 1982 dulcis
1594 1964 1625 1987 »;
1647 1958 1699 1982 nec
1720 1954 1866 1988 taedium,
1888 1953 1992 1983 scilicet
2012 1953 2153 1985 interioris

1300 1999 1469 2034 afflictionis,
1491 2001 1640 2029 convietus
1661 2001 1757 2034 illius,-
1771 2001 1889 2030 ibidem:
1908 2001 1986 2038 «Qui
2008 2001 2094 2030 edunt
2107 1999 2153 2029 me

1293 2047 1393 2075 'adhuc
1407 2048 1569 2083 esurient»,
1586 2051 1682 2077 contra
1703 2048 1853 2077 fastidium.
1874 2048 1945 2077 Haec
1958 2048 2027 2083 duo,
2048 2048 2153 2077 scilicet
2171 2052 2276 2074 Νοιωιαωι

1300 2094 1472 2123 amaritudo
1494 2095 1643 2124 exterioris
1657 2095 1825 2124 turbationis
1845 2098 1873 2124 et
1889 2095 2020 2124 taedium
2040 2095 2153 2125 interio-

1300 2140 1340 2169 ris
1359 2140 1529 2176 afflictionis,
1544 2145 1702 2179 repugnant
1716 2142 1811 2179 quieti.
1828 2142 1860 2170 Et
1874 2141 1935 2171 ideo
1949 2142 1996 2171 illa
2016 2145 2153 2176 removet,

1300 2188 1472 2227 subiungens
1493 2189 1549 2218 duo
1569 2189 1708 2226 opposita,
1730 2197 1794 2218 011111
1815 2187 1896 2218 dicit:
1919 2189 1974 2218 Sed
1995 2189 2151 2224 laetitiam,

1300 2236 1404 2265 scilicet
1426 2236 1558 2270 interius,
1579 2240 1604 2265 et
1624 2236 1787 2274 quintium,
1809 2236 1913 2265 scilicet
1933 2236 2076 2271 exterius;
2103 2236 2151 2265 Ec-

1300 2283 1443 2312 clesiastici
1465 2283 1555 2320 primo
1571 2284 1610 2312 ¹2:
1640 2294 1653 2309 «
1670 2283 1871 2313 Iucunditatem
1902 2285 1988 2321 atque
2018 2283 2150 2321 gaudium

452 2410 459 2423 ¹
478 2412 560 2434 Psalm.
579 2412 621 2439 36,
639 2413 676 2435 30.
693 2425 723 2429 —
742 2413 875 2442 Sequuntur
897 2415 976 2436 Glossa
997 2413 1173 2438 interlinearis:
1191 2416 1240 2438 Non

388 2450 507 2473 audebunt
524 2452 602 2480 quui;
620 2452 659 2474 Iob
676 2452 719 2479 29,
737 2452 774 2474 23.

450 2489 459 2502 ²
477 2490 607 2513 Comment.
630 2491 654 2513 in
678 2492 749 2514 Eccle.
773 2492 798 2520 3,
816 2492 844 2515 7:
866 2493 1032 2521 Pythagoricos
1056 2492 1239 2523 rem-,quorum

388 2529 492 2552 doctrina
512 2533 547 2552 est
567 2533 644 2552 tacere
668 2536 710 2559 per
734 2531 934 2560 quinquennium,
951 2535 975 2554 et
992 2534 1071 2560 postea
1089 2532 1192 2555 eruditos
1209 2533 1241 2555 Io-

388 2569 441 2598 qui,
458 2569 511 2591 hinc
528 2570 641 2598 originem
659 2570 696 2592 sui
713 2571 808 2593 traxisse
824 2571 917 2593 decreti.

450 2606 460 2620 ’³
479 2609 544 2631 Vei-s.
562 2610 599 2631 21.
617 2610 697 2632 Glossa
715 2609 889 2633 interlinearis:
909 2611 937 2634 Et
958 2610 1091 2641 toquentem
1107 2617 1144 2634 me
1168 2611 1241 2641 respi-

389 2647 460 2676 cient,
480 2649 559 2671 attenti
577 2649 605 2671 ad
624 2655 743 2672 sermones
760 2653 832 2672 meos.
849 2660 880 2667 -ι
899 2650 1008 2679 Sequitur
1025 2651 1093 2673 Prov.
1113 2651 1149 2678 10,
1167 2651 1203 2673 19.

451 2686 461 2699 ‘¹
479 2688 568 2710 Scilicet
584 2687 745 2711 interlinearis
762 2690 891 2712 secundum
909 2689 1039 2712 Rehanum.
1057 2701 1088 2707 —
1105 2691 1158 2719 Seq.
1177 2691 1241 2713 locus

389 2729 423 2749 est
440 2726 479 2749 lob
496 2727 539 2755 29,
557 2728 578 2749 9.

451 2765 461 2777 ⁵
479 2766 543 2789 Vers.
562 2767 598 2789 18.
615 2779 647 2783 -
665 2768 797 2796 Sequuntur
819 2769 898 2791 Glossa
922 2768 1083 2792 interlinearis
1101 2768 1239 2797 (secundum

389 2804 534 2835 Rubanum);
552 2806 620 2828 Prov.
639 2807 678 2834 ⁴0,
696 2807 720 2829 7.
735 2810 758 2829 et
774 2808 808 2830 Ps.
828 2808 880 2835 111,
898 2808 920 2830 7.

450 2843 460 2856 ⁴³
477 2845 565 2873 Nempe
582 2845 750 2869 interlinearis.

452 2882 460 2895 '¹
478 2884 571 2911 Cicero,
588 2886 603 2907 Ι.
621 2885 651 2907 de
668 2885 766 2914 Republ.
783 2892 804 2908 c.
821 2886 866 2908 25:
884 2887 985 2914 Populus
1006 2890 1084 2909 autem
1102 2893 1147 2909 nou
1164 2887 1241 2909 omnis

389 2923 512 2946 hominum
529 2926 609 2946 coetus
627 2930 723 2953 quoquo
740 2925 813 2948 modo
829 2928 998 2954 congregatus
1015 2926 1056 2948 sed
1078 2928 1159 2948 coetus
1182 2926 1240 2948 mul-

389 2962 493 2985 titudinis
514 2963 571 2985 iuris
594 2969 708 2986 consensu
725 2966 747 2986 et
765 2964 865 2987 utilitatis
882 2965 1046 2988 communione
1068 2965 1176 2988 sociatus.
1192 2965 1239 2988 Cfr.

388 3002 494 3031 August.‚
517 3003 542 3025 ll.
562 3003 592 3026 de
615 3002 664 3026 Civ.
686 3004 740 3032 Dei,
762 3010 782 3026 c.
806 3005 844 3027 21.
865 3011 888 3027 n.
905 3006 935 3032 23
952 3005 1015 3028 XIX.
1032 3011 1053 3027 c.
1070 3005 1108 3028 21.
1130 3011 1154 3028 11.
1174 3005 1195 3027 i.
1218 3007 1241 3028 et

1298 2415 1336 2437 24.
1347 2427 1379 2431 —
1392 2415 1478 2443 isidor„
1496 2416 1534 2438 lx.
1552 2415 1681 2443 Etymolog.
1698 2421 1719 2437 c.
1736 2415 1759 2437 2.
1776 2421 1799 2437 n.
1821 2415 1842 2436 l:
1861 2414 1923 2438 Gens
1940 2416 2017 2436 autem
2035 2415 2149 2442 appellata

1298 2458 1394 2483 propter
1417 2454 1581 2484 qenemtiones
1600 2455 1750 2482 familiarum,
1768 2454 1791 2477 id
1808 2456 1842 2476 est
1859 2460 1872 2476 a
1889 2453 2015 2484 gignendo,
2033 2453 2093 2476 sicut
2108 2460 2149 2477 na·

1299 2493 1330 2517 tio
1348 2500 1360 2516 a
1378 2493 1505 2517 nascendo.
1517 2506 1548 2511 —
1560 2495 1611 2517 Duo
1628 2497 1694 2523 seqq.
1705 2493 1749 2516 Ioci
1765 2496 1819 2516 sunt
1835 2494 1871 2516 Ps.
1884 2493 1926 2522 46,
1940 2492 1960 2515 4.
1974 2495 1996 2515 et
2012 2493 2062 2516 lsai.
2075 2493 2116 2521 55,
2129 2493 2150 2515 4.

1361 2532 1370 2539 ‘¹
1388 2534 1454 2556 Vers.
1472 2534 1513 2556 21:
1531 2534 1618 2556 Horum
1637 2532 1864 2562 [Amorrhaeorum,
1881 2533 2035 2555 Ilclhaeorum
2052 2531 2108 2562 etc.]
2126 2532 2152 2554 si-

1298 2573 1363 2595 lios...
1386 2573 1437 2595 fecit
1462 2573 1569 2595 Salomon
1595 2571 1728 2595 tributarios
1753 2578 1828 2601 usque
1849 2571 1872 2594 in
1896 2571 1958 2594 diem
1982 2572 2050 2594 hanc.
2066 2583 2097 2588 --
2114 2572 2150 2594 Sc—

1298 2614 1401 2640 quuntur
1418 2612 1468 2634 lsai.
1486 2612 1527 2639 60,
1546 2611 1588 2638 14,
1606 2614 1628 2634 et
1644 2614 1678 2634 ter
1695 2612 1775 2634 Glossa
1792 2610 1962 2634 interlinearis.

1361 2649 1371 2662 ¹>
1389 2650 1479 2673 Scilicet
1495 2650 1673 2674 interlinearem
1693 2656 1720 2673 ex
1737 2650 1843 2673 Rabano.
1858 2650 1904 2673 Csr.
1916 2649 2044 2673 ordinaria
2060 2649 2083 2672 in
2094 2657 2116 2672 v.
2128 2650 2149 2679 9,

1299 2690 1336 2712 tl.
1354 2692 1377 2712 et
1395 2690 1432 2712 16.

1362 2728 1382 2741 ¹⁰
1400 2729 1467 2752 Vers.
1488 2729 1522 2751 17.
1537 2741 1569 2746 -—
1587 2729 1691 2752 Subinde
1707 2729 1829 2757 respicitur
1852 2729 1908 2751 Gen.
1925 2729 1966 2757 29,
1984 2729 2022 2751 49.
2038 2735 2104 2758 seqq.
2121 2729 2150 2751 de

1298 2769 1338 2791 Lia
1356 2771 1378 2791 et
1394 2769 1493 2796 Rachel,
1505 2768 1591 2798 quibus
1608 2769 1751 2797 significatur
1768 2769 1814 2791 vita
1831 2768 1906 2791 activa
1924 2771 1946 2791 et
1962 2764 2150 2797 contemplativa.

1298 2808 1344 2832 Csr.
1360 2814 1431 2836 supra
1448 2814 1504 2836 pag.
1521 2808 1564 2836 75,
1581 2810 1635 2831 nota
1653 2809 1675 2831 3.
1692 2810 1714 2830 et
1730 2805 1787 2830 tom.
1804 2808 1838 2830 III.
1855 2813 1909 2836 pag.
1922 2808 1975 2835 610,
1992 2810 2047 2830 nota
2065 2809 2091 2835 2,
2109 2807 2149 2830 ubi

1298 2847 1370 2870 verba
1388 2847 1499 2870 Bernardi
1517 2848 1583 2869 allata
1600 2849 1666 2874 sunt,
1678 2846 1764 2875 qulbus
1780 2847 1915 2873 ostenditur,
1928 2847 1993 2875 quod
2010 2847 2085 2869 activa
2102 2846 2148 2869 vita

1298 2886 1383 2910 debeat
1399 2887 1540 2915 praecedere
1555 2886 1757 2914 contemplativae.

1362 2925 1379 2939 ¹¹
1399 2927 1466 2949 Vers.
1479 2927 1516 2949 15,
1527 2932 1606 2955 seqq.;
1619 2926 1675 2948 ibid.
1687 2925 1729 2953 24,
1746 2925 1784 2948 27.
1796 2928 1819 2948 et
1830 2926 1868 2948 29.
1883 2928 1938 2948 sunt
1955 2925 2002 2948 duo
2019 2931 2085 2954 seqq.
2096 2925 2146 2948 Ioci.

1362 2964 1381 2978 ¹²
1399 2966 1465 2989 Vers.
1483 2966 1520 2988 18.
1536 2977 1568 2982 -
1585 2965 1694 2995 Sequitur
1710 2965 1777 2988 Eccli.
1796 2965 1838 2992 45,
1855 2964 1878 2987 5.
1895 2967 1918 2988 et
1934 2965 1956 2987 6.

2177 971 2270 999 Espositini
2291 969 2296 988 Ι

2168 997 2266 1019 spiritualis
2290 999 2296 1052 ¹
