2296 3316
756 109 925 138 COMMENT.
948 109 980 138 IN
1001 109 1145 138 lOANNEM
1166 110 1194 138 C.
1216 111 1258 139 Vl.

133 188 249 217 latenter
278 188 432 222 dimittere,
453 190 485 216 ut
516 187 608 224 ipsum
629 194 684 215 non
714 186 884 221 invenirent;
916 186 976 215 ideo

133 234 275 271 praemisit
295 234 444 271 discipulos
464 241 542 267 suos,
564 236 595 261 ut
612 232 808 261 descendentes
829 232 863 261 de
884 236 977 261 monte

134 280 352 309 transfretarent.
368 280 515 317 Propterea
528 279 606 308 dicit:
623 279 659 307 Ut
671 282 769 307 autem
783 287 847 307 sero
861 277 977 316 factum

133 330 186 361 est,
208 326 276 355 haec
296 329 337 355 est
358 327 428 355 hora
441 326 575 355 redeundi
596 325 630 354 ad
645 325 807 362 hospitium3
829 325 976 354 descende-

133 376 205 402 runt
228 372 367 410 discipuli
392 373 455 401 eius
476 373 516 401 ad
542 381 642 406 mare,
664 374 696 400 ut
716 371 820 400 scilicet
845 372 977 400 transfre-

133 423 232 449 tarent.

212 467 258 495 27.
280 466 369 503 (Vers.
394 465 459 500 17.).
485 466 609 494 Etcum
636 464 832 493 ascendissent
858 464 976 498 navim,

133 516 274 542 venerunt
293 516 378 541 trans
401 521 485 541 mare
505 512 537 540 in
566 511 788 549 Capharnaum,
816 512 976 545 Venerunt,

133 560 161 589 id
181 561 237 594 est,
259 559 353 588 venire
367 561 533 596 coeperunt,
554 566 604 596 per
619 558 840 595 anticipationem
862 558 976 586 dictum.

133 606 195 635 Ideo
215 609 368 640 venerunt,
386 606 452 642 quia
466 605 503 634 ibi
524 605 657 634 Dominus
671 605 827 639 habitabat;
850 604 977 633 Matthaei

134 655 234 691 quarto
246 654 269 681 ¹:
288 664 302 678 «
316 652 461 681 Descendit
481 652 674 689 Capharnaum
695 654 722 680 et
742 651 876 680 habitavit
897 651 933 680 ibi
948 663 975 679 υ.

212 701 247 729 Et
268 699 398 728 tenebrae
418 699 479 728 iam
500 698 597 736 factae
611 702 662 728 etc.
685 699 817 735 Tangitur
833 699 878 727 hic
893 707 977 735 quar-

111 749 209 781 .tum,
237 746 340 775 scilicet
367 745 509 774 adventus
539 744 649 773 Cbristi
674 745 708 773 ad
736 744 976 778 succurrendum,

133 792 199 829 quia
218 792 269 829 ipsi
291 795 370 821 erant
390 792 419 820 in
439 791 563 828 periculo
584 791 725 820 constituti
744 793 857 827 propter
878 791 977 819 obscu-

133 839 243 868 ritatem
264 838 351 867 noctis
372 841 399 867 et
420 840 609 874 tempestatem
630 837 730 871 maris;
756 837 816 866 ideo
836 837 920 866 dicit:
943 838 979 865 Et

134 885 264 914 tenebrae
285 885 347 914 iam
366 883 464 922 factae
483 887 585 918 erant;
606 892 681 923 ecce,
696 884 852 921 periculum
873 884 977 917 noctis,

134 935 161 961 et
180 932 302 961 maxime
322 932 388 969 quia
408 931 503 960 deerat
523 931 637 965 ductor;
660 931 721 959 ideo
741 931 821 959 dicit:
846 931 879 958 Et
905 939 978 958 non-

134 979 227 1008 dum2
247 982 365 1007 venerat
379 978 419 1006 ad
432 986 479 1006 eos
500 978 598 1011 lesus;
613 977 673 1006 ideo
694 980 773 1006 erant
787 977 814 1005 in
836 977 977 1014 periculo;

133 1025 205 1054 infra
224 1025 402 1054 duodecimo:
428 1035 442 1049 «
460 1024 513 1061 Qui
540 1024 663 1052 ambulat
683 1024 711 1052 in
733 1024 853 1052 tenebris
874 1024 977 1057 nescit,

134 1080 190 1109 quo
210 1071 328 1100 vadat».
352 1071 415 1099 Erat
435 1071 517 1099 etiam
538 1071 693 1107 periculum
708 1070 892 1107 tempestatis;
914 1078 978 1107 pro-

133 1120 229 1155 pterea
249 1117 329 1146 dicit:

213 1165 258 1193 28.
281 1164 370 1200 (Vers.
405 1164 470 1200 18.).
503 1164 584 1192 Marc
615 1167 726 1197 autem,
758 1172 866 1200 mayno
896 1166 978 1191 vento

132 1210 234 1248 flante,
255 1210 436 1247 exsuryebat.
459 1211 532 1239 Mare
553 1210 626 1239 enim
647 1209 775 1246 exsurgit
795 1209 829 1237 ad
851 1212 977 1243 ventum;

134 1257 207 1286 unde
227 1257 306 1286 Ionae
327 1257 418 1294 primo
433 1257 459 1285 ²³:
485 1269 499 1282 «
521 1257 591 1286 Misit
618 1256 752 1285 Dominus
779 1258 892 1284 ventum
921 1264 978 1284 ma—

134 1312 220 1342 gnum
240 1304 268 1333 in
289 1312 381 1338 mare,
402 1307 430 1332 et
450 1304 521 1333 facta
548 1306 590 1332 est
611 1306 758 1340 tempestas
786 1311 884 1340 magna
898 1315 924 1331 ».
947 1303 979 1331 Et

134 1351 200 1388 quia
229 1351 362 1379 Dominus
389 1358 475 1387 prope
502 1353 544 1379 est
576 1362 589 1375 «
610 1350 654 1378 his
678 1350 726 1387 qui
755 1350 887 1379 tribulato
914 1353 979 1378 sunt

134 1397 216 1426 corde
227 1408 258 1432 ”3
273 1397 334 1426 ideo
348 1397 466 1426 insertur
480 1397 615 1425 adventus
635 1396 743 1425 Domini
757 1396 791 1425 ad
812 1404 978 1425 succurren-

134 1444 209 1473 dum.
231 1444 377 1480 Propterea
397 1444 477 1472 dicit:

213 1492 258 1520 29.
281 1491 369 1528 (Vers.
394 1490 459 1527 19.).
484 1490 556 1519 Cum
584 1490 775 1528 remigassent
802 1499 870 1528 erqo
892 1490 980 1528 quasi

134 1538 233 1567 stadia
262 1537 368 1575 viyinti
397 1537 523 1575 quinque
553 1542 606 1566 aut
627 1537 768 1575 t7·i9inta;
799 1537 887 1575 quasi
913 1537 980 1565 dicit

134 1587 248 1622 propter
269 1583 492 1613 incertitudinem
514 1584 593 1621 spatii
615 1584 643 1613 in
662 1584 748 1618 mari;
764 1583 922 1612 victer-unt4
937 1583 980 1611 Ie—

134 1639 201 1659 sum
228 1629 427 1659 ambulantem
453 1639 543 1667 super
563 1639 646 1659 mare
667 1633 692 1658 et
715 1629 889 1666 proximum
908 1629 981 1658 navi

134 1677 215 1715 fieri,
236 1677 270 1706 ad
291 1677 527 1710 succurrendum
550 1677 597 1706 sed
618 1685 673 1705 non
692 1679 882 1713 cognoverunt
902 1684 979 1711 eun1;

134 1724 195 1753 ideo
215 1723 363 1753 subditur:
393 1724 428 1751 Et
448 1723 626 1756 timuerunt‚·
654 1725 682 1751 et
708 1723 778 1751 ratio
806 1722 891 1751 huius
918 1722 980 1750 red-

134 1770 210 1799 ditur
231 1770 314 1799 Marci
335 1772 429 1799 sexto:
456 1781 470 1795 «
485 1770 667 1804 Putaverunt,
689 1769 852 1806 phantasma
872 1777 931 1798 esse
952 1780 979 1796 »,

135 1817 167 1846 Et
180 1817 246 1854 quia
266 1817 402 1846 confortat
415 1817 549 1845 Dominus
570 1816 653 1845 corda.
667 1815 776 1849 timida,
798 1815 859 1844 ideo
873 1815 979 1844 subdit:

214 1864 260 1893 30.
281 1864 370 1901 (Vers.
386 1863 454 1900 ΞΟ.)
471 1863 519 1892 Ille
533 1866 630 1892 autem
644 1863 741 1892 dixit⁵
755 1863 810 1891 eis:
825 1863 884 1900 Eyo
898 1871 979 1897 sum,

135 1911 239 1940 scilicet
266 1911 314 1948 qui
340 1913 473 1947 protego;
502 1910 587 1938 nolite
614 1910 721 1938 timere.
749 1909 818 1938 Cum
846 1909 980 1938 Dominus

135 1957 227 1992 adest,
248 1965 303 1985 non
323 1960 365 1986 est
385 1957 555 1991 timendum,
577 1957 657 1985 iuxta
671 1956 740 1985 illud
760 1956 872 1985 Psalmi:
899 1968 913 1981 a
927 1956 980 1984 Do-

134 2003 228 2032 minus
241 2006 380 2040 protector
396 2011 489 2037 meus3
505 2011 521 2031 a
541 2011 597 2041 quo
612 2003 755 2040 trepidabo
765 2006 802 2032 »?
824 2003 855 2032 Et
875 2011 912 2032 ex
928 2004 980 2032 hoc

136 2049 230 2079 confisi
252 2052 325 2078 sunt.

215 2096 260 2125 31.
283 2096 371 2133 (Vers.
394 2097 463 2133 21).
492 2096 648 2124 Voluerunt
673 2105 740 2134 erqo
761 2097 893 2134 accipere
913 2106 979 2125 eum

136 2143 168 2172 in
187 2143 304 2177 navi-m,
325 2146 504 2180 agnoscentes
524 2146 551 2171 et
572 2150 669 2171 secure
683 2143 852 2180 gaudentes;
874 2147 900 2171 et
919 2147 979 2171 sta-

1819 111 1875 140 323

1034 187 1085 215 tim
1105 186 1165 225 fuit
1183 188 1271 216 navis
1291 188 1331 217 acl
1353 191 1479 223 terram,
1501 188 1532 217 in
1553 197 1643 227 quam
1664 188 1759 223 ibant,
1780 188 1807 217 id
1835 192 1876 218 est

1032 233 1067 261 ad
1087 241 1184 270 quam,
1206 234 1271 271 quia
1291 234 1425 263 Dominus
1445 235 1617 272 omnipotens
1637 235 1673 264 ibi
1695 238 1769 270 erat,
1791 236 1839 272 qui
1860 243 1877 264 a

1033 287 1103 308 nave
1130 288 1184 308 non
1215 281 1392 317 portabatur,
1423 281 1470 310 sed
1501 282 1642 318 portabat;
1674 282 1708 310 ad
1739 282 1875 311 Hebraeos

1033 327 1202 363 prim0⁶:·«
1216 327 1330 356 Portans
1351 328 1443 356 omnia
1470 328 1555 357 verbo
1576 328 1687 357 virtutis
1708 336 1774 358 suae
1794 340 1826 363 »;
1848 331 1876 357 et

1032 373 1148 407 statim,
1170 373 1235 410 quia
1263 374 1415 410 Sapientiae
1442 374 1619 403 duodecimo:
1645 386 1659 400 «
1681 375 1780 403 Subest
1803 375 1876 403 enim

1034 419 1095 454 tibi,
1117 427 1181 448 cum
1203 420 1336 454 volueris,
1358 428 1438 457 posse
1452 432 1478 449 ι).
1501 421 1576 449 Unde
1597 421 1700 458 triplex
1720 421 1772 450 fuit
1792 422 1878 450 mira-

1034 466 1144 500 culum,
1166 466 1269 494 scilicet
1299 474 1383 503 super
1410 475 1486 496 mare
1516 467 1679 502 ambulatio,
1707 468 1876 505 tempestatis

1034 512 1166 550 quietatio
1186 515 1213 541 et
1233 513 1267 541 ad
1288 516 1400 550 portum
1421 514 1591 542 velocissima
1611 514 1764 551 applicatio.

1113 559 1159 588 32.
1192 559 1392 596 Spiritualiter
1422 561 1592 595 notandum,
1620 569 1695 599 quae
1724 561 1811 596 villa,
1842 561 1876 590 ad

1035 612 1118 642 quam
1140 605 1258 639 vadunt,
1280 606 1421 643 quomodo
1443 610 1596 635 transeunt
1622 610 1649 636 et
1677 616 1732 645 quo
1758 607 1876 636 ductore

1034 652 1208 688 perveniunt.
1221 667 1257 672 —
1275 651 1361 686 Villa,
1377 652 1410 680 ad
1431 661 1514 689 quam
1529 653 1646 687 vadunt,
1667 653 1875 690 Capharnaum,

1034 705 1106 734 quae
1120 698 1320 734 interpretatur
1341 698 1411 726 villa
1423 698 1624 735 pulcherrima
1635 699 1655 727 ⁷.
1671 700 1740 728 Haec
1761 703 1802 728 est
1817 708 1877 729 cae-

1035 744 1110 773 lestis
1131 744 1232 781 patria,
1247 745 1275 773 in
1297 753 1352 782 qua
1369 753 1477 773 summa
1491 746 1661 782 pulcritudo,
1676 749 1707 774 ut
1728 746 1828 775 dicitur
1843 747 1877 775 de

1035 791 1139 820 Sanctis
1166 791 1320 828 Sapientiae
1340 792 1475 828 quintoss:
1499 792 1647 829 Accipient
1677 802 1799 830 reginum
1829 794 1876 822 de-

1034 838 1111 866 coris
1132 841 1158 866 et
1177 838 1314 867 diadema
1333 838 1438 875 speciei
1460 839 1493 867 de
1514 847 1605 867 manu
1628 839 1751 868 Domini.
1777 857 1816 860 —
1839 840 1877 868 Ad

1035 884 1106 913 hanc
1127 884 1219 913 villam
1239 885 1386 913 transitur
1399 894 1451 922 per
1470 894 1567 920 mare,
1587 886 1614 914 id
1635 889 1676 915 est
1690 894 1740 922 per
1761 887 1876 915 tribula-

1034 931 1141 959 tionum
1161 931 1374 966 amaritudines3
1396 933 1513 961 Actuum
1534 932 1639 961 decimo
1660 933 1796 970 quart092
1819 934 1878 962 Per

1034 978 1144 1006 multas
1158 977 1358 1006 tribulationes
1379 982 1488 1015 oportet
1500 988 1552 1007 nos
1573 979 1686 1007 intrare
1705 980 1735 1008 in
1754 988 1878 1017 reynum

1036 1025 1095 1053 Dei.
1105 1041 1143 1045 —
1151 1025 1201 1053 Per
1212 1025 1264 1053 hoc
1275 1033 1351 1053 mare
1362 1026 1515 1054 transvehit
1527 1026 1665 1054 navicula
1674 1027 1877 1063 poenitentiae,

1024 1071 1063 1110 sin
1084 1080 1140 1108 qua
1160 1072 1243 1100 homo
1263 1072 1395 1106 salvatur,
1417 1072 1496 1100 iuxta
1514 1073 1581 1101 illud
1602 1074 1718 1101 Actuum
1745 1073 1878 1110 vigesimo

1036 1118 1151 1155 septimo
1164 1118 1202 1145 ¹⁰:
1225 1117 1291 1146 Nisi
1305 1118 1336 1146 in
1350 1118 1422 1146 navi
1441 1119 1625 1152 manseritis,
1647 1127 1696 1146 vos
1716 1119 1794 1147 salvi
1812 1119 1878 1156 ficri

1034 1173 1093 1192 non
1111 1165 1243 1201 potestis;
1264 1164 1404 1193 similiter:
1428 1165 1460 1193 Si
1478 1165 1684 1201 poenitentiam
1704 1174 1762 1193 non
1787 1166 1877 1203 eperi-

1035 1219 1118 1244 mus,
1139 1210 1300 1239 incidemus
1315 1211 1345 1238 in
1367 1219 1475 1239 manus
1492 1211 1621 1245 Domini,
1644 1211 1823 1240 Ecclesiastici
1838 1219 1888 1241 se-·

1035 1257 1133 1285 cundo.
1160 1273 1196 1277 —
1222 1258 1291 1286 Haec
1311 1257 1451 1286 navicula
1472 1257 1646 1291 concutitur,
1668 1265 1731 1285 cum
1753 1258 1879 1287 tentatio-

1035 1312 1103 1332 num
1117 1304 1229 1333 ssatibus
1242 1307 1378 1339 vexatur;
1400 1304 1527 1333 Matthaei
1542 1304 1658 1340 septimo
1671 1305 1709 1331 ¹1:
1738 1304 1880 1333 Venerunt

1034 1351 1174 1388 flumina,
1195 1355 1221 1379 et
1246 1351 1393 1387 flaverunt
1411 1351 1494 1379 venti.
1521 1367 1557 1371 —
1587 1350 1765 1387 Navipantcs
1787 1351 1880 1379 vident

1035 1398 1183 1426 Dominum
1199 1397 1413 1431 ambulantem,
1435 1397 1506 1426 sicut
1520 1397 1578 1431 hic;
1597 1400 1763 1434 pugnantes
1788 1397 1881 1426 vident

1034 1448 1174 1478 stantem,
1196 1445 1312 1472 Actuum
1334 1444 1449 1480 septimo
1465 1444 1502 1477 12;
1525 1444 1761 1481 contemplantes,
1784 1444 1880 1472 seden-

1037 1495 1107 1525 tem,
1130 1491 1212 1519 Isaiae
1233 1494 1326 1519 sexto:
1348 1490 1413 1518 Vidi
1435 1490 1590 1519 Dominum
1611 1491 1760 1519 sedentem.
1777 1507 1813 1512 —
1829 1491 1880 1520 Sed

1036 1537 1118 1565 adest
1137 1537 1271 1565 Dominus
1291 1540 1318 1565 et
1345 1536 1386 1564 acl
1402 1541 1523 1574 portum
1542 1537 1689 1574 perducit,
1712 1538 1791 1566 iuxta
1812 1538 1880 1566 illud

1037 1583 1120 1612 Isaiae
1151 1583 1361 1620 quadragesimo
1392 1583 1473 1612 tertio
1489 1583 1527 1611 ¹³:
1552 1584 1624 1612 Cum
1652 1585 1807 1613 transieris
1825 1593 1880 1621 per

1037 1638 1146 1668 aquas,
1169 1633 1260 1658 tecum
1281 1638 1344 1664 cro,
1366 1634 1390 1658 et
1409 1629 1536 1667 flumina
1556 1639 1615 1659 non
1635 1631 1762 1667 operient
1783 1635 1824 1665 te,·
1852 1634 1880 1660 et

1037 1676 1189 1705 secundum
1211 1676 1278 1704 illud
1299 1676 1413 1705 Psalmi:
1437 1677 1510 1705 Cum
1531 1677 1592 1714 ipso
1613 1686 1679 1705 sum
1701 1678 1731 1706 in
1757 1678 1879 1706 tribula-

1038 1723 1124 1757 tione,
1156 1723 1281 1760 eripiam
1308 1731 1374 1751 eum
1401 1726 1427 1751 et
1451 1723 1620 1760 glorificabo
1649 1732 1728 1757 eum;
1756 1724 1879 1762 lonyitu-

1037 1769 1103 1798 dine
1118 1769 1232 1797 dierum
1254 1769 1363 1806 replebo
1384 1778 1450 1798 eum
1470 1773 1496 1798 et
1516 1770 1664 1799 ostendam
1686 1771 1729 1799 illi
1748 1771 1880 1800 salutare

1037 1825 1141 1845 meum.

1358 1910 1557 1946 Quansnones.

1115 2003 1160 2032 33.
1182 2004 1292 2040 Quaest.
1315 2004 1332 2032 Ι.
1348 2004 1498 2040 Quaeritur
1513 2004 1557 2033 hic
1579 2004 1667 2041 primo
1688 2004 1721 2033 de
1739 2005 1791 2033 hoc
1806 2005 1881 2042 quod-

1036 2050 1135 2079 turbae
1155 2050 1250 2079 dicunt
1277 2050 1311 2079 de
1332 2050 1455 2079 Christo:
1476 2050 1531 2079 Hic
1559 2054 1599 2078 cst
1625 2059 1689 2079 vere
1717 2050 1878 2088 Propheta,

1036 2100 1132 2125 utrum
1153 2096 1245 2125 dicant
1265 2105 1383 2131 verum,
1406 2097 1448 2125 vel
1467 2096 1589 2134 salsum.
1606 2114 1642 2118 —
1662 2097 1740 2134 Quod
1761 2106 1878 2132 verum,

1036 2144 1161 2172 videtur:
1180 2144 1246 2180 quia
1260 2143 1361 2172 dicitur
1382 2144 1587 2172 Deuteronomii
1608 2144 1714 2173 decimo
1734 2147 1830 2173 octavo
1843 2145 1878 2173 ¹⁴:

200 2299 208 2312 ²
226 2300 291 2323 Vers.
310 2300 347 2322 13.

199 2337 209 2351 ⁹
225 2339 323 2366 Vulgata
341 2338 372 2361 Et
392 2344 448 2361 non.
468 2350 500 2355 —
521 2338 629 2367 Sequitur
651 2340 711 2361 loun.
736 2340 777 2368 42,
800 2339 837 2362 35.
859 2352 890 2356 —
913 2340 981 2363 Paulo

137 2380 189 2400 ante
205 2383 248 2406 pro
265 2377 349 2400 ductor
366 2377 385 2399 D
402 2376 487 2400 ductio.

199 2416 208 2429 ¹³
225 2417 291 2440 Vers.
309 2417 330 2439 4.
346 2429 378 2433 —
394 2417 497 2439 Subinde
514 2417 624 2445 allegatur
641 2417 677 2439 Ps.
694 2418 737 2444 33,
756 2418 792 2440 ⁴9.

199 2455 209 2468 ⁴
226 2457 324 2484 Vulgata
341 2455 425 2479 vident.
443 2468 474 2471 —
490 2456 585 2478 Interius
603 2456 712 2484 allegatur
729 2457 798 2479 Marc.
815 2457 842 2485 6,
858 2456 894 2479 49.
907 2456 981 2480 Codd.

137 2496 235 2524 allegant
251 2495 327 2518 Matth.
345 2495 386 2521 44,
404 2495 446 2523 26,
465 2494 503 2517 ubi
522 2495 631 2518 hahetur:
649 2496 765 2524 Dicentes,
777 2496 832 2525 quia
844 2497 980 2524 phantasma

138 2537 178 2557 est.
194 2546 226 2551 —
242 2535 350 2562 August,
367 2534 390 2556 in
407 2535 467 2556 loan.
485 2535 572 2562 Evang.
590 2539 616 2557 tr.
634 2535 672 2557 25.
688 2542 711 2557 n.
728 2535 755 2557 6:
767 2536 887 2558 Sufficeret
898 2535 982 2565 vz'qintz'

138 2573 252 2603 quinque,
269 2574 384 2596 sufficeret
400 2573 510 2603 triyinta,
529 2574 627 2596 maxime
644 2574 698 2603 quia
711 2575 851 2597 aestimantis
862 2578 922 2601 erat,
935 2581 981 2597 non

138 2612 281 2635 affirmantis.

200 2650 210 2663 ⁶
227 2651 324 2679 Vulgata
341 2650 402 2674 dicit.
420 2663 451 2667 —
468 2650 570 2673 Subinde
587 2652 690 2680 sequitur
707 2652 741 2674 Ps.
759 2652 802 2679 26,
821 2652 840 2674 t.

200 2688 210 2702 ⁰
226 2690 293 2712 Vers.
310 2690 332 2712 3.
348 2702 379 2706 —
396 2691 449 2719 Seq.
466 2690 530 2712 locus
547 2692 580 2712 est
595 2691 649 2718 Sap.
662 2691 703 2717 42,
717 2691 753 2712 ts.
765 2703 795 2707 —
807 2691 918 2719 Superius
930 2694 981 2719 post

137 2727 248 2758 portabat
264 2729 300 2751 ed.
317 2729 409 2756 supplet
425 2734 485 2751 eam.

200 2766 209 2779 ⁷
227 2768 360 2790 Secundum
377 2768 480 2795 Hieron„
496 2767 546 2790 Lib.
566 2768 595 2790 de
617 2768 704 2791 nomin.
726 2768 831 2791 Hebraic.
853 2769 909 2791 novi
931 2771 981 2791 test.

139 2806 206 2829 Luc.:
231 2806 414 2835 Capharnaum,
441 2813 496 2834 ager
520 2807 557 2829 vel
582 2807 634 2829 villa
659 2808 826 2830 consolationis.
844 2807 889 2830 Sed
906 2808 980 2834 Beda,

139 2845 239 2873 Exposit.
255 2845 279 2867 in
292 2845 364 2872 loan.,
375 2845 431 2868 dicit
446 2846 476 2868 ad
493 2852 512 2868 c.
530 2847 557 2873 2,
576 2847 615 2868 ⁴2:
628 2845 789 2874 Capharnaum
803 2853 858 2869 vero
870 2847 921 2868 villa
934 2847 982 2874 pul-

140 2883 253 2906 cherrima
270 2884 444 2912 interpretatur,
461 2885 593 2912 significans
610 2886 670 2908 hunc
687 2885 800 2907 mundum
817 2888 860 2907 etc.

1100 2299 1109 2313 Β
1126 2301 1192 2323 Vers.
1211 2301 1248 2323 17.
1264 2300 1310 2323 Csr.
1327 2306 1396 2328 supra
1414 2299 1542 2323 Comment.
1559 2300 1580 2322 in
1598 2301 1658 2322 hunc
1674 2300 1759 2323 locum.

1099 2338 1109 2351 '³
1126 2341 1192 2363 Vers.
1209 2341 1247 2362 2¹1.

1100 2378 1120 2391 ¹⁰
1137 2380 1202 2402 Vers.
1220 2380 1257 2401 31.
1274 2391 1304 2395 -
1322 2379 1429 2407 Sequitur
1446 2378 1511 2401 Eccli.
1530 2379 1556 2405 2,
1574 2379 1610 2400 22.

1100 2417 1119 2430 ¹¹
1137 2417 1202 2440 Vers.
1221 2418 1258 2439 27.

1100 2456 1119 2469 ²²
1137 2457 1202 2479 Vers.
1219 2457 1261 2483 55,
1279 2456 1317 2479 ubi
1330 2456 1360 2478 de
1372 2457 1488 2484 Stephano
1505 2456 1595 2483 dicitur,
1612 2456 1676 2484 quod
1688 2456 1771 2478 viderit
1785 2457 1879 2478 «lesum

1038 2499 1135 2519 stantem
1153 2502 1165 2518 a
1183 2496 1267 2518 dextris
1284 2496 1359 2517 Dei».
1375 2494 1431 2518 Cod.
1448 2494 1465 2518 C
1481 2495 1535 2523 legit
1545 2495 1607 2518 sicut
1622 2495 1768 2524 Stephanus,
1788 2496 1835 2519 Act.
1855 2495 1880 2519 7.

1037 2548 1068 2552 —
1086 2536 1138 2564 Seq.
1155 2536 1218 2557 locus
1230 2537 1264 2557 est
1275 2535 1324 2557 lsai.
1341 2534 1368 2563 6,
1386 2535 1407 2556 l.
1418 2546 1449 2550 -—
1461 2535 1572 2562 Superius
1587 2538 1639 2562 post
1650 2535 1751 2557 stantem
1762 2535 1799 2557 ed.
1816 2535 1881 2558 addit

1037 2574 1085 2597 sive
1101 2574 1260 2597 adiuvaulem.

1100 2612 1120 2626 ¹⁸
1137 2614 1202 2636 Vers.
1220 2614 1242 2635 2.
1258 2625 1289 2629 —
1306 2612 1413 2641 Sequitur
1429 2613 1464 2635 Ps.
1482 2613 1524 2639 90,
1544 2612 1578 2634 15.
1595 2615 1617 2635 et
1635 2613 1672 2635 46.

1101 2650 1120 2664 ¹⁴
1136 2652 1202 2674 Vers.
1220 2652 1256 2673 ⁴5.
1273 2652 1296 2673 ln
1313 2657 1383 2679 quem
1396 2651 1471 2673 locum
1484 2651 1563 2673 Glossa
1577 2650 1702 2674 ordinaria
1715 2652 1750 2680 (ex
1762 2651 1879 2680 Rabano):

1038 2690 1099 2712 Licet
1115 2690 1260 2712 historialiter
1277 2689 1306 2711 de
1322 2689 1441 2716 Prophetis
1457 2689 1529 2717 accipi
1550 2689 1635 2717 possit,
1652 2689 1691 2718 qui
1713 2692 1765 2717 post
1787 2690 1880 2717 Moysen

1038 2729 1060 2751 in
1077 2729 1163 2757 populo
1181 2728 1246 2750 lsrael
1262 2728 1343 2756 repleti
1359 2730 1412 2750 sunt
1429 2728 1514 2756 Spiritu
1531 2728 1584 2756 Dei;
1602 2728 1683 2751 melius
1700 2731 1775 2750 tamen
1793 2728 1822 2750 de
1839 2729 1880 2750 Do-

1038 2768 1101 2790 mino
1118 2768 1285 2795 Prophetarum
1302 2767 1423 2795 accipitur,
1440 2767 1469 2789 de
1490 2773 1537 2795 quo
1560 2767 1641 2789 turbae
1663 2767 1693 2789 ab
1715 2768 1765 2795 ipso
1787 2768 1880 2790 satiatae

1038 2807 1143 2829 dixerunt
1160 2805 1237 2835 [loan.
1255 2806 1280 2834 6,
1299 2805 1360 2835 44.]:
1378 2805 1420 2828 Hic
1436 2807 1471 2828 est
1486 2811 1539 2828 vere
1555 2805 1685 2834 Propheta,
1708 2805 1750 2835 qui
1765 2807 1879 2828 venturus

1038 2847 1072 2869 est
1087 2845 1111 2869 in
1128 2845 1252 2868 mundum.
1270 2845 1296 2867 Et
1312 2844 1364 2866 alibi
1384 2843 1447 2873 [Luc.
1463 2844 1489 2872 7,
1508 2844 1568 2873 ⁴6.]:
1585 2844 1702 2873 Propheta
1714 2850 1816 2873 maynus
1827 2850 1879 2867 sur-

1038 2883 1102 2906 remit
1116 2883 1141 2905 in
1157 2882 1231 2905 nobis.
1248 2895 1279 2899 —
1295 2883 1337 2904 Pro
1354 2882 1464 2911 intelliyit
1481 2883 1517 2904 ed.
1534 2882 1681 2911 intetliyz'tur.

1892 427 1968 451 Triplex
1981 428 2015 447 mi-

1906 451 1996 470 raculum.

1903 566 1998 593 Expositis.»

1893 590 2005 614 spiritualis.
