2296 3316
208 411 304 435 Quintum.

210 1731 241 1751 Ad
254 1731 328 1755 opposi-

212 2203 270 2227 Resp.
284 2208 326 2222 cum

206 2227 334 2246 distinctions.

341 186 377 214 56
914 179 1085 208 COMMENT.
1108 178 1140 207 lN
1162 176 1399 207 ECCLESIASTEN
1420 176 1448 205 C.
1471 176 1524 205 Vll.

342 264 392 295 tis,
414 262 480 300 quia
501 261 626 291 ridebitis
640 272 671 296 ιη
694 268 709 290 e
727 259 871 289 contrario
891 257 1088 296 gaudentibus:
1109 268 1122 282 «
1136 257 1192 285 Vae

341 310 434 344 vobis,
456 309 504 347 qui
526 309 637 342 ridetis,
659 307 725 345 quia
745 306 847 336 flebitis
862 318 887 334 n.

421 356 510 392 (Vers.
534 356 559 383 6.
579 356 627 389 7.).
643 353 746 383 Melias
760 356 802 382 est
822 361 842 381 a
855 352 984 390 sapiente
1004 350 1124 388 corripi.
1141 350 1193 379 No-

342 406 417 432 tatur
439 402 484 431 hic
505 402 636 439 quintum
657 401 874 434 documentum,
895 407 951 436 quo
971 398 1130 436 praefertur
1150 404 1193 425 se-

344 450 450 478 veritas
470 448 616 481 mollitiei,
638 451 670 477 ut
690 450 758 485 puta
779 447 851 476 dura
871 445 1011 483 correptio
1031 443 1192 473 adulationi.

342 497 456 533 Propter
478 495 552 533 quod
579 495 660 524 dicit:
689 494 792 523 Melius
812 497 854 523 cst
881 502 901 522 a
925 492 1054 530 sapiente
1080 490 1195 528 corripi

342 552 433 582 quam
456 543 614 572 stultorum
642 541 812 571 adulatione
839 540 934 578 decipi
940 550 950 574 ,·
979 538 1194 568 Proverbiorum

342 591 474 628 vigesimo
495 590 649 627 septim01:
676 588 799 618 «Melior
820 591 862 617 est
883 586 1028 616 manifesta
1056 585 1194 622 correptio

342 645 427 675 quam
446 645 524 666 amor
545 636 723 665 absconditus
738 647 765 670 ι»,
779 635 846 672 quia
864 634 1003 671 correptio
1016 632 1125 670 dirigit,
1147 630 1195 660 sed

342 685 463 714 adulatio
484 684 599 721 decipit;
622 682 838 712 Proverbiorum
859 681 967 710 decimo
995 683 1090 709 sexto:
1117 690 1130 704 «
1147 678 1194 707 Vir

342 732 456 769 iniquus
477 732 559 760 lactat
579 730 700 759 amicum
722 737 806 758 suum
827 732 854 758 et
874 728 952 757 ducit
970 735 1035 756 eum
1056 734 1107 764 per
1123 725 1194 754 viam

342 786 396 807 non
418 778 519 807 bonam
534 788 564 811 »3
587 779 614 805 et
634 776 719 805 Isaiae
741 775 837 805 tertio:
865 786 878 800 «
893 774 996 812 Popule
1020 781 1116 807 meus,
1145 771 1194 809 qui

341 826 454 855 beatum
470 828 496 854 te
511 824 622 858 dicunt,
642 824 693 860 ipsi
708 826 734 852 te
749 822 890 860 decipiunt
904 833 917 847 »
937 824 988 850 etc.
1005 837 1042 842 —
1059 820 1090 849 Et
1104 819 1194 849 reddit

343 872 478 901 rationem
499 879 549 908 per
570 870 795 900 similitudinem:
818 870 884 907 quia
904 868 1026 898 adulatio
1057 867 1125 896 fatui
1147 875 1194 904 pa-

343 927 408 947 rum
428 918 512 947 durat
533 921 560 947 et
581 918 702 947 multum
724 920 822 951 sonat,
844 916 916 946 sicut
941 915 1035 953 spinae
1063 921 1195 943 accensae

344 966 396 995 sub
417 966 485 1000 olla;
508 968 656 1002 propterea
670 964 747 994 dicit:
772 964 850 1000 Quia
870 963 946 992 sicut
960 962 1074 991 sonitus
1093 961 1195 999 spina-

343 1022 415 1042 rum
433 1012 488 1041 stab
510 1012 580 1047 olla,
603 1013 657 1041 alte
678 1014 770 1046 sonat,
791 1011 835 1039 sic
855 1010 937 1039 risus
951 1009 1041 1038 stulti.
1064 1009 1102 1037 Ad
1124 1008 1195 1037 litte-

344 1069 417 1095 ram,
439 1061 542 1089 stultus
557 1060 611 1089 alte
626 1059 710 1093 ridet3
726 1057 908 1088 Ecclesiastici
924 1056 1057 1094 vigesimo
1071 1055 1194 1093 primo²:

348 1119 361 1133 «
376 1108 478 1136 Fatuus
500 1107 527 1136 in
549 1107 608 1136 risu
630 1106 735 1135 exaltat
757 1113 852 1134 vocem
874 1112 967 1138 suam,
983 1104 1026 1132 vir
1044 1106 1138 1132 autem
1154 1110 1196 1131 sa-

344 1156 422 1192 piens
442 1155 491 1183 vix
513 1154 594 1183 tacite
616 1153 757 1182 ridebit».
782 1152 848 1181 Vel:
871 1151 946 1180 risus
967 1151 1056 1184 altus,
1085 1149 1197 1187 quando

343 1202 464 1231 adulatio
492 1202 626 1234 clamosa;
656 1199 870 1229 Proverbiorum
898 1198 1031 1235 vigesimo
1059 1197 1195 1234 septimo:

349 1262 362 1274 ι(
377 1249 429 1286 Qui
451 1248 588 1278 benedicit
608 1248 738 1285 proximo
759 1255 810 1276 suo
831 1254 898 1276 voce
919 1245 1033 1283 grandi,
1062 1244 1095 1273 de
1117 1247 1197 1273 nocte

345 1304 527 1333 consurgens,
543 1295 716 1324 maledicenti
731 1293 829 1323 similis
849 1293 940 1322 erit».
963 1292 1019 1321 Sed
1033 1295 1060 1320 et
1079 1290 1132 1320 ltoc
1145 1299 1198 1320 va-

344 1344 439 1378 nitas,
462 1344 566 1372 scilicet
587 1342 648 1371 talis
669 1341 805 1376 adulat10;
827 1341 855 1369 in
876 1340 998 1369 Psalmo:
1026 1351 1039 1364 «
1058 1339 1126 1368 Vani
1148 1338 1196 1367 filii

346 1391 506 1425 hominum,
529 1389 674 1419 mendaces
694 1389 743 1417 filii
765 1388 910 1417 hominum
928 1399 954 1415 ».

670 1484 871 1520 QUAESTIONES.

424 1581 442 1609 l.
461 1580 612 1617 Quaeritur
626 1579 660 1608 (le
675 1579 727 1607 hoc
741 1577 816 1615 quod
830 1577 945 1606 dicitur:
969 1576 1069 1605 Melior
1083 1579 1124 1605 est
1137 1575 1198 1605 dies

345 1628 449 1657 mortis
470 1627 515 1656 die
536 1625 710 1655 nativitatis.
835 1621 837 1623 ’

425 1675 555 1703 (ἶοΝτηΑ.-
584 1675 604 1702 1.
627 1674 700 1701 Mors
714 1675 756 1701 est
776 1671 908 1709 privatio,
929 1671 986 1700 vita
1006 1674 1049 1700 est
1070 1670 1197 1704 habitus;

346 1723 394 1752 sed
409 1722 520 1751 habitus
541 1729 650 1758 semper
664 1720 728 1757 plus
748 1719 833 1748 habet
846 1719 879 1748 de
901 1719 1014 1748 entitate
1029 1721 1056 1747 et
1076 1717 1199 1747 bonitate

345 1778 430 1808 quarn
452 1768 605 1806 privatio³z
628 1775 694 1804 ergo
718 1766 775 1795 vita
795 1774 880 1804 quam
901 1774 977 1795 mors
998 1766 1109 1795 melior:
1132 1773 1199 1802 ergo

344 1818 403 1847 dies
424 1816 575 1846 nativitatis
596 1815 702 1844 melior.

424 1866 451 1893 9..
473 1864 633 1897 Praeterea,
656 1862 776 1899 regula⁴
798 1863 855 1895 est,
877 1860 951 1898 quod
977 1872 990 1885 ει
1006 1860 1087 1889 cuius
1101 1868 1199 1889 corru-

344 1912 402 1949 ptio
422 1912 507 1944 bona,
529 1909 670 1947 generatio
693 1908 765 1937 mala
777 1919 807 1942 »;
830 1907 877 1937 sed
899 1915 976 1936 mors
991 1910 1032 1936 est
1053 1906 1199 1944 corruptio

345 1959 432 1988 vitae:
455 1966 521 1995 ergo
543 1957 623 1986 cuius
644 1964 720 1985 mors
741 1959 782 1985 est
803 1956 891 1990 bona,
914 1955 969 1984 vita
989 1955 1061 1983 mala
1075 1957 1125 1983 est.
1148 1953 1200 1983 Sed

345 2007 449 2035 nullius
464 2006 515 2034 nisi
531 2005 683 2043 peccatoris
704 2006 746 2033 est
760 2004 817 2032 vita
838 2003 923 2032 mala:
939 2011 1006 2040 ergo
1027 2002 1132 2031 nullius
1147 2001 1199 2030 nisi

344 2053 497 2091 peccatoris
518 2060 594 2081 mors
614 2051 712 2080 melior
734 2058 818 2088 quam
844 2050 915 2084 vita;
938 2049 986 2078 sed
1008 2049 1060 2078 hoc
1088 2051 1130 2078 est
1150 2048 1200 2077 fal-

346 2108 424 2134 sum,
446 2100 512 2137 quia
533 2101 661 2136 peccator
681 2097 825 2126 moriendo
846 2097 933 2126 tendit
954 2096 989 2125 ad
1010 2096 1158 2125 infernum.

425 2145 600 2183 Responde0:
621 2145 785 2179 dicendum,
807 2144 881 2182 quod
909 2143 1013 2181 aliquid
1041 2143 1199 2181 praefertur

346 2194 392 2223 alii
412 2192 560 2230 aliquando
575 2192 688 2220 ratione
709 2192 774 2225 sui,
796 2191 944 2228 aliquando
965 2190 1081 2219 ratione
1101 2198 1199 2219 conse-

346 2240 460 2279 quentis
474 2240 514 2268 ad
529 2240 635 2277 ipsum.
652 2238 721 2267 lllud
736 2238 950 2276 praeferendum
968 2240 1010 2267 est
1025 2237 1070 2266 alii
1086 2237 1199 2266 ratione

346 2288 405 2323 sai,
420 2286 495 2325 quod
506 2286 540 2315 de
551 2294 579 2315 se
590 2286 657 2315 dicit
670 2286 733 2323 plus
748 2286 782 2314 de
797 2285 884 2319 bone,
901 2285 972 2313 sicut
987 2285 1071 2313 homo
1086 2287 1128 2313 est
1141 2292 1199 2313 me-

346 2336 398 2364 lior
413 2343 493 2373 equo.
509 2334 566 2363 Alio
578 2334 659 2362 modo
672 2333 786 2362 ratione
797 2332 1012 2370 consequentis,
1027 2334 1055 2360 et
1069 2331 1108 2360 sic
1122 2339 1199 2360 mors

346 2382 504 2420 praefertur
525 2382 612 2414 vitae,
634 2384 662 2410 et
682 2380 826 2409 dissolutio
847 2380 906 2413 illa,
929 2379 1032 2408 scilicet
1050 2387 1143 2413 mors,
1165 2378 1199 2407 ad

347 2438 431 2467 quam
447 2429 627 2466 consequitur
648 2427 728 2465 quies
742 2431 768 2456 et
788 2435 847 2455 esse
862 2435 929 2455 cum
953 2424 1069 2455 Christo
1080 2425 1100 2453 ⁵.
1121 2425 1151 2454 Et
1165 2425 1199 2454 de

347 2478 399 2506 hac
419 2479 510 2506 morte
531 2476 576 2505 hic
603 2476 745 2513 loquitur,
766 2474 833 2512 quia
854 2474 880 2502 in
910 2473 966 2502 vita
991 2476 1033 2502 est
1060 2473 1143 2501 homo
1171 2472 1198 2501 in

411 2638 419 2651 ¹
437 2640 503 2662 vers.
521 2639 543 2661 5.
559 2652 590 2655 —
607 2640 741 2668 Sequuntur
757 2639 825 2661 Prov.
844 2638 885 2666 116,
903 2638 939 2660 29.
958 2641 980 2660 et
997 2637 1046 2660 lsai¹
1065 2638 1091 2664 3,
1108 2637 1145 2659 42.

410 2677 419 2690 ²
438 2679 503 2701 Vers.
516 2679 593 2701 23.—-
603 2678 705 2701 Subinde
714 2678 843 2706 allegantur
856 2678 923 2700 Prov.
933 2677 975 2704 27,
989 2676 1026 2699 tt.
1038 2677 1104 2699 etPs.
1114 2676 1153 2703 fil,
1163 2676 1200 2699 1l0.

411 2716 420 2729 ⁵
437 2718 502 2745 Nam,
518 2721 543 2740 ut
559 2718 627 2740 docet
645 2717 747 2744 Aristot.,
765 2718 781 2739 l.
799 2718 866 2745 Phys.
884 2719 936 2739 text.
949 2716 989 2739 75.
1001 2717 1031 2745 (e.
1044 2717 1089 2745 8.),
1100 2716 1201 2744 privatio

351 2766 362 2777 α
374 2760 408 2779 est
425 2763 467 2785 per
484 2763 509 2779 se
525 2763 623 2780 non-ens
634 2766 656 2779 ι.
673 2756 719 2779 Csr.
737 2757 766 2779 V.
783 2757 882 2784 metaph.
900 2759 954 2779 text.
972 2756 1010 2778 27.
1028 2755 1074 2783 (lV.
1088 2762 1108 2778 c.
1125 2755 1185 2785 22).

410 2794 420 2807 ‘¹
438 2796 542 2823 Aristot„
559 2797 576 2818 ll
594 2796 674 2825 Topic.
692 2802 713 2818 c.
728 2796 750 2818 3.
768 2795 798 2824 (e.
816 2796 860 2824 9.>:
878 2795 982 2823 Quorum
995 2795 1056 2817 enim
1074 2794 1201 2823 generatio-

348 2841 390 2858 nes
406 2834 483 2857 bonae
500 2837 565 2862 sunt,
582 2838 604 2857 et
625 2836 676 2863 ipsa
692 2835 753 2857 bona
776 2837 840 2861 sunt;
858 2837 881 2857 et
897 2834 915 2856 si
932 2834 982 2862 ipsa
1005 2833 1069 2856 bona
1089 2836 1155 2861 sunt,
1179 2836 1201 2856 et

349 2875 509 2903 generationes
521 2873 608 2901 bonae;
620 2874 638 2896 si
656 2877 734 2897 autem
747 2874 907 2902 generationes
920 2874 1007 2900 malae,
1024 2875 1047 2895 et
1059 2873 1112 2901 ipsa
1127 2873 1199 2899 mala;

348 2915 371 2937 in
389 2913 578 2942 corruptionibus
595 2916 671 2936 autem
690 2919 703 2935 e
720 2913 847 2940 contrario;
864 2919 918 2935 nam
940 2913 958 2935 si
981 2913 1142 2941 corruptiones
1160 2912 1200 2934 bo-

348 2960 402 2981 nae,
421 2953 470 2982 ipsa
488 2953 560 2980 mala;
577 2953 595 2974 si
612 2956 689 2975 autem
708 2953 868 2981 corruptiones
885 2953 969 2981 malae,
987 2952 1036 2980 ipsa
1061 2955 1114 2975 sunt
1130 2952 1200 2975 bona.

349 2992 393 3015 Csr.
411 2991 467 3014 ibid.
484 2992 517 3014 ΙΙΙ.
536 2998 556 3014 c.
574 2991 595 3014 4.
615 2991 643 3016 (c.
662 2992 701 3021 6.).
1130 3000 1134 3001 ’

1249 255 1389 293 periculo,
1412 255 1438 283 in
1467 254 1561 284 labore
1582 257 1610 284 et
1637 253 1747 289 dolore;
1776 257 1838 291 post
1865 256 1984 284 mortem
2010 255 2101 284 iustus

1250 305 1291 332 est
1312 302 1339 331 in
1361 302 1475 339 gaudio,
1497 301 1646 330 securitate
1667 303 1694 330 et
1714 301 1923 338 tranquillitate.

1331 351 1354 378 1.
1378 349 1410 378 Et
1424 351 1499 386 patet
1514 348 1657 386 responsio
1671 348 1705 377 ad
1720 348 1855 385 primurn,
1871 348 1937 386 quia
1956 357 2031 378 mors
2046 358 2100 378 non
2118 352 2190 380 5⁰1=32i⁰
2202 358 2237 378 οι)-
2260 355 2271 366 ‘=

1250 395 1408 433 praefertur
1430 395 1544 424 ratione
1564 395 1621 424 sui.
2120 378 2231 400 ‘mmmm'
2285 422 2286 425 ,

1330 444 1356 471 2.
1378 442 1457 479 Quod
1478 442 1572 471 obiicit
1603 442 1725 472 secundo
1755 442 1882 471 similiter
1913 443 1981 472 solvi
2002 446 2100 480 potest.
2119 446 2226 466 Distinctio·
2261 458 2262 461 =

1251 490 1324 519 Mors
1344 489 1418 518 enim
1439 489 1588 526 dupliciter
1607 489 1710 518 dicitur
1738 489 1823 518 mala:
1845 492 1894 518 aut
1920 489 1987 527 quia
2007 490 2102 520 adimit

1251 537 1356 566 bonum
1376 544 1525 574 magnum,
1547 536 1650 565 scilicet
1664 536 1765 565 bonam
1785 535 1886 571 vitam,
1907 539 1940 565 ut
1956 536 2020 566 boni
2044 537 2100 566 veri

1251 587 1278 614 et
1299 584 1390 618 utilis;
1412 586 1461 613 aut
1491 583 1557 621 quia
1583 583 1618 612 ad
1648 583 1752 612 malum
1783 584 1867 612 finem
1894 583 1979 613 ducit.
2012 584 2102 613 Primo

1251 630 1334 659 modo
1354 630 1428 659 mala
1448 633 1490 659 est
1504 638 1579 659 mors
1601 630 1755 664 iustorum,
1777 630 1804 659 id
1823 633 1865 659 est
1884 630 2033 664 damnosa,
2055 630 2102 660 sed

1251 677 1374 707 secundo
1394 677 1475 706 modo
1495 677 1575 706 valde
1596 677 1679 713 bona;
1701 680 1729 706 et
1743 680 1880 715 quantum
1901 677 1936 706 ad
1949 677 2002 706 hoc
2022 685 2102 714 prae-

1251 725 1350 754 fertur.

1331 771 1359 800 Il.
1386 772 1453 801 Item
1481 771 1627 809 quaeritur
1655 771 1689 800 de
1717 771 1770 801 hoc
1798 771 1873 809 quod
1893 771 1974 801 dicit:
2003 771 2103 801 Melior

1251 822 1292 847 est
1312 818 1362 847 ira
1382 818 1457 847 risu.

1330 866 1458 895 CoNTnA:
1476 867 1500 894 l.
1516 866 1644 895 Matthaei
1660 866 1790 903 quintoss:
1807 866 1867 902 Qui
1877 865 2024 895 irascitur
2037 864 2104 904 fra-
2121 869 2239 912 Αᾱῑουνυεῑ-

1252 913 1293 942 tri
1311 921 1366 942 suo
1388 921 1456 941 reas
1480 913 1537 942 erit
1557 913 1685 946 iudicio;
1706 913 1753 942 sed
1774 913 1823 951 qui
1844 913 1966 942 corridet
1986 921 2041 942 non
2062 916 2105 943 est
2163 898 2201 912 Μ’

1252 968 1319 992 reus
1339 960 1457 989 alicuius
1488 968 1607 997 poenae:
1636 968 1703 998 ergo
1724 960 1805 997 peius
1835 962 1877 989 est
1907 960 1989 989 irasci
2019 968 2103 998 quam

1253 1006 1353 1036 ridere.

1333 1055 1359 1082 Ξ.
1386 1054 1468 1088 ltem,
1499 1054 1596 1082 ridere
1627 1056 1717 1090 potest
1747 1061 1808 1083 esse
1839 1054 1898 1083 sine
1929 1054 2025 1091 culpa;
2057 1054 2105 1084 sed

1254 1100 1361 1134 irasci,
1385 1108 1449 1129 cum
1470 1100 1543 1129 dicat
1569 1100 1807 1137 perturbationem
1829 1100 1959 1135 rationis,
1987 1100 2037 1130 vix
2064 1103 2105 1129 est

1254 1147 1312 1177 sine
1333 1148 1416 1184 culpa
1436 1147 1551 1183 veniali,
1573 1156 1719 1185 nunquam
1739 1151 1834 1177 autem
1849 1149 1964 1178 estsine
1978 1148 2104 1186 poena⁷:

1253 1203 1320 1232 ergo
1341 1195 1430 1224 multo
1450 1195 1528 1232 peior
1549 1198 1591 1224 est
1612 1195 1680 1224 risu.
2284 1227 2285 1230 Ἰ

1334 1242 1508 1279 Respondeo:
1530 1242 1695 1278 dicendum,
1717 1243 1792 1280 quod
1813 1245 1855 1272 est
1875 1243 1970 1271 irasci
1988 1242 2059 1272 vitio
2079 1245 2107 1271 et
2117 1246 2239 1288 dmg-effi}
2283 1234 2287 1252 ¹·

1254 1290 1349 1318 irasci
1361 1293 1508 1323 naturae,-
1530 1290 1652 1327 primum
1667 1292 1709 1319 est
1730 1290 1842 1319 virtutis
1857 1293 1884 1319 et
1904 1290 2009 1319 bonum
2021 1290 2042 1325 Β,
2064 1297 2106 1319 se-
2239 1282 2247 1288 ⁵

1254 1337 1377 1366 cundum
1399 1337 1458 1366 vitii
1479 1340 1507 1366 et
1527 1337 1642 1366 malum.
1663 1337 1793 1366 Similiter
1814 1340 1857 1366 est
1878 1337 2014 1366 arridere
2034 1336 2106 1366 bono

1254 1387 1282 1414 et
1302 1384 1450 1413 corridere
1471 1388 1590 1421 peccato
1597 1395 1608 1418 ,-
1629 1385 1766 1422 primum,
1788 1385 1908 1420 bonum3
1937 1384 2106 1419 secundum,

1254 1431 1368 1460 malum.
1391 1431 1423 1460 Et
1444 1431 1568 1469 loquitur
1589 1431 1623 1461 de
1645 1431 1687 1461 ira
1711 1435 1739 1461 et
1763 1432 1838 1467 risu,
1860 1432 2014 1462 secundum
2033 1431 2108 1470 quod

1255 1478 1404 1515 respicitur
1426 1478 1539 1507 malum.

1335 1525 1386 1555 Sed
1408 1529 1475 1555 tunc
1501 1525 1628 1555 similiter
1658 1528 1751 1564 posset
1781 1526 1849 1556 dare
1869 1526 1951 1555 aliam
1982 1526 2108 1564 regulam
2124 1527 2255 1570 0¹³⁵35533f01·
2279 1529 2286 1557 4ῑ

1255 1576 1384 1610 respectu
1406 1573 1486 1602 boni:
1509 1573 1607 1602 melior
1628 1576 1669 1603 est
1691 1574 1765 1603 risus
1785 1582 1869 1611 quam
1891 1573 1940 1603 ira.
1956 1589 1994 1595 —
2016 1574 2048 1602 Et
2068 1573 2108 1603 di-
2285 1566 2286 1569 ¹

1255 1619 1390 1655 cendum,
1419 1620 1493 1657 quod
1515 1620 1542 1649 in
1564 1620 1702 1658 praesenti
1723 1620 1806 1658 plura
1823 1623 1900 1657 ,sunt
1923 1621 1997 1650 mala
2024 1628 2108 1658 quam

1255 1667 1342 1696 bona:
1374 1667 1435 1696 ideo
1466 1667 1562 1704 plures
1592 1670 1701 1705 oportet
1722 1668 1827 1697 tristari
1858 1676 1943 1706 quam
1971 1668 2108 1705 gaudere,

1256 1714 1317 1743 ideo
1337 1714 1460 1751 praefert
1481 1715 1551 1743 iram
1572 1715 1641 1744 risui
1653 1715 1673 1743 ⁹.

1395 1817 1510 1847 Secundo,
1528 1817 1663 1841 documenta
1680 1817 1778 1848 quatuor
1795 1817 1825 1841 ad
1840 1817 1966 1842 habendum

1602 1857 1766 1881 constantiam.

1338 1952 1497 1981 Calumnia
1525 1952 1683 1981 conturbat
1701 1952 1869 1990 sapientem.
1899 1952 1990 1989 Supra
2016 1951 2110 1989 posuit
2127 1952 2205 1971 Divisit*-

1256 1999 1421 2028 documenta
1442 1999 1477 2028 ad
1491 1999 1646 2029 habendam
1667 1999 1845 2033 modestiam3
1861 1999 1906 2028 hic
1925 1999 2053 2036 sequitur
2067 2006 2110 2028 se-

1257 2046 1348 2075 cunda
1368 2054 1448 2084 pars,
1470 2046 1498 2075 in
1519 2055 1576 2084 qua
1597 2046 1674 2084 ponit
1695 2046 1862 2076 documenta
1889 2046 1923 2075 ad
1945 2045 2108 2075 habemlam

1256 2094 1468 2127 constantiam;
1489 2097 1517 2123 et
1531 2094 1662 2131 quoniam
1684 2093 1838 2123 constantia
1851 2092 1979 2130 perditur
2000 2100 2050 2130 per
2064 2100 2109 2121 ca-

1257 2141 1390 2170 lumniam
1411 2143 1439 2170 et
1459 2149 1510 2178 per
1531 2141 1716 2174 iracundiam,
1738 2143 1766 2169 et
1786 2143 1969 2169 conservatur
1990 2147 2040 2177 per
2061 2147 2109 2176 pa-

1256 2188 1380 2217 tientiam
1411 2191 1438 2217 et
1459 2196 1509 2225 per
1541 2188 1792 2225 perseverantiam:
1824 2187 1885 2216 ideo
1915 2187 1961 2216 hic
1988 2189 2110 2225 quatuor

1256 2235 1422 2264 documenta
1449 2237 1601 2272 ponuntur.
1629 2235 1657 2263 ln
1686 2234 1777 2272 primo
1805 2234 1962 2263 ostenditur
1986 2233 2110 2263 vitanda

1256 2282 1427 2315 calnmniffl
1448 2282 1476 2310 in
1497 2282 1634 2316 secundo,
1656 2282 1790 2310 amanda
1814 2280 2036 2319 perseverantia
2043 2291 2054 2315 ;
2081 2280 2109 2308 in

1256 2329 1351 2363 tertio,
1366 2329 1515 2357 seruanda
1525 2328 1685 2366 patientia,-
1704 2328 1731 2357 in
1747 2331 1864 2366 quarto,
1885 2327 2030 2365 fugienda
2047 2326 2110 2355 ira-

1257 2376 1376 2405 cundia.

1335 2424 1424 2461 (Vers.
1440 2424 1488 2459 8.).
1512 2423 1540 2452 In
1556 2423 1646 2461 primo
1667 2423 1753 2461 igitur
1766 2423 1934 2452 documento
1953 2420 2109 2451 ostenditur
2119 2422 2257 2466 „⁰233ssng

1256 2471 1380 2501 vitanda
1394 2471 1560 2505 calumnia,
1576 2470 1642 2508 quia
1657 2470 1847 2508 perturbando
1858 2470 2000 2499 hominem
2014 2469 2109 2498 incon·
2143 2470 2231 2494 primum-

2123 2398 2218 2423 Expositi«,
2226 2398 2258 2418 m-
2283 2383 2287 2393 ’Ἴ

1321 2635 1331 2648 ⁵
1348 2636 1404 2658 Phil.
1422 2636 1443 2663 i,
1462 2635 1504 2658 23:
1530 2634 1675 2658 Desiderium
1700 2633 1788 2656 habens
1812 2632 1907 2656 dissolvi
1932 2634 1955 2654 et
1980 2637 2031 2654 esse
2055 2636 2109 2653 cum

1258 2675 1357 2704 Christo,
1374 2676 1446 2698 multo
1464 2675 1539 2703 magis
1557 2674 1647 2697 melius.

1321 2713 1331 2727 ⁸
1349 2715 1414 2737 Vei-s.
1432 2715 1470 2737 22.
1487 2715 1530 2736 Pro
1547 2713 1594 2737 erit
1610 2712 1696 2736 iudicio
1713 2712 1783 2735 codd.
1800 2714 1835 2735 est
1850 2711 1970 2741 qehmmae
1987 2709 2057 2740 ionis.

1321 2753 1329 2766 ⁷
1347 2755 1390 2777 lac.
1412 2754 1430 2781 l,
1448 2754 1490 2776 20:
1508 2755 1542 2776 lra
1559 2753 1621 2775 enim
1638 2752 1682 2775 viri
1700 2752 1809 2774 iustitiam
1827 2751 1867 2774 Dei
1882 2757 1928 2774 non
1945 2752 2063 2779 operatur.

1321 2791 1330 2805 ⁸
1348 2794 1458 2821 August„
1475 2793 1498 2815 ll.
1517 2793 1616 2815 Reti-act.
1627 2798 1646 2814 c.
1666 2792 1702 2814 ⁴9.
1716 2797 1738 2813 n.
1756 2790 1785 2813 4:
1803 2791 1852 2813 Non
1865 2789 1928 2812 fratri
1945 2788 2058 2815 irascitur,
2069 2787 2109 2817 qui

1259 2834 1355 2859 peccato
1373 2832 1448 2854 fratris
1465 2831 1581 2858 irascitur;
1599 2830 1639 2859 qul
1656 2836 1714 2858 ergo
1732 2829 1806 2857 tram.
1823 2835 1871 2851 non
1884 2830 1979 2856 peccato
1995 2826 2109 2854 irascitur,

1259 2872 1308 2894 sine
1325 2877 1396 2894 causa
1412 2871 1525 2894 irascitur.

1320 2908 1331 2922 ⁹
1348 2911 1398 2933 Vat.
1417 2910 1453 2932 liic
1470 2909 1587 2938 quaedam
1605 2909 1681 2937 addit,
1699 2914 1760 2937 quae
1776 2907 1893 2937 aliquanto
1910 2905 2004 2929 inferius
2022 2904 2043 2927 in
2056 2906 2111 2927 nota

1258 2949 1403 2972 exhibemus.
