2296 3316
388 182 445 211 464

387 260 523 296 quantum
543 256 577 285 ad
598 256 649 284 hoo
670 256 853 285 excesserunt
869 253 988 290 Apostoli
1009 256 1037 282 et
1058 253 1233 290 reprehensi-

386 305 455 335 biles
476 304 603 337 fuerunt,
625 302 691 341 quia
711 302 788 331 nullo
808 300 889 330 modo
910 300 1081 337 gaudebant,
1104 300 1188 329 immo
1202 302 1234 329 ut

386 352 563 388 desperantes
584 349 721 378 dolebant.
752 348 782 377 Et
802 351 939 385 quantum
960 347 995 377 ad
1023 347 1099 377 hunc
1120 347 1232 377 modum

386 398 443 428 sive
468 396 707 426 immoderantiam
737 394 920 425 amovendam
949 393 1114 424 hortabatur
1142 394 1234 422 Domi-

386 452 454 477 nus,
483 446 515 473 ut
534 451 593 472 non
624 442 831 474 tristarentur,·
862 440 1040 474 hortabatur,
1072 443 1104 471 ut
1123 440 1234 477 paude-

385 493 457 520 rent.
489 490 564 519 Unde
595 489 848 525 Clirysostomus1:
874 499 887 513 «-
906 488 1003 525 Magna
1033 490 1074 517 est
1106 487 1234 517 tristitiae

387 536 525 574 tyrannis,
547 539 574 565 et
595 536 683 566 multa
704 535 783 565 nobis
810 534 941 565 virilitate
962 542 1033 572 opus
1060 537 1116 568 est,
1138 536 1169 564 ut
1190 542 1234 563 re-

385 584 516 613 sistamus
537 582 602 612 huic
629 581 765 619 passioni;
794 585 821 611 et
842 581 917 619 quod
944 581 1014 610 utile
1034 580 1234 615 castificantes,

385 630 459 667 quod
480 633 521 658 est
549 628 734 666 superfluunt
761 629 933 657 dimittamus
948 640 973 657 ».
997 628 1058 659 Ideo
1083 628 1235 659 laudabiles

385 681 462 708 erant
484 677 511 706 in
534 677 657 711 tristitia,
679 676 726 705 sed
747 676 945 713 vituperabiles
966 676 994 706 in
1014 675 1104 705 modo.

473 779 551 804 Tertio
568 778 698 804 consolatur
715 777 838 809 discipulos
855 784 883 802 ex
899 776 1038 808 petitionum
1054 783 1148 801 sua-rum

733 816 887 841 exauditione.

465 912 511 941 37.
534 914 643 946 Amen,
666 920 750 940 amen
778 911 843 940 (lieo
868 910 956 940 vobis.
985 911 1055 940 Haec
1084 914 1125 940 est
1154 911 1236 941 tertia

386 968 450 997 pars
471 959 599 996 capituli,
621 959 649 989 in
670 967 725 996 qua
746 958 880 987 Dominus
905 957 1055 994 discipulos
1076 958 1235 987 consolatur

385 1015 421 1036 ex
439 1007 614 1044 petitionum
633 1014 762 1035 suarum
783 1004 1006 1038 exauditione&
1020 1008 1048 1033 et
1068 1004 1193 1041 procedit
1208 1005 1235 1033 in

241 1062 312 1081 Divisio
325 1062 344 1080 sn
357 1062 368 1080 a
385 1054 438 1083 hac
459 1057 537 1091 parte
558 1061 608 1090 per
630 1053 705 1082 hunc
725 1052 848 1082 modum.
870 1052 963 1082 Primo
984 1054 1098 1081 notatur
1126 1052 1235 1081 Domini

261 1086 350 1104 membra.

386 1100 515 1131 liberalis
542 1099 723 1137 promissio;
753 1099 875 1129 secundo
906 1107 988 1133 vero,
1020 1098 1236 1136 discipulorum

385 1147 559 1181 consolatio,
581 1147 618 1175 ibi
635 1147 661 1175 ³:
686 1147 793 1175 Dicunt
813 1146 839 1175 ei
859 1145 1000 1183 discipuli
1019 1146 1083 1175 eius
1103 1148 1154 1176 etc.

464 1194 587 1222 Primum
616 1194 701 1231 igitur
729 1193 897 1223 describitur
925 1193 972 1222 sic.
1003 1193 1092 1223 Primo
1123 1196 1236 1222 notatur

269 1251 295 1269 ne
308 1250 368 1276 primo
388 1242 505 1270 Domini
526 1241 688 1270 liberalitas
709 1241 743 1269 ad
765 1240 996 1278 promittendum3
1019 1240 1152 1274 secundo,
1168 1244 1236 1269 tem-

293 1276 335 1293 iria.

382 1289 466 1327 poris
488 1288 695 1326 opportunitas
714 1288 747 1317 ad
769 1287 934 1325 petendum;
957 1287 1055 1322 tertio,
1077 1287 1237 1316 voluntatis

385 1335 585 1374 promptitudo
607 1335 640 1363 ad
661 1334 879 1364 exaudiendum.

466 1383 555 1419 (Vers.
579 1382 647 1418 23).
670 1382 760 1411 Primo
775 1390 842 1419 ergo
860 1381 891 1410 fit
912 1381 969 1410 sive
984 1384 1098 1410 notatur
1120 1381 1240 1410 Domini

281 1438 370 1457 Primum.
388 1430 548 1460 liberalitas
566 1430 606 1459 ad
618 1429 848 1467 promittendum
863 1429 916 1458 sub
930 1429 1108 1463 certitudine;
1123 1431 1238 1466 propter

388 1478 462 1515 quod
482 1478 562 1506 dicit:
580 1478 686 1510 Amen,
702 1484 787 1504 amen
802 1476 866 1504 dico
882 1475 975 1509 vobis,
998 1475 1107 1512 signum
1123 1478 1164 1504 est
1178 1483 1238 1504 cer-

388 1524 528 1558 titudinis;
551 1524 578 1553 si
591 1523 663 1561 quid
674 1522 816 1560 petieritis
838 1522 958 1550 Patrem
979 1522 1011 1550 in
1032 1522 1147 1550 nomine
1161 1530 1237 1555 meo,

387 1571 468 1600 (labit
490 1571 577 1599 vobis.
602 1571 634 1600 Si
653 1570 741 1609 quill,
768 1570 793 1598 id
816 1574 872 1604 est,
894 1570 916 1598 si
938 1569 1058 1606 aliquid;
1087 1569 1155 1597 iilud
1183 1569 1237 1597 ali-

387 1619 521 1657 quidest
542 1618 598 1647 vita
625 1621 752 1651 aeterna3
783 1617 855 1646 unde
883 1616 1091 1653 Augustinus4:
1118 1628 1131 1642 «
1154 1616 1238 1653 Quid-

388 1666 454 1703 quid
476 1666 551 1694 aliud
573 1665 691 1702 petitur,
713 1665 782 1694 nibil
804 1665 917 1702 petitur,
940 1672 995 1693 non
1016 1664 1082 1701 quia
1096 1672 1141 1693 res
1162 1664 1239 1692 nulla

388 1713 500 1741 omnino
521 1712 572 1746 sit,
605 1712 652 1741 sed
674 1712 741 1749 quia
772 1712 799 1740 in
831 1714 922 1740 tantae
944 1711 983 1740 rei
1015 1711 1237 1747 comparatione,

388 1759 522 1796 quidquid
544 1759 619 1788 aliud
634 1759 853 1796 concupiscitur,
875 1758 944 1787 nihil
959 1761 1000 1787 est
1015 1768 1045 1792 »ς
1067 1758 1128 1786 ideo
1151 1758 1237 1786 lacobi

388 1807 490 1844 primo:
518 1818 530 1831 (ι
546 1807 573 1835 Si
594 1806 657 1843 quis
679 1809 804 1835 vestrum
825 1805 928 1842 indiget
949 1805 1096 1842 sapientia,
1117 1805 1239 1841 postulet

388 1862 404 1882 a
424 1854 493 1888 Deo,
515 1854 563 1891 qui
584 1853 631 1882 dat
651 1853 781 1882 omnibus
801 1852 957 1886 affluenter,
979 1855 1006 1881 et
1027 1852 1139 1880 dabitur
1154 1852 1217 1881 ei».

467 1900 513 1928 38.
536 1900 625 1936 (Vers.
655 1899 722 1935 24).
751 1899 844 1937 Usque
864 1899 950 1927 modo
970 1907 1029 1927 non
1047 1898 1168 1935 petistis.
1191 1898 1238 1927 Hic

256 1953 369 1972 seeundum·
389 1946 511 1983 tangitur
540 1945 708 1979 secundum,
737 1945 840 1974 scilicet
872 1945 1006 1982 aptitudo
1034 1945 1170 1982 temporis
1199 1945 1238 1973 ad

386 1993 557 2030 petendum,
579 2001 651 2030 quae
672 1993 806 2021 hactenus
827 2000 882 2021 non
904 1992 1011 2026 fuerat,
1040 1992 1087 2021 sed
1108 1991 1238 2029 deinceps

389 2044 448 2070 erat
469 2040 579 2075 futura-3
602 2043 750 2077 propterea
769 2040 850 2068 dicit:
878 2039 971 2078 Usque
990 2039 1076 2068 inodo
1104 2048 1163 2068 nort
1188 2047 1238 2076 pe-

391 2087 466 2116 tistis
480 2087 642 2125 quidquam
662 2087 694 2115 in
707 2086 823 2115 nomine
842 2095 921 2120 meo,
943 2086 1009 2123 quia
1023 2094 1078 2114 non
1093 2089 1153 2114 erat
1168 2088 1238 2114 tem-

391 2142 443 2171 pus
464 2137 672 2171 opportunum;
694 2133 760 2171 quia
780 2133 915 2162 Dominus
935 2133 994 2170 ipse
1015 2135 1075 2162 erat
1096 2140 1159 2161 cum
1181 2133 1236 2167 eis,

995 175 1165 206 COMMENT.
1188 176 1220 206 IN
1242 175 1388 204 lOANNEM
1409 175 1436 204 C.
1461 174 1525 204 XVl.

1289 253 1337 290 qui
1352 252 1444 283 omnia
1457 252 1552 287 dabat;
1575 252 1648 282 unde
1663 252 1734 282 infra
1748 252 1855 281 decimo
1869 252 1987 290 septimo
1997 253 2022 282 ⁵:
2043 265 2056 279 a
2067 253 2134 283 Cum

1289 307 1377 330 essem
1399 306 1464 329 cum
1483 298 1538 333 eis,
1560 306 1610 336 ego
1631 299 1775 329 servabam
1796 306 1844 327 eos
1865 299 1892 328 in
1913 299 2024 329 nomine
2045 302 2094 330 tuo
2108 311 2135 329 ».

1290 346 1342 375 Sed
1362 345 1460 374 amodo
1481 346 1555 376 venit
1576 349 1702 383 tempus;
1724 346 1785 374 ideo
1805 345 1886 376 dicit:
1907 346 2014 381 Petite,
2042 350 2068 376 et
2088 356 2136 377 ac-

1289 392 1418 429 cipietis,
1440 396 1473 420 ut
1501 392 1649 429 yauaium
1680 396 1810 422 vestrum
1840 393 1878 422 sit
1907 392 2039 430 plenum,
2072 394 2138 431 quia

1289 439 1379 468 omnis
1400 442 1493 468 vestra
1513 439 1609 476 petitio
1628 439 1662 468 ad
1684 440 1752 469 illud
1772 440 1906 477 gaudium
1927 440 2025 470 referri
2047 440 2136 471 debet.

1290 486 1343 515 Hoc
1363 486 1511 524 qaudium
1529 486 1648 524 plenum
1670 487 1795 517 consistit
1808 487 1835 517 in
1857 487 1969 517 dotibus
1989 488 2098 518 animae
2111 492 2139 518 et

1289 533 1431 570 corporis;
1445 533 1479 562 de
1500 541 1556 571 quo
1571 534 1654 563 Isaiae
1675 534 1811 564 ultimoss:
1831 546 1844 560 «
1861 535 2009 571 videbitis,
2030 538 2057 565 et
2071 545 2139 574 gau-

1289 579 1364 609 debit
1385 587 1433 608 cor
1454 582 1593 615 vestrum,
1613 583 1641 609 et
1668 588 1731 610 ossa
1751 584 1845 610 vestra
1865 582 1943 619 quasi
1965 582 2053 612 herba
2077 591 2138 621 ger-

1290 627 1478 657 minabunt».
1500 627 1531 657 Et
1562 627 1637 664 quod
1665 630 1776 665 tempus
1806 631 1902 665 aptum
1923 629 1957 658 ad
1988 630 2138 667 petendum

1289 674 1431 708 adveniat,
1453 677 1541 711 patet,
1563 674 1629 711 quia
1649 682 1739 712 usque
1755 675 1835 705 modo
1855 676 2016 705 nescierunt
2029 685 2080 706 nec
2093 685 2139 707 co-

1289 723 1460 758 gnoverunt,
1482 729 1498 749 a
1518 729 1574 758 quo
1601 721 1736 751 deberent
1762 724 1872 759 petere;
1894 723 1942 752 sed
1968 724 2067 753 amodo
2094 732 2140 754 co-

1289 771 1436 805 gnoscent;
1459 768 1520 797 ideo
1541 768 1622 797 dicit:

1369 815 1415 844 39.
1438 815 1528 851 (Vers.
1544 815 1612 850 25).
1630 815 1708 845 Haec
1722 816 1753 845 in
1765 817 1931 853 proverbiis
1945 818 2059 848 loeutus
2072 827 2140 849 sum

1289 862 1388 896 vobis;
1408 862 1470 892 ideo
1490 862 1518 892 in
1543 862 1787 898 similitudinibus,
1809 864 1887 901 quia,
1908 865 2015 902 primae
2035 866 2069 895 ad
2090 866 2140 896 Co-

1291 909 1409 938 rinthios
1431 909 1551 944 terti0⁷‚
1577 921 1591 934 α
1606 917 1660 938 non
1682 909 1760 946 potui
1782 910 1861 939 vobis
1880 911 1957 949 loqui
1976 912 2056 949 quasi
2084 913 2140 950 spi-

1291 955 1455 990 ritualibus,
1477 955 1525 984 sed
1546 956 1625 992 quasi
1647 956 1806 985 carnalibus
1828 968 1854 985 n.
1877 957 1929 986 Sed
1949 959 2028 987 venit
2047 958 2139 995 liora,

1291 1011 1359 1031 cuni
1381 1002 1442 1032 iam
1464 1011 1523 1031 non
1544 1003 1576 1032 in
1593 1002 1760 1040 proverbiis
1782 1003 1888 1042 loquar
1908 1004 2004 1040 vobis,
2033 1007 2141 1036 occulte

1292 1050 1411 1084 scilicet,
1433 1050 1483 1078 sed
1500 1049 1604 1087 palam
1624 1050 1658 1078 de
1677 1050 1768 1079 Patre
1788 1050 1872 1079 meo⁸
1894 1051 2078 1081 annuntiabo
2092 1062 2140 1082 vo-

1292 1097 1344 1125 bis.
1366 1097 1438 1125 Hora
1458 1097 1510 1126 ista
1531 1099 1590 1125 erat
1612 1100 1721 1133 tempus
1742 1096 1880 1126 missionis
1901 1097 2020 1134 Spiritus
2044 1100 2140 1129 sancti.

1371 1144 1417 1172 40.
1441 1143 1530 1180 (Vers.
1553 1143 1620 1180 ΞΘ).
1643 1144 1679 1172 In
1700 1143 1748 1172 illo
1769 1143 1829 1178 die,
1858 1144 1910 1173 hoc
1931 1147 1972 1174 est
2000 1148 2141 1183 tempore,

1289 1191 1390 1229 petetis
1411 1191 1442 1220 in
1462 1191 1578 1220 nomine
1592 1199 1670 1225 meo,
1692 1191 1758 1228 quia
1778 1194 1846 1220 tunc
1861 1199 1904 1220 me
1925 1194 1952 1221 et
1973 1192 2081 1222 Patrem
2096 1201 2142 1222 co-

1292 1239 1444 1277 gnoscetis;
1466 1238 1540 1267 unde
1555 1238 1685 1268 Ieremiae
1701 1238 1841 1276 trigesimo
1856 1239 1948 1276 primo
1959 1239 1984 1268 ⁰:
2004 1239 2086 1269 «Non
2100 1240 2141 1269 di-

1293 1289 1336 1315 cet
1357 1286 1400 1314 vir
1421 1286 1500 1314 tratri
1520 1293 1586 1314 suo:
1608 1285 1747 1322 Cognosce
1768 1285 1933 1320 Dominum;
1954 1294 2050 1316 omnes
2067 1287 2141 1316 enim

1293 1335 1459 1370 cognoscent
1481 1340 1524 1361 me
1545 1340 1561 1361 a
1581 1332 1695 1361 minimo
1716 1340 1806 1369 usque
1827 1332 1860 1361 ad
1881 1333 2036 1362 maximum
2062 1345 2088 1362 ι).
2110 1335 2142 1364 Et

1293 1381 1346 1409 hoc
1366 1380 1419 1409 fuit
1439 1380 1467 1409 in
1495 1383 1620 1417 tempore
1640 1382 1702 1417 post
1725 1380 1913 1417 acceptionem
1940 1380 2060 1417 Spiritus
2080 1389 2143 1411 san-

1294 1426 1346 1460 cti,
1368 1426 1416 1463 qui
1432 1435 1486 1455 non
1509 1429 1616 1455 tantum
1631 1426 1761 1461 docebat,
1783 1426 1830 1455 sed
1849 1426 1932 1455 etiam
1953 1429 2048 1464 petere
2068 1435 2143 1457 com-

1294 1474 1430 1511 pellebat;
1463 1474 1496 1503 ad
1524 1474 1659 1502 Romanos
1690 1476 1802 1502 octavo:
1837 1485 1850 1499 ε(
1872 1474 1991 1511 Spiritus
2021 1475 2143 1512 postulat

1294 1529 1345 1558 pro
1366 1521 1445 1550 nobis
1466 1521 1614 1558 gemitibus
1629 1521 1862 1550 inenarrabilibus
1877 1533 1905 1555 n,
1927 1521 1953 1550 id
1968 1524 2025 1557 est,
2046 1525 2142 1559 postu-

1294 1568 1351 1596 lare
1372 1567 1444 1596 facit.

1374 1615 1409 1643 Et
1429 1623 1487 1643 non
1507 1614 1571 1643 dico
1599 1613 1688 1643 vobis.
1710 1615 1827 1643 Notatur
1854 1615 1899 1644 hic
1920 1615 2049 1650 tertium,
2071 1615 2144 1645 scili-

1294 1664 1337 1691 cet
1358 1661 1398 1690 ad
1418 1661 1636 1690 exaudiendum
1662 1661 1880 1699 promptitudo,
1902 1662 1967 1699 quia
1996 1662 2074 1691 Pater
2095 1671 2143 1700 pa-

1294 1711 1373 1737 ratus
1393 1711 1453 1737 erat
1474 1708 1609 1737 exaudire
1644 1708 1784 1745 Apostolos
1816 1711 1944 1746 rogantes
1966 1708 2024 1738 sine
2049 1709 2142 1747 aliquo

1293 1755 1477 1784 intercessore
1498 1755 1601 1789 medio;
1617 1757 1765 1792 propterea
1785 1755 1865 1784 dicit:
1890 1756 1924 1783 Et
1937 1764 1995 1784 non
2016 1756 2080 1784 dico
2094 1764 2143 1784 vo—

1294 1802 1354 1836 bis,
1376 1802 1448 1840 quia
1469 1810 1520 1840 eqo
1546 1801 1657 1840 roqabo
1681 1802 1801 1831 Patrem
1822 1801 1856 1830 de
1884 1801 1979 1836 vobis,
2001 1802 2067 1840 quia
2087 1811 2141 1831 non

1294 1852 1404 1886 oportet
1416 1849 1447 1877 ¹⁰.

1373 1896 1419 1925 41.
1443 1896 1531 1933 (Vers.
1555 1896 1623 1931 27).
1646 1896 1710 1933 Ipse
1731 1896 1809 1925 enim
1830 1896 1922 1925 Pater
1936 1900 2020 1924 amat
2040 1904 2100 1931 vos,
2115 1900 2143 1925 et

1294 1943 1355 1972 ideo
1377 1943 1494 1972 libenter
1515 1943 1646 1978 exaudit;
1667 1946 1695 1972 et
1715 1943 1786 1972 ratio
1808 1943 1893 1972 huius
1913 1946 1971 1972 est:
1995 1943 2072 1979 Quia
2093 1952 2144 1972 vos

1295 1999 1339 2019 me
1360 1990 1501 2023 amasam
1529 1998 1615 2027 supra
1635 1990 1743 2019 decimo
1770 1993 1872 2027 quarto
1884 1991 1922 2018 ¹¹:
1949 2001 1962 2016 (κ
1977 1990 2030 2027 Qui
2055 1990 2143 2027 diligit

1294 2045 1339 2067 me
1359 2037 1490 2074 diligetur
1517 2045 1534 2066 a
1561 2037 1640 2066 Patre
1668 2045 1729 2066 meo
1743 2048 1771 2072 »;
1797 2045 1852 2066 non
1875 2037 1964 2066 solum
1985 2045 2064 2066 amor
2084 2040 2144 2066 erat

1294 2085 1322 2113 in
1344 2093 1442 2119 causa,
1464 2085 1549 2114 immo
1569 2085 1650 2113 etiam
1673 2084 1756 2119 sides;
1778 2087 1803 2113 et
1823 2084 2003 2119 credidistis,
2025 2084 2097 2122 quia
2124 2092 2144 2112 a

1295 2133 1352 2160 Deo
1373 2132 1458 2160 exivi.
1482 2132 1514 2160 Et
1534 2132 1635 2160 merito
1655 2132 1718 2161 fidei
1745 2135 1889 2161 merentur
1910 2131 2057 2166 exaudiri,
2078 2127 2144 2169 quia

455 2303 462 2316 ¹
481 2304 502 2326 ln
521 2305 582 2327 ioan.
599 2304 677 2326 homil.
694 2303 733 2326 78.
751 2303 816 2332 (alias
832 2303 880 2332 77.)
898 2310 920 2326 n.
940 2304 959 2326 t.
977 2304 1021 2327 Pro
1033 2303 1090 2327 utile
1107 2303 1238 2333 castifican-

393 2344 425 2366 tes
442 2343 480 2365 ed.
497 2349 550 2365 cum
573 2343 676 2365 Gorrano
693 2342 775 2366 inutile
795 2344 830 2366 est
845 2342 1002 2373 castificantes
1024 2342 1150 2372 [Gorranus
1171 2342 1240 2366 casti-

393 2382 500 2412 gantes]
518 2382 585 2405 Card.
604 2383 683 2410 Hugo,
706 2382 728 2404 in
745 2383 804 2404 loan.
828 2382 869 2410 16,
892 2382 916 2410 6,
935 2382 1033 2404 eandem
1056 2382 1191 2405 sententiam
1209 2383 1241 2404 as—

395 2423 446 2444 sert:
464 2422 543 2449 Magna
562 2422 664 2444 tristitiae
680 2421 781 2450 tyrannis
798 2421 904 2444 violentia
923 2424 945 2443 et
957 2422 1050 2444 multa...
1068 2422 1121 2444 huic
1138 2422 1241 2449 passioni

395 2460 513 2487 nobiliter,
534 2462 555 2484 et
572 2460 635 2490 quod
650 2460 709 2484 utile
725 2462 760 2483 est
776 2460 800 2483 in
817 2467 843 2483 ea
855 2460 1027 2491 fructificantes
1044 2459 1180 2490 [γενναίως,
1203 2459 1240 2482 καὶ

394 2497 419 2521 τὸ
437 2499 548 2531 χρήσιμον
566 2494 605 2521 ἀπ’
624 2497 696 2522 αὺτοῦ
712 2499 904 2529 καρπουμένους]Ὶ
921 2500 986 2529 quod
1002 2500 1146 2528 superfluum
1159 2502 1193 2522 est
1210 2500 1241 2522 di-

393 2542 518 2561 mittamus.

457 2576 466 2589 ²
483 2577 526 2600 Csr.
544 2584 614 2606 supra
631 2584 655 2600 n.
676 2579 710 2601 10.
1093 2577 1102 2590 ³
1120 2579 1185 2601 Vers.
1204 2579 1241 2601 29.

457 2616 466 2628 *¹
483 2618 506 2639 ln
524 2618 584 2639 ioan.
601 2618 690 2645 Evang.
707 2620 734 2640 tr.
754 2618 806 2640 102.
822 2624 844 2640 n.
863 2619 884 2640 2.
900 2630 932 2635 —
950 2617 1053 2640 Subinde
1069 2618 1180 2646 allegatur
1197 2618 1240 2640 lac.

400 2656 422 2682 l,
441 2656 464 2678 5.
480 2655 523 2679 Cir.
542 2656 599 2678 intra
616 2662 640 2678 n.
659 2656 694 2678 48.

457 2693 466 2705 ⁶
486 2695 549 2717 Vers.
568 2695 604 2717 ⁴2.
616 2707 647 2711 —
660 2695 770 2723 Superius
782 2698 835 2723 post
851 2697 1014 2725 opportunum
1026 2695 1062 2718 ed.
1079 2695 1240 2724 prosequitur:

400 2732 439 2756 Vel
456 2733 512 2762 quia
529 2733 650 2763 hucusque
661 2740 676 2756 a
693 2734 765 2757 Patre
773 2740 818 2763 per
836 2734 924 2757 Christi
940 2734 1026 2757 merim
1037 2734 1098 2757 nihil
1111 2734 1240 2764 petierant,

395 2778 420 2794 eo
439 2771 501 2801 quod
518 2772 633 2795 Dominus
656 2772 704 2802 ipse
721 2776 763 2795 etc.
786 2773 830 2796 Csr.
849 2774 958 2801 August.,
976 2774 998 2796 in
1017 2774 1077 2796 loan.
1101 2774 1188 2801 Evang.
1212 2776 1240 2796 tr.

400 2811 449 2833 10¹2.
461 2817 484 2833 n.
501 2812 527 2833 ‘22
542 2811 619 2841 Usque
635 2811 705 2834 modo
722 2818 770 2835 non.
780 2812 870 2841 petistis
882 2812 1014 2842 quidquam
1030 2812 1054 2835 in
1070 2812 1166 2835 nomine
1177 2818 1241 2841 meo,

396 2848 489 2872 duobus
506 2850 581 2872 modis
598 2850 689 2878 intelligi
708 2853 795 2878 potest:
811 2851 847 2873 vel
859 2851 913 2880 quia
931 2857 977 2873 non
995 2851 1018 2873 in
1030 2851 1123 2874 nomine
1140 2857 1192 2874 meo
1205 2858 1242 2879 pe-

396 2887 464 2916 tistis,
481 2889 545 2917 quod
567 2895 650 2911 nomen
668 2895 726 2916 non,
743 2889 802 2911 sicut
818 2890 1007 2917 cognoscendum
1025 2893 1067 2918 est,
1083 2890 1241 2918 cognovistis;

397 2927 433 2948 vel
446 2933 491 2949 non
510 2927 597 2954 petistis
609 2927 749 2956 quidquam,
762 2928 872 2956 quoniam
890 2928 913 2950 in
926 2928 1098 2956 comparatione
1115 2928 1158 2955 rei,
1170 2934 1241 2957 quam

397 2968 475 2992 petere
492 2965 616 2993 debuistiS,
633 2972 676 2993 pro
693 2966 762 2988 nihilo
779 2966 913 2989 habendum
930 2970 964 2990 est
981 2967 1045 2996 quod
1062 2967 1158 2995 petistis.

1359 2302 1369 2315 ὃ
1386 2304 1452 2326 Vers.
1471 2303 1507 2325 114.
1519 2315 1550 2320 —
1561 2302 1607 2326 Cir.
1625 2303 1660 2325 lV.
1678 2303 1740 2325 Sent.
1751 2302 1775 2325 d.
1787 2301 1824 2324 49.
1841 2308 1863 2330 p.
1882 2302 1897 2324 l.
1914 2308 1936 2331 q.
1950 2302 1971 2324 5.
1988 2303 2011 2324 et
2026 2307 2050 2330 p.
2067 2301 2091 2324 ΙΙ.
2103 2308 2145 2330 per

1296 2345 1381 2370 totam,
1404 2342 1443 2365 ubi
1461 2342 1490 2365 de
1515 2341 1608 2364 dotibus
1633 2342 1723 2364 animae
1745 2343 1768 2364 et
1785 2341 1895 2369 corporis.
1915 2352 1947 2357 —-
1967 2340 2078 2369 Superius
2102 2346 2144 2368 pro

1296 2382 1374 2404 vestra
1389 2380 1470 2410 petitio
1487 2381 1525 2403 ed.
1541 2382 1626 2403 nostra
1640 2379 1730 2410 petitio.

1360 2417 1368 2430 ⁷
1388 2420 1453 2442 Vers.
1471 2420 1492 2441 4.
1510 2432 1540 2436 -
1558 2419 1670 2447 Superius
1688 2425 1731 2447 pro
1748 2417 1799 2441 ideo
1816 2418 1854 2441 ed.
1871 2424 1924 2441 cum
1937 2418 2042 2440 Gorrano
2058 2416 2084 2440 id
2099 2418 2144 2445 est,

1297 2461 1319 2481 et
1335 2465 1378 2487 pro
1394 2458 1589 2482 similitudinibus
1607 2465 1653 2481 non
1670 2458 1737 2486 pauci
1755 2458 1825 2480 codd.
1841 2460 1864 2480 et
1880 2458 1998 2480 Gorranus
2019 2455 2145 2480 similibus.

1299 2498 1357 2520 Vide
1373 2498 1430 2520 intra
1448 2504 1472 2520 n.
1492 2498 1528 2520 49.
1546 2500 1569 2520 et
1585 2504 1655 2526 supra
1673 2504 1692 2520 c.
1711 2497 1747 2519 10.
1765 2503 1788 2520 n.
1807 2498 1830 2520 8.

1360 2535 1370 2548 ‘³
1389 2538 1486 2565 Vulgata
1504 2537 1588 2559 omittit
1604 2542 1663 2560 meo.

1360 2575 1370 2588 ⁹
1387 2576 1454 2599 Vers.
1470 2576 1508 2598 34.
1526 2588 1556 2593 —
1573 2576 1681 2605 Sequitur
1698 2576 1764 2598 Rom.
1783 2576 1807 2604 8,
1825 2575 1862 2598 26.
1874 2574 1919 2598 Csr.
1937 2581 2008 2603 supra
2021 2580 2076 2603 pag.
2089 2573 2145 2602 443,

1298 2618 1350 2638 nota
1369 2617 1390 2638 2.

1361 2653 1380 2667 ¹⁰
1397 2654 1527 2682 chrysost„
1544 2654 1566 2677 in
1589 2655 1648 2677 ioan.
1666 2654 1743 2677 homil.
1761 2653 1799 2676 79.
1818 2653 1883 2683 (alias
1899 2653 1947 2682 78.)
1965 2659 1987 2675 n.
2005 2653 2034 2675 2:
2051 2652 2081 2676 Et
2097 2658 2144 2675 non

1297 2693 1388 2723 roqabo
1405 2694 1513 2722 Patrem,
1531 2693 1614 2716 sufficit
1630 2696 1706 2716 vestra
1724 2693 1747 2715 in
1765 2699 1802 2715 me
1824 2693 1915 2716 dilectio
1932 2692 1961 2715 ad
1984 2690 2145 2720 patrocinium.

1298 2733 1477 2761 Theophylact.‚
1493 2732 1517 2754 in
1533 2732 1635 2755 eundem
1652 2732 1742 2755 locum:
1765 2740 1775 2752 ιι
1787 2732 1813 2754 Ει
1829 2731 1852 2754 in
1870 2733 1957 2753 tantum
1971 2730 2039 2753 vobis
2056 2736 2146 2753 conser-

1298 2771 1360 2795 vabo
1378 2772 1478 2794 amicum
1496 2772 1598 2799 Patrem,
1615 2774 1640 2793 ut
1656 2772 1752 2799 posthac
1769 2776 1845 2799 neque
1863 2776 1901 2792 me
1918 2776 1977 2798 opus
1994 2768 2098 2792 habeatis
2115 2768 2146 2791 in-

1298 2814 1425 2833 tercessore
1436 2819 1458 2833 n.
1475 2811 1553 2833 Glossa
1578 2809 1754 2833 interlinearis:
1773 2810 1830 2839 Quia
1853 2809 1908 2832 nihil
1925 2812 1979 2832 tunc
1996 2808 2081 2836 deerit,
2104 2808 2145 2830 etsi

1298 2856 1359 2872 nunc
1376 2856 1442 2877 rogo.

1363 2888 1380 2901 ¹¹
1400 2889 1464 2911 Vers.
1482 2889 1520 2911 24.
1531 2901 1562 2905 —
1574 2888 1678 2911 Subinde
1694 2889 1806 2916 allegatur
1822 2888 1899 2910 Matth.
1911 2887 1949 2914 21,
1961 2888 1999 2909 22.
2013 2886 2058 2910 Csr.
2074 2892 2144 2914 supra

1300 2934 1320 2950 c.
1338 2928 1375 2950 li.
1392 2934 1415 2950 n.
1433 2927 1470 2950 45.

2160 1615 2249 1635 Tertium.
2274 1621 2277 1638 ι

2285 2666 2295 2692 -ῆε
2284 2583 2295 2658 ΜΕ
2284 2508 2295 2571 ,ΩΨ-4
