2296 3316
4 149 6 224 3

4 225 6 276 l

1 281 7 349 ,1

8 1032 10 1072 l

15 377 42 396 ius
54 375 107 394 ratio.

12 981 109 1009 ignificatio

11 1007 93 1030 mystica.

714 150 883 178 COMMENT.
907 150 939 178 ΙΝ
960 150 1151 179 SAPIENTIAM
1172 151 1200 179 C.
1222 152 1287 180 XVI.

125 228 256 265 vigesimo
277 228 358 257 tertio
374 229 397 256 ¹:
424 239 438 253 «
452 228 489 257 Ne
511 228 643 256 intuearis
664 228 776 261 vinum,
798 227 908 264 quando
922 227 970 256 ssa-

125 275 221 309 vescit,
244 283 308 303 cum
329 274 500 312 splenduerit
520 274 547 302 in
570 274 642 303 vitro
657 286 670 299 n
695 277 746 303 etc.

203 322 291 358 (Vers.
314 322 382 356 21).
412 321 615 349 Substantiam
642 321 716 349 enim
747 324 846 354 tuam,
875 320 901 348 id
930 318 993 349 est'

126 372 201 397 tuam
222 369 353 397 virtutem
368 368 552 402 sustentandi,
574 371 599 396 et
612 367 791 396 dulcedinem
813 371 896 395 tuam
907 367 928 401 ²,
944 367 972 396 id

124 419 165 444 est
185 418 347 452 potestatem
365 414 530 449 delectandi,
545 423 634 452 quam
655 413 742 442 habes
756 414 788 442 in
807 413 897 450 filios,
919 414 971 442 sci-

125 462 187 491 licet
211 469 258 490 eos
283 461 462 490 sustentando
483 469 532 497 per
560 461 612 489 cibi
634 460 816 489 substantiam
844 463 871 489 et
898 460 971 489 dele-

125 508 222 538 ctando
243 516 292 544 per
310 508 433 537 eiusdem
451 508 503 536 cibi
519 515 662 544 saporem,
680 507 847 535 ostendebas
861 510 926 541 etc.;
942 508 970 535 in

125 555 248 584 Psalmo:
274 555 402 583 «Parasti
422 554 450 582 in
471 554 615 582 dulcedine
637 557 685 582 tua
706 554 835 590 pauperi,
851 554 924 582 Deus
939 564 969 592 »ἆ

125 600 304 634 ostendebas,
320 601 446 637 inquam,
463 600 628 629 conserendo
642 600 681 629 eis
697 600 864 636 praedictam
880 608 969 628 escam

125 649 325 676 sustentantem
346 650 373 676 et
397 647 585 676 delectantem.
610 648 643 675 Et
667 647 845 681 deserviens,
868 647 971 675 scilicet

126 694 203 723 cibus
224 694 268 722 vel
282 694 360 731 panis
378 693 548 730 praedictus,
564 694 797 732 uniuscuiusque
814 693 970 728 voluntati,

125 741 229 770 scilicet
246 740 460 774 comedentium,
482 740 522 768 ad
544 741 620 778 quod
637 740 757 778 quisque
777 740 887 769 volebat
905 749 971 769 con-

125 787 300 821 vertebatur,
315 787 342 815 id
357 790 398 816 est
412 787 444 815 ad
464 788 574 824 qualem
589 795 728 824 saporem;
752 788 870 816 habebat
884 787 970 821 enim,

125 837 157 863 ut
177 834 294 869 dictum,
309 837 350 862 est
365 834 385 867 ³,
414 842 501 862 unum
530 842 657 870 saporem
685 834 899 862 determinatum
922 842 971 870 per

126 884 269 916 naturam,
291 881 338 911 sed
359 881 450 910 varios
471 889 521 918 per
542 881 662 909 divinam
684 881 809 917 gratiam.

204 929 320 967 Mystice
340 937 390 966 per
410 936 511 957 manna
531 928 738 964 significabatur
757 936 879 965 congrue
893 928 972 956 Chri-

126 978 186 1004 stus
207 975 259 1004 sub
280 976 456 1004 Sacramento
470 975 577 1008 altaris,
600 974 690 1010 primo
704 974 770 1011 quia
790 974 848 1010 ipse
863 977 904 1003 est
925 982 972 1011 pa-

126 1022 169 1051 nis
193 1022 368 1059 angelorum,
390 1021 493 1050 scilicet
514 1021 701 1055 sacerdotum,
727 1021 880 1049 secundum
906 1021 971 1050 illud

128 1069 274 1098 Malachiae
302 1069 422 1097 secundo
436 1069 463 1096 ⁴:
491 1080 504 1092 «
519 1068 637 1104 Angelus
658 1067 767 1096 Domini
795 1068 972 1096 exercituum

128 1118 205 1144 est».
218 1132 254 1136 —
267 1115 404 1149 Secundo,
426 1115 491 1152 quia
509 1114 623 1143 caelitus
641 1116 768 1151 paratur,
791 1114 818 1142 id
832 1117 885 1148 est,
907 1115 973 1151 quia

128 1163 231 1192 virtute
252 1163 360 1192 caelesti
383 1162 544 1196 conficitur3
567 1162 673 1190 loannis
687 1164 781 1190 sexto:
809 1173 822 1186 «
838 1162 891 1198 Ego
911 1170 972 1190 sum

128 1209 205 1245 panis
233 1209 328 1243 vivus,
358 1209 404 1246 qui
433 1208 466 1237 de
494 1209 569 1237 caelo
596 1208 722 1237 descendi
738 1219 768 1242 ”3
798 1208 825 1236 in
851 1209 972 1237 Psalmo:

132 1267 146 1281 «
160 1256 261 1285 Parasti
277 1256 370 1285 cibum
386 1256 514 1290 illorum,
536 1255 667 1292 quoniam
686 1255 723 1283 ita
738 1258 779 1283 est
799 1256 974 1292 praeparatio

127 1302 187 1331 eius
201 1314 227 1330 ».
239 1320 278 1323 —
289 1302 393 1337 Tertio,
409 1302 474 1339 quia
488 1302 662 1330 comedentes
683 1309 719 1330 ex
740 1309 772 1330 eo
787 1310 838 1338 pro
859 1310 910 1330 suo
927 1302 973 1331 de-

126 1349 243 1384 siderio,
264 1349 291 1378 id
305 1352 346 1378 est
359 1349 516 1382 devotione,
539 1348 716 1383 reficiuntur,
738 1349 890 1377 secundum
906 1349 974 1378 illud

128 1396 225 1425 Psalmi
237 1396 260 1424 ⁵:
277 1407 291 1421 «
305 1396 478 1425 Desiderium
492 1395 600 1424 animae
614 1395 674 1424 eius
689 1395 810 1424 tribuisti
826 1396 850 1424 ei
861 1408 874 1421 »
887 1407 892 1430 ;
908 1396 973 1425 item

128 1443 155 1471 in
174 1443 294 1472 Psalmo:
321 1443 518 1471 «Desiderium
539 1450 637 1471 eorum
657 1443 749 1471 attulit
763 1443 817 1477 eis,
839 1451 893 1472 non
909 1446 975 1472 sunt

127 1489 245 1518 fraudati
266 1498 282 1518 a
296 1489 432 1518 desiderio
453 1497 504 1518 suo
515 1501 541 1517 ».
557 1507 596 1510 -
610 1489 727 1525 Quarto,
752 1490 818 1527 quia
837 1498 900 1519 cum
915 1491 974 1527 ipso

128 1544 174 1565 ros
193 1537 297 1573 gratiae
327 1536 467 1565 descendit
498 1539 525 1565 et
549 1536 641 1570 datur,
673 1536 744 1565 sicut
775 1540 802 1565 et
833 1545 878 1566 ros
909 1545 974 1566 cum

128 1592 229 1612 manna
255 1583 452 1617 descendebat,
475 1586 506 1612 ut
534 1584 652 1612 habetur
680 1584 867 1612 Numerorum
888 1584 974 1613 unde-

129 1631 229 1660 cimoss.
252 1631 283 1659 Et
304 1630 364 1659 ideo
392 1631 470 1667 panis
498 1630 547 1659 iste
575 1629 756 1658 eucharistia
783 1631 900 1665 dicitur3
926 1639 975 1659 eu-

128 1677 258 1705 charistia
279 1677 353 1705 bona
373 1677 475 1714 qratia
490 1676 698 1712 interpretatur.
711 1693 747 1697 —
762 1677 876 1712 Quinto,
895 1677 974 1713 quia,

129 1724 200 1753 sicut
231 1724 381 1761 apparebat
416 1732 517 1752 manna
548 1726 580 1751 ut
609 1731 736 1751 «semen
769 1724 905 1752 coriandri
935 1725 974 1752 al-

129 1771 218 1800 bum⁷
236 1783 264 1805 »‚
286 1771 325 1799 sic
346 1774 372 1799 et
396 1770 523 1798 Christus
551 1770 603 1798 sub
624 1770 726 1798 nebula
754 1770 866 1799 candida
889 1772 974 1799 sumi-

129 1820 175 1845 tur
181 1828 188 1852 ;
204 1816 377 1853 Apocalypsis
391 1816 496 1844 decimo
511 1819 624 1853 quarto:
645 1827 658 1841 «
671 1816 749 1850 Ecce,
765 1817 867 1846 nubem
883 1817 974 1846 candi-

128 1863 205 1897 dam,
227 1866 254 1892 et
275 1871 361 1900 supra
381 1863 483 1891 nubem
506 1863 644 1891 sedentem
667 1863 783 1891 similem
800 1864 865 1892 Filio
887 1864 975 1892 homi-

129 1910 171 1939 nis
186 1922 212 1938 ».
227 1927 266 1930 —
280 1910 377 1944 Sexto,
399 1910 465 1946 quia
485 1917 535 1938 sex
557 1910 670 1944 diebus,
685 1913 712 1939 et
733 1918 787 1938 non
808 1911 836 1938 in
858 1911 975 1939 Sabbato

129 1957 309 1994 colligebatur
324 1957 344 1991 ⁸,
372 1957 411 1985 sic
431 1957 558 1985 Christus
585 1957 613 1985 in
634 1957 771 1993 praesenti
800 1958 852 1986 sub
880 1958 975 1986 Sacra-

129 2007 222 2032 mento
242 2003 372 2037 sumitur,
388 2003 434 2032 sed
456 2004 483 2031 in
504 2003 601 2032 futuro
615 2003 745 2037 sabbato,
767 2004 801 2032 de
822 2013 877 2041 quo
892 2005 975 2033 Isaiae

129 2051 300 2088 sexagesimo
328 2054 422 2079 sexto:
449 2062 462 2075 ι(
482 2050 539 2079 Erit
567 2051 716 2079 Sabbatum
748 2059 784 2079 ex
815 2052 932 2080 Sabbato
947 2064 975 2086 »‚

128 2100 223 2134 aperte
243 2097 394 2131 videbitur;
409 2097 514 2134 primae
536 2097 569 2126 ad
583 2097 739 2126 Corinthios
759 2098 865 2126 decimo
880 2098 974 2127 tertio:

133 2155 147 2169 «
162 2145 238 2173 Tunc
253 2148 346 2173 autem
367 2144 435 2173 facie
449 2144 483 2172 ad
503 2144 599 2173 faciem
617 2154 647 2178 »ς
662 2144 728 2173 item
750 2145 854 2181 primae
868 2145 975 2173 loannis

1817 154 1871 182 215

1028 228 1124 257 tertio:
1151 229 1339 258 «Videbimus
1360 238 1439 265 eum,
1462 232 1541 260 sicuti
1563 235 1644 260 est».
1672 249 1709 253 -—
1734 232 1872 269 Septimo,

1028 275 1092 311 quia
1114 283 1202 312 usque
1223 276 1255 304 ad
1278 277 1432 313 ingressum
1455 280 1545 306 terrae
1566 279 1754 315 promissionis
1778 280 1805 307 in
1826 280 1873 308 de-

1029 325 1103 350 serto
1124 330 1173 358 per
1195 323 1377 359 quadraginta
1397 332 1483 352 annos
1504 324 1564 353 cibo
1586 325 1631 353 illo
1653 326 1747 354 nutriti
1777 327 1872 361 sunt⁹,

1028 368 1067 396 sic
1092 376 1181 405 usque
1209 369 1242 396 ad
1263 369 1346 397 finem
1367 370 1462 398 mundi
1484 371 1510 399 in
1539 371 1648 400 deserto
1669 372 1753 401 huius
1777 373 1872 401 mundi

1028 414 1122 443 fideles
1143 415 1276 443 Ecclesiae
1297 416 1471 450 nutriuntur,
1490 418 1641 446 secundum
1657 419 1725 447 illud
1747 420 1872 448 Matthaei

1029 461 1160 497 vigesimo
1181 465 1292 490 octavo:
1313 463 1417 497 «Ecce,
1439 472 1489 500 ego
1504 465 1645 493 vobiscum
1667 474 1729 494 sum
1744 467 1873 496 omnibus

1028 507 1125 536 dlebus
1146 516 1235 545 usque
1256 508 1290 537 ad
1311 510 1573 539 consummationem
1595 512 1695 540 saeculi
1712 525 1737 540 ».

1107 554 1166 582 Nz‘oe
1194 558 1292 583 autem
1312 558 1362 584 etc.
1385 556 1431 585 Hic
1453 557 1575 594 tangitur
1602 559 1680 587 ratio
1705 559 1873 596 afflictionis
1884 564 1977 583 Detertio
1986 570 2019 583 1¹⁰-

1028 600 1240 637 Aegyptiorum:
1263 602 1352 638 primo
1373 610 1409 631 ex
1431 606 1509 639 parte
1527 605 1718 641 punitorum;
1739 607 1872 640 secundo,

1029 654 1065 675 ex
1088 650 1165 683 parte
1193 657 1311 682 eorum,
1330 658 1387 685 pro
1408 650 1514 687 quibus
1532 651 1752 688 puniebantur.-
1774 653 1835 681 Hoc
1851 654 1873 670 ¹⁰

1004 723 1008 725 ,
1029 697 1141 727 autenm
1164 695 1260 729 tertio,
1282 703 1318 723 ex
1340 699 1418 732 parte
1440 697 1492 725 Dei
1511 698 1675 734 punientis:
1700 699 1852 728 Creatura.

1108 741 1196 777 (Vers.
1210 743 1277 775 22).
1294 742 1364 771 Dicit
1376 751 1455 780 ergo:
1470 743 1529 772 Nix
1545 748 1640 773 autem
1653 749 1703 774 etc.
1719 746 1757 774 lta
1771 746 1874 775 [lictum

1029 789 1113 821 est¹¹,
1135 788 1209 825 quod
1230 789 1307 826 iynis
1322 789 1353 817 in
1367 798 1447 828 aqua
1465 791 1534 827 plus
1554 791 1684 825 valebat,·
1705 793 1757 821 niae
1776 796 1873 821 autem

1029 837 1053 861 et
1073 834 1193 871 ylacies,
1216 835 1241 863 id
1263 838 1304 864 est
1319 836 1436 873 grando,
1457 837 1639 867 sustinebant
1651 839 1711 867 vim
1732 839 1825 876 ienis,
1848 840 1875 868 id

1029 884 1070 909 est
1098 881 1232 916 calorem,
1255 883 1302 919 qui
1331 886 1372 911 est
1399 884 1459 912 eius
1480 884 1598 921 qualitas
1625 886 1728 915 activae
1754 886 1873 915 virtutis.

1030 927 1066 955 Et
1085 936 1143 956 nou
1164 928 1357 964 tabescebam,
1379 930 1405 958 id
1426 934 1480 964 est,
1502 939 1556 959 non
1578 932 1772 968 liquefiebant;
1802 933 1875 961 unde

1030 973 1116 1002 Exodi
1138 983 1210 1003 nono
1226 976 1261 1003 12:
1282 988 1295 1001 «
1307 976 1378 1005 Pluit
1392 977 1525 1007 Dominus
1539 978 1699 1014 grandinem
1722 987 1805 1016 super
1820 983 1875 1008 ter-

1030 1028 1089 1048 ram
1112 1021 1238 1058 Aegypti:
1260 1026 1287 1051 et
1307 1023 1412 1060 grando
1433 1027 1460 1052 et
1481 1024 1551 1060 ignis
1573 1025 1661 1053 mixta
1681 1026 1784 1061 pariter
1805 1026 1875 1055 fere-

1030 1068 1132 1097 bantur
1151 1080 1181 1103 »;
1214 1073 1247 1097 ut
1275 1070 1399 1104 seirent,
1432 1071 1535 1100 scilicet
1559 1072 1716 1106 Israelitae‚=
1737 1073 1875 1110 quoniam

1029 1113 1147 1151 fructus
1169 1116 1371 1151 inimieorum,
1394 1117 1420 1145 id
1445 1120 1485 1146 est
1507 1118 1715 1154 Aegyptiorum,
1744 1120 1877 1148 extermi-

1030 1162 1121 1190 nabat
1143 1163 1219 1200 tynis
1240 1164 1361 1198 erdem,
1384 1164 1487 1193 scilicet
1509 1173 1558 1201 per
1579 1166 1711 1199 calorem:
1734 1166 1765 1194 in
1784 1175 1876 1203 gran-

1031 1209 1097 1237 dine
1117 1213 1142 1237 et
1159 1209 1264 1246 pluvia
1292 1219 1469 1245 coruscam,
1491 1212 1595 1240 scilicet
1616 1220 1666 1248 per
1693 1213 1875 1249 splendorem.

1036 1266 1049 1279 «
1064 1256 1160 1284 Linum
1183 1258 1210 1284 et
1231 1256 1367 1285 hordeum
1393 1257 1465 1285 laesa
1486 1262 1564 1291 sunt,
1586 1266 1618 1287 eo
1639 1259 1715 1295 quod
1742 1259 1876 1288 hordeum

1031 1302 1124 1330 virens
1145 1305 1231 1336 esset,
1254 1306 1280 1331 et
1310 1303 1396 1331 linum
1425 1303 1478 1332 iam
1506 1304 1641 1333 folliculos
1669 1306 1877 1342 germinaret»,

1032 1348 1117 1377 Exodi
1139 1357 1218 1377 nono.

1111 1396 1199 1432 (Vers.
1223 1396 1290 1432 23).
1313 1397 1373 1425 Hoc
1395 1401 1493 1425 autem
1514 1398 1622 1426 iterum
1643 1402 1693 1427 etc.
1717 1399 1878 1433 Sciendum,

1032 1443 1105 1479 quod
1129 1443 1186 1479 ly¹³
1202 1442 1253 1471 hoe
1268 1446 1357 1480 potest
1371 1452 1430 1472 esse
1445 1444 1555 1473 ablativi
1571 1453 1666 1479 casus,
1688 1448 1719 1474 ut
1734 1446 1772 1474 sic
1794 1454 1879 1482 expo-

1032 1493 1130 1518 natur:
1152 1489 1220 1524 boc,
1243 1499 1293 1527 pro
1315 1491 1385 1525 hoc:
1407 1492 1450 1519 vel
1478 1492 1655 1526 nominativi,
1676 1492 1714 1520 ita
1739 1493 1812 1529 quod
1841 1493 1880 1522 sic

1032 1537 1156 1574 legatur:
1180 1536 1231 1565 lzoc
1253 1542 1351 1565 autem
1372 1538 1492 1572 iterum,
1514 1539 1624 1575 supple:
1650 1539 1751 1567 factum
1773 1542 1827 1573 est,
1848 1543 1880 1568 ut

1032 1585 1220 1612 nutrirentur
1242 1584 1329 1618 iusti,
1355 1585 1458 1613 scilicet
1479 1585 1527 1614 filii
1549 1586 1639 1614 Israel.
1656 1587 1737 1623 leuis
1750 1587 1773 1603 14
1793 1587 1880 1615 etiam

1031 1639 1103 1659 suae
1124 1631 1243 1659 virtutis
1264 1631 1368 1659 oblitus
1389 1636 1443 1666 est,
1466 1633 1569 1661 scilicet
1589 1642 1643 1661 non
1669 1634 1880 1662 exterminando

1031 1678 1139 1706 fructus
1161 1681 1251 1712 terrae
1266 1679 1419 1713 iustorum,
1436 1683 1466 1707 ut
1482 1683 1555 1716 patet
1570 1680 1655 1709 Exodi
1671 1689 1755 1715 nono,
1777 1681 1824 1709 ubi
1842 1681 1879 1709 le-

1032 1725 1106 1761 gitur
1133 1737 1146 1749 «
1162 1728 1269 1753 tantum
1290 1725 1317 1753 in
1333 1728 1408 1754 terra
1422 1726 1536 1760 Gessen,
1551 1727 1598 1755 ubi
1620 1730 1703 1756 erant*
1720 1728 1766 1756 filii
1783 1728 1874 1762 lsrael,

1032 1771 1137 1807 grando
1158 1779 1212 1799 non
1234 1771 1400 1800 cecidisse».
1424 1772 1466 1801 Sic
1481 1775 1508 1801 et
1529 1773 1583 1801 vim
1599 1773 1710 1802 virtutis
1731 1782 1796 1802 suae
1811 1774 1879 1802 obli-

1033 1820 1078 1846 tus
1099 1822 1140 1846 est
1161 1818 1244 1855 ignis,
1267 1818 1378 1855 quando
1405 1822 1461 1847 tres
1483 1827 1584 1856 pueros
1605 1820 1692 1849 iustos
1714 1821 1740 1848 iu
1768 1821 1878 1849 fornace

1032 1872 1087 1893 non
1109 1865 1202 1898 laesit,
1224 1868 1256 1893 ut
1277 1868 1351 1901 patet
1372 1865 1492 1894 Danielis
1514 1866 1602 1895 tertio.
1696 1904 1699 1906 -

1111 1912 1199 1945 (Vers.
1216 1912 1284 1947 aa).
1303 1912 1448 1940 Creatura
1463 1913 1538 1941 enim
1559 1916 1611 1941 tua
1624 1913 1656 1948 ²⁵,
1678 1914 1780 1942 scilicet
1795 1922 1878 1951 quae-

1032 1966 1166 1995 cumque,
1189 1957 1241 1986 tibi
1260 1957 1370 1995 factori
1390 1959 1564 1993 deserviens,
1587 1959 1613 1987 id
1634 1963 1677 1988 est
1697 1963 1759 1989 tuae
1781 1960 1879 1989 volun-

1032 2005 1099 2039 tati,
1131 2013 1187 2042 qua
1218 2006 1309 2033 omnia
1340 2005 1446 2039 fecisti,
1478 2006 1631 2034 secundum
1662 2007 1883 2036 illudpsalmir

1036 2063 1049 2076 «
1064 2051 1161 2080 Omnia
1171 2075 1178 2086 ,
1194 2060 1387 2089 quaecumque
1406 2053 1504 2087 voluit⁷
1519 2053 1583 2081 fecit
1594 2064 1624 2087 »3
1639 2054 1833 2088 excandescit,
1851 2054 1879 2082 id

1031 2100 1087 2131 est,
1116 2098 1294 2126 vehementer
1314 2101 1442 2127 movetur
1464 2102 1491 2127 et
1512 2099 1674 2133 concitatur,
1697 2100 1728 2128 in
1754 2104 1877 2129 tormen-

1032 2148 1110 2179 tum,
1133 2145 1300 2182 punitionis,
1323 2145 1466 2174 adversus
1488 2146 1628 2180 iniustos,
1651 2146 1677 2175 id
1691 2150 1732 2175 est
1754 2147 1878 2176 inimicos

193 2328 200 2341 ¹
218 2330 285 2352 Vers.
303 2330 338 2352 31.

192 2367 201 2380 ²
218 2369 251 2390 lta
266 2369 333 2390 etiam
352 2369 415 2391 card.
440 2369 508 2396 Hugo
530 2371 553 2391 et
573 2369 689 2397 Lyranus;
707 2369 818 2396 Vulgata:
835 2369 974 2393 Substantia

129 2406 192 2429 enim
209 2408 250 2430 tua
268 2406 414 2430 dulcedinem
432 2408 509 2434 tuam,
527 2413 588 2435 quae
604 2407 673 2429 etiam
690 2407 785 2429 inferius
797 2407 888 2430 exhibet
899 2409 975 2431 osten-

129 2445 196 2469 debat
214 2452 255 2473 pro
272 2445 407 2469 ostendebas
421 2446 459 2472 (ita
472 2446 539 2469 etiam
553 2446 614 2468 card.
627 2447 694 2474 Hugo
707 2449 729 2468 et
743 2446 863 2474 Lyranus).
875 2459 906 2463 —
919 2447 974 2469 Sub-

131 2484 184 2507 inde
201 2485 312 2512 allegatur
330 2486 364 2507 Ps.
382 2485 425 2512 67,
443 2486 479 2507 11.

191 2521 200 2535 ³
218 2524 239 2545 ln
257 2524 406 2551 explicatione
423 2524 582 2552 praecedentis
601 2531 691 2547 versus.

191 2560 201 2574 ⁴
219 2563 285 2585 Vers.
300 2562 323 2584 7.
339 2575 370 2579 —
387 2563 437 2585 Duo
460 2569 525 2592 seqq.
542 2563 584 2585 loci
607 2566 660 2585 sunt
682 2564 742 2585 loau.
759 2564 785 2591 6,
805 2563 841 2586 41.
860 2564 908 2592 (cfr.
926 2564 973 2593 51.)

130 2603 152 2623 et
167 2601 202 2623 Ps.
221 2601 263 2628 64,
282 2602 318 2623 10.
335 2601 459 2624 Rabanus:
476 2603 546 2625 Aliter
564 2609 648 2625 manna
666 2603 778 2631 significat
795 2609 879 2631 panem
898 2604 973 2631 illuni,

129 2640 169 2668 qui
187 2640 207 2661 in
226 2641 350 2668 Evangelio
367 2641 412 2663 ait:
430 2641 480 2670 qu
497 2647 551 2664 sum
564 2641 636 2670 panis
654 2644 697 2664 etc.

192 2677 201 2690 ⁶
219 2679 301 2701 Psalm.
319 2680 360 2706 20,
379 2680 407 2707 35
426 2679 481 2702 ibid.
499 2680 536 2707 77,
554 2681 592 2702 29.
609 2683 631 2702 et
648 2681 684 2703 30.
702 2684 736 2703 est
752 2687 800 2709 seq.
818 2681 889 2703 locus.

192 2715 201 2729 ὃ
219 2718 281 2740 νει-5,
301 2718 328 2740 9:
348 2718 454 2747 Cumque
476 2719 625 2741 descenderet
647 2722 713 2741 nocte
735 2725 805 2747 super
828 2722 901 2742 castra
924 2725 973 2746 ros,

128 2755 285 2778 descendebat
301 2757 386 2784 pariter
402 2760 424 2779 et
441 2763 502 2779 man.

192 2793 200 2806 ⁷
219 2796 289 2817 Exod.
307 2796 348 2823 16,
366 2797 406 2818 31l:
424 2796 491 2824 Quod
510 2796 586 2826 [man]
610 2800 658 2819 erat
680 2798 745 2826 quasi
768 2804 846 2820 semen
868 2801 910 2821 etc.
924 2800 973 2821 rcsr.

130 2834 196 2856 Num.
216 2834 252 2861 11,
268 2834 290 2857 7.
307 2847 338 2851 —
355 2835 463 2864 Sequitur
481 2836 551 2863 Apoc.
571 2836 612 2863 14,
631 2836 667 2858 14.

192 2871 201 2884 '³
219 2874 288 2896 Exod.
309 2875 347 2901 16,
365 2875 407 2896 26:
425 2876 467 2897 Sex
492 2875 575 2897 diebus
600 2876 711 2903 colligite,
734 2877 755 2898 in
780 2877 817 2899 die
839 2880 915 2899 autem
939 2883 974 2899 se-

130 2912 202 2939 ptimo
223 2912 349 2935 Sabbatum
371 2916 405 2935 cst
427 2914 530 2940 Domini,
547 2914 633 2937 idcirco
652 2921 696 2936 non
714 2915 852 2937 invenietur.
870 2928 900 2932 —
918 2916 991 2939 Tres.

129 2957 194 2980 seqq.
211 2952 254 2974 loci
277 2955 330 2974 sunt
352 2953 400 2975 lsai.
417 2953 459 2981 66,
478 2953 522 2980 235
541 2954 555 2975 l.
572 2953 624 2976 Cor.
642 2954 683 2978 13.
702 2954 737 2976 12.
756 2957 777 2977 et
796 2956 810 2977 1.
827 2956 886 2977 loan.
905 2956 931 2982 3,
950 2956 971 2977 2.

1093 2329 1102 2342 Β
1119 2331 1190 2354 Exod.
1208 2332 1250 2358 16,
1269 2331 1312 2353 35:
1330 2332 1378 2353 Filii
1395 2334 1473 2354 autem
1496 2332 1562 2354 lsrael
1584 2332 1735 2354 comederunt
1752 2339 1805 2354 man
1823 2339 1878 2361 qua-

1031 2370 1137 2398 draginta
1156 2371 1233 2398 annis‚
1246 2370 1321 2393 donec
1332 2371 1439 2393 venirent
1455 2371 1478 2393 in
1496 2374 1579 2393 terram
1597 2370 1758 2399 habitabilem;
1771 2373 1814 2394 hoc
1825 2371 1877 2394 cibo

1031 2409 1075 2431 aliti
1094 2412 1158 2435 suut,
1176 2415 1298 2438 usquequo
1317 2402 1437 2437 tangerent
1454 2409 1511 2432 fines
1528 2412 1602 2432 terrae
1619 2409 1737 2432 Chanaan.
1752 2423 1782 2427 —
1799 2411 1877 2439 Sequi-

1031 2451 1067 2471 tur
1084 2449 1160 2470 Matth.
1179 2449 1220 2476 28,
1239 2449 1276 2471 20.

1094 2485 1113 2498 ¹⁰
1131 2487 1189 2509 Vide
1207 2487 1300 2509 interius
1316 2490 1394 2509 uotam
1416 2487 1450 2509 14.

1094 2524 1112 2537 ¹¹
1130 2526 1194 2548 Vers.
1214 2526 1249 2548 17,

1095 2564 1114 2577 ¹2
1132 2566 1197 2587 Vcrs.
1215 2566 1250 2587 23.
1269 2568 1289 2587 et
1308 2566 1353 2594 ‘243
1371 2565 1426 2587 ibid.
1444 2572 1467 2587 v.
1480 2566 1517 2587 31.
1534 2568 1568 2588 est
1585 2572 1633 2594 seq.
1645 2567 1720 2595 locus,
1734 2567 1816 2595 in—quo
1834 2573 1875 2595 pro

1032 2604 1097 2627 laesa
1113 2606 1171 2627 sunt
1188 2605 1285 2632 Vulgata
1304 2604 1395 2629 laesum
1412 2606 1452 2628 est.

1094 2642 1113 2655 ¹³
1130 2644 1176 2666 Cir.
1193 2650 1263 2672 supra
1282 2651 1335 2672 pag.
1354 2644 1412 2671 144,
1430 2647 1480 2667 nota
1503 2645 1520 2666 1.
1539 2645 1560 2667 in
1578 2645 1632 2667 fine.

1094 2681 1113 2694 ¹⁴
1130 2683 1160 2705 lta
1173 2684 1236 2705 card.
1250 2684 1317 2711 Ilugo
1330 2686 1351 2705 et
1362 2684 1480 2710 Lwanus,
1494 2684 1604 2711 Vulgata,
1616 2690 1659 2711 pro
1674 2684 1722 2707 Hoc
1738 2684 1812 2711 posito
1825 2684 1875 2712 Hic,

1031 2722 1114 2744 omittit
1136 2722 1205 2751 ienis.
1222 2735 1252 2738 —
1269 2723 1402 2751 Sequuntur
1424 2723 1493 2745 Exod.
1514 2722 1540 2749 9,
1559 2723 1642 2750 23-26,
1666 2722 1705 2745 ubi
1727 2723 1756 2745 de
1779 2723 1875 2750 septima

1031 2761 1099 2788 plaga
1122 2761 1252 2788 grandinis,
1270 2761 1395 2783 tonitruum
1422 2764 1443 2783 et
1468 2762 1605 2784 fulminum:
1625 2762 1746 2784 «Tantum
1771 2762 1793 2783 in
1816 2764 1874 2784 terra

1031 2800 1139 2821 Gesscn...
1158 2800 1246 2827 grando
1264 2806 1307 2821 nou
1326 2800 1445 2827 ceddum
1463 2803 1485 2822 et
1502 2800 1558 2822 Dan.
1577 2801 1602 2828 3,
1620 2800 1656 2822 49.
1675 2806 1739 2829 seqq.

1094 2837 1112 2850 ¹⁵
1131 2839 1227 2866 Vulgata
1245 2839 1328 2860 omittit
1345 2840 1398 2865 tua,
1416 2839 1479 2867 quod
1497 2838 1603 2861 exhibent
1615 2840 1682 2861 ctiam
1694 2839 1756 2861 card.
1769 2840 1835 2866 Hugo
1853 2842 1875 2861 et

1031 2878 1146 2905 Lyranus,
1160 2878 1228 2900 iidem
1241 2878 1311 2905 paulo
1328 2878 1423 2900 inferius
1440 2884 1493 2900 cum
1512 2877 1607 2900 Rabano
1625 2879 1703 2906 legunt
1718 2877 1872 2905 effcandescz't,

1031 2922 1073 2943 pro
1096 2922 1143 2944 quo
1167 2916 1263 2944 Vulgata
1287 2916 1428 2939 exardescit.
1446 2929 1477 2933 —
1496 2917 1548 2945 Seq.
1569 2917 1632 2939 locus
1655 2920 1689 2939 est
1711 2917 1745 2938 Ps.
1771 2917 1827 2943 113,
1850 2917 1871 2938 3.

1032 2955 1087 2985 (vel.
1106 2955 1160 2980 11.).

1888 589 1950 606 tantur
1963 588 2005 606 tria.

1892 751 1982 769 Primum,

1897 1402 2010 1421 Secundum.

1895 1916 1986 1935 Tertium.
