<?xml version="1.0" encoding="UTF-8"?>
<!DOCTYPE html PUBLIC "-//W3C//DTD XHTML 1.0 Transitional//EN"
    "http://www.w3.org/TR/xhtml1/DTD/xhtml1-transitional.dtd">
<html xmlns="http://www.w3.org/1999/xhtml" xml:lang="en" lang="en">
 <head>
  <title>
</title>
<meta http-equiv="Content-Type" content="text/html;charset=utf-8" />
  <meta name='ocr-system' content='tesseract 3.04.00' />
  <meta name='ocr-capabilities' content='ocr_page ocr_carea ocr_par ocr_line ocrx_word'/>
</head>
<body>
  <div class='ocr_page' id='page_1' title='image "./doctorisseraphic06bona_0381.png"; bbox 0 0 2296 3316; ppageno 0'>
   <div class='ocr_carea' id='block_1_1' title="bbox 1 538 104 569">
    <p class='ocr_par' dir='ltr' id='par_1_1' title="bbox 1 538 104 569">
     <span class='ocr_line' id='line_1_1' title="bbox 1 538 104 569; baseline 0 -9"><span class='ocrx_word' id='word_1_1' title='bbox 1 538 104 569; x_wconf 20' lang='lat' dir='ltr'>,Quat-tum.</span> 
     </span>
    </p>
   </div>
   <div class='ocr_carea' id='block_1_2' title="bbox 10 1290 102 1314">
    <p class='ocr_par' dir='ltr' id='par_1_2' title="bbox 10 1290 102 1314">
     <span class='ocr_line' id='line_1_2' title="bbox 10 1290 102 1314; baseline 0.022 -7"><span class='ocrx_word' id='word_1_2' title='bbox 10 1290 102 1314; x_wconf 55' lang='lat' dir='ltr'>quintum.</span> 
     </span>
    </p>
   </div>
   <div class='ocr_carea' id='block_1_3' title="bbox 10 2628 18 3262">
    <p class='ocr_par' dir='ltr' id='par_1_3' title="bbox 10 2628 18 3262">
     <span class='ocr_line' id='line_1_3' title="bbox 10 2628 18 3262; baseline 0 0"><span class='ocrx_word' id='word_1_3' title='bbox 10 2628 18 3262; x_wconf 95' lang='lat' dir='ltr'> </span> 
     </span>
    </p>
   </div>
   <div class='ocr_carea' id='block_1_4' title="bbox 745 130 1249 160">
    <p class='ocr_par' dir='ltr' id='par_1_4' title="bbox 745 130 1249 160">
     <span class='ocr_line' id='line_1_4' title="bbox 745 130 1249 160; baseline 0.004 -2"><span class='ocrx_word' id='word_1_4' title='bbox 745 130 914 159; x_wconf 83' lang='lat' dir='ltr'>COMMENT.</span> <span class='ocrx_word' id='word_1_5' title='bbox 937 131 969 159; x_wconf 91' lang='lat' dir='ltr'>IN</span> <span class='ocrx_word' id='word_1_6' title='bbox 990 131 1135 159; x_wconf 73' lang='lat' dir='ltr'>IOANNEM</span> <span class='ocrx_word' id='word_1_7' title='bbox 1156 132 1184 160; x_wconf 93' lang='lat' dir='ltr'>C.</span> <span class='ocrx_word' id='word_1_8' title='bbox 1206 132 1249 160; x_wconf 86' lang='lat' dir='ltr'>VI.</span> 
     </span>
    </p>
   </div>
   <div class='ocr_carea' id='block_1_5' title="bbox 116 208 969 2353">
    <p class='ocr_par' dir='ltr' id='par_1_5' title="bbox 122 208 969 477">
     <span class='ocr_line' id='line_1_5' title="bbox 205 208 969 245; baseline 0 -9"><span class='ocrx_word' id='word_1_9' title='bbox 205 209 267 237; x_wconf 91' lang='lat'>101.</span> <span class='ocrx_word' id='word_1_10' title='bbox 290 209 378 245; x_wconf 88' lang='lat' dir='ltr'>(Vers.</span> <span class='ocrx_word' id='word_1_11' title='bbox 409 208 476 244; x_wconf 86' lang='lat'>66.).</span> <span class='ocrx_word' id='word_1_12' title='bbox 501 209 534 236; x_wconf 81' lang='lat' dir='ltr'>Et</span> <span class='ocrx_word' id='word_1_13' title='bbox 558 208 687 236; x_wconf 85' lang='lat' dir='ltr'>dicebat:</span> <span class='ocrx_word' id='word_1_14' title='bbox 716 208 876 244; x_wconf 75' lang='lat' dir='ltr'><em>Propterea</em></span> <span class='ocrx_word' id='word_1_15' title='bbox 904 208 969 236; x_wconf 77' lang='lat' dir='ltr'>dixi</span> 
     </span>
     <span class='ocr_line' id='line_1_6' title="bbox 123 254 967 292; baseline -0.001 -9"><span class='ocrx_word' id='word_1_16' title='bbox 123 255 218 283; x_wconf 87' lang='lat' dir='ltr'>vobis:</span> <span class='ocrx_word' id='word_1_17' title='bbox 241 254 352 283; x_wconf 83' lang='lat' dir='ltr'>Nemo¹</span> <span class='ocrx_word' id='word_1_18' title='bbox 370 258 460 292; x_wconf 75' lang='lat' dir='ltr'>potest</span> <span class='ocrx_word' id='word_1_19' title='bbox 490 255 585 283; x_wconf 79' lang='lat' dir='ltr'>venire</span> <span class='ocrx_word' id='word_1_20' title='bbox 616 254 656 282; x_wconf 86' lang='lat' dir='ltr'>ad</span> <span class='ocrx_word' id='word_1_21' title='bbox 685 263 746 288; x_wconf 88' lang='lat' dir='ltr'>me,</span> <span class='ocrx_word' id='word_1_22' title='bbox 770 254 831 282; x_wconf 83' lang='lat' dir='ltr'>nisi</span> <span class='ocrx_word' id='word_1_23' title='bbox 861 255 967 282; x_wconf 87' lang='lat' dir='ltr'>datum</span> 
     </span>
     <span class='ocr_line' id='line_1_7' title="bbox 123 300 968 340; baseline -0.001 -10"><span class='ocrx_word' id='word_1_24' title='bbox 123 301 214 340; x_wconf 76' lang='lat' dir='ltr'>fuerit</span> <span class='ocrx_word' id='word_1_25' title='bbox 233 302 260 331; x_wconf 86' lang='lat' dir='ltr'>ei</span> <span class='ocrx_word' id='word_1_26' title='bbox 279 310 299 329; x_wconf 89' lang='lat' dir='ltr'>a</span> <span class='ocrx_word' id='word_1_27' title='bbox 321 302 411 329; x_wconf 81' lang='lat' dir='ltr'>Patre</span> <span class='ocrx_word' id='word_1_28' title='bbox 438 310 517 335; x_wconf 80' lang='lat' dir='ltr'>meo,·</span> <span class='ocrx_word' id='word_1_29' title='bbox 538 309 623 337; x_wconf 86' lang='lat' dir='ltr'>supra</span> <span class='ocrx_word' id='word_1_30' title='bbox 650 300 761 329; x_wconf 85' lang='lat' dir='ltr'>eodem:</span> <span class='ocrx_word' id='word_1_31' title='bbox 789 312 802 325; x_wconf 74' lang='grc' dir='ltr'>α</span> <span class='ocrx_word' id='word_1_32' title='bbox 816 301 900 330; x_wconf 87' lang='lat' dir='ltr'>Nemo</span> <span class='ocrx_word' id='word_1_33' title='bbox 921 308 968 329; x_wconf 87' lang='lat' dir='ltr'>ve—</span> 
     </span>
     <span class='ocr_line' id='line_1_8' title="bbox 123 347 967 381; baseline -0.002 -4"><span class='ocrx_word' id='word_1_34' title='bbox 123 348 163 377; x_wconf 91' lang='lat' dir='ltr'>nit</span> <span class='ocrx_word' id='word_1_35' title='bbox 183 348 217 377; x_wconf 88' lang='lat' dir='ltr'>ad</span> <span class='ocrx_word' id='word_1_36' title='bbox 239 356 297 381; x_wconf 89' lang='lat' dir='ltr'>me,</span> <span class='ocrx_word' id='word_1_37' title='bbox 318 348 369 376; x_wconf 89' lang='lat' dir='ltr'>nisi</span> <span class='ocrx_word' id='word_1_38' title='bbox 392 348 470 376; x_wconf 88' lang='lat' dir='ltr'>Pater</span> <span class='ocrx_word' id='word_1_39' title='bbox 492 348 610 376; x_wconf 80' lang='lat' dir='ltr'>traxerit</span> <span class='ocrx_word' id='word_1_40' title='bbox 631 355 695 376; x_wconf 88' lang='lat' dir='ltr'>eum</span> <span class='ocrx_word' id='word_1_41' title='bbox 710 359 735 374; x_wconf 92' lang='lat'>».</span> <span class='ocrx_word' id='word_1_42' title='bbox 765 347 866 375; x_wconf 78' lang='lat' dir='ltr'>Venire</span> <span class='ocrx_word' id='word_1_43' title='bbox 892 347 967 376; x_wconf 89' lang='lat' dir='ltr'>enim</span> 
     </span>
     <span class='ocr_line' id='line_1_9' title="bbox 122 393 967 431; baseline 0 -8"><span class='ocrx_word' id='word_1_44' title='bbox 122 395 156 423; x_wconf 79' lang='lat' dir='ltr'>ad</span> <span class='ocrx_word' id='word_1_45' title='bbox 177 395 273 423; x_wconf 90' lang='lat' dir='ltr'>Filium</span> <span class='ocrx_word' id='word_1_46' title='bbox 301 394 423 423; x_wconf 84' lang='lat' dir='ltr'>«datum</span> <span class='ocrx_word' id='word_1_47' title='bbox 454 396 496 423; x_wconf 87' lang='lat' dir='ltr'>est</span> <span class='ocrx_word' id='word_1_48' title='bbox 526 394 662 431; x_wconf 87' lang='lat' dir='ltr'>optimum</span> <span class='ocrx_word' id='word_1_49' title='bbox 689 397 716 422; x_wconf 89' lang='lat' dir='ltr'>et</span> <span class='ocrx_word' id='word_1_50' title='bbox 742 393 847 422; x_wconf 89' lang='lat' dir='ltr'>donum</span> <span class='ocrx_word' id='word_1_51' title='bbox 877 394 967 431; x_wconf 81' lang='lat' dir='ltr'>perfe-</span> 
     </span>
     <span class='ocr_line' id='line_1_10' title="bbox 122 440 794 477; baseline -0.003 -7"><span class='ocrx_word' id='word_1_52' title='bbox 122 444 197 470; x_wconf 89' lang='lat' dir='ltr'>ctum</span> <span class='ocrx_word' id='word_1_53' title='bbox 211 453 240 476; x_wconf 83' lang='grc'>»,</span> <span class='ocrx_word' id='word_1_54' title='bbox 261 441 322 470; x_wconf 89' lang='lat' dir='ltr'>ideo</span> <span class='ocrx_word' id='word_1_55' title='bbox 347 453 361 466; x_wconf 90' lang='lat'><strong><em>«</em></strong></span> <span class='ocrx_word' id='word_1_56' title='bbox 375 441 565 475; x_wconf 70' lang='lat' dir='ltr'>desursum»,</span> <span class='ocrx_word' id='word_1_57' title='bbox 587 440 675 469; x_wconf 86' lang='lat' dir='ltr'>Iacobi</span> <span class='ocrx_word' id='word_1_58' title='bbox 696 441 794 477; x_wconf 88' lang='lat' dir='ltr'>primo.</span> 
     </span>
    </p>

    <p class='ocr_par' dir='ltr' id='par_1_6' title="bbox 120 486 967 1227">
     <span class='ocr_line' id='line_1_11' title="bbox 204 486 966 524; baseline 0 -8"><span class='ocrx_word' id='word_1_59' title='bbox 204 489 266 516; x_wconf 73' lang='lat'>102.</span> <span class='ocrx_word' id='word_1_60' title='bbox 289 488 377 523; x_wconf 85' lang='lat' dir='ltr'>(Vers.</span> <span class='ocrx_word' id='word_1_61' title='bbox 403 488 470 524; x_wconf 85' lang='lat'>67.).</span> <span class='ocrx_word' id='word_1_62' title='bbox 498 488 553 516; x_wconf 58' lang='grc' dir='ltr'>ΕΠ</span> <span class='ocrx_word' id='word_1_63' title='bbox 575 496 609 516; x_wconf 73' lang='lat' dir='ltr'>ex</span> <span class='ocrx_word' id='word_1_64' title='bbox 630 486 682 516; x_wconf 75' lang='lat' dir='ltr'>hoc</span> <span class='ocrx_word' id='word_1_65' title='bbox 704 487 788 515; x_wconf 73' lang='lat' dir='ltr'>mutet</span> <span class='ocrx_word' id='word_1_66' title='bbox 809 488 966 524; x_wconf 75' lang='lat' dir='ltr'>discipulo-</span> 
     </span>
     <span class='ocr_line' id='line_1_12' title="bbox 121 534 967 572; baseline 0.001 -9"><span class='ocrx_word' id='word_1_67' title='bbox 121 543 198 564; x_wconf 92' lang='lat' dir='ltr'>rum.</span> <span class='ocrx_word' id='word_1_68' title='bbox 221 535 267 563; x_wconf 85' lang='lat' dir='ltr'>Hic</span> <span class='ocrx_word' id='word_1_69' title='bbox 288 534 410 572; x_wconf 79' lang='lat' dir='ltr'>tangitur</span> <span class='ocrx_word' id='word_1_70' title='bbox 431 537 576 572; x_wconf 87' lang='lat' dir='ltr'>quartum,</span> <span class='ocrx_word' id='word_1_71' title='bbox 592 535 695 563; x_wconf 85' lang='lat' dir='ltr'>scilicet</span> <span class='ocrx_word' id='word_1_72' title='bbox 715 543 773 563; x_wconf 90' lang='lat' dir='ltr'>non</span> <span class='ocrx_word' id='word_1_73' title='bbox 788 535 967 564; x_wconf 78' lang='lat' dir='ltr'>credentium</span> 
     </span>
     <span class='ocr_line' id='line_1_13' title="bbox 122 580 966 618; baseline 0 -8"><span class='ocrx_word' id='word_1_74' title='bbox 122 581 310 615; x_wconf 83' lang='lat' dir='ltr'>retrocessio;</span> <span class='ocrx_word' id='word_1_75' title='bbox 330 581 404 610; x_wconf 90' lang='lat' dir='ltr'>unde</span> <span class='ocrx_word' id='word_1_76' title='bbox 424 581 505 610; x_wconf 90' lang='lat' dir='ltr'>dicit:</span> <span class='ocrx_word' id='word_1_77' title='bbox 529 582 573 609; x_wconf 72' lang='lat' dir='ltr'>Em</span> <span class='ocrx_word' id='word_1_78' title='bbox 594 580 662 615; x_wconf 76' lang='lat' dir='ltr'>lzoe,</span> <span class='ocrx_word' id='word_1_79' title='bbox 684 582 711 610; x_wconf 90' lang='lat' dir='ltr'>id</span> <span class='ocrx_word' id='word_1_80' title='bbox 741 584 783 610; x_wconf 86' lang='lat' dir='ltr'>est</span> <span class='ocrx_word' id='word_1_81' title='bbox 810 585 872 618; x_wconf 88' lang='lat' dir='ltr'>post</span> <span class='ocrx_word' id='word_1_82' title='bbox 900 582 966 616; x_wconf 88' lang='lat' dir='ltr'>hoc,</span> 
     </span>
     <span class='ocr_line' id='line_1_14' title="bbox 122 627 967 665; baseline 0 -8"><span class='ocrx_word' id='word_1_83' title='bbox 122 629 165 658; x_wconf 89' lang='lat' dir='ltr'>vel</span> <span class='ocrx_word' id='word_1_84' title='bbox 185 637 219 657; x_wconf 73' lang='lat' dir='ltr'>eac</span> <span class='ocrx_word' id='word_1_85' title='bbox 241 627 310 662; x_wconf 80' lang='lat' dir='ltr'>hoc,</span> <span class='ocrx_word' id='word_1_86' title='bbox 330 628 357 656; x_wconf 94' lang='lat' dir='ltr'>id</span> <span class='ocrx_word' id='word_1_87' title='bbox 378 631 420 657; x_wconf 89' lang='lat' dir='ltr'>est</span> <span class='ocrx_word' id='word_1_88' title='bbox 440 629 582 657; x_wconf 78' lang='lat' dir='ltr'>occasione</span> <span class='ocrx_word' id='word_1_89' title='bbox 610 629 696 657; x_wconf 88' lang='lat' dir='ltr'>huius</span> <span class='ocrx_word' id='word_1_90' title='bbox 723 629 918 665; x_wconf 78' lang='lat' dir='ltr'>increpationis</span> <span class='ocrx_word' id='word_1_91' title='bbox 940 631 967 657; x_wconf 91' lang='lat' dir='ltr'>et</span> 
     </span>
     <span class='ocr_line' id='line_1_15' title="bbox 121 674 967 712; baseline 0 -9"><span class='ocrx_word' id='word_1_92' title='bbox 121 674 323 709; x_wconf 80' lang='lat' dir='ltr'>instructionis,</span> <span class='ocrx_word' id='word_1_93' title='bbox 343 675 428 703; x_wconf 84' lang='lat' dir='ltr'>multi</span> <span class='ocrx_word' id='word_1_94' title='bbox 448 675 660 712; x_wconf 82' lang='lat' dir='ltr'>discipulorum</span> <span class='ocrx_word' id='word_1_95' title='bbox 682 676 744 703; x_wconf 85' lang='lat' dir='ltr'>eius</span> <span class='ocrx_word' id='word_1_96' title='bbox 765 675 903 704; x_wconf 78' lang='lat' dir='ltr'>abierunt</span> <span class='ocrx_word' id='word_1_97' title='bbox 923 684 967 704; x_wconf 85' lang='lat' dir='ltr'>re-</span> 
     </span>
     <span class='ocr_line' id='line_1_16' title="bbox 121 722 967 759; baseline 0 -8"><span class='ocrx_word' id='word_1_98' title='bbox 121 725 265 756; x_wconf 80' lang='lat' dir='ltr'>trorsum,</span> <span class='ocrx_word' id='word_1_99' title='bbox 286 730 341 751; x_wconf 91' lang='lat' dir='ltr'>non</span> <span class='ocrx_word' id='word_1_100' title='bbox 373 730 423 759; x_wconf 87' lang='lat' dir='ltr'>per</span> <span class='ocrx_word' id='word_1_101' title='bbox 454 722 662 757; x_wconf 83' lang='lat' dir='ltr'>imitationem,</span> <span class='ocrx_word' id='word_1_102' title='bbox 691 723 763 751; x_wconf 88' lang='lat' dir='ltr'>sicut</span> <span class='ocrx_word' id='word_1_103' title='bbox 789 722 893 751; x_wconf 90' lang='lat' dir='ltr'>dictum</span> <span class='ocrx_word' id='word_1_104' title='bbox 926 725 967 751; x_wconf 84' lang='lat' dir='ltr'>est</span> 
     </span>
     <span class='ocr_line' id='line_1_17' title="bbox 121 769 967 804; baseline 0.001 -7"><span class='ocrx_word' id='word_1_105' title='bbox 121 769 200 798; x_wconf 84' lang='lat' dir='ltr'>Petro</span> <span class='ocrx_word' id='word_1_106' title='bbox 220 769 346 798; x_wconf 79' lang='lat' dir='ltr'>Matthaei</span> <span class='ocrx_word' id='word_1_107' title='bbox 368 769 474 797; x_wconf 88' lang='lat' dir='ltr'>decimo</span> <span class='ocrx_word' id='word_1_108' title='bbox 494 769 612 798; x_wconf 65' lang='lat' dir='ltr'>sextoss:</span> <span class='ocrx_word' id='word_1_109' title='bbox 632 781 648 794; x_wconf 75' lang='lat' dir='ltr'>&lt;c</span> <span class='ocrx_word' id='word_1_110' title='bbox 661 769 734 798; x_wconf 84' lang='lat' dir='ltr'>Vade</span> <span class='ocrx_word' id='word_1_111' title='bbox 755 772 831 798; x_wconf 90' lang='lat' dir='ltr'>retro</span> <span class='ocrx_word' id='word_1_112' title='bbox 845 777 905 804; x_wconf 87' lang='lat' dir='ltr'>me,</span> <span class='ocrx_word' id='word_1_113' title='bbox 924 777 967 798; x_wconf 88' lang='lat' dir='ltr'>sa-</span> 
     </span>
     <span class='ocr_line' id='line_1_18' title="bbox 121 816 967 853; baseline 0.001 -9"><span class='ocrx_word' id='word_1_114' title='bbox 121 819 225 850; x_wconf 88' lang='lat' dir='ltr'>tana»,</span> <span class='ocrx_word' id='word_1_115' title='bbox 246 816 294 845; x_wconf 87' lang='lat' dir='ltr'>sed</span> <span class='ocrx_word' id='word_1_116' title='bbox 314 824 364 853; x_wconf 89' lang='lat' dir='ltr'>per</span> <span class='ocrx_word' id='word_1_117' title='bbox 395 816 633 853; x_wconf 68' lang='lat' dir='ltr'>indiqnationem.</span> <span class='ocrx_word' id='word_1_118' title='bbox 667 816 742 845; x_wconf 90' lang='lat' dir='ltr'>Unde</span> <span class='ocrx_word' id='word_1_119' title='bbox 773 825 827 845; x_wconf 90' lang='lat' dir='ltr'>non</span> <span class='ocrx_word' id='word_1_120' title='bbox 858 819 967 845; x_wconf 86' lang='lat' dir='ltr'>tantum</span> 
     </span>
     <span class='ocr_line' id='line_1_19' title="bbox 120 863 966 900; baseline 0.001 -9"><span class='ocrx_word' id='word_1_121' title='bbox 120 863 203 892; x_wconf 87' lang='lat' dir='ltr'>corde</span> <span class='ocrx_word' id='word_1_122' title='bbox 224 866 411 897; x_wconf 85' lang='lat' dir='ltr'>recesserunt,</span> <span class='ocrx_word' id='word_1_123' title='bbox 433 863 480 892; x_wconf 87' lang='lat' dir='ltr'>sed</span> <span class='ocrx_word' id='word_1_124' title='bbox 501 863 583 892; x_wconf 87' lang='lat' dir='ltr'>etiam</span> <span class='ocrx_word' id='word_1_125' title='bbox 613 871 742 900; x_wconf 85' lang='lat' dir='ltr'>corpore;</span> <span class='ocrx_word' id='word_1_126' title='bbox 764 864 838 892; x_wconf 84' lang='lat' dir='ltr'>unde</span> <span class='ocrx_word' id='word_1_127' title='bbox 859 868 883 892; x_wconf 81' lang='lat' dir='ltr'>et</span> <span class='ocrx_word' id='word_1_128' title='bbox 904 864 966 892; x_wconf 83' lang='lat' dir='ltr'>iam</span> 
     </span>
     <span class='ocr_line' id='line_1_20' title="bbox 120 909 965 945; baseline 0.001 -7"><span class='ocrx_word' id='word_1_129' title='bbox 120 918 178 938; x_wconf 84' lang='lat' dir='ltr'>non</span> <span class='ocrx_word' id='word_1_130' title='bbox 198 918 265 938; x_wconf 88' lang='lat' dir='ltr'>cum</span> <span class='ocrx_word' id='word_1_131' title='bbox 286 909 333 938; x_wconf 81' lang='lat' dir='ltr'>illo</span> <span class='ocrx_word' id='word_1_132' title='bbox 355 909 553 938; x_wconf 78' lang='lat' dir='ltr'>ambulabant.</span> <span class='ocrx_word' id='word_1_133' title='bbox 577 910 638 938; x_wconf 85' lang='lat' dir='ltr'>Ideo</span> <span class='ocrx_word' id='word_1_134' title='bbox 669 910 749 938; x_wconf 86' lang='lat' dir='ltr'>multi</span> <span class='ocrx_word' id='word_1_135' title='bbox 772 913 965 945; x_wconf 83' lang='lat' dir='ltr'>recesserunt,</span> 
     </span>
     <span class='ocr_line' id='line_1_21' title="bbox 120 956 967 993; baseline 0 -8"><span class='ocrx_word' id='word_1_136' title='bbox 120 959 147 985; x_wconf 87' lang='lat' dir='ltr'>et</span> <span class='ocrx_word' id='word_1_137' title='bbox 167 956 247 993; x_wconf 88' lang='lat' dir='ltr'>pauci</span> <span class='ocrx_word' id='word_1_138' title='bbox 275 960 485 991; x_wconf 86' lang='lat' dir='ltr'>remanserunt,</span> <span class='ocrx_word' id='word_1_139' title='bbox 511 956 591 993; x_wconf 86' lang='lat' dir='ltr'>qnia,</span> <span class='ocrx_word' id='word_1_140' title='bbox 620 956 772 985; x_wconf 86' lang='lat' dir='ltr'>secundum</span> <span class='ocrx_word' id='word_1_141' title='bbox 804 957 873 985; x_wconf 86' lang='lat' dir='ltr'>illud</span> <span class='ocrx_word' id='word_1_142' title='bbox 900 958 967 985; x_wconf 81' lang='lat' dir='ltr'>Mat-</span> 
     </span>
     <span class='ocr_line' id='line_1_22' title="bbox 120 1003 967 1040; baseline 0 -8"><span class='ocrx_word' id='word_1_143' title='bbox 120 1003 193 1032; x_wconf 87' lang='lat' dir='ltr'>thaei</span> <span class='ocrx_word' id='word_1_144' title='bbox 214 1003 347 1040; x_wconf 80' lang='lat' dir='ltr'>vigesimo</span> <span class='ocrx_word' id='word_1_145' title='bbox 359 1003 380 1037; x_wconf 78' lang='grc'>4,</span> <span class='ocrx_word' id='word_1_146' title='bbox 406 1015 419 1028; x_wconf 90' lang='lat'>«</span> <span class='ocrx_word' id='word_1_147' title='bbox 435 1003 514 1031; x_wconf 89' lang='lat' dir='ltr'>multi</span> <span class='ocrx_word' id='word_1_148' title='bbox 536 1006 601 1032; x_wconf 90' lang='lat' dir='ltr'>sunt</span> <span class='ocrx_word' id='word_1_149' title='bbox 616 1003 719 1037; x_wconf 88' lang='lat' dir='ltr'>vocati,</span> <span class='ocrx_word' id='word_1_150' title='bbox 736 1004 815 1040; x_wconf 87' lang='lat' dir='ltr'>pauci</span> <span class='ocrx_word' id='word_1_151' title='bbox 831 1012 898 1032; x_wconf 90' lang='lat' dir='ltr'>vero</span> <span class='ocrx_word' id='word_1_152' title='bbox 912 1005 967 1033; x_wconf 88' lang='lat' dir='ltr'>ele-</span> 
     </span>
     <span class='ocr_line' id='line_1_23' title="bbox 120 1050 965 1087; baseline 0 -8"><span class='ocrx_word' id='word_1_153' title='bbox 120 1050 156 1079; x_wconf 86' lang='lat' dir='ltr'>cti</span> <span class='ocrx_word' id='word_1_154' title='bbox 170 1061 197 1085; x_wconf 80' lang='lat'>»3</span> <span class='ocrx_word' id='word_1_155' title='bbox 218 1053 246 1079; x_wconf 89' lang='lat' dir='ltr'>et</span> <span class='ocrx_word' id='word_1_156' title='bbox 266 1050 332 1087; x_wconf 82' lang='lat' dir='ltr'>quia</span> <span class='ocrx_word' id='word_1_157' title='bbox 353 1050 433 1087; x_wconf 89' lang='lat' dir='ltr'>pauci</span> <span class='ocrx_word' id='word_1_158' title='bbox 448 1050 525 1078; x_wconf 88' lang='lat' dir='ltr'>electi</span> <span class='ocrx_word' id='word_1_159' title='bbox 541 1050 575 1078; x_wconf 86' lang='lat' dir='ltr'>ad</span> <span class='ocrx_word' id='word_1_160' title='bbox 598 1058 715 1087; x_wconf 87' lang='lat' dir='ltr'>regnum</span> <span class='ocrx_word' id='word_1_161' title='bbox 730 1050 794 1084; x_wconf 92' lang='lat' dir='ltr'>Dei,</span> <span class='ocrx_word' id='word_1_162' title='bbox 810 1050 870 1079; x_wconf 91' lang='lat' dir='ltr'>ideo</span> <span class='ocrx_word' id='word_1_163' title='bbox 885 1051 965 1087; x_wconf 88' lang='lat' dir='ltr'>pauci</span> 
     </span>
     <span class='ocr_line' id='line_1_24' title="bbox 120 1097 966 1134; baseline 0.002 -9"><span class='ocrx_word' id='word_1_164' title='bbox 120 1099 199 1131; x_wconf 88' lang='lat' dir='ltr'>sunt,</span> <span class='ocrx_word' id='word_1_165' title='bbox 222 1097 269 1134; x_wconf 87' lang='lat' dir='ltr'>qui</span> <span class='ocrx_word' id='word_1_166' title='bbox 301 1105 354 1125; x_wconf 92' lang='lat' dir='ltr'>non</span> <span class='ocrx_word' id='word_1_167' title='bbox 386 1097 575 1131; x_wconf 81' lang='lat' dir='ltr'>retrocedant,</span> <span class='ocrx_word' id='word_1_168' title='bbox 598 1097 750 1125; x_wconf 86' lang='lat' dir='ltr'>secundum</span> <span class='ocrx_word' id='word_1_169' title='bbox 782 1097 850 1126; x_wconf 91' lang='lat' dir='ltr'>illud</span> <span class='ocrx_word' id='word_1_170' title='bbox 878 1098 966 1127; x_wconf 85' lang='lat' dir='ltr'>Lucae</span> 
     </span>
     <span class='ocr_line' id='line_1_25' title="bbox 120 1143 966 1181; baseline 0.001 -10"><span class='ocrx_word' id='word_1_171' title='bbox 120 1151 207 1172; x_wconf 88' lang='lat' dir='ltr'>nono:</span> <span class='ocrx_word' id='word_1_172' title='bbox 234 1155 248 1169; x_wconf 83' lang='lat'><strong><em>«</em></strong></span> <span class='ocrx_word' id='word_1_173' title='bbox 262 1144 345 1172; x_wconf 89' lang='lat' dir='ltr'>Nemo</span> <span class='ocrx_word' id='word_1_174' title='bbox 365 1144 476 1172; x_wconf 88' lang='lat' dir='ltr'>mittens</span> <span class='ocrx_word' id='word_1_175' title='bbox 497 1152 609 1172; x_wconf 83' lang='lat' dir='ltr'>manum</span> <span class='ocrx_word' id='word_1_176' title='bbox 638 1143 672 1172; x_wconf 88' lang='lat' dir='ltr'>ad</span> <span class='ocrx_word' id='word_1_177' title='bbox 699 1146 824 1173; x_wconf 83' lang='lat' dir='ltr'>aratrum</span> <span class='ocrx_word' id='word_1_178' title='bbox 847 1147 874 1172; x_wconf 90' lang='lat' dir='ltr'>et</span> <span class='ocrx_word' id='word_1_179' title='bbox 894 1144 966 1181; x_wconf 85' lang='lat' dir='ltr'>aspi-</span> 
     </span>
     <span class='ocr_line' id='line_1_26' title="bbox 120 1190 670 1227; baseline 0.002 -9"><span class='ocrx_word' id='word_1_180' title='bbox 120 1190 194 1219; x_wconf 86' lang='lat' dir='ltr'>ciens</span> <span class='ocrx_word' id='word_1_181' title='bbox 215 1193 291 1220; x_wconf 86' lang='lat' dir='ltr'>retro</span> <span class='ocrx_word' id='word_1_182' title='bbox 311 1193 392 1227; x_wconf 86' lang='lat' dir='ltr'>aptus</span> <span class='ocrx_word' id='word_1_183' title='bbox 412 1193 455 1219; x_wconf 90' lang='lat' dir='ltr'>est</span> <span class='ocrx_word' id='word_1_184' title='bbox 475 1198 560 1227; x_wconf 83' lang='lat' dir='ltr'>regno</span> <span class='ocrx_word' id='word_1_185' title='bbox 582 1191 629 1219; x_wconf 89' lang='lat' dir='ltr'>Dei</span> <span class='ocrx_word' id='word_1_186' title='bbox 645 1203 670 1218; x_wconf 87' lang='lat'>».</span> 
     </span>
    </p>

    <p class='ocr_par' dir='ltr' id='par_1_7' title="bbox 118 1237 969 1735">
     <span class='ocr_line' id='line_1_27' title="bbox 201 1237 969 1275; baseline 0.001 -10"><span class='ocrx_word' id='word_1_187' title='bbox 201 1237 263 1265; x_wconf 84' lang='lat'>103.</span> <span class='ocrx_word' id='word_1_188' title='bbox 290 1237 378 1273; x_wconf 83' lang='lat' dir='ltr'>(Vers.</span> <span class='ocrx_word' id='word_1_189' title='bbox 406 1238 472 1273; x_wconf 57' lang='lat'>68).</span> <span class='ocrx_word' id='word_1_190' title='bbox 501 1238 580 1266; x_wconf 69' lang='lat' dir='ltr'>Dixit</span> <span class='ocrx_word' id='word_1_191' title='bbox 600 1246 668 1275; x_wconf 66' lang='lat' dir='ltr'>erqo</span> <span class='ocrx_word' id='word_1_192' title='bbox 691 1238 771 1266; x_wconf 85' lang='lat' dir='ltr'>lesus</span> <span class='ocrx_word' id='word_1_193' title='bbox 798 1238 838 1266; x_wconf 88' lang='lat' dir='ltr'>ad</span> <span class='ocrx_word' id='word_1_194' title='bbox 859 1238 969 1266; x_wconf 82' lang='lat' dir='ltr'>duode-</span> 
     </span>
     <span class='ocr_line' id='line_1_28' title="bbox 120 1284 967 1321; baseline 0 -9"><span class='ocrx_word' id='word_1_195' title='bbox 120 1284 185 1312; x_wconf 87' lang='lat' dir='ltr'>cim.</span> <span class='ocrx_word' id='word_1_196' title='bbox 207 1284 341 1321; x_wconf 83' lang='lat' dir='ltr'>Tangitur</span> <span class='ocrx_word' id='word_1_197' title='bbox 362 1284 406 1312; x_wconf 79' lang='lat' dir='ltr'>liic</span> <span class='ocrx_word' id='word_1_198' title='bbox 437 1284 579 1321; x_wconf 88' lang='lat' dir='ltr'>quintum,</span> <span class='ocrx_word' id='word_1_199' title='bbox 601 1285 704 1313; x_wconf 85' lang='lat' dir='ltr'>scilicet</span> <span class='ocrx_word' id='word_1_200' title='bbox 735 1284 913 1313; x_wconf 80' lang='lat' dir='ltr'>credentium</span> <span class='ocrx_word' id='word_1_201' title='bbox 940 1288 967 1313; x_wconf 85' lang='lat' dir='ltr'>et</span> 
     </span>
     <span class='ocr_line' id='line_1_29' title="bbox 120 1330 965 1368; baseline 0.001 -9"><span class='ocrx_word' id='word_1_202' title='bbox 120 1331 271 1359; x_wconf 81' lang='lat' dir='ltr'>electorum</span> <span class='ocrx_word' id='word_1_203' title='bbox 292 1330 494 1368; x_wconf 77' lang='lat' dir='ltr'>confirmatio‚·</span> <span class='ocrx_word' id='word_1_204' title='bbox 515 1334 542 1360; x_wconf 89' lang='lat' dir='ltr'>et</span> <span class='ocrx_word' id='word_1_205' title='bbox 564 1332 631 1360; x_wconf 84' lang='lat' dir='ltr'>haec</span> <span class='ocrx_word' id='word_1_206' title='bbox 652 1331 763 1368; x_wconf 89' lang='lat' dir='ltr'>quidem</span> <span class='ocrx_word' id='word_1_207' title='bbox 785 1331 857 1360; x_wconf 76' lang='lat' dir='ltr'>tacta</span> <span class='ocrx_word' id='word_1_208' title='bbox 877 1334 919 1360; x_wconf 89' lang='lat' dir='ltr'>est</span> <span class='ocrx_word' id='word_1_209' title='bbox 937 1331 965 1360; x_wconf 92' lang='lat' dir='ltr'>in</span> 
     </span>
     <span class='ocr_line' id='line_1_30' title="bbox 119 1377 964 1417; baseline 0.001 -11"><span class='ocrx_word' id='word_1_210' title='bbox 119 1378 193 1407; x_wconf 88' lang='lat' dir='ltr'>fideli</span> <span class='ocrx_word' id='word_1_211' title='bbox 213 1377 382 1407; x_wconf 85' lang='lat' dir='ltr'>confessione</span> <span class='ocrx_word' id='word_1_212' title='bbox 404 1378 491 1412; x_wconf 85' lang='lat' dir='ltr'>Petri;</span> <span class='ocrx_word' id='word_1_213' title='bbox 514 1378 574 1407; x_wconf 85' lang='lat' dir='ltr'>ideo</span> <span class='ocrx_word' id='word_1_214' title='bbox 599 1379 713 1415; x_wconf 88' lang='lat' dir='ltr'>ponitur</span> <span class='ocrx_word' id='word_1_215' title='bbox 734 1378 885 1417; x_wconf 73' lang='lat' dir='ltr'>inquisitio</span> <span class='ocrx_word' id='word_1_216' title='bbox 909 1379 964 1407; x_wconf 88' lang='lat' dir='ltr'>Do-</span> 
     </span>
     <span class='ocr_line' id='line_1_31' title="bbox 118 1425 965 1462; baseline 0.001 -9"><span class='ocrx_word' id='word_1_217' title='bbox 118 1425 194 1454; x_wconf 90' lang='lat' dir='ltr'>mini</span> <span class='ocrx_word' id='word_1_218' title='bbox 220 1428 248 1454; x_wconf 88' lang='lat' dir='ltr'>et</span> <span class='ocrx_word' id='word_1_219' title='bbox 275 1425 422 1462; x_wconf 73' lang='lat' dir='ltr'>responsio</span> <span class='ocrx_word' id='word_1_220' title='bbox 448 1425 537 1453; x_wconf 85' lang='lat' dir='ltr'>Petri.</span> <span class='ocrx_word' id='word_1_221' title='bbox 560 1425 677 1462; x_wconf 86' lang='lat' dir='ltr'>Inquirit</span> <span class='ocrx_word' id='word_1_222' title='bbox 705 1425 838 1454; x_wconf 88' lang='lat' dir='ltr'>Dominus</span> <span class='ocrx_word' id='word_1_223' title='bbox 859 1434 876 1454; x_wconf 85' lang='lat' dir='ltr'>a</span> <span class='ocrx_word' id='word_1_224' title='bbox 895 1426 965 1454; x_wconf 90' lang='lat' dir='ltr'>duo-</span> 
     </span>
     <span class='ocr_line' id='line_1_32' title="bbox 118 1472 964 1510; baseline 0 -10"><span class='ocrx_word' id='word_1_225' title='bbox 118 1472 219 1506; x_wconf 82' lang='lat' dir='ltr'>decim,</span> <span class='ocrx_word' id='word_1_226' title='bbox 234 1480 305 1509; x_wconf 92' lang='lat' dir='ltr'>quos</span> <span class='ocrx_word' id='word_1_227' title='bbox 319 1472 472 1509; x_wconf 85' lang='lat' dir='ltr'>specialiter</span> <span class='ocrx_word' id='word_1_228' title='bbox 490 1472 622 1509; x_wconf 82' lang='lat' dir='ltr'>elegerat:</span> <span class='ocrx_word' id='word_1_229' title='bbox 639 1472 781 1510; x_wconf 80' lang='lat' dir='ltr'>Nunquid</span> <span class='ocrx_word' id='word_1_230' title='bbox 798 1476 823 1501; x_wconf 82' lang='lat' dir='ltr'>et</span> <span class='ocrx_word' id='word_1_231' title='bbox 836 1481 887 1501; x_wconf 81' lang='lat' dir='ltr'>vos</span> <span class='ocrx_word' id='word_1_232' title='bbox 901 1472 964 1501; x_wconf 75' lang='lat' dir='ltr'>vut-</span> 
     </span>
     <span class='ocr_line' id='line_1_33' title="bbox 119 1518 965 1556; baseline 0 -9"><span class='ocrx_word' id='word_1_233' title='bbox 119 1518 156 1547; x_wconf 86' lang='lat' dir='ltr'>tis</span> <span class='ocrx_word' id='word_1_234' title='bbox 176 1518 278 1547; x_wconf 78' lang='lat' dir='ltr'>abire?</span> <span class='ocrx_word' id='word_1_235' title='bbox 299 1526 343 1547; x_wconf 89' lang='lat' dir='ltr'>me</span> <span class='ocrx_word' id='word_1_236' title='bbox 364 1519 595 1556; x_wconf 86' lang='lat' dir='ltr'>derelinquendo,</span> <span class='ocrx_word' id='word_1_237' title='bbox 617 1519 769 1548; x_wconf 88' lang='lat' dir='ltr'>secundum</span> <span class='ocrx_word' id='word_1_238' title='bbox 790 1519 865 1556; x_wconf 86' lang='lat' dir='ltr'>quod</span> <span class='ocrx_word' id='word_1_239' title='bbox 886 1527 965 1556; x_wconf 46' lang='lat' dir='ltr'>prae„</span> 
     </span>
     <span class='ocr_line' id='line_1_34' title="bbox 119 1564 965 1599; baseline 0.001 -6"><span class='ocrx_word' id='word_1_240' title='bbox 119 1564 245 1594; x_wconf 87' lang='lat' dir='ltr'>cedentes</span> <span class='ocrx_word' id='word_1_241' title='bbox 276 1565 392 1599; x_wconf 79' lang='lat' dir='ltr'>faciunt3</span> <span class='ocrx_word' id='word_1_242' title='bbox 422 1565 550 1594; x_wconf 82' lang='lat' dir='ltr'>leremiae</span> <span class='ocrx_word' id='word_1_243' title='bbox 582 1566 739 1594; x_wconf 77' lang='lat' dir='ltr'>secundo⁵z</span> <span class='ocrx_word' id='word_1_244' title='bbox 766 1566 835 1594; x_wconf 89' lang='lat' dir='ltr'>«Me</span> <span class='ocrx_word' id='word_1_245' title='bbox 866 1566 965 1595; x_wconf 88' lang='lat' dir='ltr'>dereli—</span> 
     </span>
     <span class='ocr_line' id='line_1_35' title="bbox 118 1612 965 1650; baseline 0.001 -9"><span class='ocrx_word' id='word_1_246' title='bbox 118 1616 256 1649; x_wconf 83' lang='lat' dir='ltr'>querunt,</span> <span class='ocrx_word' id='word_1_247' title='bbox 287 1612 389 1641; x_wconf 88' lang='lat' dir='ltr'>fontem</span> <span class='ocrx_word' id='word_1_248' title='bbox 419 1620 507 1649; x_wconf 83' lang='lat' dir='ltr'>aquae</span> <span class='ocrx_word' id='word_1_249' title='bbox 539 1613 616 1641; x_wconf 87' lang='lat' dir='ltr'>vivae</span> <span class='ocrx_word' id='word_1_250' title='bbox 632 1625 657 1640; x_wconf 82' lang='lat'>».</span> <span class='ocrx_word' id='word_1_251' title='bbox 681 1613 732 1641; x_wconf 84' lang='lat' dir='ltr'>Scd</span> <span class='ocrx_word' id='word_1_252' title='bbox 760 1613 881 1650; x_wconf 86' lang='lat' dir='ltr'>quaerit,</span> <span class='ocrx_word' id='word_1_253' title='bbox 909 1622 965 1642; x_wconf 90' lang='lat' dir='ltr'>non</span> 
     </span>
     <span class='ocr_line' id='line_1_36' title="bbox 120 1658 964 1696; baseline 0.001 -9"><span class='ocrx_word' id='word_1_254' title='bbox 120 1659 185 1696; x_wconf 88' lang='lat' dir='ltr'>quia</span> <span class='ocrx_word' id='word_1_255' title='bbox 205 1659 325 1693; x_wconf 89' lang='lat' dir='ltr'>dubitet,</span> <span class='ocrx_word' id='word_1_256' title='bbox 348 1658 395 1687; x_wconf 90' lang='lat' dir='ltr'>sed</span> <span class='ocrx_word' id='word_1_257' title='bbox 415 1663 447 1687; x_wconf 91' lang='lat' dir='ltr'>ut</span> <span class='ocrx_word' id='word_1_258' title='bbox 468 1659 550 1687; x_wconf 82' lang='lat' dir='ltr'>fldem</span> <span class='ocrx_word' id='word_1_259' title='bbox 573 1659 643 1687; x_wconf 86' lang='lat' dir='ltr'>Petri</span> <span class='ocrx_word' id='word_1_260' title='bbox 660 1659 686 1687; x_wconf 93' lang='lat' dir='ltr'>in</span> <span class='ocrx_word' id='word_1_261' title='bbox 701 1660 862 1696; x_wconf 80' lang='lat' dir='ltr'>exemplum</span> <span class='ocrx_word' id='word_1_262' title='bbox 878 1660 964 1688; x_wconf 85' lang='lat' dir='ltr'>firmi-</span> 
     </span>
     <span class='ocr_line' id='line_1_37' title="bbox 118 1706 327 1735; baseline 0 -1"><span class='ocrx_word' id='word_1_263' title='bbox 118 1706 182 1735; x_wconf 84' lang='lat' dir='ltr'>tatis</span> <span class='ocrx_word' id='word_1_264' title='bbox 202 1706 327 1735; x_wconf 86' lang='lat' dir='ltr'>adducat.</span> 
     </span>
    </p>

    <p class='ocr_par' dir='ltr' id='par_1_8' title="bbox 117 1753 965 2109">
     <span class='ocr_line' id='line_1_38' title="bbox 200 1753 963 1790; baseline 0 -9"><span class='ocrx_word' id='word_1_265' title='bbox 200 1753 262 1781; x_wconf 72' lang='lat'>104.</span> <span class='ocrx_word' id='word_1_266' title='bbox 279 1753 367 1790; x_wconf 87' lang='lat' dir='ltr'>(Vers.</span> <span class='ocrx_word' id='word_1_267' title='bbox 389 1753 455 1787; x_wconf 58' lang='lat'>69).</span> <span class='ocrx_word' id='word_1_268' title='bbox 476 1753 650 1789; x_wconf 79' lang='lat' dir='ltr'>Respondit⁶</span> <span class='ocrx_word' id='word_1_269' title='bbox 671 1753 698 1781; x_wconf 83' lang='lat' dir='ltr'>ei</span> <span class='ocrx_word' id='word_1_270' title='bbox 722 1753 822 1782; x_wconf 80' lang='lat' dir='ltr'>Simon</span> <span class='ocrx_word' id='word_1_271' title='bbox 843 1754 963 1782; x_wconf 80' lang='lat' dir='ltr'>Petras:</span> 
     </span>
     <span class='ocr_line' id='line_1_39' title="bbox 120 1799 965 1838; baseline 0.001 -10"><span class='ocrx_word' id='word_1_272' title='bbox 120 1799 248 1834; x_wconf 74' lang='lat' dir='ltr'>Domine,</span> <span class='ocrx_word' id='word_1_273' title='bbox 263 1800 303 1828; x_wconf 86' lang='lat' dir='ltr'>ad</span> <span class='ocrx_word' id='word_1_274' title='bbox 317 1808 400 1838; x_wconf 86' lang='lat' dir='ltr'>quem</span> <span class='ocrx_word' id='word_1_275' title='bbox 421 1799 549 1828; x_wconf 79' lang='lat' dir='ltr'>ibimus?</span> <span class='ocrx_word' id='word_1_276' title='bbox 564 1800 647 1836; x_wconf 83' lang='lat' dir='ltr'>Quasi</span> <span class='ocrx_word' id='word_1_277' title='bbox 662 1800 749 1828; x_wconf 85' lang='lat' dir='ltr'>dicat:</span> <span class='ocrx_word' id='word_1_278' title='bbox 765 1808 819 1828; x_wconf 91' lang='lat' dir='ltr'>non</span> <span class='ocrx_word' id='word_1_279' title='bbox 834 1801 965 1829; x_wconf 85' lang='lat' dir='ltr'>volumus</span> 
     </span>
     <span class='ocr_line' id='line_1_40' title="bbox 118 1845 964 1883; baseline 0.001 -9"><span class='ocrx_word' id='word_1_280' title='bbox 118 1845 204 1880; x_wconf 83' lang='lat' dir='ltr'>abire,</span> <span class='ocrx_word' id='word_1_281' title='bbox 219 1846 285 1883; x_wconf 84' lang='lat' dir='ltr'>quia</span> <span class='ocrx_word' id='word_1_282' title='bbox 305 1846 354 1875; x_wconf 92' lang='lat' dir='ltr'>tibi</span> <span class='ocrx_word' id='word_1_283' title='bbox 376 1846 492 1875; x_wconf 88' lang='lat' dir='ltr'>similem</span> <span class='ocrx_word' id='word_1_284' title='bbox 508 1854 563 1874; x_wconf 90' lang='lat' dir='ltr'>non</span> <span class='ocrx_word' id='word_1_285' title='bbox 577 1854 725 1883; x_wconf 87' lang='lat' dir='ltr'>possumus</span> <span class='ocrx_word' id='word_1_286' title='bbox 740 1846 878 1881; x_wconf 88' lang='lat' dir='ltr'>invenire;</span> <span class='ocrx_word' id='word_1_287' title='bbox 896 1847 964 1875; x_wconf 85' lang='lat' dir='ltr'>Psal-</span> 
     </span>
     <span class='ocr_line' id='line_1_41' title="bbox 117 1892 964 1931; baseline 0.002 -10"><span class='ocrx_word' id='word_1_288' title='bbox 117 1900 195 1921; x_wconf 89' lang='lat' dir='ltr'>mus:</span> <span class='ocrx_word' id='word_1_289' title='bbox 215 1904 228 1917; x_wconf 92' lang='lat'>«</span> <span class='ocrx_word' id='word_1_290' title='bbox 240 1893 297 1921; x_wconf 91' lang='lat' dir='ltr'>Non</span> <span class='ocrx_word' id='word_1_291' title='bbox 312 1896 353 1922; x_wconf 86' lang='lat' dir='ltr'>est</span> <span class='ocrx_word' id='word_1_292' title='bbox 367 1892 463 1921; x_wconf 90' lang='lat' dir='ltr'>similis</span> <span class='ocrx_word' id='word_1_293' title='bbox 478 1893 518 1921; x_wconf 89' lang='lat' dir='ltr'>tui</span> <span class='ocrx_word' id='word_1_294' title='bbox 537 1893 565 1921; x_wconf 90' lang='lat' dir='ltr'>in</span> <span class='ocrx_word' id='word_1_295' title='bbox 583 1893 648 1927; x_wconf 88' lang='lat' dir='ltr'>diis,</span> <span class='ocrx_word' id='word_1_296' title='bbox 663 1893 778 1922; x_wconf 88' lang='lat' dir='ltr'>Domine</span> <span class='ocrx_word' id='word_1_297' title='bbox 789 1905 815 1922; x_wconf 85' lang='lat'>».</span> <span class='ocrx_word' id='word_1_298' title='bbox 832 1894 885 1922; x_wconf 86' lang='lat' dir='ltr'>Nec</span> <span class='ocrx_word' id='word_1_299' title='bbox 900 1902 964 1931; x_wconf 87' lang='lat' dir='ltr'>pro-</span> 
     </span>
     <span class='ocr_line' id='line_1_42' title="bbox 117 1939 964 1976; baseline 0.002 -8"><span class='ocrx_word' id='word_1_300' title='bbox 117 1941 179 1976; x_wconf 88' lang='lat' dir='ltr'>pter</span> <span class='ocrx_word' id='word_1_301' title='bbox 199 1940 267 1969; x_wconf 89' lang='lat' dir='ltr'>haec</span> <span class='ocrx_word' id='word_1_302' title='bbox 287 1940 373 1969; x_wconf 86' lang='lat' dir='ltr'>verba</span> <span class='ocrx_word' id='word_1_303' title='bbox 393 1939 526 1969; x_wconf 89' lang='lat' dir='ltr'>debemus</span> <span class='ocrx_word' id='word_1_304' title='bbox 547 1940 640 1974; x_wconf 84' lang='lat' dir='ltr'>abire;</span> <span class='ocrx_word' id='word_1_305' title='bbox 663 1940 736 1969; x_wconf 88' lang='lat' dir='ltr'>unde</span> <span class='ocrx_word' id='word_1_306' title='bbox 757 1940 843 1969; x_wconf 85' lang='lat' dir='ltr'>¹dicit:</span> <span class='ocrx_word' id='word_1_307' title='bbox 873 1941 964 1970; x_wconf 83' lang='lat' dir='ltr'>Verba</span> 
     </span>
     <span class='ocr_line' id='line_1_43' title="bbox 117 1985 963 2021; baseline 0.002 -6"><span class='ocrx_word' id='word_1_308' title='bbox 117 1986 193 2016; x_wconf 83' lang='lat' dir='ltr'>vitae</span> <span class='ocrx_word' id='word_1_309' title='bbox 213 1990 347 2015; x_wconf 77' lang='lat' dir='ltr'>aeternae</span> <span class='ocrx_word' id='word_1_310' title='bbox 373 1985 472 2021; x_wconf 77' lang='lat' dir='ltr'>habes,</span> <span class='ocrx_word' id='word_1_311' title='bbox 500 1987 561 2016; x_wconf 91' lang='lat' dir='ltr'>aliis</span> <span class='ocrx_word' id='word_1_312' title='bbox 591 1995 646 2015; x_wconf 92' lang='lat' dir='ltr'>non</span> <span class='ocrx_word' id='word_1_313' title='bbox 678 1986 855 2016; x_wconf 86' lang='lat' dir='ltr'>credentibus</span> <span class='ocrx_word' id='word_1_314' title='bbox 884 1991 963 2017; x_wconf 83' lang='lat' dir='ltr'>erant</span> 
     </span>
     <span class='ocr_line' id='line_1_44' title="bbox 117 2033 963 2067; baseline 0.002 -5"><span class='ocrx_word' id='word_1_315' title='bbox 117 2033 188 2062; x_wconf 87' lang='lat' dir='ltr'>dura</span> <span class='ocrx_word' id='word_1_316' title='bbox 202 2036 229 2062; x_wconf 89' lang='lat' dir='ltr'>et</span> <span class='ocrx_word' id='word_1_317' title='bbox 243 2033 398 2067; x_wconf 87' lang='lat' dir='ltr'>mortifera,</span> <span class='ocrx_word' id='word_1_318' title='bbox 414 2033 460 2062; x_wconf 90' lang='lat' dir='ltr'>sed</span> <span class='ocrx_word' id='word_1_319' title='bbox 476 2034 555 2062; x_wconf 87' lang='lat' dir='ltr'>Petro</span> <span class='ocrx_word' id='word_1_320' title='bbox 569 2036 597 2062; x_wconf 87' lang='lat' dir='ltr'>et</span> <span class='ocrx_word' id='word_1_321' title='bbox 611 2034 671 2063; x_wconf 82' lang='lat' dir='ltr'>aliis</span> <span class='ocrx_word' id='word_1_322' title='bbox 692 2034 869 2063; x_wconf 87' lang='lat' dir='ltr'>credentibus</span> <span class='ocrx_word' id='word_1_323' title='bbox 883 2038 963 2064; x_wconf 85' lang='lat' dir='ltr'>erant</span> 
     </span>
     <span class='ocr_line' id='line_1_45' title="bbox 117 2080 492 2109; baseline 0 0"><span class='ocrx_word' id='word_1_324' title='bbox 117 2080 180 2109; x_wconf 83' lang='lat' dir='ltr'>vita.</span> <span class='ocrx_word' id='word_1_325' title='bbox 203 2080 235 2109; x_wconf 93' lang='lat' dir='ltr'>Et</span> <span class='ocrx_word' id='word_1_326' title='bbox 255 2080 326 2109; x_wconf 88' lang='lat' dir='ltr'>ratio</span> <span class='ocrx_word' id='word_1_327' title='bbox 347 2080 492 2109; x_wconf 86' lang='lat' dir='ltr'>subditur:</span> 
     </span>
    </p>

    <p class='ocr_par' dir='ltr' id='par_1_9' title="bbox 116 2127 963 2353">
     <span class='ocr_line' id='line_1_46' title="bbox 198 2127 961 2166; baseline 0.003 -11"><span class='ocrx_word' id='word_1_328' title='bbox 198 2127 261 2156; x_wconf 79' lang='lat'>105.</span> <span class='ocrx_word' id='word_1_329' title='bbox 283 2127 371 2164; x_wconf 89' lang='lat' dir='ltr'>(Vers.</span> <span class='ocrx_word' id='word_1_330' title='bbox 393 2127 461 2163; x_wconf 88' lang='lat'>70.).</span> <span class='ocrx_word' id='word_1_331' title='bbox 486 2127 520 2155; x_wconf 85' lang='lat' dir='ltr'>Et</span> <span class='ocrx_word' id='word_1_332' title='bbox 539 2136 591 2155; x_wconf 88' lang='lat' dir='ltr'>nos</span> <span class='ocrx_word' id='word_1_333' title='bbox 612 2127 781 2156; x_wconf 83' lang='lat' dir='ltr'>credimus⁷</span> <span class='ocrx_word' id='word_1_334' title='bbox 802 2131 828 2156; x_wconf 82' lang='lat' dir='ltr'>et</span> <span class='ocrx_word' id='word_1_335' title='bbox 858 2136 961 2166; x_wconf 68' lang='lat' dir='ltr'>coquo-</span> 
     </span>
     <span class='ocr_line' id='line_1_47' title="bbox 116 2173 961 2212; baseline 0.002 -10"><span class='ocrx_word' id='word_1_336' title='bbox 116 2173 230 2208; x_wconf 83' lang='lat' dir='ltr'>vz&#39;mus,</span> <span class='ocrx_word' id='word_1_337' title='bbox 249 2174 320 2212; x_wconf 84' lang='lat' dir='ltr'>quia</span> <span class='ocrx_word' id='word_1_338' title='bbox 341 2177 372 2202; x_wconf 85' lang='lat' dir='ltr'>tu</span> <span class='ocrx_word' id='word_1_339' title='bbox 403 2182 432 2202; x_wconf 89' lang='lat' dir='ltr'>es</span> <span class='ocrx_word' id='word_1_340' title='bbox 462 2173 612 2208; x_wconf 76' lang='lat' dir='ltr'>Christus,</span> <span class='ocrx_word' id='word_1_341' title='bbox 635 2174 731 2202; x_wconf 77' lang='lat' dir='ltr'>Filius</span> <span class='ocrx_word' id='word_1_342' title='bbox 756 2174 813 2203; x_wconf 82' lang='lat' dir='ltr'>Dei.</span> <span class='ocrx_word' id='word_1_343' title='bbox 838 2175 961 2204; x_wconf 89' lang='lat' dir='ltr'>Similem</span> 
     </span>
     <span class='ocr_line' id='line_1_48' title="bbox 117 2220 962 2251; baseline 0.004 -3"><span class='ocrx_word' id='word_1_344' title='bbox 117 2220 313 2249; x_wconf 86' lang='lat' dir='ltr'>confessionem</span> <span class='ocrx_word' id='word_1_345' title='bbox 335 2220 398 2249; x_wconf 89' lang='lat' dir='ltr'>fecit</span> <span class='ocrx_word' id='word_1_346' title='bbox 429 2221 556 2249; x_wconf 82' lang='lat' dir='ltr'>Matthaei</span> <span class='ocrx_word' id='word_1_347' title='bbox 588 2221 694 2249; x_wconf 88' lang='lat' dir='ltr'>decimo</span> <span class='ocrx_word' id='word_1_348' title='bbox 722 2225 815 2250; x_wconf 81' lang='lat' dir='ltr'>sexto:</span> <span class='ocrx_word' id='word_1_349' title='bbox 843 2233 856 2246; x_wconf 85' lang='lat'>«</span> <span class='ocrx_word' id='word_1_350' title='bbox 870 2223 912 2251; x_wconf 87' lang='lat' dir='ltr'>Tu</span> <span class='ocrx_word' id='word_1_351' title='bbox 933 2230 962 2251; x_wconf 88' lang='lat' dir='ltr'>es</span> 
     </span>
     <span class='ocr_line' id='line_1_49' title="bbox 116 2266 962 2304; baseline 0.002 -9"><span class='ocrx_word' id='word_1_352' title='bbox 116 2266 258 2301; x_wconf 90' lang='lat' dir='ltr'>Christus,</span> <span class='ocrx_word' id='word_1_353' title='bbox 278 2267 362 2296; x_wconf 87' lang='lat' dir='ltr'>Filius</span> <span class='ocrx_word' id='word_1_354' title='bbox 382 2267 430 2296; x_wconf 90' lang='lat' dir='ltr'>Dei</span> <span class='ocrx_word' id='word_1_355' title='bbox 452 2267 548 2302; x_wconf 85' lang='lat' dir='ltr'>vivi»,</span> <span class='ocrx_word' id='word_1_356' title='bbox 575 2279 588 2292; x_wconf 91' lang='lat'>«</span> <span class='ocrx_word' id='word_1_357' title='bbox 603 2268 650 2304; x_wconf 89' lang='lat' dir='ltr'>qui</span> <span class='ocrx_word' id='word_1_358' title='bbox 672 2268 699 2296; x_wconf 92' lang='lat' dir='ltr'>in</span> <span class='ocrx_word' id='word_1_359' title='bbox 723 2268 797 2296; x_wconf 89' lang='lat' dir='ltr'>hunc</span> <span class='ocrx_word' id='word_1_360' title='bbox 826 2269 962 2297; x_wconf 83' lang='lat' dir='ltr'>mundum</span> 
     </span>
     <span class='ocr_line' id='line_1_50' title="bbox 117 2313 963 2353; baseline 0.004 -12"><span class='ocrx_word' id='word_1_361' title='bbox 117 2313 215 2342; x_wconf 90' lang='lat' dir='ltr'>venisti</span> <span class='ocrx_word' id='word_1_362' title='bbox 229 2326 256 2341; x_wconf 88' lang='lat'>».</span> <span class='ocrx_word' id='word_1_363' title='bbox 281 2314 447 2348; x_wconf 79' lang='lat' dir='ltr'>Credimus,</span> <span class='ocrx_word' id='word_1_364' title='bbox 468 2314 546 2348; x_wconf 88' lang='lat' dir='ltr'>dicit,</span> <span class='ocrx_word' id='word_1_365' title='bbox 562 2317 589 2342; x_wconf 91' lang='lat' dir='ltr'>et</span> <span class='ocrx_word' id='word_1_366' title='bbox 602 2317 664 2351; x_wconf 88' lang='lat' dir='ltr'>post</span> <span class='ocrx_word' id='word_1_367' title='bbox 678 2315 881 2352; x_wconf 73' lang='lat' dir='ltr'>coynooimzts,</span> <span class='ocrx_word' id='word_1_368' title='bbox 897 2316 963 2353; x_wconf 88' lang='lat' dir='ltr'>quia</span> 
     </span>
    </p>
   </div>
   <div class='ocr_carea' id='block_1_6' title="bbox 116 2560 962 2943">
    <p class='ocr_par' dir='ltr' id='par_1_10' title="bbox 116 2560 962 2627">
     <span class='ocr_line' id='line_1_51' title="bbox 179 2560 962 2592; baseline 0.005 -9"><span class='ocrx_word' id='word_1_369' title='bbox 179 2560 187 2573; x_wconf 91' lang='lat'>¹</span> <span class='ocrx_word' id='word_1_370' title='bbox 206 2561 303 2589; x_wconf 82' lang='lat' dir='ltr'>Vulgata</span> <span class='ocrx_word' id='word_1_371' title='bbox 322 2561 384 2590; x_wconf 83' lang='lat' dir='ltr'>Quia</span> <span class='ocrx_word' id='word_1_372' title='bbox 400 2567 476 2585; x_wconf 79' lang='lat' dir='ltr'>nemo.</span> <span class='ocrx_word' id='word_1_373' title='bbox 492 2574 524 2578; x_wconf 96' lang='lat'><strong>—</strong></span> <span class='ocrx_word' id='word_1_374' title='bbox 540 2562 590 2585; x_wconf 91' lang='lat' dir='ltr'>Duo</span> <span class='ocrx_word' id='word_1_375' title='bbox 607 2568 672 2592; x_wconf 85' lang='lat' dir='ltr'>seqq.</span> <span class='ocrx_word' id='word_1_376' title='bbox 690 2563 732 2585; x_wconf 87' lang='lat' dir='ltr'>loci</span> <span class='ocrx_word' id='word_1_377' title='bbox 749 2566 802 2586; x_wconf 89' lang='lat' dir='ltr'>sunt</span> <span class='ocrx_word' id='word_1_378' title='bbox 813 2564 872 2586; x_wconf 88' lang='lat' dir='ltr'>Ioan.</span> <span class='ocrx_word' id='word_1_379' title='bbox 885 2565 911 2591; x_wconf 82' lang='lat'>6,</span> <span class='ocrx_word' id='word_1_380' title='bbox 924 2564 962 2587; x_wconf 75' lang='lat'>44.</span> 
     </span>
     <span class='ocr_line' id='line_1_52' title="bbox 116 2599 298 2627; baseline 0 -5"><span class='ocrx_word' id='word_1_381' title='bbox 116 2602 139 2622; x_wconf 89' lang='lat' dir='ltr'>et</span> <span class='ocrx_word' id='word_1_382' title='bbox 155 2599 199 2622; x_wconf 87' lang='lat' dir='ltr'>Iac.</span> <span class='ocrx_word' id='word_1_383' title='bbox 217 2601 242 2627; x_wconf 83' lang='grc'>1,</span> <span class='ocrx_word' id='word_1_384' title='bbox 260 2600 298 2623; x_wconf 90' lang='grc'>17.</span> 
     </span>
    </p>

    <p class='ocr_par' dir='ltr' id='par_1_11' title="bbox 116 2637 962 2701">
     <span class='ocr_line' id='line_1_53' title="bbox 179 2637 962 2670; baseline 0.005 -9"><span class='ocrx_word' id='word_1_385' title='bbox 179 2637 188 2651; x_wconf 85' lang='lat'><strong>²</strong></span> <span class='ocrx_word' id='word_1_386' title='bbox 207 2640 304 2668; x_wconf 80' lang='lat' dir='ltr'>Vulgata</span> <span class='ocrx_word' id='word_1_387' title='bbox 322 2640 405 2662; x_wconf 78' lang='lat' dir='ltr'>omittit</span> <span class='ocrx_word' id='word_1_388' title='bbox 421 2639 464 2668; x_wconf 85' lang='lat' dir='ltr'>Et,</span> <span class='ocrx_word' id='word_1_389' title='bbox 481 2646 508 2662; x_wconf 92' lang='lat' dir='ltr'>ac</span> <span class='ocrx_word' id='word_1_390' title='bbox 525 2640 641 2663; x_wconf 84' lang='lat' dir='ltr'>substituit</span> <span class='ocrx_word' id='word_1_391' title='bbox 663 2641 757 2664; x_wconf 80' lang='lat' dir='ltr'>inferius</span> <span class='ocrx_word' id='word_1_392' title='bbox 775 2643 841 2665; x_wconf 83' lang='lat' dir='ltr'>retro</span> <span class='ocrx_word' id='word_1_393' title='bbox 862 2648 905 2670; x_wconf 83' lang='lat' dir='ltr'>pro</span> <span class='ocrx_word' id='word_1_394' title='bbox 924 2649 962 2665; x_wconf 81' lang='lat' dir='ltr'>re-</span> 
     </span>
     <span class='ocr_line' id='line_1_54' title="bbox 116 2679 232 2701; baseline -0.009 0"><span class='ocrx_word' id='word_1_395' title='bbox 116 2679 232 2701; x_wconf 80' lang='lat' dir='ltr'>trorsum.</span> 
     </span>
    </p>

    <p class='ocr_par' dir='ltr' id='par_1_12' title="bbox 116 2715 962 2819">
     <span class='ocr_line' id='line_1_55' title="bbox 179 2715 962 2749; baseline 0.005 -10"><span class='ocrx_word' id='word_1_396' title='bbox 179 2715 188 2729; x_wconf 80' lang='lat'>³</span> <span class='ocrx_word' id='word_1_397' title='bbox 206 2718 273 2740; x_wconf 84' lang='lat' dir='ltr'>Vers.</span> <span class='ocrx_word' id='word_1_398' title='bbox 289 2718 325 2740; x_wconf 74' lang='lat'>23.</span> <span class='ocrx_word' id='word_1_399' title='bbox 344 2730 374 2734; x_wconf 97' lang='lat'><strong>—</strong></span> <span class='ocrx_word' id='word_1_400' title='bbox 392 2718 503 2746; x_wconf 80' lang='lat' dir='ltr'>Superius</span> <span class='ocrx_word' id='word_1_401' title='bbox 520 2721 572 2746; x_wconf 86' lang='lat' dir='ltr'>post</span> <span class='ocrx_word' id='word_1_402' title='bbox 593 2718 747 2742; x_wconf 79' lang='lat' dir='ltr'>imitationem</span> <span class='ocrx_word' id='word_1_403' title='bbox 763 2719 800 2742; x_wconf 82' lang='lat' dir='ltr'>ed.</span> <span class='ocrx_word' id='word_1_404' title='bbox 823 2720 887 2742; x_wconf 83' lang='lat' dir='ltr'>addit</span> <span class='ocrx_word' id='word_1_405' title='bbox 906 2721 962 2749; x_wconf 81' lang='lat' dir='ltr'>post</span> 
     </span>
     <span class='ocr_line' id='line_1_56' title="bbox 117 2755 962 2786; baseline 0.004 -7"><span class='ocrx_word' id='word_1_406' title='bbox 117 2755 249 2784; x_wconf 78' lang='lat' dir='ltr'>Christum,</span> <span class='ocrx_word' id='word_1_407' title='bbox 272 2755 313 2779; x_wconf 81' lang='lat' dir='ltr'>sed</span> <span class='ocrx_word' id='word_1_408' title='bbox 330 2758 385 2785; x_wconf 81' lang='lat' dir='ltr'>post</span> <span class='ocrx_word' id='word_1_409' title='bbox 405 2758 525 2780; x_wconf 79' lang='lat' dir='ltr'>satanam.</span> <span class='ocrx_word' id='word_1_410' title='bbox 542 2758 636 2780; x_wconf 80' lang='lat' dir='ltr'>Inferius</span> <span class='ocrx_word' id='word_1_411' title='bbox 654 2764 696 2786; x_wconf 89' lang='lat' dir='ltr'>pro</span> <span class='ocrx_word' id='word_1_412' title='bbox 720 2758 791 2781; x_wconf 82' lang='lat' dir='ltr'>multi</span> <span class='ocrx_word' id='word_1_413' title='bbox 811 2760 962 2782; x_wconf 71' lang='lat' dir='ltr'>recesserunt</span> 
     </span>
     <span class='ocr_line' id='line_1_57' title="bbox 116 2795 554 2819; baseline 0.005 -2"><span class='ocrx_word' id='word_1_414' title='bbox 116 2795 133 2817; x_wconf 88' lang='grc' dir='ltr'><strong><em>Ε</em></strong></span> <span class='ocrx_word' id='word_1_415' title='bbox 142 2795 157 2817; x_wconf 88' lang='lat' dir='ltr'>F</span> <span class='ocrx_word' id='word_1_416' title='bbox 167 2795 185 2817; x_wconf 91' lang='lat' dir='ltr'><strong>G</strong></span> <span class='ocrx_word' id='word_1_417' title='bbox 195 2795 201 2817; x_wconf 86' lang='lat' dir='ltr'>l</span> <span class='ocrx_word' id='word_1_418' title='bbox 211 2795 229 2817; x_wconf 78' lang='lat' dir='ltr'>K</span> <span class='ocrx_word' id='word_1_419' title='bbox 240 2795 256 2817; x_wconf 95' lang='lat' dir='ltr'>L</span> <span class='ocrx_word' id='word_1_420' title='bbox 273 2795 344 2818; x_wconf 82' lang='lat' dir='ltr'>multi</span> <span class='ocrx_word' id='word_1_421' title='bbox 358 2797 554 2819; x_wconf 76' lang='lat' dir='ltr'>retrocesserunt.</span> 
     </span>
    </p>

    <p class='ocr_par' dir='ltr' id='par_1_13' title="bbox 178 2833 666 2863">
     <span class='ocr_line' id='line_1_58' title="bbox 178 2833 666 2863; baseline 0.004 -7"><span class='ocrx_word' id='word_1_422' title='bbox 178 2833 188 2845; x_wconf 81' lang='lat'>¹¹</span> <span class='ocrx_word' id='word_1_423' title='bbox 205 2834 270 2856; x_wconf 84' lang='lat' dir='ltr'>Vers.</span> <span class='ocrx_word' id='word_1_424' title='bbox 288 2834 325 2856; x_wconf 86' lang='grc'>16.</span> <span class='ocrx_word' id='word_1_425' title='bbox 342 2847 372 2851; x_wconf 88' lang='grc'><strong>-</strong></span> <span class='ocrx_word' id='word_1_426' title='bbox 390 2835 496 2863; x_wconf 86' lang='lat' dir='ltr'>Sequitur</span> <span class='ocrx_word' id='word_1_427' title='bbox 513 2836 568 2858; x_wconf 85' lang='lat' dir='ltr'>Luc.</span> <span class='ocrx_word' id='word_1_428' title='bbox 585 2836 611 2863; x_wconf 86' lang='lat'>9,</span> <span class='ocrx_word' id='word_1_429' title='bbox 629 2836 666 2858; x_wconf 77' lang='lat'>62.</span> 
     </span>
    </p>

    <p class='ocr_par' dir='ltr' id='par_1_14' title="bbox 178 2870 326 2895">
     <span class='ocr_line' id='line_1_59' title="bbox 178 2870 326 2895; baseline 0.007 -1"><span class='ocrx_word' id='word_1_430' title='bbox 178 2870 187 2883; x_wconf 86' lang='lat'><strong>⁶</strong></span> <span class='ocrx_word' id='word_1_431' title='bbox 204 2872 270 2895; x_wconf 86' lang='lat' dir='ltr'>Vers.</span> <span class='ocrx_word' id='word_1_432' title='bbox 289 2873 326 2895; x_wconf 84' lang='grc'>13.</span> 
     </span>
    </p>

    <p class='ocr_par' dir='ltr' id='par_1_15' title="bbox 178 2909 862 2943">
     <span class='ocr_line' id='line_1_60' title="bbox 178 2909 862 2943; baseline 0.006 -11"><span class='ocrx_word' id='word_1_433' title='bbox 178 2909 188 2922; x_wconf 73' lang='lat'>⁶</span> <span class='ocrx_word' id='word_1_434' title='bbox 205 2911 302 2939; x_wconf 82' lang='lat' dir='ltr'>Vulgata</span> <span class='ocrx_word' id='word_1_435' title='bbox 319 2911 383 2934; x_wconf 82' lang='lat' dir='ltr'>addit</span> <span class='ocrx_word' id='word_1_436' title='bbox 398 2918 462 2941; x_wconf 67' lang='lat' dir='ltr'>erqo.</span> <span class='ocrx_word' id='word_1_437' title='bbox 479 2925 510 2929; x_wconf 97' lang='lat'><strong>—</strong></span> <span class='ocrx_word' id='word_1_438' title='bbox 527 2914 579 2942; x_wconf 84' lang='lat' dir='ltr'>Seq.</span> <span class='ocrx_word' id='word_1_439' title='bbox 597 2913 661 2936; x_wconf 87' lang='lat' dir='ltr'>locus</span> <span class='ocrx_word' id='word_1_440' title='bbox 678 2916 711 2936; x_wconf 92' lang='lat' dir='ltr'>est</span> <span class='ocrx_word' id='word_1_441' title='bbox 728 2914 763 2936; x_wconf 83' lang='lat' dir='ltr'>Ps.</span> <span class='ocrx_word' id='word_1_442' title='bbox 781 2914 823 2943; x_wconf 79' lang='lat'>85,</span> <span class='ocrx_word' id='word_1_443' title='bbox 841 2915 862 2937; x_wconf 86' lang='grc'>8.</span> 
     </span>
    </p>
   </div>
   <div class='ocr_carea' id='block_1_7' title="bbox 210 2957 526 2982">
    <p class='ocr_par' dir='ltr' id='par_1_16' title="bbox 210 2957 526 2982">
     <span class='ocr_line' id='line_1_61' title="bbox 210 2957 526 2982; baseline 0.006 -2"><span class='ocrx_word' id='word_1_444' title='bbox 210 2957 235 2980; x_wconf 91' lang='lat' dir='ltr'>S.</span> <span class='ocrx_word' id='word_1_445' title='bbox 251 2958 341 2981; x_wconf 71' lang='lat' dir='ltr'>Bonan.</span> <span class='ocrx_word' id='word_1_446' title='bbox 357 2970 388 2975; x_wconf 94' lang='lat'>—</span> <span class='ocrx_word' id='word_1_447' title='bbox 406 2959 473 2981; x_wconf 89' lang='lat' dir='ltr'>Tom.</span> <span class='ocrx_word' id='word_1_448' title='bbox 490 2959 526 2982; x_wconf 88' lang='lat' dir='ltr'>Vl.</span> 
     </span>
    </p>
   </div>
   <div class='ocr_carea' id='block_1_8' title="bbox 992 215 998 1342">
    <p class='ocr_par' dir='ltr' id='par_1_17' title="bbox 992 215 998 1342">
     <span class='ocr_line' id='line_1_62' title="bbox 992 215 998 1342; baseline 0 0"><span class='ocrx_word' id='word_1_449' title='bbox 992 215 998 1342; x_wconf 95' lang='lat' dir='ltr'> </span> 
     </span>
    </p>
   </div>
   <div class='ocr_carea' id='block_1_9' title="bbox 990 1492 994 2304">
    <p class='ocr_par' dir='ltr' id='par_1_18' title="bbox 990 1492 994 2304">
     <span class='ocr_line' id='line_1_63' title="bbox 990 1492 994 2304; baseline 0 0"><span class='ocrx_word' id='word_1_450' title='bbox 990 1492 994 2304; x_wconf 95' lang='lat' dir='ltr'> </span> 
     </span>
    </p>
   </div>
   <div class='ocr_carea' id='block_1_10' title="bbox 1814 136 1870 165">
    <p class='ocr_par' dir='ltr' id='par_1_19' title="bbox 1814 136 1870 165">
     <span class='ocr_line' id='line_1_64' title="bbox 1814 136 1870 165; baseline -0.018 0"><span class='ocrx_word' id='word_1_451' title='bbox 1814 136 1870 165; x_wconf 82' lang='lat'>337</span> 
     </span>
    </p>
   </div>
   <div class='ocr_carea' id='block_1_11' title="bbox 1022 208 1870 1322">
    <p class='ocr_par' dir='ltr' id='par_1_20' title="bbox 1024 208 1869 294">
     <span class='ocr_line' id='line_1_65' title="bbox 1024 208 1869 247; baseline 0.007 -11"><span class='ocrx_word' id='word_1_452' title='bbox 1024 208 1092 237; x_wconf 84' lang='lat' dir='ltr'>fides</span> <span class='ocrx_word' id='word_1_453' title='bbox 1112 212 1153 237; x_wconf 87' lang='lat' dir='ltr'>est</span> <span class='ocrx_word' id='word_1_454' title='bbox 1175 209 1218 237; x_wconf 90' lang='lat' dir='ltr'>via</span> <span class='ocrx_word' id='word_1_455' title='bbox 1238 210 1266 238; x_wconf 92' lang='lat' dir='ltr'>in</span> <span class='ocrx_word' id='word_1_456' title='bbox 1288 210 1478 247; x_wconf 84' lang='lat' dir='ltr'>cognitionem.</span> <span class='ocrx_word' id='word_1_457' title='bbox 1499 222 1512 235; x_wconf 87' lang='lat'>«</span> <span class='ocrx_word' id='word_1_458' title='bbox 1527 211 1581 239; x_wconf 84' lang='lat' dir='ltr'>Nisi</span> <span class='ocrx_word' id='word_1_459' title='bbox 1597 212 1668 240; x_wconf 88' lang='lat' dir='ltr'>enim</span> <span class='ocrx_word' id='word_1_460' title='bbox 1686 212 1869 247; x_wconf 84' lang='lat' dir='ltr'>credideritis,</span> 
     </span>
     <span class='ocr_line' id='line_1_66' title="bbox 1024 255 1549 294; baseline 0.004 -11"><span class='ocrx_word' id='word_1_461' title='bbox 1024 262 1078 283; x_wconf 92' lang='lat' dir='ltr'>non</span> <span class='ocrx_word' id='word_1_462' title='bbox 1100 255 1298 292; x_wconf 81' lang='lat' dir='ltr'>intelligetis»,</span> <span class='ocrx_word' id='word_1_463' title='bbox 1321 256 1403 285; x_wconf 82' lang='lat' dir='ltr'>Isaiae</span> <span class='ocrx_word' id='word_1_464' title='bbox 1425 257 1549 294; x_wconf 86' lang='lat' dir='ltr'>septimo.</span> 
     </span>
    </p>

    <p class='ocr_par' dir='ltr' id='par_1_21' title="bbox 1023 300 1870 853">
     <span class='ocr_line' id='line_1_67' title="bbox 1104 300 1869 341; baseline 0.008 -12"><span class='ocrx_word' id='word_1_465' title='bbox 1104 302 1167 329; x_wconf 87' lang='lat'>106.</span> <span class='ocrx_word' id='word_1_466' title='bbox 1191 302 1279 338; x_wconf 86' lang='lat' dir='ltr'>(Vers.</span> <span class='ocrx_word' id='word_1_467' title='bbox 1302 303 1369 338; x_wconf 87' lang='lat'>71.).</span> <span class='ocrx_word' id='word_1_468' title='bbox 1394 300 1549 341; x_wconf 70' lang='lat' dir='ltr'>Respondit</span> <span class='ocrx_word' id='word_1_469' title='bbox 1574 305 1615 333; x_wconf 81' lang='lat' dir='ltr'>cis</span> <span class='ocrx_word' id='word_1_470' title='bbox 1636 305 1724 333; x_wconf 81' lang='lat' dir='ltr'>Iesus.</span> <span class='ocrx_word' id='word_1_471' title='bbox 1755 306 1869 335; x_wconf 84' lang='lat' dir='ltr'>Notatur</span> 
     </span>
     <span class='ocr_line' id='line_1_68' title="bbox 1024 347 1868 383; baseline 0.008 -8"><span class='ocrx_word' id='word_1_472' title='bbox 1024 347 1068 376; x_wconf 89' lang='lat' dir='ltr'>hic</span> <span class='ocrx_word' id='word_1_473' title='bbox 1090 351 1215 383; x_wconf 83' lang='lat' dir='ltr'>sextum,</span> <span class='ocrx_word' id='word_1_474' title='bbox 1238 350 1341 378; x_wconf 88' lang='lat' dir='ltr'>scilicet</span> <span class='ocrx_word' id='word_1_475' title='bbox 1362 351 1576 379; x_wconf 76' lang='lat' dir='ltr'>remanentiam</span> <span class='ocrx_word' id='word_1_476' title='bbox 1604 352 1748 380; x_wconf 75' lang='lat' dir='ltr'>discretio</span> <span class='ocrx_word' id='word_1_477' title='bbox 1771 352 1868 382; x_wconf 89' lang='lat' dir='ltr'>Osten-</span> 
     </span>
     <span class='ocr_line' id='line_1_69' title="bbox 1023 394 1870 433; baseline 0.008 -11"><span class='ocrx_word' id='word_1_478' title='bbox 1023 394 1063 423; x_wconf 85' lang='lat' dir='ltr'>dit</span> <span class='ocrx_word' id='word_1_479' title='bbox 1084 395 1231 429; x_wconf 85' lang='lat' dir='ltr'>Dominus,</span> <span class='ocrx_word' id='word_1_480' title='bbox 1253 396 1327 433; x_wconf 84' lang='lat' dir='ltr'>quod</span> <span class='ocrx_word' id='word_1_481' title='bbox 1349 398 1398 426; x_wconf 92' lang='lat' dir='ltr'>etsi</span> <span class='ocrx_word' id='word_1_482' title='bbox 1421 397 1515 426; x_wconf 85' lang='lat' dir='ltr'>nullus</span> <span class='ocrx_word' id='word_1_483' title='bbox 1536 398 1569 426; x_wconf 90' lang='lat' dir='ltr'>de</span> <span class='ocrx_word' id='word_1_484' title='bbox 1591 398 1733 427; x_wconf 80' lang='lat' dir='ltr'>duodecim</span> <span class='ocrx_word' id='word_1_485' title='bbox 1760 401 1870 429; x_wconf 84' lang='lat' dir='ltr'>recede-</span> 
     </span>
     <span class='ocr_line' id='line_1_70' title="bbox 1024 444 1868 483; baseline 0.008 -14"><span class='ocrx_word' id='word_1_486' title='bbox 1024 444 1081 476; x_wconf 86' lang='lat' dir='ltr'>ret,</span> <span class='ocrx_word' id='word_1_487' title='bbox 1103 450 1157 470; x_wconf 90' lang='lat' dir='ltr'>non</span> <span class='ocrx_word' id='word_1_488' title='bbox 1180 446 1269 471; x_wconf 84' lang='lat' dir='ltr'>tamen</span> <span class='ocrx_word' id='word_1_489' title='bbox 1291 452 1386 473; x_wconf 87' lang='lat' dir='ltr'>omnes</span> <span class='ocrx_word' id='word_1_490' title='bbox 1408 444 1501 473; x_wconf 82' lang='lat' dir='ltr'>fideles</span> <span class='ocrx_word' id='word_1_491' title='bbox 1523 449 1731 481; x_wconf 80' lang='lat' dir='ltr'>permanerent3</span> <span class='ocrx_word' id='word_1_492' title='bbox 1754 450 1868 483; x_wconf 86' lang='lat' dir='ltr'>propter</span> 
     </span>
     <span class='ocr_line' id='line_1_71' title="bbox 1023 488 1869 530; baseline 0.007 -14"><span class='ocrx_word' id='word_1_493' title='bbox 1023 488 1097 525; x_wconf 85' lang='lat' dir='ltr'>quod</span> <span class='ocrx_word' id='word_1_494' title='bbox 1112 489 1192 517; x_wconf 88' lang='lat' dir='ltr'>dicit:</span> <span class='ocrx_word' id='word_1_495' title='bbox 1210 490 1363 526; x_wconf 81' lang='lat' dir='ltr'>Respondit</span> <span class='ocrx_word' id='word_1_496' title='bbox 1374 490 1385 507; x_wconf 63' lang='grc' dir='ltr'>Β</span> <span class='ocrx_word' id='word_1_497' title='bbox 1401 491 1491 525; x_wconf 84' lang='lat' dir='ltr'>Iesus,</span> <span class='ocrx_word' id='word_1_498' title='bbox 1507 492 1669 521; x_wconf 82' lang='lat' dir='ltr'>confessioni</span> <span class='ocrx_word' id='word_1_499' title='bbox 1685 493 1769 528; x_wconf 79' lang='lat' dir='ltr'>Petri,</span> <span class='ocrx_word' id='word_1_500' title='bbox 1784 501 1869 530; x_wconf 83' lang='lat' dir='ltr'>quam</span> 
     </span>
     <span class='ocr_line' id='line_1_72' title="bbox 1024 536 1866 578; baseline 0.007 -15"><span class='ocrx_word' id='word_1_501' title='bbox 1024 543 1075 572; x_wconf 89' lang='lat' dir='ltr'>pro</span> <span class='ocrx_word' id='word_1_502' title='bbox 1095 536 1225 565; x_wconf 80' lang='lat' dir='ltr'>omnibus</span> <span class='ocrx_word' id='word_1_503' title='bbox 1239 536 1364 565; x_wconf 84' lang='lat' dir='ltr'>dixerat:</span> <span class='ocrx_word' id='word_1_504' title='bbox 1380 537 1481 566; x_wconf 82' lang='lat' dir='ltr'>Nonne</span> <span class='ocrx_word' id='word_1_505' title='bbox 1494 547 1544 576; x_wconf 67' lang='lat' dir='ltr'>eqo</span> <span class='ocrx_word' id='word_1_506' title='bbox 1558 539 1709 568; x_wconf 75' lang='lat' dir='ltr'>duodecim</span> <span class='ocrx_word' id='word_1_507' title='bbox 1723 548 1774 568; x_wconf 79' lang='lat' dir='ltr'>vos</span> <span class='ocrx_word' id='word_1_508' title='bbox 1787 541 1866 578; x_wconf 74' lang='lat' dir='ltr'>eleyi,</span> 
     </span>
     <span class='ocr_line' id='line_1_73' title="bbox 1023 582 1868 616; baseline 0.008 -7"><span class='ocrx_word' id='word_1_509' title='bbox 1023 584 1050 610; x_wconf 85' lang='lat' dir='ltr'>et</span> <span class='ocrx_word' id='word_1_510' title='bbox 1069 590 1147 610; x_wconf 82' lang='lat' dir='ltr'>unus</span> <span class='ocrx_word' id='word_1_511' title='bbox 1168 591 1202 610; x_wconf 73' lang='lat' dir='ltr'>ex</span> <span class='ocrx_word' id='word_1_512' title='bbox 1232 582 1312 611; x_wconf 75' lang='lat' dir='ltr'>vobis</span> <span class='ocrx_word' id='word_1_513' title='bbox 1339 583 1472 612; x_wconf 75' lang='lat' dir='ltr'>diabotus</span> <span class='ocrx_word' id='word_1_514' title='bbox 1498 585 1559 613; x_wconf 71' lang='lat' dir='ltr'>esc?</span> <span class='ocrx_word' id='word_1_515' title='bbox 1580 586 1660 614; x_wconf 87' lang='lat' dir='ltr'>Iudas</span> <span class='ocrx_word' id='word_1_516' title='bbox 1680 586 1782 615; x_wconf 89' lang='lat' dir='ltr'>dicitur</span> <span class='ocrx_word' id='word_1_517' title='bbox 1804 587 1868 616; x_wconf 75' lang='lat' dir='ltr'>clia—</span> 
     </span>
     <span class='ocr_line' id='line_1_74' title="bbox 1025 628 1869 667; baseline 0.007 -11"><span class='ocrx_word' id='word_1_518' title='bbox 1025 628 1118 663; x_wconf 73' lang='lat' dir='ltr'>botas,</span> <span class='ocrx_word' id='word_1_519' title='bbox 1140 630 1206 666; x_wconf 86' lang='lat' dir='ltr'>quia</span> <span class='ocrx_word' id='word_1_520' title='bbox 1226 630 1313 666; x_wconf 85' lang='lat' dir='ltr'>ipsius</span> <span class='ocrx_word' id='word_1_521' title='bbox 1334 631 1556 667; x_wconf 81' lang='lat' dir='ltr'>suggestionibus</span> <span class='ocrx_word' id='word_1_522' title='bbox 1571 633 1723 667; x_wconf 82' lang='lat' dir='ltr'>consensit;</span> <span class='ocrx_word' id='word_1_523' title='bbox 1746 633 1869 662; x_wconf 84' lang='lat' dir='ltr'>Psalmus</span> 
     </span>
     <span class='ocr_line' id='line_1_75' title="bbox 1023 675 1870 715; baseline 0.007 -12"><span class='ocrx_word' id='word_1_524' title='bbox 1023 675 1057 704; x_wconf 91' lang='lat' dir='ltr'>de</span> <span class='ocrx_word' id='word_1_525' title='bbox 1078 676 1158 704; x_wconf 87' lang='lat' dir='ltr'>luda:</span> <span class='ocrx_word' id='word_1_526' title='bbox 1186 687 1199 701; x_wconf 80' lang='lat'>«</span> <span class='ocrx_word' id='word_1_527' title='bbox 1213 676 1354 705; x_wconf 85' lang='lat' dir='ltr'>Constitue</span> <span class='ocrx_word' id='word_1_528' title='bbox 1375 684 1459 714; x_wconf 87' lang='lat' dir='ltr'>super</span> <span class='ocrx_word' id='word_1_529' title='bbox 1480 686 1543 707; x_wconf 87' lang='lat' dir='ltr'>eum</span> <span class='ocrx_word' id='word_1_530' title='bbox 1566 682 1750 715; x_wconf 79' lang='lat' dir='ltr'>peccatorem,</span> <span class='ocrx_word' id='word_1_531' title='bbox 1772 684 1799 709; x_wconf 88' lang='lat' dir='ltr'>et</span> <span class='ocrx_word' id='word_1_532' title='bbox 1813 681 1870 709; x_wconf 90' lang='lat' dir='ltr'>dia—</span> 
     </span>
     <span class='ocr_line' id='line_1_76' title="bbox 1023 722 1870 755; baseline 0.006 -5"><span class='ocrx_word' id='word_1_533' title='bbox 1023 722 1104 751; x_wconf 85' lang='lat' dir='ltr'>bolus</span> <span class='ocrx_word' id='word_1_534' title='bbox 1125 725 1178 751; x_wconf 87' lang='lat' dir='ltr'>stet</span> <span class='ocrx_word' id='word_1_535' title='bbox 1199 731 1214 751; x_wconf 82' lang='lat' dir='ltr'>a</span> <span class='ocrx_word' id='word_1_536' title='bbox 1235 723 1343 752; x_wconf 84' lang='lat' dir='ltr'>dextris</span> <span class='ocrx_word' id='word_1_537' title='bbox 1363 724 1424 753; x_wconf 89' lang='lat' dir='ltr'>eius</span> <span class='ocrx_word' id='word_1_538' title='bbox 1439 736 1452 749; x_wconf 83' lang='lat'>»</span> <span class='ocrx_word' id='word_1_539' title='bbox 1478 728 1529 753; x_wconf 87' lang='lat' dir='ltr'>etc.</span> <span class='ocrx_word' id='word_1_540' title='bbox 1552 725 1641 753; x_wconf 88' lang='lat' dir='ltr'>Unum</span> <span class='ocrx_word' id='word_1_541' title='bbox 1664 729 1740 754; x_wconf 88' lang='lat' dir='ltr'>notat</span> <span class='ocrx_word' id='word_1_542' title='bbox 1760 727 1793 755; x_wconf 88' lang='lat' dir='ltr'>de</span> <span class='ocrx_word' id='word_1_543' title='bbox 1812 734 1870 755; x_wconf 83' lang='lat' dir='ltr'>ma-</span> 
     </span>
     <span class='ocr_line' id='line_1_77' title="bbox 1024 769 1861 810; baseline 0.007 -13"><span class='ocrx_word' id='word_1_544' title='bbox 1024 769 1096 804; x_wconf 89' lang='lat' dir='ltr'>litia,</span> <span class='ocrx_word' id='word_1_545' title='bbox 1118 773 1150 798; x_wconf 89' lang='lat' dir='ltr'>ut</span> <span class='ocrx_word' id='word_1_546' title='bbox 1175 770 1257 798; x_wconf 89' lang='lat' dir='ltr'>ceteri</span> <span class='ocrx_word' id='word_1_547' title='bbox 1285 771 1413 805; x_wconf 88' lang='lat' dir='ltr'>timeant;</span> <span class='ocrx_word' id='word_1_548' title='bbox 1435 774 1463 800; x_wconf 91' lang='lat' dir='ltr'>et</span> <span class='ocrx_word' id='word_1_549' title='bbox 1483 772 1597 808; x_wconf 87' lang='lat' dir='ltr'>exponit</span> <span class='ocrx_word' id='word_1_550' title='bbox 1630 773 1814 810; x_wconf 70' lang='lat' dir='ltr'>evangelista,</span> <span class='ocrx_word' id='word_1_551' title='bbox 1836 774 1861 803; x_wconf 81' lang='lat' dir='ltr'>d1</span> 
     </span>
     <span class='ocr_line' id='line_1_78' title="bbox 1024 816 1750 853; baseline 0.007 -10"><span class='ocrx_word' id='word_1_552' title='bbox 1024 824 1079 853; x_wconf 88' lang='lat' dir='ltr'>quo</span> <span class='ocrx_word' id='word_1_553' title='bbox 1100 816 1277 853; x_wconf 83' lang='lat' dir='ltr'>intelligebat,</span> <span class='ocrx_word' id='word_1_554' title='bbox 1298 817 1402 846; x_wconf 90' lang='lat' dir='ltr'>scilicet</span> <span class='ocrx_word' id='word_1_555' title='bbox 1421 817 1455 846; x_wconf 85' lang='lat' dir='ltr'>de</span> <span class='ocrx_word' id='word_1_556' title='bbox 1477 818 1554 852; x_wconf 88' lang='lat' dir='ltr'>Iuda;</span> <span class='ocrx_word' id='word_1_557' title='bbox 1576 819 1649 847; x_wconf 87' lang='lat' dir='ltr'>unde</span> <span class='ocrx_word' id='word_1_558' title='bbox 1670 819 1750 848; x_wconf 90' lang='lat' dir='ltr'>dicit:</span> 
     </span>
    </p>

    <p class='ocr_par' dir='ltr' id='par_1_22' title="bbox 1022 864 1870 1322">
     <span class='ocr_line' id='line_1_79' title="bbox 1104 864 1869 901; baseline 0.007 -10"><span class='ocrx_word' id='word_1_559' title='bbox 1104 864 1166 891; x_wconf 89' lang='lat'>107.</span> <span class='ocrx_word' id='word_1_560' title='bbox 1190 864 1278 901; x_wconf 88' lang='lat' dir='ltr'>(Vers.</span> <span class='ocrx_word' id='word_1_561' title='bbox 1303 865 1369 899; x_wconf 62' lang='lat'>72).</span> <span class='ocrx_word' id='word_1_562' title='bbox 1396 865 1514 893; x_wconf 78' lang='lat' dir='ltr'>Dicebat</span> <span class='ocrx_word' id='word_1_563' title='bbox 1540 870 1637 894; x_wconf 77' lang='lat' dir='ltr'>autem</span> <span class='ocrx_word' id='word_1_564' title='bbox 1669 867 1703 894; x_wconf 82' lang='lat' dir='ltr'>de</span> <span class='ocrx_word' id='word_1_565' title='bbox 1724 867 1802 895; x_wconf 86' lang='lat' dir='ltr'>Iuda</span> <span class='ocrx_word' id='word_1_566' title='bbox 1823 867 1869 896; x_wconf 77' lang='lat' dir='ltr'>Si-</span> 
     </span>
     <span class='ocr_line' id='line_1_80' title="bbox 1022 910 1866 948; baseline 0.006 -11"><span class='ocrx_word' id='word_1_567' title='bbox 1022 910 1117 938; x_wconf 82' lang='lat' dir='ltr'>monis</span> <span class='ocrx_word' id='word_1_568' title='bbox 1138 911 1331 945; x_wconf 76' lang='lat' dir='ltr'>lscariotis⁹‚·</span> <span class='ocrx_word' id='word_1_569' title='bbox 1352 910 1398 940; x_wconf 80' lang='lat' dir='ltr'>lu&#39;c</span> <span class='ocrx_word' id='word_1_570' title='bbox 1419 912 1496 940; x_wconf 80' lang='lat' dir='ltr'>enim</span> <span class='ocrx_word' id='word_1_571' title='bbox 1517 916 1580 941; x_wconf 83' lang='lat' dir='ltr'>erat</span> <span class='ocrx_word' id='word_1_572' title='bbox 1601 914 1770 942; x_wconf 74' lang='lat' dir='ltr'>traditurus</span> <span class='ocrx_word' id='word_1_573' title='bbox 1791 923 1866 948; x_wconf 84' lang='lat' dir='ltr'>eum,</span> 
     </span>
     <span class='ocr_line' id='line_1_81' title="bbox 1023 958 1870 995; baseline 0.006 -11"><span class='ocrx_word' id='word_1_574' title='bbox 1023 965 1090 985; x_wconf 84' lang='lat' dir='ltr'>cum</span> <span class='ocrx_word' id='word_1_575' title='bbox 1112 960 1183 985; x_wconf 73' lang='lat' dir='ltr'>esset</span> <span class='ocrx_word' id='word_1_576' title='bbox 1201 966 1280 985; x_wconf 83' lang='lat' dir='ltr'>unus</span> <span class='ocrx_word' id='word_1_577' title='bbox 1305 966 1340 986; x_wconf 74' lang='lat' dir='ltr'>ea·</span> <span class='ocrx_word' id='word_1_578' title='bbox 1371 958 1530 987; x_wconf 83' lang='lat' dir='ltr'>duodecim.</span> <span class='ocrx_word' id='word_1_579' title='bbox 1553 959 1607 988; x_wconf 89' lang='lat' dir='ltr'>Hoc</span> <span class='ocrx_word' id='word_1_580' title='bbox 1634 960 1737 988; x_wconf 87' lang='lat' dir='ltr'>dictum</span> <span class='ocrx_word' id='word_1_581' title='bbox 1759 964 1816 995; x_wconf 89' lang='lat' dir='ltr'>est,</span> <span class='ocrx_word' id='word_1_582' title='bbox 1838 963 1870 990; x_wconf 88' lang='lat' dir='ltr'>ut</span> 
     </span>
     <span class='ocr_line' id='line_1_82' title="bbox 1024 1003 1867 1044; baseline 0.007 -13"><span class='ocrx_word' id='word_1_583' title='bbox 1024 1003 1153 1032; x_wconf 82' lang='lat' dir='ltr'>timerent</span> <span class='ocrx_word' id='word_1_584' title='bbox 1178 1007 1204 1032; x_wconf 90' lang='lat' dir='ltr'>et</span> <span class='ocrx_word' id='word_1_585' title='bbox 1232 1007 1263 1032; x_wconf 90' lang='lat' dir='ltr'>ut</span> <span class='ocrx_word' id='word_1_586' title='bbox 1289 1013 1343 1033; x_wconf 88' lang='lat' dir='ltr'>non</span> <span class='ocrx_word' id='word_1_587' title='bbox 1364 1005 1534 1034; x_wconf 84' lang='lat' dir='ltr'>mirarentur</span> <span class='ocrx_word' id='word_1_588' title='bbox 1556 1006 1589 1034; x_wconf 90' lang='lat' dir='ltr'>de</span> <span class='ocrx_word' id='word_1_589' title='bbox 1610 1007 1685 1041; x_wconf 81' lang='lat' dir='ltr'>aliis,</span> <span class='ocrx_word' id='word_1_590' title='bbox 1708 1008 1754 1044; x_wconf 85' lang='lat' dir='ltr'>qui</span> <span class='ocrx_word' id='word_1_591' title='bbox 1778 1015 1867 1037; x_wconf 86' lang='lat' dir='ltr'>reces-</span> 
     </span>
     <span class='ocr_line' id='line_1_83' title="bbox 1023 1051 1868 1089; baseline 0.006 -11"><span class='ocrx_word' id='word_1_592' title='bbox 1023 1053 1129 1084; x_wconf 83' lang='lat' dir='ltr'>serant,</span> <span class='ocrx_word' id='word_1_593' title='bbox 1151 1051 1216 1087; x_wconf 81' lang='lat' dir='ltr'>quia</span> <span class='ocrx_word' id='word_1_594' title='bbox 1237 1059 1291 1079; x_wconf 78' lang='lat' dir='ltr'>non</span> <span class='ocrx_word' id='word_1_595' title='bbox 1312 1052 1350 1080; x_wconf 84' lang='lat' dir='ltr'>ita</span> <span class='ocrx_word' id='word_1_596' title='bbox 1371 1052 1525 1089; x_wconf 82' lang='lat' dir='ltr'>specialiter</span> <span class='ocrx_word' id='word_1_597' title='bbox 1546 1053 1623 1081; x_wconf 90' lang='lat' dir='ltr'>electi</span> <span class='ocrx_word' id='word_1_598' title='bbox 1646 1057 1733 1082; x_wconf 86' lang='lat' dir='ltr'>erant.</span> <span class='ocrx_word' id='word_1_599' title='bbox 1757 1054 1795 1083; x_wconf 87' lang='lat' dir='ltr'>De</span> <span class='ocrx_word' id='word_1_600' title='bbox 1817 1055 1868 1083; x_wconf 82' lang='lat' dir='ltr'>hac</span> 
     </span>
     <span class='ocr_line' id='line_1_84' title="bbox 1023 1097 1869 1130; baseline 0.006 -5"><span class='ocrx_word' id='word_1_601' title='bbox 1023 1097 1154 1126; x_wconf 86' lang='lat' dir='ltr'>electione</span> <span class='ocrx_word' id='word_1_602' title='bbox 1175 1098 1319 1126; x_wconf 88' lang='lat' dir='ltr'>duodecim</span> <span class='ocrx_word' id='word_1_603' title='bbox 1350 1098 1451 1127; x_wconf 79' lang='lat' dir='ltr'>dieitur</span> <span class='ocrx_word' id='word_1_604' title='bbox 1477 1100 1602 1128; x_wconf 84' lang='lat' dir='ltr'>Matthaei</span> <span class='ocrx_word' id='word_1_605' title='bbox 1624 1100 1730 1129; x_wconf 87' lang='lat' dir='ltr'>decimo</span> <span class='ocrx_word' id='word_1_606' title='bbox 1744 1101 1782 1129; x_wconf 84' lang='lat'>¹⁰:</span> <span class='ocrx_word' id='word_1_607' title='bbox 1809 1112 1823 1126; x_wconf 84' lang='lat'><strong><em>«</em></strong></span> <span class='ocrx_word' id='word_1_608' title='bbox 1838 1101 1869 1130; x_wconf 89' lang='lat' dir='ltr'>Et</span> 
     </span>
     <span class='ocr_line' id='line_1_85' title="bbox 1023 1144 1868 1183; baseline 0.007 -12"><span class='ocrx_word' id='word_1_609' title='bbox 1023 1144 1178 1172; x_wconf 87' lang='lat' dir='ltr'>convocatis</span> <span class='ocrx_word' id='word_1_610' title='bbox 1199 1144 1358 1179; x_wconf 90' lang='lat' dir='ltr'>duodecim,</span> <span class='ocrx_word' id='word_1_611' title='bbox 1379 1145 1453 1174; x_wconf 87' lang='lat' dir='ltr'>dedit</span> <span class='ocrx_word' id='word_1_612' title='bbox 1467 1147 1506 1175; x_wconf 91' lang='lat' dir='ltr'>eis</span> <span class='ocrx_word' id='word_1_613' title='bbox 1521 1149 1683 1183; x_wconf 85' lang='lat' dir='ltr'>potestatem</span> <span class='ocrx_word' id='word_1_614' title='bbox 1700 1159 1712 1172; x_wconf 86' lang='lat'>»</span> <span class='ocrx_word' id='word_1_615' title='bbox 1738 1150 1798 1182; x_wconf 83' lang='lat' dir='ltr'>etc.;</span> <span class='ocrx_word' id='word_1_616' title='bbox 1815 1149 1868 1177; x_wconf 93' lang='lat' dir='ltr'>Lu-</span> 
     </span>
     <span class='ocr_line' id='line_1_86' title="bbox 1023 1191 1868 1230; baseline 0.005 -11"><span class='ocrx_word' id='word_1_617' title='bbox 1023 1198 1070 1219; x_wconf 85' lang='lat' dir='ltr'>cae</span> <span class='ocrx_word' id='word_1_618' title='bbox 1090 1193 1185 1220; x_wconf 84' lang='lat' dir='ltr'>sexto:</span> <span class='ocrx_word' id='word_1_619' title='bbox 1212 1202 1225 1215; x_wconf 76' lang='grc' dir='ltr'>ιι</span> <span class='ocrx_word' id='word_1_620' title='bbox 1242 1191 1327 1228; x_wconf 83' lang='lat' dir='ltr'>Elegit</span> <span class='ocrx_word' id='word_1_621' title='bbox 1347 1192 1492 1221; x_wconf 83' lang='lat' dir='ltr'>duodecim</span> <span class='ocrx_word' id='word_1_622' title='bbox 1513 1201 1548 1221; x_wconf 84' lang='lat' dir='ltr'>ex</span> <span class='ocrx_word' id='word_1_623' title='bbox 1572 1194 1638 1230; x_wconf 83' lang='lat' dir='ltr'>ipsis</span> <span class='ocrx_word' id='word_1_624' title='bbox 1652 1206 1665 1218; x_wconf 89' lang='lat'>»</span> <span class='ocrx_word' id='word_1_625' title='bbox 1692 1197 1742 1223; x_wconf 85' lang='lat' dir='ltr'>etc.</span> <span class='ocrx_word' id='word_1_626' title='bbox 1768 1195 1868 1223; x_wconf 84' lang='lat' dir='ltr'>Electio</span> 
     </span>
     <span class='ocr_line' id='line_1_87' title="bbox 1022 1237 1868 1278; baseline 0.006 -12"><span class='ocrx_word' id='word_1_627' title='bbox 1022 1237 1074 1266; x_wconf 89' lang='lat' dir='ltr'>ista</span> <span class='ocrx_word' id='word_1_628' title='bbox 1095 1238 1281 1275; x_wconf 82' lang='lat' dir='ltr'>praefigurata</span> <span class='ocrx_word' id='word_1_629' title='bbox 1302 1242 1343 1267; x_wconf 90' lang='lat' dir='ltr'>est</span> <span class='ocrx_word' id='word_1_630' title='bbox 1366 1239 1442 1267; x_wconf 90' lang='lat' dir='ltr'>losue</span> <span class='ocrx_word' id='word_1_631' title='bbox 1463 1244 1578 1276; x_wconf 88' lang='lat' dir='ltr'>quarto:</span> <span class='ocrx_word' id='word_1_632' title='bbox 1605 1253 1618 1266; x_wconf 73' lang='grc' dir='ltr'><em>α</em></span> <span class='ocrx_word' id='word_1_633' title='bbox 1635 1241 1707 1278; x_wconf 73' lang='lat' dir='ltr'>Elige</span> <span class='ocrx_word' id='word_1_634' title='bbox 1729 1242 1776 1270; x_wconf 90' lang='lat' dir='ltr'>tibi</span> <span class='ocrx_word' id='word_1_635' title='bbox 1799 1242 1868 1270; x_wconf 90' lang='lat' dir='ltr'>duo-</span> 
     </span>
     <span class='ocr_line' id='line_1_88' title="bbox 1022 1284 1453 1322; baseline 0.005 -10"><span class='ocrx_word' id='word_1_636' title='bbox 1022 1284 1110 1312; x_wconf 86' lang='lat' dir='ltr'>decim</span> <span class='ocrx_word' id='word_1_637' title='bbox 1132 1285 1205 1313; x_wconf 87' lang='lat' dir='ltr'>viros</span> <span class='ocrx_word' id='word_1_638' title='bbox 1226 1285 1349 1322; x_wconf 81' lang='lat' dir='ltr'>singulos</span> <span class='ocrx_word' id='word_1_639' title='bbox 1364 1297 1377 1311; x_wconf 69' lang='lat' dir='ltr'>s&gt;</span> <span class='ocrx_word' id='word_1_640' title='bbox 1403 1289 1453 1314; x_wconf 87' lang='lat' dir='ltr'>etc.</span> 
     </span>
    </p>
   </div>
   <div class='ocr_carea' id='block_1_12' title="bbox 1342 1379 1542 1415">
    <p class='ocr_par' dir='ltr' id='par_1_23' title="bbox 1342 1379 1542 1415">
     <span class='ocr_line' id='line_1_89' title="bbox 1342 1379 1542 1415; baseline 0.005 -8"><span class='ocrx_word' id='word_1_641' title='bbox 1342 1379 1542 1415; x_wconf 60' lang='lat' dir='ltr'>Quansrtonns.</span> 
     </span>
    </p>
   </div>
   <div class='ocr_carea' id='block_1_13' title="bbox 1020 1473 1869 1980">
    <p class='ocr_par' dir='ltr' id='par_1_24' title="bbox 1021 1473 1869 1875">
     <span class='ocr_line' id='line_1_90' title="bbox 1103 1473 1867 1513; baseline 0.007 -13"><span class='ocrx_word' id='word_1_642' title='bbox 1103 1473 1165 1501; x_wconf 86' lang='lat'>108.</span> <span class='ocrx_word' id='word_1_643' title='bbox 1188 1473 1298 1509; x_wconf 81' lang='lat' dir='ltr'>Quaest.</span> <span class='ocrx_word' id='word_1_644' title='bbox 1319 1473 1335 1501; x_wconf 93' lang='lat' dir='ltr'>I.</span> <span class='ocrx_word' id='word_1_645' title='bbox 1359 1473 1410 1501; x_wconf 90' lang='lat' dir='ltr'>Sed</span> <span class='ocrx_word' id='word_1_646' title='bbox 1432 1473 1577 1510; x_wconf 87' lang='lat' dir='ltr'>quaeritur</span> <span class='ocrx_word' id='word_1_647' title='bbox 1599 1474 1644 1502; x_wconf 86' lang='lat' dir='ltr'>hic</span> <span class='ocrx_word' id='word_1_648' title='bbox 1664 1474 1697 1503; x_wconf 87' lang='lat' dir='ltr'>de</span> <span class='ocrx_word' id='word_1_649' title='bbox 1720 1475 1772 1504; x_wconf 89' lang='lat' dir='ltr'>hoc</span> <span class='ocrx_word' id='word_1_650' title='bbox 1794 1476 1867 1513; x_wconf 88' lang='lat' dir='ltr'>quod</span> 
     </span>
     <span class='ocr_line' id='line_1_91' title="bbox 1021 1518 1869 1557; baseline 0.005 -10"><span class='ocrx_word' id='word_1_651' title='bbox 1021 1519 1101 1547; x_wconf 86' lang='lat' dir='ltr'>dicit:</span> <span class='ocrx_word' id='word_1_652' title='bbox 1124 1519 1158 1548; x_wconf 88' lang='lat' dir='ltr'>Si</span> <span class='ocrx_word' id='word_1_653' title='bbox 1175 1519 1309 1548; x_wconf 80' lang='lat' dir='ltr'>videritis</span> <span class='ocrx_word' id='word_1_654' title='bbox 1324 1518 1434 1548; x_wconf 80' lang='lat' dir='ltr'>Filium</span> <span class='ocrx_word' id='word_1_655' title='bbox 1455 1519 1581 1548; x_wconf 77' lang='lat' dir='ltr'>hominis</span> <span class='ocrx_word' id='word_1_656' title='bbox 1596 1522 1802 1557; x_wconf 78' lang='lat' dir='ltr'>ascendentem,</span> <span class='ocrx_word' id='word_1_657' title='bbox 1817 1523 1869 1552; x_wconf 82' lang='lat' dir='ltr'>ubi</span> 
     </span>
     <span class='ocr_line' id='line_1_92' title="bbox 1021 1567 1867 1604; baseline 0.005 -10"><span class='ocrx_word' id='word_1_658' title='bbox 1021 1570 1085 1595; x_wconf 84' lang='lat' dir='ltr'>erat</span> <span class='ocrx_word' id='word_1_659' title='bbox 1103 1567 1199 1603; x_wconf 79' lang='lat' dir='ltr'>prius.</span> <span class='ocrx_word' id='word_1_660' title='bbox 1229 1583 1267 1587; x_wconf 82' lang='lat'>-—</span> <span class='ocrx_word' id='word_1_661' title='bbox 1295 1567 1349 1595; x_wconf 87' lang='lat' dir='ltr'>Hoc</span> <span class='ocrx_word' id='word_1_662' title='bbox 1370 1574 1423 1595; x_wconf 89' lang='lat' dir='ltr'>non</span> <span class='ocrx_word' id='word_1_663' title='bbox 1446 1570 1536 1604; x_wconf 88' lang='lat' dir='ltr'>potest</span> <span class='ocrx_word' id='word_1_664' title='bbox 1563 1567 1615 1596; x_wconf 87' lang='lat' dir='ltr'>dici</span> <span class='ocrx_word' id='word_1_665' title='bbox 1638 1569 1790 1597; x_wconf 78' lang='lat' dir='ltr'>secundnm</span> <span class='ocrx_word' id='word_1_666' title='bbox 1814 1569 1867 1598; x_wconf 76' lang='lat' dir='ltr'>hu-</span> 
     </span>
     <span class='ocr_line' id='line_1_93' title="bbox 1021 1614 1867 1650; baseline 0.005 -9"><span class='ocrx_word' id='word_1_667' title='bbox 1021 1621 1144 1641; x_wconf 87' lang='lat' dir='ltr'>manam</span> <span class='ocrx_word' id='word_1_668' title='bbox 1165 1616 1308 1647; x_wconf 87' lang='lat' dir='ltr'>naturam,</span> <span class='ocrx_word' id='word_1_669' title='bbox 1330 1614 1396 1650; x_wconf 85' lang='lat' dir='ltr'>quia</span> <span class='ocrx_word' id='word_1_670' title='bbox 1417 1614 1569 1642; x_wconf 89' lang='lat' dir='ltr'>secundum</span> <span class='ocrx_word' id='word_1_671' title='bbox 1591 1614 1665 1643; x_wconf 85' lang='lat' dir='ltr'>illam</span> <span class='ocrx_word' id='word_1_672' title='bbox 1688 1623 1740 1644; x_wconf 91' lang='lat' dir='ltr'>non</span> <span class='ocrx_word' id='word_1_673' title='bbox 1762 1619 1821 1645; x_wconf 83' lang='lat' dir='ltr'>erat</span> <span class='ocrx_word' id='word_1_674' title='bbox 1839 1617 1867 1645; x_wconf 93' lang='lat' dir='ltr'>in</span> 
     </span>
     <span class='ocr_line' id='line_1_94' title="bbox 1022 1660 1867 1700; baseline 0.005 -12"><span class='ocrx_word' id='word_1_675' title='bbox 1022 1660 1096 1688; x_wconf 86' lang='lat' dir='ltr'>caelo</span> <span class='ocrx_word' id='word_1_676' title='bbox 1118 1660 1208 1696; x_wconf 85' lang='lat' dir='ltr'>prius;</span> <span class='ocrx_word' id='word_1_677' title='bbox 1231 1660 1357 1689; x_wconf 89' lang='lat' dir='ltr'>similiter</span> <span class='ocrx_word' id='word_1_678' title='bbox 1378 1668 1428 1689; x_wconf 84' lang='lat' dir='ltr'>nec</span> <span class='ocrx_word' id='word_1_679' title='bbox 1450 1661 1602 1689; x_wconf 89' lang='lat' dir='ltr'>secundum</span> <span class='ocrx_word' id='word_1_680' title='bbox 1624 1662 1772 1697; x_wconf 70' lang='lat' dir='ltr'>(licinum,</span> <span class='ocrx_word' id='word_1_681' title='bbox 1802 1664 1867 1700; x_wconf 87' lang='lat' dir='ltr'>quia</span> 
     </span>
     <span class='ocr_line' id='line_1_95' title="bbox 1021 1706 1866 1746; baseline 0.005 -12"><span class='ocrx_word' id='word_1_682' title='bbox 1021 1706 1175 1735; x_wconf 87' lang='lat' dir='ltr'>secundum</span> <span class='ocrx_word' id='word_1_683' title='bbox 1197 1707 1270 1735; x_wconf 83' lang='lat' dir='ltr'>illam</span> <span class='ocrx_word' id='word_1_684' title='bbox 1291 1706 1382 1735; x_wconf 88' lang='lat' dir='ltr'>adhuc</span> <span class='ocrx_word' id='word_1_685' title='bbox 1403 1710 1463 1735; x_wconf 87' lang='lat' dir='ltr'>erat</span> <span class='ocrx_word' id='word_1_686' title='bbox 1484 1707 1511 1735; x_wconf 93' lang='lat' dir='ltr'>in</span> <span class='ocrx_word' id='word_1_687' title='bbox 1537 1708 1627 1741; x_wconf 83' lang='lat' dir='ltr'>caclo,</span> <span class='ocrx_word' id='word_1_688' title='bbox 1650 1716 1713 1737; x_wconf 88' lang='lat' dir='ltr'>cum</span> <span class='ocrx_word' id='word_1_689' title='bbox 1736 1709 1866 1746; x_wconf 87' lang='lat' dir='ltr'>loqueba-</span> 
     </span>
     <span class='ocr_line' id='line_1_96' title="bbox 1022 1752 1865 1791; baseline 0.005 -10"><span class='ocrx_word' id='word_1_690' title='bbox 1022 1755 1081 1787; x_wconf 83' lang='lat' dir='ltr'>tur;</span> <span class='ocrx_word' id='word_1_691' title='bbox 1104 1753 1177 1781; x_wconf 92' lang='lat' dir='ltr'>unde</span> <span class='ocrx_word' id='word_1_692' title='bbox 1191 1761 1276 1790; x_wconf 86' lang='lat' dir='ltr'>supra</span> <span class='ocrx_word' id='word_1_693' title='bbox 1291 1754 1372 1782; x_wconf 90' lang='lat' dir='ltr'>tertio</span> <span class='ocrx_word' id='word_1_694' title='bbox 1384 1752 1421 1781; x_wconf 89' lang='lat'>¹¹:</span> <span class='ocrx_word' id='word_1_695' title='bbox 1445 1753 1532 1782; x_wconf 82' lang='lat' dir='ltr'>Nemo</span> <span class='ocrx_word' id='word_1_696' title='bbox 1548 1755 1678 1783; x_wconf 84' lang='lat' dir='ltr'>aseendit</span> <span class='ocrx_word' id='word_1_697' title='bbox 1692 1756 1722 1783; x_wconf 79' lang='lat' dir='ltr'>iu</span> <span class='ocrx_word' id='word_1_698' title='bbox 1737 1756 1865 1791; x_wconf 82' lang='lat' dir='ltr'>caelum,</span> 
     </span>
     <span class='ocr_line' id='line_1_97' title="bbox 1021 1800 1867 1839; baseline 0.006 -12"><span class='ocrx_word' id='word_1_699' title='bbox 1021 1800 1081 1828; x_wconf 80' lang='lat' dir='ltr'>nisi</span> <span class='ocrx_word' id='word_1_700' title='bbox 1101 1800 1152 1838; x_wconf 82' lang='lat' dir='ltr'>qui</span> <span class='ocrx_word' id='word_1_701' title='bbox 1172 1800 1316 1828; x_wconf 77' lang='lat' dir='ltr'>descendit</span> <span class='ocrx_word' id='word_1_702' title='bbox 1341 1800 1374 1828; x_wconf 83' lang='lat' dir='ltr'>dc</span> <span class='ocrx_word' id='word_1_703' title='bbox 1401 1800 1492 1834; x_wconf 85' lang='lat' dir='ltr'>caclo,</span> <span class='ocrx_word' id='word_1_704' title='bbox 1524 1801 1617 1829; x_wconf 80' lang='lat' dir='ltr'>Filius</span> <span class='ocrx_word' id='word_1_705' title='bbox 1643 1801 1785 1836; x_wconf 71' lang='lat' dir='ltr'>hominis,</span> <span class='ocrx_word' id='word_1_706' title='bbox 1814 1803 1867 1839; x_wconf 86' lang='lat' dir='ltr'>qui</span> 
     </span>
     <span class='ocr_line' id='line_1_98' title="bbox 1021 1847 1219 1875; baseline 0.005 -1"><span class='ocrx_word' id='word_1_707' title='bbox 1021 1850 1061 1875; x_wconf 85' lang='lat' dir='ltr'>est</span> <span class='ocrx_word' id='word_1_708' title='bbox 1082 1847 1112 1875; x_wconf 81' lang='lat' dir='ltr'>in</span> <span class='ocrx_word' id='word_1_709' title='bbox 1134 1847 1219 1875; x_wconf 83' lang='lat' dir='ltr'>caelo.</span> 
     </span>
    </p>

    <p class='ocr_par' dir='ltr' id='par_1_25' title="bbox 1020 1893 1866 1980">
     <span class='ocr_line' id='line_1_99' title="bbox 1100 1893 1866 1933; baseline 0.004 -11"><span class='ocrx_word' id='word_1_710' title='bbox 1100 1894 1277 1928; x_wconf 65' lang='lat' dir='ltr'>Responnsso,</span> <span class='ocrx_word' id='word_1_711' title='bbox 1299 1894 1372 1931; x_wconf 86' lang='lat' dir='ltr'>quod</span> <span class='ocrx_word' id='word_1_712' title='bbox 1394 1893 1461 1923; x_wconf 90' lang='lat' dir='ltr'>illud</span> <span class='ocrx_word' id='word_1_713' title='bbox 1483 1895 1585 1924; x_wconf 90' lang='lat' dir='ltr'>dictum</span> <span class='ocrx_word' id='word_1_714' title='bbox 1607 1898 1660 1929; x_wconf 89' lang='lat' dir='ltr'>est,</span> <span class='ocrx_word' id='word_1_715' title='bbox 1683 1896 1866 1933; x_wconf 86' lang='lat' dir='ltr'>comparando</span> 
     </span>
     <span class='ocr_line' id='line_1_100' title="bbox 1020 1941 1866 1980; baseline 0.004 -11"><span class='ocrx_word' id='word_1_716' title='bbox 1020 1941 1118 1969; x_wconf 89' lang='lat' dir='ltr'>Filium</span> <span class='ocrx_word' id='word_1_717' title='bbox 1140 1941 1186 1970; x_wconf 87' lang='lat' dir='ltr'>Dei</span> <span class='ocrx_word' id='word_1_718' title='bbox 1209 1941 1360 1970; x_wconf 88' lang='lat' dir='ltr'>secundum</span> <span class='ocrx_word' id='word_1_719' title='bbox 1383 1942 1513 1970; x_wconf 79' lang='lat' dir='ltr'>diuinam</span> <span class='ocrx_word' id='word_1_720' title='bbox 1536 1946 1663 1971; x_wconf 85' lang='lat' dir='ltr'>naturam</span> <span class='ocrx_word' id='word_1_721' title='bbox 1689 1946 1750 1980; x_wconf 85' lang='lat' dir='ltr'>post</span> <span class='ocrx_word' id='word_1_722' title='bbox 1775 1944 1866 1972; x_wconf 87' lang='lat' dir='ltr'>carnis</span> 
     </span>
    </p>
   </div>
   <div class='ocr_carea' id='block_1_14' title="bbox 1885 311 1968 330">
    <p class='ocr_par' dir='ltr' id='par_1_26' title="bbox 1885 311 1968 330">
     <span class='ocr_line' id='line_1_101' title="bbox 1885 311 1968 330; baseline 0 0"><span class='ocrx_word' id='word_1_723' title='bbox 1885 311 1968 330; x_wconf 75' lang='lat' dir='ltr'>Sextum.</span> 
     </span>
    </p>
   </div>
   <div class='ocr_carea' id='block_1_15' title="bbox 1883 1901 1939 1925">
    <p class='ocr_par' dir='ltr' id='par_1_27' title="bbox 1883 1901 1939 1925">
     <span class='ocr_line' id='line_1_102' title="bbox 1883 1901 1939 1925; baseline 0 -6"><span class='ocrx_word' id='word_1_724' title='bbox 1883 1901 1939 1925; x_wconf 86' lang='lat' dir='ltr'>Resp.</span> 
     </span>
    </p>
   </div>
   <div class='ocr_carea' id='block_1_16' title="bbox 1020 1988 1882 2027">
    <p class='ocr_par' dir='ltr' id='par_1_28' title="bbox 1020 1988 1882 2027">
     <span class='ocr_line' id='line_1_103' title="bbox 1020 1988 1882 2027; baseline 0.003 -11"><span class='ocrx_word' id='word_1_725' title='bbox 1020 1988 1232 2023; x_wconf 82' lang='lat' dir='ltr'>assumtionem,</span> <span class='ocrx_word' id='word_1_726' title='bbox 1255 1989 1282 2017; x_wconf 91' lang='lat' dir='ltr'>in</span> <span class='ocrx_word' id='word_1_727' title='bbox 1303 1997 1358 2026; x_wconf 87' lang='lat' dir='ltr'>qua</span> <span class='ocrx_word' id='word_1_728' title='bbox 1379 1989 1523 2018; x_wconf 87' lang='lat' dir='ltr'>videbatur</span> <span class='ocrx_word' id='word_1_729' title='bbox 1555 1997 1614 2018; x_wconf 89' lang='lat' dir='ltr'>esse</span> <span class='ocrx_word' id='word_1_730' title='bbox 1646 1990 1805 2024; x_wconf 82' lang='lat' dir='ltr'>humiliata,</span> <span class='ocrx_word' id='word_1_731' title='bbox 1831 1990 1882 2027; x_wconf 32' lang='lat' dir='ltr'>ad,</span> 
     </span>
    </p>
   </div>
   <div class='ocr_carea' id='block_1_17' title="bbox 1018 2035 1864 2354">
    <p class='ocr_par' dir='ltr' id='par_1_29' title="bbox 1018 2035 1864 2354">
     <span class='ocr_line' id='line_1_104' title="bbox 1020 2035 1861 2074; baseline 0.004 -11"><span class='ocrx_word' id='word_1_732' title='bbox 1020 2043 1049 2064; x_wconf 90' lang='lat' dir='ltr'>se</span> <span class='ocrx_word' id='word_1_733' title='bbox 1069 2035 1156 2072; x_wconf 85' lang='lat' dir='ltr'>ipsam</span> <span class='ocrx_word' id='word_1_734' title='bbox 1178 2039 1241 2064; x_wconf 82' lang='lat' dir='ltr'>ante</span> <span class='ocrx_word' id='word_1_735' title='bbox 1268 2036 1480 2071; x_wconf 78' lang='lat' dir='ltr'>assumtionem3</span> <span class='ocrx_word' id='word_1_736' title='bbox 1503 2036 1568 2073; x_wconf 86' lang='lat' dir='ltr'>qnia</span> <span class='ocrx_word' id='word_1_737' title='bbox 1589 2039 1655 2065; x_wconf 86' lang='lat' dir='ltr'>tunc</span> <span class='ocrx_word' id='word_1_738' title='bbox 1677 2045 1731 2065; x_wconf 90' lang='lat' dir='ltr'>non</span> <span class='ocrx_word' id='word_1_739' title='bbox 1752 2040 1861 2074; x_wconf 85' lang='lat' dir='ltr'>poterat</span> 
     </span>
     <span class='ocr_line' id='line_1_105' title="bbox 1019 2082 1862 2122; baseline 0.001 -11"><span class='ocrx_word' id='word_1_740' title='bbox 1019 2083 1132 2120; x_wconf 84' lang='lat' dir='ltr'>cogitari</span> <span class='ocrx_word' id='word_1_741' title='bbox 1156 2086 1285 2120; x_wconf 84' lang='lat' dir='ltr'>tanquam</span> <span class='ocrx_word' id='word_1_742' title='bbox 1307 2083 1434 2112; x_wconf 84' lang='lat' dir='ltr'>infirmus</span> <span class='ocrx_word' id='word_1_743' title='bbox 1447 2084 1477 2111; x_wconf 76' lang='lat'>¹2.</span> <span class='ocrx_word' id='word_1_744' title='bbox 1501 2082 1573 2112; x_wconf 87' lang='lat' dir='ltr'>Idem</span> <span class='ocrx_word' id='word_1_745' title='bbox 1588 2087 1629 2112; x_wconf 84' lang='lat' dir='ltr'>est</span> <span class='ocrx_word' id='word_1_746' title='bbox 1643 2092 1722 2122; x_wconf 80' lang='lat' dir='ltr'>ergo,</span> <span class='ocrx_word' id='word_1_747' title='bbox 1738 2092 1769 2112; x_wconf 88' lang='lat' dir='ltr'>ac</span> <span class='ocrx_word' id='word_1_748' title='bbox 1785 2084 1807 2113; x_wconf 93' lang='lat' dir='ltr'>si</span> <span class='ocrx_word' id='word_1_749' title='bbox 1822 2084 1862 2113; x_wconf 91' lang='lat' dir='ltr'>di-</span> 
     </span>
     <span class='ocr_line' id='line_1_106' title="bbox 1019 2129 1862 2164; baseline 0.002 -7"><span class='ocrx_word' id='word_1_750' title='bbox 1019 2132 1109 2158; x_wconf 89' lang='lat' dir='ltr'>ceret:</span> <span class='ocrx_word' id='word_1_751' title='bbox 1131 2129 1151 2158; x_wconf 91' lang='lat' dir='ltr'>si</span> <span class='ocrx_word' id='word_1_752' title='bbox 1175 2129 1297 2159; x_wconf 86' lang='lat' dir='ltr'>videritis</span> <span class='ocrx_word' id='word_1_753' title='bbox 1317 2129 1415 2158; x_wconf 87' lang='lat' dir='ltr'>Filium</span> <span class='ocrx_word' id='word_1_754' title='bbox 1447 2130 1565 2159; x_wconf 88' lang='lat' dir='ltr'>hominis</span> <span class='ocrx_word' id='word_1_755' title='bbox 1586 2130 1750 2164; x_wconf 85' lang='lat' dir='ltr'>ascendere,</span> <span class='ocrx_word' id='word_1_756' title='bbox 1772 2130 1799 2159; x_wconf 91' lang='lat' dir='ltr'>id</span> <span class='ocrx_word' id='word_1_757' title='bbox 1820 2134 1862 2159; x_wconf 90' lang='lat' dir='ltr'>est</span> 
     </span>
     <span class='ocr_line' id='line_1_107' title="bbox 1019 2176 1829 2214; baseline 0.002 -10"><span class='ocrx_word' id='word_1_758' title='bbox 1019 2179 1126 2205; x_wconf 87' lang='lat' dir='ltr'>tantum</span> <span class='ocrx_word' id='word_1_759' title='bbox 1148 2176 1305 2211; x_wconf 79' lang='lat' dir='ltr'>clarificari,</span> <span class='ocrx_word' id='word_1_760' title='bbox 1327 2180 1359 2205; x_wconf 90' lang='lat' dir='ltr'>ut</span> <span class='ocrx_word' id='word_1_761' title='bbox 1380 2177 1509 2205; x_wconf 88' lang='lat' dir='ltr'>credatur</span> <span class='ocrx_word' id='word_1_762' title='bbox 1530 2177 1601 2205; x_wconf 84' lang='lat' dir='ltr'>Patri</span> <span class='ocrx_word' id='word_1_763' title='bbox 1624 2185 1683 2206; x_wconf 85' lang='lat' dir='ltr'>esse</span> <span class='ocrx_word' id='word_1_764' title='bbox 1698 2177 1829 2214; x_wconf 87' lang='lat' dir='ltr'>aequalis.</span> 
     </span>
     <span class='ocr_line' id='line_1_108' title="bbox 1100 2223 1864 2260; baseline 0.001 -9"><span class='ocrx_word' id='word_1_765' title='bbox 1100 2224 1162 2251; x_wconf 83' lang='lat'>109.</span> <span class='ocrx_word' id='word_1_766' title='bbox 1185 2224 1294 2259; x_wconf 87' lang='lat' dir='ltr'>Quaest.</span> <span class='ocrx_word' id='word_1_767' title='bbox 1317 2223 1345 2251; x_wconf 90' lang='lat' dir='ltr'>II.</span> <span class='ocrx_word' id='word_1_768' title='bbox 1369 2223 1434 2252; x_wconf 88' lang='lat' dir='ltr'>Item</span> <span class='ocrx_word' id='word_1_769' title='bbox 1466 2224 1611 2260; x_wconf 87' lang='lat' dir='ltr'>quaeritur</span> <span class='ocrx_word' id='word_1_770' title='bbox 1640 2223 1674 2252; x_wconf 90' lang='lat' dir='ltr'>de</span> <span class='ocrx_word' id='word_1_771' title='bbox 1706 2224 1758 2252; x_wconf 89' lang='lat' dir='ltr'>hoc</span> <span class='ocrx_word' id='word_1_772' title='bbox 1789 2224 1864 2260; x_wconf 89' lang='lat' dir='ltr'>quod</span> 
     </span>
     <span class='ocr_line' id='line_1_109' title="bbox 1018 2269 1864 2307; baseline 0 -9"><span class='ocrx_word' id='word_1_773' title='bbox 1018 2269 1098 2298; x_wconf 84' lang='lat' dir='ltr'>dicit:</span> <span class='ocrx_word' id='word_1_774' title='bbox 1123 2269 1199 2298; x_wconf 91' lang='lat' dir='ltr'>Caro</span> <span class='ocrx_word' id='word_1_775' title='bbox 1213 2278 1272 2297; x_wconf 89' lang='lat' dir='ltr'>non</span> <span class='ocrx_word' id='word_1_776' title='bbox 1280 2270 1401 2306; x_wconf 80' lang='lat' dir='ltr'>prodest</span> <span class='ocrx_word' id='word_1_777' title='bbox 1415 2270 1584 2307; x_wconf 82' lang='lat' dir='ltr'>quidquam.</span> <span class='ocrx_word' id='word_1_778' title='bbox 1601 2286 1639 2290; x_wconf 90' lang='lat'>—</span> <span class='ocrx_word' id='word_1_779' title='bbox 1653 2270 1678 2298; x_wconf 92' lang='lat' dir='ltr'>Si</span> <span class='ocrx_word' id='word_1_780' title='bbox 1701 2270 1774 2298; x_wconf 88' lang='lat' dir='ltr'>enim</span> <span class='ocrx_word' id='word_1_781' title='bbox 1795 2270 1864 2299; x_wconf 87' lang='lat' dir='ltr'>nihil</span> 
     </span>
     <span class='ocr_line' id='line_1_110' title="bbox 1018 2316 1864 2354; baseline 0.001 -9"><span class='ocrx_word' id='word_1_782' title='bbox 1018 2316 1145 2353; x_wconf 87' lang='lat' dir='ltr'>prodest:</span> <span class='ocrx_word' id='word_1_783' title='bbox 1167 2325 1232 2354; x_wconf 83' lang='lat' dir='ltr'>ergo</span> <span class='ocrx_word' id='word_1_784' title='bbox 1254 2325 1307 2345; x_wconf 89' lang='lat' dir='ltr'>non</span> <span class='ocrx_word' id='word_1_785' title='bbox 1328 2316 1409 2345; x_wconf 88' lang='lat' dir='ltr'>debet</span> <span class='ocrx_word' id='word_1_786' title='bbox 1430 2316 1488 2345; x_wconf 89' lang='lat' dir='ltr'>dari</span> <span class='ocrx_word' id='word_1_787' title='bbox 1510 2317 1543 2345; x_wconf 79' lang='lat' dir='ltr'>ad</span> <span class='ocrx_word' id='word_1_788' title='bbox 1566 2317 1788 2346; x_wconf 86' lang='lat' dir='ltr'>manducandum</span> <span class='ocrx_word' id='word_1_789' title='bbox 1815 2325 1864 2346; x_wconf 90' lang='lat' dir='ltr'>nec</span> 
     </span>
    </p>
   </div>
   <div class='ocr_carea' id='block_1_18' title="bbox 1018 2563 1863 2942">
    <p class='ocr_par' dir='ltr' id='par_1_30' title="bbox 1018 2563 1863 2743">
     <span class='ocr_line' id='line_1_111' title="bbox 1080 2563 1863 2594; baseline 0 -7"><span class='ocrx_word' id='word_1_790' title='bbox 1080 2563 1089 2576; x_wconf 82' lang='lat'>&#39;¹</span> <span class='ocrx_word' id='word_1_791' title='bbox 1107 2565 1205 2593; x_wconf 77' lang='lat' dir='ltr'>Vulgata</span> <span class='ocrx_word' id='word_1_792' title='bbox 1217 2563 1367 2588; x_wconf 78' lang='lat' dir='ltr'>credidimus.</span> <span class='ocrx_word' id='word_1_793' title='bbox 1378 2577 1409 2581; x_wconf 96' lang='lat'><strong>—</strong></span> <span class='ocrx_word' id='word_1_794' title='bbox 1421 2565 1478 2587; x_wconf 84' lang='lat' dir='ltr'>Tres</span> <span class='ocrx_word' id='word_1_795' title='bbox 1489 2569 1554 2593; x_wconf 80' lang='lat' dir='ltr'>seqq.</span> <span class='ocrx_word' id='word_1_796' title='bbox 1566 2565 1608 2587; x_wconf 90' lang='lat' dir='ltr'>loci</span> <span class='ocrx_word' id='word_1_797' title='bbox 1620 2567 1672 2587; x_wconf 85' lang='lat' dir='ltr'>sunt</span> <span class='ocrx_word' id='word_1_798' title='bbox 1683 2564 1757 2587; x_wconf 82' lang='lat' dir='ltr'>Matth.</span> <span class='ocrx_word' id='word_1_799' title='bbox 1769 2565 1796 2587; x_wconf 89' lang='lat'>16</span> <span class='ocrx_word' id='word_1_800' title='bbox 1806 2582 1812 2592; x_wconf 91' lang='lat'>,</span> <span class='ocrx_word' id='word_1_801' title='bbox 1823 2565 1863 2594; x_wconf 78' lang='grc'>16,</span> 
     </span>
     <span class='ocr_line' id='line_1_112' title="bbox 1018 2602 1863 2632; baseline 0.001 -7"><span class='ocrx_word' id='word_1_802' title='bbox 1018 2604 1078 2626; x_wconf 85' lang='lat' dir='ltr'>loon.</span> <span class='ocrx_word' id='word_1_803' title='bbox 1097 2604 1134 2626; x_wconf 88' lang='grc'>11.</span> <span class='ocrx_word' id='word_1_804' title='bbox 1152 2603 1188 2625; x_wconf 82' lang='grc'>27.</span> <span class='ocrx_word' id='word_1_805' title='bbox 1205 2606 1227 2625; x_wconf 90' lang='lat' dir='ltr'>et</span> <span class='ocrx_word' id='word_1_806' title='bbox 1244 2603 1293 2625; x_wconf 91' lang='lat' dir='ltr'>lsai.</span> <span class='ocrx_word' id='word_1_807' title='bbox 1310 2603 1336 2631; x_wconf 82' lang='lat'>7,</span> <span class='ocrx_word' id='word_1_808' title='bbox 1353 2604 1375 2625; x_wconf 87' lang='lat'>9.</span> <span class='ocrx_word' id='word_1_809' title='bbox 1393 2602 1495 2631; x_wconf 69' lang='lat' dir='ltr'>(ultimus</span> <span class='ocrx_word' id='word_1_810' title='bbox 1512 2606 1546 2625; x_wconf 89' lang='lat' dir='ltr'>est</span> <span class='ocrx_word' id='word_1_811' title='bbox 1565 2603 1692 2625; x_wconf 82' lang='lat' dir='ltr'>secundum</span> <span class='ocrx_word' id='word_1_812' title='bbox 1717 2604 1863 2632; x_wconf 78' lang='lat' dir='ltr'>septuaginta</span> 
     </span>
     <span class='ocr_line' id='line_1_113' title="bbox 1018 2642 1863 2671; baseline 0 -7"><span class='ocrx_word' id='word_1_813' title='bbox 1018 2643 1163 2670; x_wconf 78' lang='lat' dir='ltr'>interpretes;</span> <span class='ocrx_word' id='word_1_814' title='bbox 1182 2643 1280 2670; x_wconf 81' lang='lat' dir='ltr'>Vulgata</span> <span class='ocrx_word' id='word_1_815' title='bbox 1297 2648 1352 2664; x_wconf 85' lang='lat' dir='ltr'>vero</span> <span class='ocrx_word' id='word_1_816' title='bbox 1370 2642 1436 2670; x_wconf 83' lang='lat' dir='ltr'>legit:</span> <span class='ocrx_word' id='word_1_817' title='bbox 1454 2642 1477 2664; x_wconf 87' lang='lat' dir='ltr'>Si</span> <span class='ocrx_word' id='word_1_818' title='bbox 1496 2648 1542 2664; x_wconf 88' lang='lat' dir='ltr'>non</span> <span class='ocrx_word' id='word_1_819' title='bbox 1567 2642 1721 2671; x_wconf 86' lang='lat' dir='ltr'>credideritis,</span> <span class='ocrx_word' id='word_1_820' title='bbox 1745 2648 1791 2664; x_wconf 93' lang='lat' dir='ltr'>non</span> <span class='ocrx_word' id='word_1_821' title='bbox 1814 2648 1863 2670; x_wconf 88' lang='lat' dir='ltr'>per-</span> 
     </span>
     <span class='ocr_line' id='line_1_114' title="bbox 1018 2680 1863 2710; baseline 0 -7"><span class='ocrx_word' id='word_1_822' title='bbox 1018 2680 1157 2710; x_wconf 86' lang='lat' dir='ltr'>manebitis).</span> <span class='ocrx_word' id='word_1_823' title='bbox 1175 2693 1206 2698; x_wconf 84' lang='lat'>—-</span> <span class='ocrx_word' id='word_1_824' title='bbox 1222 2681 1268 2704; x_wconf 86' lang='lat' dir='ltr'>Csr.</span> <span class='ocrx_word' id='word_1_825' title='bbox 1290 2680 1418 2708; x_wconf 73' lang='lat' dir='ltr'>chrysost,</span> <span class='ocrx_word' id='word_1_826' title='bbox 1439 2680 1460 2703; x_wconf 92' lang='lat' dir='ltr'>in</span> <span class='ocrx_word' id='word_1_827' title='bbox 1483 2681 1542 2703; x_wconf 89' lang='lat' dir='ltr'>Ioan.</span> <span class='ocrx_word' id='word_1_828' title='bbox 1565 2681 1643 2703; x_wconf 88' lang='lat' dir='ltr'>homil.</span> <span class='ocrx_word' id='word_1_829' title='bbox 1667 2681 1704 2703; x_wconf 75' lang='lat'>47.</span> <span class='ocrx_word' id='word_1_830' title='bbox 1728 2681 1791 2709; x_wconf 87' lang='lat' dir='ltr'>(alias</span> <span class='ocrx_word' id='word_1_831' title='bbox 1818 2681 1863 2709; x_wconf 78' lang='lat'>46.)</span> 
     </span>
     <span class='ocr_line' id='line_1_115' title="bbox 1018 2720 1190 2743; baseline 0 -1"><span class='ocrx_word' id='word_1_832' title='bbox 1018 2727 1040 2743; x_wconf 90' lang='lat' dir='ltr'>n.</span> <span class='ocrx_word' id='word_1_833' title='bbox 1058 2721 1080 2743; x_wconf 69' lang='lat'>2.</span> <span class='ocrx_word' id='word_1_834' title='bbox 1098 2720 1121 2742; x_wconf 86' lang='lat' dir='ltr'>in</span> <span class='ocrx_word' id='word_1_835' title='bbox 1138 2720 1190 2742; x_wconf 84' lang='lat' dir='ltr'>sine.</span> 
     </span>
    </p>

    <p class='ocr_par' dir='ltr' id='par_1_31' title="bbox 1081 2757 1797 2786">
     <span class='ocr_line' id='line_1_116' title="bbox 1081 2757 1797 2786; baseline 0 -6"><span class='ocrx_word' id='word_1_836' title='bbox 1081 2757 1090 2770; x_wconf 76' lang='lat'>⁵</span> <span class='ocrx_word' id='word_1_837' title='bbox 1107 2758 1205 2786; x_wconf 81' lang='lat' dir='ltr'>Vulgata</span> <span class='ocrx_word' id='word_1_838' title='bbox 1222 2758 1286 2780; x_wconf 86' lang='lat' dir='ltr'>addit</span> <span class='ocrx_word' id='word_1_839' title='bbox 1302 2758 1342 2781; x_wconf 82' lang='lat' dir='ltr'>eis.</span> <span class='ocrx_word' id='word_1_840' title='bbox 1359 2770 1389 2775; x_wconf 91' lang='lat'>—-</span> <span class='ocrx_word' id='word_1_841' title='bbox 1406 2758 1500 2781; x_wconf 83' lang='lat' dir='ltr'>Inferius</span> <span class='ocrx_word' id='word_1_842' title='bbox 1517 2759 1628 2786; x_wconf 80' lang='lat' dir='ltr'>allegatur</span> <span class='ocrx_word' id='word_1_843' title='bbox 1645 2759 1680 2781; x_wconf 60' lang='grc' dir='ltr'>ΡΞ.</span> <span class='ocrx_word' id='word_1_844' title='bbox 1699 2759 1756 2786; x_wconf 82' lang='grc'>108,</span> <span class='ocrx_word' id='word_1_845' title='bbox 1775 2759 1797 2781; x_wconf 89' lang='grc'>6.</span> 
     </span>
    </p>

    <p class='ocr_par' dir='ltr' id='par_1_32' title="bbox 1080 2796 1809 2825">
     <span class='ocr_line' id='line_1_117' title="bbox 1080 2796 1809 2825; baseline 0.001 -6"><span class='ocrx_word' id='word_1_846' title='bbox 1080 2796 1091 2809; x_wconf 83' lang='lat'>¹³</span> <span class='ocrx_word' id='word_1_847' title='bbox 1107 2797 1219 2825; x_wconf 84' lang='lat' dir='ltr'>Vulgata:</span> <span class='ocrx_word' id='word_1_848' title='bbox 1236 2796 1330 2820; x_wconf 73' lang='lat' dir='ltr'>Dicebat</span> <span class='ocrx_word' id='word_1_849' title='bbox 1346 2798 1425 2820; x_wconf 84' lang='lat' dir='ltr'>autem</span> <span class='ocrx_word' id='word_1_850' title='bbox 1441 2797 1526 2820; x_wconf 80' lang='lat' dir='ltr'>Iudam</span> <span class='ocrx_word' id='word_1_851' title='bbox 1543 2797 1647 2820; x_wconf 83' lang='lat' dir='ltr'>Simonis</span> <span class='ocrx_word' id='word_1_852' title='bbox 1665 2797 1809 2820; x_wconf 83' lang='lat' dir='ltr'>Iscariotem.</span> 
     </span>
    </p>

    <p class='ocr_par' dir='ltr' id='par_1_33' title="bbox 1081 2835 1860 2864">
     <span class='ocr_line' id='line_1_118' title="bbox 1081 2835 1860 2864; baseline 0 -6"><span class='ocrx_word' id='word_1_853' title='bbox 1081 2835 1100 2848; x_wconf 84' lang='lat'>¹⁰</span> <span class='ocrx_word' id='word_1_854' title='bbox 1120 2837 1182 2858; x_wconf 87' lang='lat' dir='ltr'>Vers.</span> <span class='ocrx_word' id='word_1_855' title='bbox 1202 2836 1221 2857; x_wconf 90' lang='lat'>1.</span> <span class='ocrx_word' id='word_1_856' title='bbox 1235 2848 1264 2851; x_wconf 85' lang='lat'>—</span> <span class='ocrx_word' id='word_1_857' title='bbox 1276 2836 1326 2858; x_wconf 91' lang='lat' dir='ltr'>Duo</span> <span class='ocrx_word' id='word_1_858' title='bbox 1339 2842 1404 2864; x_wconf 83' lang='lat' dir='ltr'>seqq.</span> <span class='ocrx_word' id='word_1_859' title='bbox 1416 2836 1459 2858; x_wconf 88' lang='lat' dir='ltr'>loci</span> <span class='ocrx_word' id='word_1_860' title='bbox 1470 2838 1523 2858; x_wconf 79' lang='lat' dir='ltr'>sunt</span> <span class='ocrx_word' id='word_1_861' title='bbox 1534 2836 1588 2858; x_wconf 87' lang='lat' dir='ltr'>Luc.</span> <span class='ocrx_word' id='word_1_862' title='bbox 1601 2836 1627 2864; x_wconf 85' lang='grc'>6,</span> <span class='ocrx_word' id='word_1_863' title='bbox 1641 2836 1677 2858; x_wconf 87' lang='grc'>13.</span> <span class='ocrx_word' id='word_1_864' title='bbox 1689 2838 1710 2858; x_wconf 85' lang='lat' dir='ltr'>et</span> <span class='ocrx_word' id='word_1_865' title='bbox 1723 2836 1787 2858; x_wconf 86' lang='lat' dir='ltr'>Iosue</span> <span class='ocrx_word' id='word_1_866' title='bbox 1800 2835 1825 2862; x_wconf 75' lang='lat'>4,</span> <span class='ocrx_word' id='word_1_867' title='bbox 1838 2835 1860 2857; x_wconf 78' lang='lat'>2.</span> 
     </span>
    </p>

    <p class='ocr_par' dir='ltr' id='par_1_34' title="bbox 1081 2874 1238 2896">
     <span class='ocr_line' id='line_1_119' title="bbox 1081 2874 1238 2896; baseline 0 0"><span class='ocrx_word' id='word_1_868' title='bbox 1081 2874 1098 2886; x_wconf 95' lang='lat'>¹¹</span> <span class='ocrx_word' id='word_1_869' title='bbox 1119 2874 1183 2896; x_wconf 87' lang='lat' dir='ltr'>Vers.</span> <span class='ocrx_word' id='word_1_870' title='bbox 1202 2875 1238 2896; x_wconf 87' lang='lat'>13.</span> 
     </span>
    </p>

    <p class='ocr_par' dir='ltr' id='par_1_35' title="bbox 1080 2912 1685 2942">
     <span class='ocr_line' id='line_1_120' title="bbox 1080 2912 1685 2942; baseline 0 -7"><span class='ocrx_word' id='word_1_871' title='bbox 1080 2912 1099 2925; x_wconf 75' lang='lat'>¹⁹</span> <span class='ocrx_word' id='word_1_872' title='bbox 1116 2913 1160 2936; x_wconf 84' lang='lat' dir='ltr'>Csr.</span> <span class='ocrx_word' id='word_1_873' title='bbox 1179 2914 1286 2942; x_wconf 81' lang='lat' dir='ltr'>August.‚</span> <span class='ocrx_word' id='word_1_874' title='bbox 1304 2913 1325 2935; x_wconf 90' lang='lat' dir='ltr'>in</span> <span class='ocrx_word' id='word_1_875' title='bbox 1343 2914 1403 2935; x_wconf 88' lang='lat' dir='ltr'>Ioan.</span> <span class='ocrx_word' id='word_1_876' title='bbox 1420 2914 1507 2941; x_wconf 81' lang='lat' dir='ltr'>Evang.</span> <span class='ocrx_word' id='word_1_877' title='bbox 1524 2917 1552 2935; x_wconf 92' lang='lat' dir='ltr'>tr.</span> <span class='ocrx_word' id='word_1_878' title='bbox 1569 2913 1605 2935; x_wconf 78' lang='lat'>27.</span> <span class='ocrx_word' id='word_1_879' title='bbox 1623 2919 1646 2935; x_wconf 88' lang='lat' dir='ltr'>n.</span> <span class='ocrx_word' id='word_1_880' title='bbox 1664 2913 1685 2935; x_wconf 77' lang='lat'>4.</span> 
     </span>
    </p>
   </div>
   <div class='ocr_carea' id='block_1_19' title="bbox 1738 2959 1766 2981">
    <p class='ocr_par' dir='ltr' id='par_1_36' title="bbox 1738 2959 1766 2981">
     <span class='ocr_line' id='line_1_121' title="bbox 1738 2959 1766 2981; baseline 0 0"><span class='ocrx_word' id='word_1_881' title='bbox 1738 2959 1766 2981; x_wconf 75' lang='lat'>43</span> 
     </span>
    </p>
   </div>
  </div>
 </body>
</html>
