2296 3316
83 363 145 382 Ratio.

18 1532 148 1552 Fundamenta.

86 1815 141 1840 Resp.

65 2298 142 2317 Divisio.

740 140 909 170 COMMENT.
932 142 965 171 IN
986 142 1221 172 ECCLESIASTEN
1242 145 1270 173 C.
1292 146 1333 174 XI.

163 219 191 247 et
210 218 315 254 primae
337 217 407 246 Petri
430 217 525 246 tertio:
557 229 571 243 «
585 218 642 246 Non
668 218 842 247 maledictum
872 227 922 256 pro
951 228 1008 248 ma-

163 264 260 293 ledicto
274 276 300 293 ι).

242 311 320 347 Quia
340 319 407 339 aves
427 311 500 339 caeli
519 314 570 339 etc.
593 311 639 340 l-lic
660 311 785 340 redditur
806 312 1008 341 exhortationis

163 359 256 387 ratio:
278 358 344 395 quia
364 358 551 395 publicabitur
572 358 607 386 ab
627 358 735 395 Angelis
762 359 836 395 quod
862 359 957 388 dixisti
979 359 1007 387 in

162 406 282 439 occulto,
313 405 379 442 quia
408 413 476 433 aves
503 405 577 433 caeli
604 405 765 442 portabunt
789 414 886 434 vocem
914 408 1005 434 tuam.

163 453 230 481 Aves
251 452 316 481 caeli
338 454 417 480 vocat
437 451 583 480 daemones
604 455 719 488 propter
732 460 811 481 suam
825 452 1007 487 velocitatem,

161 499 227 536 quia
257 500 364 528 veloces
391 502 468 533 sunt,
493 499 536 527 vel
567 501 680 536 propter
709 499 902 535 rapacitatem;
934 499 1007 528 unde

162 546 273 575 Genesis
302 546 408 575 decimo
438 545 536 583 quinto
554 547 578 574 ¹:
614 557 628 571 «
642 546 849 576 Descenderunt
879 546 1007 575 volucres

162 594 229 623 caeli
249 601 333 630 super
355 593 503 627 cadavera,
525 596 552 622 et
572 593 699 630 abigebat
719 601 765 622 eas
786 593 922 622 Abraham
937 604 964 628 »3
980 596 1007 623 et

162 640 288 669 Matthaei
309 640 414 669 decimo
436 640 529 669 tertio:
556 652 569 665 «
584 640 661 669 Aliud
693 641 790 669 cecidit
817 649 897 670 secus
918 641 1006 675 viam,

162 690 189 716 et
209 690 346 716 venerunt
366 687 493 716 volucres
520 690 547 715 et
575 687 760 716 comederunt*
775 688 843 716 illud
857 699 884 716 ».
907 688 938 716 Et
958 696 1006 724 ap-

161 733 280 771 pellatur
301 734 345 762 hic
366 733 478 762 caelum
499 735 546 762 aer
568 733 748 770 caliginosus,
770 734 797 762 in
818 742 875 771 quo
896 734 1006 763 daemo-

160 788 210 811 nes
230 781 361 809 habitant.
385 780 428 809 Isti
450 783 561 817 portant
582 788 689 815 vocem,
711 781 777 818 quia
796 781 938 818 publicant
952 781 1006 810 fre-

161 830 278 866 quenter
292 828 413 862 occulta;
429 827 556 856 Matthaei
571 828 677 856 decimo
688 828 714 856 2:
735 840 748 853 «
759 828 831 857 Nihil
851 829 1005 862 occultum,

160 875 234 912 quod
255 883 308 903 non
330 874 433 903 scietur
448 887 474 902 »⁵
492 875 525 903 Et
546 875 597 912 qui
617 874 701 903 habet
717 884 831 912 pennas
845 876 1006 904 annuntia-

161 921 200 950 bit
218 922 405 956 sentmztiam,
427 921 454 950 id
480 925 536 956 est,
558 922 684 951 diabolus
704 922 878 951 annuntiabit
905 923 1006 951 malam

160 972 236 998 tuam
257 969 438 1003 locutionem,
459 969 525 1006 quia
545 969 603 1005 ipse
631 971 672 998 est
692 972 851 1003 accusator;
873 969 920 998 sed
948 969 1006 1006 ipse

160 1016 320 1052 proiicietur
355 1016 481 1049 tandem,
516 1016 589 1045 unde
614 1016 788 1053 Apocalypsis
821 1016 1004 1045 duodecimo:

164 1073 178 1088 ‹<
191 1063 331 1092 Proiectus
352 1065 394 1091 est
413 1066 556 1092 accusator
572 1063 690 1091 fratrum
709 1066 883 1097 nostrorum,
898 1063 946 1100 qui
961 1071 1006 1092 ac-

159 1110 273 1139 cusabat
293 1117 339 1139 eos
360 1110 403 1139 die
423 1118 455 1139 ac
477 1112 556 1138 nocte
570 1121 597 1138 n.

481 1205 682 1241 QUAEsnoNEs.

237 1298 254 1325 1.
276 1297 328 1326 Sed
355 1298 450 1326 incidit
478 1298 523 1326 liic
550 1298 701 1332 dubitatio,
729 1299 795 1335 quia
821 1298 902 1332 dicit,
931 1300 1005 1336 quod

154 1352 225 1372 aves
246 1344 334 1379 caeli,
350 1345 377 1373 id
390 1348 432 1373 est
446 1345 608 1379 daemones,
623 1345 787 1374 denuntiant
807 1345 1005 1375 detractionem

159 1391 345 1428 cogitationis:
367 1400 432 1429 ergo
454 1392 579 1426 videtur,
601 1392 675 1429 quod
696 1392 805 1421 diabolo
826 1393 861 1421 sit
882 1396 947 1422 nota
961 1402 1005 1422 vo-

159 1438 250 1467 luntas
268 1442 363 1468 nostra
383 1441 411 1468 et
431 1439 567 1476 cogitatio.

236 1486 289 1514 San
309 1494 418 1515 CONTRA
440 1486 492 1515 hoc
513 1489 568 1515 est:
594 1488 617 1515 1.
639 1487 709 1523 Quia
729 1487 762 1516 de
783 1488 841 1516 solo
862 1488 918 1517 Deo
938 1489 1006 1518 dici-

159 1535 204 1562 tur
216 1533 236 1567 ⁸,
258 1533 324 1570 quia
343 1533 401 1570 ipse
423 1536 465 1562 est
491 1537 629 1562 scrutans
654 1535 746 1563 corda
773 1539 800 1563 et
818 1544 916 1564 renes:
939 1544 1004 1573 ergo

158 1580 233 1610 solus
252 1580 391 1617 cognoscit
412 1581 589 1618 cogitationes
609 1584 637 1610 et
657 1581 822 1611 affectiones.

237 1628 262 1655 2.
285 1627 351 1655 Item
372 1627 437 1656 dicit
458 1628 628 1664 Augustinus
638 1628 659 1662 ⁴,
681 1628 755 1665 quod
776 1629 797 1657 si
819 1628 945 1658 diabolus
958 1637 1004 1658 co-

158 1674 296 1711 gnovisset
309 1674 469 1711 patientiam
480 1675 535 1709 Iob,
546 1683 690 1712 nunquam
704 1683 769 1704 eum
784 1679 924 1710 tentasset,
939 1677 1005 1713 quia

158 1729 212 1749 non
234 1724 320 1750 tentat
341 1722 477 1758 aliquem,
498 1721 549 1750 nisi
572 1725 602 1750 ut
623 1722 727 1755 vincat,
749 1730 802 1750 non
822 1725 854 1750 ut
867 1722 1003 1751 vincatur.

237 1768 411 1805 Respondeo:
433 1768 595 1802 dicendum,
618 1768 692 1805 quod
713 1776 762 1797 nec
776 1768 938 1803 daemones,
954 1776 1004 1797 nec

158 1814 240 1842 etiam
271 1815 333 1843 boni
365 1815 457 1852 Angeli
489 1815 540 1843 nisi
571 1815 599 1843 in
629 1815 733 1849 Verbo,
762 1819 877 1852 possunt
905 1824 1004 1853 cogno-

160 1868 236 1890 scere
257 1862 434 1899 cogitationes
458 1865 566 1891 nostras
587 1865 615 1891 et
634 1862 791 1891 affectiones
812 1863 948 1897 occultas;
976 1866 1004 1891 et

1870 155 1907 182 87

1065 228 1132 249 voco
1160 222 1301 257 occultas,
1330 232 1401 261 quae
1431 234 1485 255 non
1512 228 1796 266 manifestantur-per
1818 231 1905 268 signa;

1064 275 1110 295 eas
1130 270 1238 302 autem,
1260 277 1331 306 quae
1352 279 1401 307 per
1422 272 1499 309 sigua
1519 275 1740 310 manifestantur,
1762 278 1907 307 daemones

1063 313 1275 350 deprehendunt
1302 320 1329 345 et
1354 318 1417 347 illas*
1440 324 1628 356 cognoscunt;
1656 326 1683 350 et
1712 324 1777 360 quia
1804 333 1907 361 paucae

1064 362 1141 394 sunt,
1156 368 1275 397 quarum
1287 370 1341 391 non
1356 369 1506 400 appareant
1519 367 1612 404 aliqua
1626 368 1702 405 signa
1716 370 1758 398 vel
1774 370 1799 398 in
1815 379 1906 407 opere,

1065 406 1107 434 vel
1128 406 1155 434 in
1177 407 1259 441 facie,
1281 409 1324 437 vel
1345 410 1373 438 in
1395 412 1495 446 verbo,
1518 413 1574 442 sive
1595 414 1647 442 alio
1669 416 1764 444 modo:
1786 416 1846 445 ideo
1867 417 1907 445 di-

1064 453 1113 487 cit,
1135 454 1209 490 quod
1230 455 1359 484 audiunt
1370 457 1389 484 ⁵.

1142 501 1171 529 Π,
1194 502 1259 530 Item
1281 504 1427 539 quaeritur
1446 505 1479 534 de
1498 506 1550 535 hoc
1571 508 1644 544 quod
1658 508 1738 543 dicit,
1752 510 1826 546 quod
1841 519 1908 539 aves

1063 547 1138 575 caeli
1153 548 1316 584 portabunt
1336 551 1378 580 vel
1398 553 1609 582 annuntiabunt.

1143 594 1197 631 Ego
1228 604 1347 632 quaero:
1379 599 1516 634 quomodo
1544 601 1714 636 portabunt?
1736 603 1761 631 Si
1783 603 1906 638 dicatur,

1063 641 1136 677 quod
1158 641 1193 669 ad
1213 649 1294 676 eum,
1314 642 1348 671 de
1369 652 1425 680 quo
1439 645 1555 680 dicitur;
1571 647 1645 675 istud
1658 648 1757 677 falsum
1778 652 1828 684 est,
1843 651 1908 687 quia

1064 690 1130 716 tunc
1151 688 1268 724 quilibet
1288 689 1371 718 sciret
1391 692 1483 720 omnia
1503 693 1575 721 mala
1595 695 1718 729 occulta,
1740 704 1810 732 quae
1830 696 1864 725 de
1879 704 1907 725 se

1063 734 1207 763 dicuntur:
1230 735 1357 773 intelligit
1376 745 1456 774 ergo,
1478 740 1551 775 quod
1573 741 1722 776 portabunt
1742 742 1775 770 ad
1790 743 1886 771 Deum.

1143 782 1195 810 SED
1216 790 1340 812 CONTRA:
1366 785 1388 812 l.
1412 785 1485 814 Deus
1506 789 1547 814 est
1572 787 1650 815 nobis
1678 788 1858 818 immediatior
1880 793 1906 819 et

1063 829 1235 865 praesentior
1255 837 1339 866 quam
1364 830 1525 866 daemones,
1547 841 1610 861 cuni
1632 842 1690 862 non
1711 834 1791 872 tonye
1810 836 1849 864 sit
1869 836 1905 865 ab

1063 884 1234 914 unoquoque
1254 881 1389 906 ‘nostrum
1399 878 1418 906 ⁶.
1441 879 1467 907 Si
1489 879 1573 916 igitur
1592 885 1711 917 portare
1733 883 1775 911 vel
1790 891 1905 912 armun-

1063 922 1138 951 tz'are
1159 923 1189 951 fit
1210 923 1232 951 ei
1256 924 1303 960 qui
1325 924 1423 959 distat,
1445 929 1534 962 patet,
1555 928 1629 964 quod
1650 936 1704 956 non
1726 929 1760 957 sit
1780 929 1860 958 idem.

1142 971 1168 998 2.
1191 970 1272 1005 Item,
1295 971 1363 999 illud
1382 975 1502 1008 portare
1523 982 1572 1010 per
1590 982 1669 1011 *quos
1696 975 1751 1003 fit?
1779 977 1830 1005 Aut
1857 985 1906 1014 per

1063 1017 1177 1053 Angelos
1199 1017 1301 1052 bonos,
1323 1021 1372 1047 aut
1393 1027 1442 1055 per
1463 1020 1570 1054 malos;
1585 1030 1638 1049 non
1654 1030 1703 1058 per
1719 1022 1820 1057 bonos,
1843 1024 1908 1061 quia

1062 1063 1126 1092 boni
1148 1067 1270 1092 nostram
1292 1065 1409 1094 salutem
1439 1071 1602 1103 procurant,
1624 1076 1677 1096 non
1709 1077 1775 1106 ergo
1795 1070 1907 1098 damna-

1062 1111 1180 1139 tionem:
1203 1119 1257 1139 non
1278 1120 1344 1149 ergo
1365 1113 1484 1141 offerunt
1515 1114 1594 1142 mala.
1624 1115 1649 1143 Si
1672 1123 1720 1152 per
1741 1117 1907 1150 daemone&

1061 1161 1178 1187 contra:
1201 1158 1352 1188 Daemones
1372 1159 1461 1188 Deum
1483 1169 1537 1189 non
1559 1161 1651 1190 vident
1672 1170 1721 1191 nec
1745 1163 1832 1200 magis
1852 1164 1908 1193 Deo

1062 1205 1216 1242 loquuntur
1238 1214 1321 1242 quam
1345 1207 1408 1235 mali
1430 1207 1566 1236 homines:
1589 1216 1655 1245 ergo
1669 1209 1690 1237 si
1706 1210 1769 1237 mali
1784 1210 1908 1239 homines

1062 1261 1117 1281 non
1138 1252 1231 1281 serunt
1252 1253 1286 1281 ad
1307 1254 1411 1287 Deum,
1432 1262 1498 1291 ergo
1520 1263 1569 1283 nec
1590 1255 1745 1284 daemones.

1141 1300 1315 1336 Respondeo:
1337 1292 1496 1334 dicendum,
1518 1302 1592 1338 quod
1613 1311 1680 1330 aves
1711 1303 1842 1331 dicuntur
1864 1304 1907 1332 hic

1062 1348 1125 1376 mali
1148 1347 1263 1384 spiritus
1283 1348 1340 1376 sive
1361 1348 1520 1383 daemones3
1544 1349 1586 1377 isti
1615 1349 1746 1378 dicuntur
1767 1350 1823 1378 Deo
1844 1358 1908 1387 por-

1062 1398 1121 1423 tare
1143 1394 1242 1423 merita
1263 1395 1334 1423 mala
1354 1398 1381 1423 et
1402 1395 1524 1429 occulta,
1547 1396 1637 1432 Angeli
1660 1399 1751 1424 autem
1767 1396 1830 1425 boni
1851 1405 1908 1425 me-

1062 1442 1116 1470 rita
1136 1442 1216 1470 bona.
1239 1442 1366 1471 Portare
1386 1446 1493 1476 autem,
1510 1443 1561 1471 boc
1576 1451 1629 1471 non
1650 1447 1692 1471 est
1712 1443 1768 1472 Deo
1783 1451 1848 1472 voce
1868 1447 1908 1473 te-

1060 1498 1114 1518 nus
1135 1489 1255 1523 referre,
1277 1490 1317 1518 vel
1341 1490 1364 1519 ei
1388 1493 1519 1527 tanquam
1535 1490 1669 1527 ignoranti
1686 1490 1843 1524 notificare,
1861 1491 1908 1519 sed

1062 1537 1193 1565 malitiam
1215 1540 1339 1565 nostram
1365 1544 1529 1574 cognoscere
1551 1541 1577 1565 et
1598 1537 1785 1573 cognoscendo
1806 1545 1908 1566 memo-

1060 1584 1117 1612 rari
1132 1586 1160 1612 et
1180 1583 1256 1612 testis
1277 1591 1345 1613 esse.
1368 1583 1432 1612 Boni
1453 1586 1546 1612 autem
1560 1583 1665 1612 addunt
1678 1591 1763 1621 supra
1777 1584 1908 1621 cognitio-

1060 1639 1133 1665 nem,
1155 1630 1316 1659 memoriam
1337 1633 1365 1659 et
1385 1630 1571 1659 testimonium
1592 1630 1828 1665 intercessionem,
1844 1631 1908 1659 mali

1061 1686 1127 1706 vero
1141 1677 1286 1706 accusandi
1309 1678 1478 1706 voluntatem
1490 1677 1508 1705 ⁷.

1143 1725 1166 1752 1.
1189 1726 1215 1752 ι).
1239 1724 1270 1752 Ει
1291 1724 1329 1752 sic
1350 1727 1425 1761 patet
1444 1724 1601 1761 responsio,
1623 1725 1688 1761 quia
1708 1733 1761 1753 non
1784 1724 1909 1753 referunt

1062 1773 1194 1807 tanquam
1215 1770 1342 1804 distanti,
1364 1770 1410 1799 sed
1435 1773 1564 1807 tanquam
1590 1770 1681 1799 iudici.
1705 1771 1736 1799 Et
1756 1771 1790 1799 ad
1811 1779 1909 1800 secun-

1061 1817 1141 1850 dum,
1162 1816 1229 1854 quia
1249 1817 1312 1845 mali
1334 1825 1371 1845 ex
1391 1817 1481 1845 officio
1503 1817 1574 1845 mala
1588 1817 1736 1846 observant
1756 1821 1781 1846 et
1797 1818 1908 1846 damna—

1062 1863 1165 1891 tionem
1187 1866 1351 1900 procurant;
1374 1863 1435 1892 ideo
1456 1863 1495 1892 eis
1516 1864 1652 1900 competit.

925 1984 1085 2013 CAPITULUM
1106 1985 1148 2013 XI.

180 2104 279 2129 Secundo
296 2105 366 2128 datur
382 2105 504 2128 remedium
521 2105 602 2129 contra.
618 2105 747 2129 vanitatem
764 2105 899 2129 securitatis
915 2105 989 2129 ortam

359 2151 387 2167 ex
404 2144 494 2168 defectu
511 2144 672 2168 retributionis
689 2144 806 2168 iustitiae.

239 2247 316 2276 Mitte
332 2256 440 2284 panem
462 2251 544 2275 tuum
566 2251 617 2276 etc.
640 2247 733 2276 Posuit
753 2255 839 2284 supra
853 2247 1006 2276 remedium

161 2297 256 2323 contra
276 2295 345 2328 hoc,
366 2294 440 2331 quod
461 2294 607 2323 videbatur
628 2294 746 2323 deficere
767 2294 890 2331 regimen
914 2294 1007 2331 provi-

161 2341 268 2370 dentiae
295 2349 331 2370 ex
362 2341 562 2369 inordinatione
593 2341 784 2377 praelationis;
811 2341 855 2369 hic
884 2341 1007 2370 secundo

1062 2107 1138 2143 ponit
1158 2106 1310 2135 remedium
1333 2110 1429 2135 contra
1450 2107 1517 2141 hoc,
1533 2107 1606 2144 quod
1628 2107 1772 2136 videbatur
1793 2107 1910 2135 deficere

1061 2153 1214 2182 retributio
1226 2154 1365 2187 iustitiae,
1377 2157 1490 2190 propter
1502 2161 1585 2191 quam
1600 2154 1814 2182 assecurabatur
1829 2153 1911 2182 homo

1063 2200 1089 2228 in
1110 2201 1183 2229 malo
1197 2203 1224 2229 et
1246 2200 1372 2237 torpebat
1393 2201 1426 2229 ad
1441 2201 1553 2229 bonum.
1571 2200 1729 2229 Remedium
1752 2203 1845 2229 autem
1859 2200 1910 2228 hoc

1063 2248 1186 2276 consistit
1214 2248 1241 2276 in
1269 2248 1487 2276 consideratione
1515 2247 1706 2276 retributionis
1737 2247 1863 2281 futurae;
1885 2250 1912 2276 et

1063 2294 1194 2331 quoniam
1215 2295 1288 2323 Deus
1309 2295 1408 2323 tribuit
1428 2295 1498 2323 bene
1519 2294 1682 2323 facientibus
1702 2295 1774 2323 bona
1794 2298 1821 2323 et
1841 2294 1912 2322 male

1064 2341 1226 2370 facientibus
1248 2342 1378 2370 retribuit
1398 2342 1485 2370 mala:
1508 2342 1568 2370 ideo
1589 2342 1678 2378 primo
1699 2350 1735 2370 ex
1757 2341 1912 2370 considera-

225 2509 233 2521 ¹
252 2510 318 2532 Vers.
337 2510 374 2532 Μ.
391 2523 421 2526 -
438 2510 546 2539 Sequitur
564 2511 639 2533 Malui.
652 2511 693 2538 43,
707 2510 732 2533 4:
745 2511 863 2539 Quaedam
877 2511 1009 2533 ceciderunt
1036 2510 1038 2533 Ι

163 2555 229 2571 secus
246 2549 320 2576 viam,
338 2552 360 2571 et
377 2552 492 2571 venerunt
508 2550 613 2572 volucres
630 2550 686 2572 caeli
704 2553 726 2572 et
743 2550 896 2572 comederunt
912 2556 946 2572 ea.
963 2549 1009 2572 Cfr.

163 2588 231 2611 Marc.
249 2587 275 2615 4,
294 2588 315 2610 4.
331 2591 354 2610 et
370 2590 424 2611 Luc.
442 2589 467 2616 8,
485 2589 507 2610 5.
523 2601 555 2605 —
572 2589 605 2611 De
620 2589 670 2611 Ioco
687 2589 829 2611 daemonum
847 2590 888 2611 cfr.
905 2589 928 2611 ll.
946 2590 1008 2611 Seut.

163 2627 186 2649 d.
204 2627 226 2649 6.
242 2633 263 2649 a.
280 2628 302 2649 2.
319 2634 343 2656 q.
361 2628 382 2649 4,
399 2629 420 2650 2.
437 2630 459 2650 et
475 2627 532 2650 duh.
549 2628 572 2650 ¹1.
588 2634 636 2657 seq.

225 2664 234 2678 ²
252 2666 317 2689 Vers.
335 2667 377 2689 26:
394 2667 451 2689 Nihil
469 2667 530 2689 enim
542 2670 576 2689 est
587 2670 706 2695 opertum,
724 2668 788 2696 quod
800 2674 845 2690 nou
856 2667 1008 2695 revelabitur,

163 2707 185 2727 et
201 2706 329 2732 occultum,
348 2706 411 2734 quod
428 2712 473 2728 non
486 2706 579 2729 scietur.
595 2719 626 2722 ——
643 2707 751 2735 Sequitur
762 2707 835 2734 Apoc.
850 2707 891 2734 ⁴2,
910 2707 952 2733 lo,
968 2706 1008 2729 ubi

164 2744 262 2772 Vulgata
279 2747 331 2772 post
347 2744 475 2768 accusabat
492 2746 639 2774 prosequitur
656 2745 709 2768 illos
726 2747 781 2768 ante
797 2749 949 2775 conspectum
968 2746 1011 2769 Dei

164 2782 241 2806 nostri
256 2783 292 2806 die
308 2789 337 2806 ac
353 2786 428 2807 nocte.

226 2820 235 2833 ⁸
252 2822 335 2844 Psalm.
351 2822 373 2851 7,
392 2823 429 2845 lO.
446 2826 468 2845 et
484 2824 556 2851 Apoc.
573 2825 600 2851 2,
617 2824 656 2846 23.

225 2859 236 2873 ‘³
252 2860 312 2883 Libr.
331 2862 378 2884 Xll.
395 2862 424 2884 de
441 2863 498 2884 Gen.
515 2863 544 2885 ad
567 2863 598 2884 lit.
620 2868 640 2885 c.
659 2863 695 2885 47.
717 2869 740 2885 n.
757 2863 802 2885 34:
819 2862 956 2886 Certissimis
979 2866 1009 2885 ta-

164 2905 218 2921 men
236 2900 326 2922 indiciis
345 2901 406 2928 apud
431 2907 473 2923 nos
494 2901 608 2928 consistit,
625 2901 753 2924 enuntiatas
769 2908 785 2923 a.
800 2901 953 2924 daemonibus
970 2907 1009 2923 co—

164 2938 285 2965 gitationes
302 2939 436 2966 hominum,
453 2939 492 2968 qui
510 2942 598 2967 tamen,
613 2940 630 2962 si
648 2940 761 2962 virtutum
779 2940 890 2962 internam
907 2940 1007 2967 spec-iem

1066 2514 1159 2539 possent
1176 2511 1199 2533 in
1217 2511 1349 2534 hominibus
1366 2517 1473 2537 cernere,
1486 2517 1530 2533 non
1542 2513 1669 2538 tentarent;
1687 2511 1745 2533 sicut
1758 2511 1818 2533 illam
1830 2511 1853 2532 in
1870 2510 1909 2533 lob

1066 2550 1166 2573 nobilem
1184 2557 1210 2573 ac
1227 2550 1357 2572 mirabilem
1379 2550 1511 2578 patientiam
1535 2551 1614 2578 procul
1632 2549 1703 2572 dubio
1726 2550 1743 2572 si
1770 2552 1847 2577 posset
1864 2549 1912 2572 dia-

1065 2588 1133 2611 bolus
1149 2595 1256 2616 cernere,
1272 2590 1340 2611 nollet
1356 2595 1368 2611 a
1388 2591 1471 2611 tentato
1489 2588 1568 2617 utiquc
1584 2589 1697 2616 superari.

1128 2627 1138 2640 θ
1155 2628 1199 2651 Csr.
1221 2629 1245 2651 ΙΙ.
1263 2629 1325 2651 Sent.
1347 2628 1369 2651 d.
1392 2629 1414 2650 7.
1440 2634 1463 2656 p.
1488 2628 1512 2650 11.
1537 2634 1560 2656 q.
1585 2628 1606 2649 3.
1630 2628 1731 2650 fundam.
1755 2627 1776 2650 4.
1799 2630 1821 2649 et
1843 2627 1866 2650 d.
1889 2627 1910 2649 8.

1066 2674 1089 2695 p.
1107 2668 1131 2690 ll.
1150 2674 1173 2696 q.
1190 2668 1213 2690 6.

1128 2705 1138 2718 θ
1155 2707 1204 2729 Act.
1222 2707 1259 2733 47,
1277 2707 1314 2729 27.

1127 2744 1136 2757 ⁷
1153 2746 1212 2768 Tob.
1232 2747 1274 2772 42,
1293 2747 1329 2768 ⁴2.
1347 2752 1412 2774 seqq.
1423 2754 1428 2768 ε
1441 2745 1537 2774 Quando
1555 2744 1662 2767 orabas...
1678 2751 1723 2772 ego
1740 2744 1812 2767 obtuli
1829 2744 1909 2766 oratio-

1065 2790 1118 2806 nem
1136 2787 1198 2806 tuam
1216 2784 1313 2806 Domino
1331 2787 1373 2806 etc.
1391 2786 1463 2811 Apoc.
1483 2784 1524 2810 112,
1543 2783 1584 2805 40:
1602 2783 1718 2805 Proiectus
1735 2785 1768 2804 est
1790 2783 1909 2804 accusator

1066 2824 1160 2845 fratrum
1183 2826 1328 2849 nostrorum,
1345 2823 1385 2851 qui
1407 2822 1530 2845 accusabat
1551 2822 1599 2844 illos
1621 2825 1673 2843 ante
1695 2824 1843 2849 conspectum
1868 2820 1908 2842 Dei

1065 2862 1135 2884 nostri
1153 2861 1189 2883 die
1207 2867 1233 2883 ac
1250 2864 1324 2883 nocte.
1341 2861 1386 2884 Csr.
1405 2867 1477 2888 supra
1493 2864 1547 2883 nota
1563 2861 1590 2887 2,
1608 2863 1630 2882 et
1654 2861 1758 2887 Gregor.,
1783 2860 1806 2881 ll.
1832 2859 1909 2880 Moral.

1065 2908 1085 2923 c.
1103 2902 1124 2923 8.
1141 2908 1162 2922 n.
1185 2901 1219 2922 14.
1236 2907 1284 2929 seq.

1923 797 1952 816 Ad
1965 799 2040 822 opposi-

1959 824 2004 840 tumr

1925 1311 1981 1334 uesp.

1924 1733 1938 1752 S
1978 1732 1996 1751 io
2008 1738 2041 1756 op-

1929 1761 1941 1780 p
1980 1761 2040 1775 orum.
