2296 3316
40 376 134 401 Epilogus.

74 1031 131 1054 Resp-

71 1735 128 1759 Resp.

68 1969 98 1988 Ad
110 1969 128 1988 2.

776 105 945 134 COMMENT.
968 106 1000 135 IN
1022 106 1167 136 ΙΟΑΝΝΕΜ
1188 107 1216 136 C.
1239 108 1281 136 lv.

150 182 257 212 buntur
277 182 312 212 ab
333 183 459 212 ubertate
479 182 579 211 domus
600 185 679 217 tuae,
708 185 735 212 et
764 185 887 212 torrente
920 184 997 212 volu-

150 229 233 266 ptatis
253 231 317 258 tuae
337 229 444 266 potabis
465 236 512 258 eos
523 240 550 257 υ.
571 229 610 258 Ad
625 229 696 258 hanc
710 237 810 266 aquam
832 230 930 259 invitat
943 230 997 259 Do-

150 276 243 305 minus
259 276 342 304 Isaiae
353 275 582 313 quinquagesimo
593 276 703 313 quinto:
723 287 737 301 <x
748 275 851 306 Omnes
865 276 997 311 sitientes,

151 322 241 352 venite
261 322 295 351 ad
315 330 417 360 aquas;
438 324 466 351 et
485 322 533 360 qui
561 331 616 351 non
638 323 721 352 habet
741 326 915 360 argentum»
942 327 994 352 etc.

150 385 188 389 —
203 369 245 398 Sic
265 369 351 406 igitur
372 368 517 397 mulierem
538 369 670 398 excitavit
683 370 800 406 petendo
814 369 996 408 obsequium,

151 415 295 454 offerendo
316 415 499 453 beneficium,
520 415 691 453 explicando
712 417 825 446 donum
839 416 976 446 oblatum.

471 510 672 546 Quaasrlonas.

228 604 274 633 23.
290 604 399 641 Quaest.
416 604 433 632 I.
449 604 599 641 Quaeritur
615 604 673 633 hic:
689 612 752 633 cum
768 604 902 634 Dominus
917 613 996 641 prae-

150 651 232 689 cipiat
252 651 394 688 discipulis
415 651 485 686 suis,
501 654 532 680 ut
546 651 574 680 in
588 651 718 680 civitates
733 651 997 680 Samaritanorum

149 706 205 727 non
225 698 416 735 ingrediantur
437 706 487 727 nec
505 698 536 726 in
550 698 630 727 viam
643 698 790 735 gentium,
807 698 933 727 Matthaei
949 697 996 727 de-

149 745 220 775 cimo
232 746 251 780 ¹,
273 747 300 773 et
320 745 403 774 etiam
424 745 552 774 Matthaei
575 741 682 774 decimo
702 745 800 782 quinto
820 745 907 773 dicat:
931 744 996 773 Non

148 800 216 820 sum
236 792 345 821 missus
365 792 426 820 nisi
449 791 490 820 ad
510 800 587 825 oves,
613 800 688 829 quae
710 792 866 828 perierunt
891 791 996 820 domus

150 839 259 872 hemel,-
279 838 353 868 unde
374 842 415 867 est
435 839 500 873 hoc,
522 838 597 875 quod
623 838 758 867 Dominus
785 838 866 867 modo
887 839 995 875 praedi-

150 888 193 914 cat
214 885 410 914 samaritanis?
433 885 548 914 Videtur
573 885 647 914 enim
678 885 817 914 contraire
848 888 995 922 praecepto

150 940 216 967 suo,
237 936 264 961 et
285 940 321 961 ex
343 932 395 961 hoc
416 932 520 961 malum
541 932 702 969 exemplum
721 932 796 961 dare.

227 980 401 1008 Responnso:
411 979 572 1013 Dicendum,
580 979 654 1016 quod
667 979 719 1008 hoc
730 979 864 1009 Dominus
874 980 995 1017 discipu-

149 1027 182 1056 lis
195 1026 354 1064 prohibuit,
370 1034 424 1054 non
440 1026 506 1063 quia
520 1026 623 1055 malum
638 1029 722 1060 esset,
745 1026 792 1055 sed
813 1035 847 1055 ne
869 1027 994 1062 Iudaeos,

149 1073 184 1102 ad
204 1081 275 1110 quos
295 1073 385 1110 primo
407 1076 532 1107 venerat,
548 1072 753 1101 scandalizaret.
770 1073 831 1101 Ideo
846 1074 994 1110 praecepit,

148 1120 223 1158 quod
242 1128 297 1149 non
318 1128 355 1149 ex
376 1120 516 1157 proposito
536 1120 681 1157 principali
702 1120 737 1148 ad
757 1128 804 1149 eos
825 1120 906 1155 irent,
921 1121 994 1150 unde

148 1175 199 1196 nec
219 1167 355 1196 Dominus
375 1174 405 1196 se
425 1167 546 1204 ingessit.
569 1167 621 1195 Sed
642 1167 708 1204 quia
729 1167 805 1201 vult,
828 1176 925 1196 omnes
946 1166 995 1196 ho-

148 1214 240 1244 mines
259 1214 357 1242 salvos
376 1213 444 1251 fieri
454 1214 475 1248 ²,
498 1217 525 1242 et
545 1214 738 1250 opportunitas
769 1222 799 1243 se
829 1214 945 1248 obtulit,
967 1218 995 1243 et

148 1261 249 1290 mulier
280 1260 313 1289 ad
345 1268 409 1289 eum
432 1260 521 1295 venit;
547 1260 608 1289 ideo
633 1260 751 1297 verbum
782 1260 994 1297 praedicationis

147 1307 265 1345 aperuit.

226 1355 272 1384 ΞΔ.
294 1355 404 1392 Quaest.
429 1355 458 1383 II.
484 1355 549 1383 Item
578 1355 737 1392 quaeritur:
760 1356 783 1383 l.
811 1355 880 1383 Cum
902 1355 993 1383 Iudaei

148 1405 278 1440 reputent
299 1402 484 1431 Samaritanos
505 1402 670 1436 immundos,
692 1405 719 1431 et
740 1402 873 1431 Dominus
894 1403 992 1439 Legem

147 1449 333 1483 custodiebat;
354 1448 428 1477 unde
449 1452 490 1477 est
511 1449 578 1483 hoc,
593 1449 668 1486 quod
682 1457 698 1477 a
712 1449 884 1477 Samaritana
898 1449 993 1478 bibere

148 1496 276 1533 petebat?

225 1544 251 1572 2.
274 1543 431 1577 Praeterea,
458 1542 517 1579 ipse
548 1542 650 1571 sciebat
681 1542 741 1572 eius
769 1543 992 1579 responsionem,

147 1592 294 1627 antequam
316 1592 437 1627 peteret;
459 1592 487 1618 et
507 1589 623 1624 sciebat,
645 1589 719 1626 quod
740 1590 799 1626 ipsa
820 1592 917 1627 potum
938 1598 993 1619 non

147 1637 241 1666 daret:
263 1644 329 1674 ergo
349 1637 455 1665 frustra
482 1639 509 1665 et
530 1637 614 1665 stulte
635 1637 752 1673 petebat.

225 1683 379 1721 Respondet
398 1683 613 1720 Chrysostomus
623 1683 644 1718 ³,
666 1683 741 1720 quod
761 1684 895 1712 Dominus
910 1692 993 1721 repu-

146 1730 222 1760 tabat
241 1738 293 1767 pro
313 1730 478 1759 indifferenti
511 1730 669 1759 huiusmodi
691 1730 880 1760 observantias
901 1734 994 1760 custo-

145 1778 220 1813 dire,
242 1780 274 1806 ut
294 1777 396 1807 dicitur
417 1777 545 1806 Matthaei
565 1777 672 1806 decimo
693 1778 803 1815 quinto,
825 1778 900 1815 quod
925 1778 994 1807 nihil

146 1825 336 1855 extrinsecum
356 1825 483 1862 inquinat
504 1825 658 1859 hominem;
680 1828 708 1854 et
728 1825 789 1854 ideo
814 1834 869 1854 non
889 1825 994 1855 dimisit

145 1874 240 1909 petere
260 1872 295 1901 ab
315 1872 376 1907 illa,
398 1872 525 1909 quamvis
544 1874 617 1901 esset
637 1872 817 1901 Samaritana.

225 1921 250 1948 2.
274 1919 353 1956 Quod
373 1919 482 1953 obiicis,
504 1919 578 1956 quod
600 1919 716 1953 sciebat,
732 1919 807 1956 quod
822 1928 876 1948 non
898 1919 992 1954 daret;

147 1966 310 2000 dicendum,
326 1966 401 2003 quod
415 1966 533 2000 sciebat,
548 1966 623 2003 quod
637 1966 661 1995 ei
676 1966 829 2002 prudenter
844 1966 992 2003 responde-

146 2016 206 2047 ret,
225 2016 253 2042 et
273 2017 305 2042 ut
326 2021 363 2042 ex
394 2013 441 2041 illa
468 2013 647 2050 responsione
674 2013 845 2042 occasionem
876 2013 990 2042 docendi

146 2059 277 2095 haberet,
299 2059 360 2089 ideo
380 2060 468 2097 petiit.

224 2108 270 2136 25.
293 2107 402 2143 Quaest.
418 2107 458 2135 III.
485 2107 551 2135 Item
571 2107 717 2144 quaeritur
738 2106 771 2136 de
793 2107 845 2136 hoc
860 2107 935 2144 quod
952 2107 992 2136 di-

146 2153 198 2189 cit,
220 2153 295 2191 quod
315 2154 454 2191 discipuli
480 2154 595 2182 iverant
622 2153 653 2182 in
674 2154 834 2188 civitatem,
856 2153 993 2182 ut-cibos

145 2204 276 2229 emerent.
904 2202 906 2205 '

223 2247 352 2277 CONTRA:
377 2249 401 2276 1.
425 2248 557 2285 Discipuli
579 2250 658 2276 erant
673 2247 779 2276 Iudaei:
795 2255 861 2285 ergo
875 2256 931 2276 non
945 2247 992 2276 de-

145 2294 247 2324 bebant
267 2294 445 2324 Samaritanis
463 2295 676 2324 communicare.

209 2431 217 2445 ¹
235 2433 300 2455 Vers.
318 2433 345 2456 5:
362 2434 384 2456 In
407 2433 469 2456 viam
491 2433 595 2461 gentium
617 2439 647 2456 ne
668 2432 782 2460 abieritis,
799 2436 822 2456 et
844 2434 866 2456 in
889 2433 993 2456 civitates

145 2472 341 2495 Samaritanorum
358 2478 388 2494 ne
403 2472 552 2500 intraveritis;
569 2471 627 2494 ibid.
645 2471 685 2500 45,
703 2471 740 2494 24.
757 2474 791 2494 est
807 2478 856 2501 seq.
873 2472 945 2495 locus.
961 2484 993 2489 —

145 2511 242 2534 Inferius
257 2517 271 2533 e
287 2511 357 2534 codd.
373 2510 535 2539 supplevimus
555 2510 651 2534 Videtur
668 2510 755 2533 enim...
771 2510 838 2534 dare.

208 2548 218 2562 ²
235 2550 305 2578 Epist.
322 2551 337 2572 l.
355 2550 416 2572 Tim.
433 2551 460 2578 2,
478 2550 500 2572 4.
517 2563 547 2566 —
559 2550 605 2573 CIr.
616 2549 745 2579 chrysost„
757 2550 782 2573 in
793 2551 853 2573 loan.
864 2550 942 2575 homil.
954 2551 993 2573 3⁴.

147 2589 212 2619 (alias
229 2589 276 2618 30.)
294 2595 317 2612 n.
334 2590 355 2612 2.

208 2626 218 2640 ³
234 2628 259 2650 ln
275 2629 338 2651 loan.
354 2628 433 2651 homil.
449 2628 487 2651 3⁴.
505 2628 570 2657 (alias
586 2628 633 2657 30.)
651 2635 674 2651 n.
691 2628 713 2651 4.
729 2640 760 2645 —
775 2629 870 2651 Inferius
882 2629 993 2657 allegatur

146 2667 223 2690 Matth.
235 2668 271 2696 ⁴5,
285 2668 321 2690 II:
333 2668 383 2690 Non
394 2667 458 2696 quod
469 2668 537 2690 intrat
547 2667 571 2690 in
588 2674 615 2690 os
630 2668 762 2697 coinquinat
773 2668 902 2697 hominem;
914 2675 938 2691 v.
950 2668 992 2690 20:

146 2706 196 2729 Non
212 2707 263 2729 lotis
279 2709 356 2729 autern
374 2706 481 2729 inanibus
498 2707 638 2730 manducare
654 2713 702 2730 non
720 2707 854 2737 coinquinat
865 2708 991 2730 hominem.

208 2744 219 2758 ‘²
236 2746 302 2769 Vers.
317 2747 344 2768 9:
361 2746 434 2769 Nolite
449 2746 569 2774 possidere
584 2752 668 2769 aurum
685 2753 762 2775 neque
778 2749 901 2775 argentum
918 2749 960 2770 etc.

209 2785 220 2800 ⁵
235 2786 277 2808 Ed.
298 2785 347 2809 sed.
368 2785 415 2809 Csr.
437 2786 486 2808 Act.
509 2786 550 2813 40,
567 2785 612 2808 ⁴4:
629 2786 751 2815 Nunquam
768 2786 908 2809 manducavi
924 2792 994 2809 omne

147 2830 273 2847 commune
289 2827 312 2847 et
327 2825 485 2847 immundum.

210 2861 220 2874 ⁶
235 2863 297 2886 Vide
313 2863 351 2886 IV.
367 2864 425 2891 Reg.
443 2862 484 2891 ⁴7,
501 2863 538 2885 24.
556 2869 622 2892 seqq.
637 2862 684 2886 Ctr.
700 2863 831 2893 chrysost.,
848 2864 871 2886 in
882 2864 942 2886 Ioan.
955 2865 994 2886 ho-

148 2902 195 2925 mil.
212 2903 250 2925 31.
268 2902 331 2932 (alias
348 2903 395 2932 30.)
412 2909 435 2925 n.
452 2903 475 2925 2.

1849 113 1905 143 293

1134 186 1160 213 2.
1183 186 1262 220 Item,
1284 186 1418 216 Dominus
1439 189 1579 226 praecepit
1599 189 1655 224 eis,
1670 192 1702 218 ut
1716 198 1770 219 non
1786 190 1906 220 habeant

1055 234 1214 268 argentum,
1230 233 1356 263 Matthaei
1378 234 1485 263 decimo
1495 235 1520 269 43
1535 236 1674 273 quomodo
1688 236 1774 273 igitur
1792 237 1904 266 iverunt

1055 284 1163 311 emere,
1184 278 1206 306 si
1228 280 1373 315 pecuniam
1395 289 1449 309 non
1472 281 1627 311 habebant?

1133 325 1309 354 Responnso:
1333 327 1499 362 Dicendum,
1514 328 1588 365 quod
1609 329 1736 366 discipuli
1751 330 1903 360 didicerant

1054 379 1071 399 a
1091 371 1223 406 Domino,
1245 373 1313 401 nihil
1328 381 1387 402 esse
1402 374 1578 404 immundum
1599 376 1664 405 vel⁶
1686 384 1842 406 commune.
1866 394 1904 399 —-

1055 418 1103 447 Vel
1123 418 1283 454 dicendum,
1311 420 1386 457 quod
1410 421 1495 458 aliqui
1527 422 1579 451 cibi
1608 426 1688 451 erant
1714 423 1902 453 indifferentes

1053 465 1145 502 quoad
1166 466 1279 495 Iudaeos
1299 470 1327 495 et
1348 467 1548 503 Samaritanos,
1570 472 1601 498 ut
1622 470 1700 506 panis
1720 474 1747 499 et
1762 479 1858 507 poma;
1876 474 1904 500 et

1055 512 1122 541 tales
1143 512 1218 541 cibos
1240 513 1347 542 iverant
1369 521 1470 543 emere.

1133 560 1159 588 2.
1181 559 1260 595 Quod
1281 560 1389 595 obiicit,
1412 561 1486 598 quod
1502 570 1557 590 non
1572 562 1724 597 habebant,
1740 564 1813 593 unde
1827 572 1902 594 eme-

1054 608 1132 640 rent;
1153 605 1316 640 dicendum,
1338 607 1412 644 quod
1444 615 1498 635 non
1529 608 1620 637 adhuc
1651 610 1726 638 missi
1748 614 1828 640 erant
1850 611 1901 640 mi-

1054 652 1150 680 racula
1170 652 1261 681 facere
1292 656 1320 681 et
1350 654 1518 690 praedicare.
1541 672 1577 676 —
1600 656 1743 685 Praeterea
1770 660 1849 686 erant
1874 658 1902 687 in

1054 701 1130 726 terra
1151 698 1258 735 ignota,
1280 699 1329 727 ubi
1360 708 1459 736 panem
1490 703 1517 730 et
1544 702 1612 730 alios
1642 703 1717 731 cibos
1738 704 1824 740 gratis
1846 712 1901 733 non

1054 745 1228 780 invenirent;
1251 745 1311 775 ideo
1333 755 1384 783 pro
1416 748 1586 777 necessitatis
1607 752 1730 786 tempore
1755 754 1903 788 argentum

1055 792 1209 829 portabant.

1133 840 1178 868 26.
1205 840 1315 876 Quaest.
1346 841 1386 869 lV.
1416 842 1482 871 Item
1509 843 1655 879 quaeritur
1682 840 1717 873 de
1745 844 1797 874 hoc
1827 845 1902 882 quod

1053 886 1153 915 mulier
1174 886 1252 916 dicit:
1274 887 1417 926 Numquid
1444 892 1475 917 tu
1503 889 1601 918 maior
1632 899 1661 918 es
1685 894 1772 928 patre
1801 895 1901 920 nostro

1053 932 1160 961 Iacob?
1183 950 1220 954 —
1243 934 1367 963 Contra:
1391 935 1431 963 Ex
1453 936 1504 964 hoc
1527 936 1635 965 videtur
1656 937 1806 974 implicare,
1823 938 1897 975 quod

1052 980 1131 1009 Iacob
1151 984 1223 1010 esset
1244 984 1322 1018 pater
1344 982 1596 1018 Samaritanorum;
1618 987 1646 1013 et
1668 984 1720 1013 hoc
1734 985 1835 1014 falsum
1849 988 1899 1020 est,

1052 1027 1118 1064 quia
1138 1027 1189 1064 ipsi
1212 1028 1286 1056 missi
1309 1028 1419 1057 fuerant
1439 1037 1455 1057 a
1476 1037 1541 1066 rege
1561 1031 1735 1067 Assyriorum
1747 1031 1767 1059 ⁶.

1131 1074 1306 1103 Respounso:
1340 1075 1505 1110 Dicendum,
1532 1077 1606 1113 quod
1634 1080 1720 1114 pater
1751 1078 1899 1115 aliquando

1052 1121 1153 1150 dIcitur
1175 1125 1288 1158 propter
1310 1123 1447 1159 temporis
1461 1123 1682 1162 antiquitatem,
1698 1125 1769 1153 sicut
1782 1125 1900 1154 dicimus

1052 1176 1131 1197 senes
1152 1168 1227 1197 viros
1245 1172 1363 1205 patres:
1384 1170 1532 1206 aliquando
1553 1171 1737 1205 auctoritate,
1759 1172 1798 1200 sic
1820 1180 1900 1208 prae-

1052 1214 1121 1243 latos
1142 1217 1169 1243 et
1191 1215 1264 1243 viros
1285 1216 1459 1244 authenticos
1480 1216 1599 1245 dicimus
1618 1221 1736 1253 patres,-
1751 1218 1900 1255 aliquando

1052 1260 1184 1297 beneficio
1206 1262 1249 1290 vel
1270 1262 1449 1296 educatione,
1468 1263 1507 1291 sic
1525 1267 1626 1299 patres
1647 1264 1781 1298 dicimus,
1802 1273 1819 1292 a
1839 1265 1901 1301 qui-

1051 1308 1103 1337 bus
1118 1308 1251 1337 beneficia
1266 1309 1449 1345 percipimus;
1471 1309 1619 1346 aliquando
1639 1310 1838 1347 yeneratione,
1862 1311 1901 1340 sic

1051 1355 1112 1384 illos
1133 1356 1181 1393 qui
1202 1359 1360 1392 genuerunt
1371 1356 1390 1383 ⁷.
1412 1356 1510 1384 Mulier
1531 1356 1596 1385 dicit
1618 1357 1696 1385 Iacob
1713 1362 1830 1394 patrem
1853 1358 1902 1386 tri-

1051 1402 1104 1431 bus
1126 1402 1280 1431 rationibus
1301 1403 1479 1439 praehabitis.

1130 1450 1175 1478 27.
1198 1450 1309 1486 Quaest.
1331 1449 1360 1477 V.
1385 1450 1450 1478 Item
1472 1450 1618 1487 quaeritur
1642 1450 1676 1479 de
1691 1451 1743 1479 hoc
1764 1451 1839 1488 quod
1860 1451 1900 1480 di-

1051 1496 1102 1525 cit:
1127 1497 1184 1532 Qui
1205 1496 1305 1525 biberit
1326 1505 1361 1525 ex
1382 1505 1478 1535 aqua,
1501 1506 1590 1536 quam
1609 1506 1659 1535 eyo
1679 1497 1755 1526 dabo
1777 1498 1819 1532 ei,
1841 1506 1901 1526 uon

1050 1544 1125 1572 sitiet
1156 1544 1187 1572 in
1217 1548 1377 1573 aeternum.
1407 1561 1445 1565 —
1475 1545 1600 1573 Contra.-
1629 1545 1681 1574 Aut
1708 1545 1837 1582 intelligit
1867 1545 1901 1574 de

1051 1590 1094 1619 siti
1117 1591 1281 1628 corporali,
1310 1594 1359 1620 aut
1379 1591 1413 1620 de
1439 1591 1610 1628 spiritual&
1634 1592 1655 1621 si
1681 1592 1715 1621 de
1739 1592 1900 1630 corporali,

1052 1636 1168 1671 falsum,
1190 1637 1257 1674 quia
1277 1637 1374 1666 sitiunt
1394 1638 1441 1675 qui
1464 1638 1580 1675 gratiam
1602 1638 1720 1673 habent;
1743 1639 1764 1667 si
1787 1638 1821 1667 de
1841 1639 1900 1676 spi-

1053 1683 1176 1717 rituali,
1198 1683 1289 1712 adhuc
1310 1684 1409 1713 falsum
1432 1685 1556 1720 videtur;
1573 1686 1752 1715 Ecclesiastici
1769 1686 1901 1723 vigesimo

1051 1730 1189 1767 quartossz
1216 1742 1230 1755 α
1245 1731 1298 1767 Qui
1319 1731 1419 1759 bibunt
1440 1731 1532 1760 adbuc
1553 1732 1687 1761 sitient».

1131 1778 1306 1806 Rnspoivnao:
1327 1777 1495 1812 Dicendum,
1521 1778 1595 1815 quod
1622 1779 1656 1807 de
1687 1779 1730 1808 siti
1762 1780 1899 1816 spirituali

1051 1824 1208 1862 loquitur?
1231 1824 1371 1861 Quaedam
1398 1825 1471 1853 enim
1503 1825 1562 1854 sitis
1589 1829 1631 1855 est
1658 1835 1716 1854 uon
1737 1825 1845 1861 habiti,
1867 1830 1899 1856 ut.

1051 1872 1207 1906 habeatur;
1236 1871 1371 1909 quaedam
1400 1870 1508 1906 habiti,
1534 1875 1565 1900 ut
1596 1872 1715 1909 amplius
1746 1873 1898 1909 habeatur;

1048 1918 1186 1956 ‚quaedam
1208 1921 1250 1947 est
1267 1918 1393 1956 perfecte
1414 1918 1520 1953 habiti,
1542 1923 1574 1948 ut
1596 1920 1783 1949 contInuetur.
1808 1920 1899 1949 Prima

1050 1968 1092 1995 est
1113 1966 1141 1994 in
1157 1966 1394 2003 concupiscentia;
1410 1966 1543 2000 secunda,
1559 1967 1586 1995 in
1601 1967 1704 2004 gratia3
1720 1967 1801 1996 tertia
1816 1975 1898 2002 vero,

1050 2013 1077 2042 in
1099 2013 1194 2051 gloria.
1217 2013 1264 2042 Hic
1286 2013 1411 2050 loquitur
1432 2013 1465 2042 de
1487 2014 1576 2050 prima
1597 2014 1657 2048 siti,
1680 2014 1740 2043 ideo
1761 2018 1812 2043 etc.
1835 2015 1898 2044 Sitis

1050 2060 1123 2089 enim
1145 2060 1250 2097 gratiae
1271 2068 1325 2088 non
1351 2063 1392 2088 est
1416 2060 1455 2088 rei
1487 2069 1546 2088 riou
1571 2059 1702 2095 habitae;
1724 2061 1804 2098 quia,
1826 2061 1898 2090 sicut

1049 2106 1296 2146 dicitAugustinus
1309 2107 1340 2141 ¹⁰,
1348 2107 1396 2144 qui
1409 2107 1492 2136 habet
1500 2107 1603 2136 donum
1615 2111 1770 2143 aeternum,
1781 2108 1898 2137 amando

1050 2154 1148 2188 habet,
1171 2154 1233 2182 licet
1256 2162 1309 2182 non
1329 2153 1463 2191 perfecte.

1128 2201 1174 2229 28.
1200 2201 1275 2229 Dicit
1295 2200 1336 2229 ad
1356 2209 1422 2229 eum
1443 2201 1549 2230 mulier
1570 2205 1621 2230 etc.
1644 2202 1781 2231 Excitavit
1804 2202 1897 2230 Domi-

1049 2256 1103 2276 nus
1123 2248 1269 2276 mulierem
1301 2248 1334 2276 ad
1366 2248 1608 2283 consentiendum;
1632 2249 1676 2277 hic
1705 2249 1758 2277 iam
1786 2249 1897 2278 mulieri

1050 2294 1231 2323 consentienti
1251 2296 1279 2323 et
1300 2294 1402 2331 petenti
1417 2294 1538 2323 verbum
1551 2294 1621 2332 fidei
1631 2295 1771 2332 proponit
1785 2295 1825 2324 ad
1838 2304 1898 2324 cre-

1112 2431 1121 2444 ⁷
1139 2433 1179 2455 Ed.
1197 2439 1251 2455 cum
1267 2432 1382 2454 nonnullis
1398 2432 1466 2454 codd.
1484 2431 1526 2461 qui
1541 2438 1585 2455 rios
1601 2433 1750 2461 9emoer1mt;
1763 2432 1846 2455 eadem
1859 2431 1897 2455 ed.

1049 2472 1145 2495 inferius
1162 2473 1215 2495 voci
1233 2471 1309 2495 tribus
1326 2472 1451 2500 praemittit
1464 2470 1560 2501 primis.

1112 2510 1122 2523 Β
1139 2512 1204 2534 Vers.
1223 2512 1265 2534 29:
1284 2511 1327 2540 Qui
1344 2510 1427 2533 bibunt
1444 2516 1482 2533 me
1498 2513 1542 2533 etc.

1113 2549 1123 2563 ⁹
1139 2550 1197 2574 Cod.
1214 2551 1232 2573 D
1249 2549 1365 2580 intelligit..

1114 2588 1134 2602 ¹⁰
1150 2589 1212 2612 Libr.
1229 2590 1257 2611 83
1276 2590 1318 2618 Qq.
1336 2595 1359 2618 q.
1376 2589 1413 2611 35.
1429 2595 1471 2616 per
1489 2591 1571 2617 totam,
1589 2594 1615 2611 ex
1632 2594 1677 2617 qua
1696 2594 1767 2616 supra
1783 2594 1838 2616 pag.
1856 2588 1899 2616 52,

1051 2632 1105 2652 nota
1123 2630 1144 2652 2.
1162 2624 1270 2651 nonnulla
1287 2628 1411 2651 attulimus.
1428 2627 1473 2650 Csr.
1490 2634 1562 2656 supra
1579 2634 1599 2650 c.
1616 2628 1638 2650 3.
1655 2634 1678 2650 n.
1690 2627 1728 2650 64.
1739 2627 1801 2650 Libr.
1812 2628 1842 2650 de
1853 2627 1900 2649 Uti-

1050 2669 1111 2691 litate
1123 2668 1245 2695 credendi,
1258 2674 1277 2690 e.
1292 2668 1327 2690 15.
1340 2674 1364 2689 n.
1376 2668 1413 2695 33,
1430 2668 1527 2695 August.
1545 2667 1612 2695 dicit,
1629 2667 1692 2696 quod
1714 2675 1725 2687 «
1737 2666 1835 2695 adipisci
1851 2672 1900 2689 oer-

1050 2708 1164 2730 tissimum
1182 2713 1208 2729 ac
1225 2713 1344 2729 summum
1362 2706 1449 2729 honum
1467 2712 1535 2729 nemo
1552 2707 1637 2734 possit,
1654 2706 1697 2729 nisi
1715 2706 1738 2729 id
1760 2707 1827 2734 plene
1847 2711 1900 2734 per-

1051 2748 1155 2776 fecteque
1177 2746 1280 2769 dilexerit
1292 2755 1312 2768 n.
1335 2745 1380 2769 Csr.
1398 2746 1412 2768 I.
1430 2746 1460 2768 de
1482 2746 1557 2768 Doctr.
1574 2746 1710 2774 christiana,
1726 2752 1747 2768 c.
1766 2746 1805 2767 38.
1821 2751 1844 2767 n.
1862 2744 1898 2773 42,

1051 2789 1074 2809 et
1090 2786 1201 2814 Gregor.‚
1219 2786 1242 2808 Il.
1260 2785 1343 2807 Homil.
1361 2785 1381 2807 in
1400 2785 1488 2813 Evang.
1505 2785 1583 2807 homil.
1597 2785 1635 2807 36.
1648 2791 1671 2807 n.
1685 2785 1710 2813 l,
1722 2783 1763 2807 ubi
1774 2784 1898 2807 discrimen

1051 2825 1108 2847 inter
1125 2818 1219 2847 delicias
1236 2825 1369 2852 corporales
1385 2826 1407 2847 et
1423 2824 1553 2852 spirituales
1569 2824 1698 2852 exponitur.
1712 2835 1744 2840 -
1754 2823 1798 2845 Pro
1809 2821 1899 2845 donum

1049 2866 1174 2888 ueternum
1190 2864 1207 2886 E
1223 2863 1240 2886 N
1259 2862 1347 2886 bonum
1362 2864 1499 2891 aeternum,
1516 2863 1535 2885 D
1552 2863 1635 2885 omittit
1651 2863 1782 2885 aeteruum.

1921 337 1979 363 Resp.

1920 571 1950 591 Ad
1959 572 1978 590 Ξ.

1928 1086 1985 1106 Pater
2000 1086 2047 1106 diei·

1916 1111 1948 1129 tur
1966 1110 2047 1134 quadru-

1916 1133 1998 1158 pliciter.

1916 1787 1973 1811 Resp.

1913 1834 1960 1854 Sitis
1968 1834 2044 1859 triplex.
