2296 3316
16 469 19 497 ι’
41 481 97 504 neap.

17 514 56 553 {2101
64 526 99 545 Pa-

0 551 38 597 mg:
42 550 98 574 nigni-

7 675 12 694 1

18 621 98 640 {vocatus

18 645 52 663 itur
65 643 98 662 du-

13 668 63 687 citer.

0 807 47 828 mox
57 805 97 825 eius

18 829 81 849 licium.

42 1834 98 1857 Resp.

724 115 893 144 COMMENT.
915 115 947 144 IN
969 115 1114 144 ΙΟΑΝΝΕΜ
1135 115 1162 143 C.
1185 115 1250 143 XlV.

192 196 238 224 36.
260 195 369 232 Quaest.
391 194 431 223 Ill.
453 194 519 223 Item
541 194 687 231 quaeritur
707 193 742 222 de
762 193 815 221 hoc
829 193 902 230 quod
917 192 958 221 di—

114 243 168 272 cit:
185 242 285 271 Alium
300 241 490 270 Paracletum
504 240 586 269 dabit
602 240 691 269 vobis.
706 257 745 261 —
759 240 785 268 Si
804 240 877 269 enim
899 240 958 268 Pa-

113 288 240 317 racletus
260 288 362 317 dicitur
390 287 554 321 advocatus,
575 289 603 315 et
623 286 772 315 advocatus
792 288 834 315 est
856 285 958 314 media-

114 338 172 370 tor;
193 334 312 371 Spiritus
332 342 399 363 vero
419 336 532 362 sanctus
552 341 607 361 non
628 335 719 369 potest
732 340 792 361 esse
806 331 957 360 mediator:

113 390 180 418 ergo
200 389 250 410 nec
271 381 443 414 Paracletus,
464 387 531 416 ergo
551 387 601 408 nec
621 379 780 408 advocatus.

191 428 369 456 Respounno:
388 426 554 460 Dicendum,
570 425 644 462 quod
659 425 778 462 Spiritus
791 427 904 454 sanctus
917 425 958 453 di-

113 474 187 503 citur
214 473 390 502 Paracletus
414 472 442 501 in
462 472 565 509 duplici
594 472 810 508 significatione:
839 474 866 500 et
892 471 959 508 quia

113 520 276 549 consolator
296 527 344 556 spe
371 519 482 553 veniae,
503 518 577 547 unde
597 518 679 547 datus
699 520 741 546 est
761 517 841 546 nobis
862 517 893 545 in
911 517 958 554 pi-

111 575 190 605 ¹onus
210 565 378 595 hereditatis
398 569 532 594 aeternae
544 567 553 582 ¹
564 576 575 599 ;
602 569 630 594 et
656 565 755 599 etiam,
783 565 849 602 quia
869 564 958 593 advo-

114 616 207 642 catus.
230 612 281 642 Sed
309 613 471 641 advocatus
491 612 593 640 dicitur
613 612 779 648 dupliciter:
801 613 850 640 aut
869 619 957 648 quan-

113 663 173 689 tum
194 659 228 688 ad
247 667 420 697 personam,
442 662 491 688 aut
511 662 647 696 quantum
661 658 695 687 ad
710 658 845 696 officium.
861 658 958 687 Filius

113 710 154 737 est
173 707 323 736 advocatus
343 710 479 744 quantum
500 707 534 735 ad
552 715 711 744 personam
731 706 870 740 advocati,
892 706 959 743 quia

113 756 155 783 est
174 753 328 787 mediator;
350 753 398 782 sed
420 753 550 790 Spiritus
569 756 690 781 sanctus
711 755 847 789 quantum
862 752 895 781 ad
914 751 958 790 of-

112 799 222 837 ficium.
243 816 282 820 —
303 799 417 836 Triplex
438 802 531 828 autem
551 799 675 828 advocati
697 802 738 828 est
752 799 891 833 officium,
907 799 959 828 sci-

113 846 176 875 licet
193 845 362 883 postulare,
384 848 411 875 et
432 846 484 875 hoc
512 846 595 875 habet
622 846 741 883 Spiritus
769 849 897 880 sanctus;
925 846 959 874 ad

114 895 249 923 Romanos
269 894 407 922 octav02:
429 893 494 931 Ipse
516 893 647 930 Spiritus
665 893 796 930 postulat
806 901 862 930 pro
876 893 960 921 nobis

112 939 267 978 qemitibus
294 939 552 968 inenarrabilibus.
575 956 611 961 —
634 940 830 976 Respondere,
856 942 883 968 et
908 940 960 968 hoc

113 986 178 1015 facit
198 986 317 1023 Spiritus
337 989 468 1021 sanctus;
490 987 617 1015 Matthaei
639 986 786 1015 decimo⁸t
809 985 901 1014 Nolite
915 994 960 1014 co-

111 1033 226 1072 quare,
254 1034 413 1071 quomodo,
445 1037 499 1062 aut
529 1033 600 1072 quid
631 1033 795 1071 loquamini
801 1043 811 1066 ;
839 1032 960 1061 dabitur

114 1080 191 1109 enim
211 1079 291 1108 vobis
312 1080 344 1108 in
358 1080 410 1108 illa
424 1079 515 1114 hora,
530 1080 602 1118 quid
616 1079 780 1118 loquamini
786 1090 796 1113 ,·
810 1087 869 1107 non
883 1079 961 1107 enim

113 1135 163 1155 vos
178 1126 261 1160 estis,
277 1126 329 1164 qui
343 1126 512 1163 loquimini,
527 1126 577 1154 sed
592 1126 723 1163 Spiritus
737 1126 841 1154 Patris
855 1126 960 1160 vestri,

113 1173 165 1212 qui
175 1172 305 1211 loquitur
316 1173 348 1201 in
358 1172 446 1201 vobis.
460 1190 494 1193 —
507 1173 632 1202 Tertium
644 1176 686 1201 est
696 1172 840 1201 adversam
852 1175 960 1209 partem

113 1228 255 1258 aryuere,
276 1222 303 1248 et
324 1220 376 1248 hoc
397 1220 517 1256 Spiritus
538 1220 639 1254 sancti;
655 1219 727 1247 infra
740 1219 846 1247 decimo
864 1222 959 1248 sexto:

116 1266 190 1296 Cum
209 1266 318 1295 venerit
339 1266 401 1300 ille,
424 1268 527 1303 aryuet
547 1266 694 1294 mundum
715 1265 749 1294 de
769 1268 887 1302 peccato
908 1268 959 1294 etc.

193 1312 238 1342 37.
260 1313 371 1349 Quaest.
394 1313 435 1341 lV,
457 1313 523 1342 [tem
542 1312 688 1350 quaeritur
709 1312 743 1341 de
764 1312 817 1341 hoc
831 1312 905 1349 quod
920 1312 959 1340 di-

114 1360 167 1395 cit,
182 1359 256 1397 quod
270 1360 401 1388 mundus
415 1368 474 1388 non
488 1360 634 1397 cognoscit
648 1359 793 1396 Spiritum
807 1363 959 1393 sanctum,

113 1416 164 1436 vos
184 1410 283 1436 autem
305 1407 494 1444 coynoscetis,
516 1407 587 1445 quia
608 1406 640 1435 in
660 1405 741 1434 vobis
760 1406 824 1435 erit.

193 1453 248 1483 Sed
278 1453 434 1481 obiicitur.-
466 1453 532 1490 quia
563 1453 682 1490 Spiritus
713 1455 826 1481 sanctus
857 1455 899 1481 est
931 1453 959 1481 in

113 1500 255 1535 omnibus,
270 1503 325 1529 tam
342 1500 369 1528 in
389 1500 469 1529 bonis
489 1508 573 1537 quam
588 1500 615 1528 in
631 1499 727 1533 malis,
743 1507 806 1528 cum
821 1499 856 1528 sit
870 1500 959 1528 Deus:

113 1556 179 1585 ergo
200 1554 296 1576 omnes
323 1549 500 1584 cognoscunt.
522 1563 560 1568 —
582 1546 616 1575 Si
636 1551 667 1575 tu
688 1546 788 1580 dicas,
810 1546 885 1583 quod
905 1555 959 1575 non

113 1594 238 1632 loquitur
257 1593 291 1622 de
312 1601 371 1622 esse
382 1601 436 1630 per
447 1593 645 1631 praesentiam
654 1616 662 1627 ,
679 1593 727 1622 sed
738 1601 793 1630 per
805 1594 960 1630 qratiam,-

113 1641 187 1670 istud
208 1643 250 1669 est
269 1640 386 1675 falsum,
413 1641 501 1677 quia⁴²
520 1649 604 1669 nemo
624 1640 695 1674 scit,
716 1643 818 1668 utrum
841 1648 958 1674 amore,

114 1696 154 1716 an
175 1687 240 1716 odio
261 1687 369 1724 dignus
388 1687 445 1715 sit.-
467 1695 533 1724 ergo
554 1695 634 1716 nemo
655 1687 722 1721 scit,
744 1688 840 1715 utrum
859 1686 960 1715 habeat

114 1734 247 1772 Spiritum
269 1737 395 1763 sanctum
417 1737 553 1771 quantum
574 1734 608 1762 ad
629 1734 757 1762 effectum
779 1733 891 1770 gratiae.

192 1781 373 1809 Rusrouneo:
401 1780 570 1815 Dicendum,
597 1780 672 1817 quod
700 1780 745 1809 hic
772 1780 898 1817 loquitur
925 1780 959 1810 de

115 1827 268 1865 cognitione
289 1826 409 1863 Spiritus
429 1827 514 1855 sancti
537 1827 565 1854 in
581 1834 632 1855 suo
646 1827 746 1855 effectu
764 1826 920 1864 manifesto
931 1827 958 1862 ⁵;

114 1874 187 1904 unde
208 1873 332 1911 loquitur
352 1873 386 1902 de
407 1882 465 1902 esse
486 1874 546 1902 eius
567 1874 594 1902 in
616 1873 710 1908 nobis,
732 1882 787 1902 non
802 1882 852 1911 per
866 1883 959 1902 essen-

115 1921 203 1955 tiam,
225 1920 272 1949 sed
293 1928 342 1957 per
363 1919 508 1958 effectum,
531 1923 558 1949 et
578 1920 639 1948 ideo
660 1922 735 1956 patet
761 1920 905 1956 responsio
925 1920 959 1948 ad

114 1975 244 2004 primum.

176 2150 184 2164 ¹
202 2151 332 2180 Respicitur
356 2152 412 2180 Eph.
431 2152 452 2180 ’1,
470 2152 514 2174 ⁴4:
536 2152 580 2180 Qui
605 2154 639 2174 est
663 2152 749 2180 pignus
765 2153 898 2175 hereditatis
918 2159 957 2175 no-

114 2193 174 2213 strae
196 2193 238 2213 etc.
255 2203 286 2207 —
302 2191 406 2219 Gregor.,
429 2192 453 2213 ll.
476 2191 558 2213 Homil.
581 2191 605 2213 in
627 2191 715 2219 Evang.
732 2192 811 2214 homil.
828 2192 865 2214 30.
887 2198 909 2214 n.
928 2193 956 2214 3:

114 2227 253 2252 Consolalor
270 2231 347 2251 autem
364 2229 426 2252 idem
444 2230 542 2257 Spiritus
559 2232 663 2257 vocatur,
680 2230 733 2259 quia
751 2230 781 2252 de
798 2231 885 2258 peccati
907 2237 957 2259 per-

113 2267 239 2295 petratione
259 2267 428 2295 moerentibus,
446 2268 502 2290 dum
518 2274 584 2296 spem
602 2268 684 2291 veniae
703 2272 838 2297 praeparat,
856 2269 885 2292 ab
903 2270 957 2292 affli-

114 2305 187 2328 ctione
205 2306 307 2328 tristitiae
324 2309 424 2329 mentem
442 2307 510 2329 levat.

175 2343 185 2357 ²
202 2345 268 2367 Vers.
285 2346 322 2367 26.
341 2357 371 2362 ——
388 2345 492 2373 Gregor„
509 2346 552 2368 loc.
570 2346 592 2368 in
608 2346 762 2374 praecedente
778 2349 832 2369 nota
849 2348 898 2370 cit.:
914 2348 957 2376 Qui

115 2383 222 2412 [Spiritus
238 2383 341 2412 sanctus]
358 2383 444 2406 idcirco
469 2383 598 2407 advocatus
621 2385 712 2413 dicitur,
731 2385 785 2414 quia
811 2391 853 2413 pro
878 2392 957 2408 errore

113 2422 294 2451 delinquentium
311 2423 374 2450 apud
390 2423 499 2445 iustitiam
517 2424 589 2446 Patris
600 2424 728 2447 intervenit.
747 2425 802 2453 Qui,
819 2425 888 2447 unius
905 2424 958 2447 sub-

114 2462 209 2484 stantiae
225 2468 279 2484 cum
296 2463 361 2485 Patre
378 2465 400 2485 et
416 2462 483 2489 Filio,
501 2469 596 2485 exorare
613 2470 655 2491 pro
672 2464 860 2493 delinquentibus
882 2465 957 2492 perhi-

113 2499 188 2528 betur,
199 2501 253 2530 quia
270 2507 310 2523 eos
326 2508 386 2530 quos
401 2502 536 2530 repleverit,
547 2505 666 2525 exorantes
683 2503 743 2526 tacit.
754 2503 819 2530 Unde
835 2506 858 2527 et
875 2504 958 2526 Paulus

114 2539 184 2562 dicit:
200 2540 252 2569 Ipse
274 2540 336 2563 enim
360 2540 465 2570 Spiritus
487 2541 596 2570 postulat
616 2547 663 2571 pro
688 2541 754 2565 nobis
776 2544 819 2565 ete.
835 2542 881 2565 Csr.
899 2543 957 2565 infra

115 2578 157 2606 46,
174 2579 211 2601 26.
227 2591 260 2595 —
275 2579 316 2602 Ed.
332 2582 385 2607 post
398 2585 445 2609 pro
461 2579 528 2603 nobis
544 2580 609 2603 addit
625 2580 650 2603 id
665 2582 711 2609 est,
728 2587 772 2604 nos
788 2581 821 2604 ad
834 2581 958 2611 postulan-

114 2616 172 2640 dum
188 2617 329 2647 inflammat.

176 2654 186 2668 ³
202 2656 268 2679 Vers.
285 2656 322 2679 119.
338 2663 387 2686 seq.
403 2669 434 2674 -
452 2657 555 2680 subinde
571 2658 683 2686 allegatur
700 2659 760 2681 loan.
778 2659 820 2686 ⁴6,
838 2660 860 2682 8.
876 2671 908 2676 -
925 2660 957 2681 111-

115 2695 185 2717 serius
201 2701 244 2723 pro
260 2697 283 2718 et
298 2695 342 2718 hoo
358 2695 463 2725 Spiritus
484 2696 563 2719 sancti
578 2697 637 2719 varii
659 2697 727 2719 codd.
744 2699 766 2720 et
786 2697 829 2721 hoc
852 2697 878 2727 [C
900 2698 917 2721 N
935 2700 957 2721 et

115 2733 150 2756 ed.
168 2740 220 2756 cum
238 2734 341 2757 Gorrano
358 2735 447 2757 addunt
463 2735 531 2764 facit,
548 2736 564 2757 L
581 2736 646 2758 addit
661 2735 704 2765 est]
721 2735 826 2765 Spiritus
843 2738 949 2760 sanctus.

176 2771 186 2785 ⁴
202 2773 230 2796 Ut
247 2773 330 2796 dicitur
349 2774 421 2796 Eccle.
438 2774 460 2801 9,
479 2774 500 2796 l.
520 2786 550 2790 -
567 2774 599 2796 De
621 2774 720 2797 diversis
745 2775 821 2797 modis
845 2776 957 2798 existendi

115 2810 188 2833 Deum
206 2811 227 2833 in
243 2811 314 2834 rebus
330 2812 412 2835 creatis
429 2813 470 2834 cfr.
486 2813 501 2834 l.
520 2812 581 2835 Sent.
597 2812 620 2835 d.
638 2813 675 2835 37.
693 2819 716 2840 p.
734 2813 748 2835 l.
766 2819 788 2835 a.
804 2813 827 2835 3.
843 2820 867 2842 q.
884 2814 906 2835 2.

176 2848 186 2861 ⁵
202 2850 226 2872 ln
241 2850 279 2873 die
296 2850 381 2873 scilicet
397 2851 541 2873 Pentecostes
564 2851 659 2873 veniens
684 2857 754 2879 super
779 2852 913 2881 Apostolos,
931 2855 956 2875 ut

114 2890 178 2910 notat
193 2889 294 2916 Bonelli;
311 2890 351 2911 cfr.
368 2889 418 2912 Act.
435 2890 461 2917 2,
479 2890 499 2912 2.
516 2896 581 2919 seqq.
599 2892 621 2912 et
637 2896 707 2918 supra
725 2896 744 2912 c.
761 2890 782 2912 7.
800 2897 822 2913 n.
840 2890 876 2913 57.

1800 115 1857 145 443

1092 193 1144 221 Sed
1164 193 1315 221 notandum
1328 193 1355 227 ⁶,
1384 193 1457 230 quod
1478 192 1584 229 duplex
1603 195 1645 221 est
1664 193 1778 222 effectus
1800 193 1859 230 Spi-
1875 199 1947 223 Duplex
1961 199 2004 226 effe,-

1014 239 1085 267 ritus
1099 239 1185 268 sancti
1199 250 1205 267 :
1219 239 1345 276 quidam,
1360 240 1408 276 qui
1423 242 1465 268 est
1479 239 1506 267 in
1521 239 1600 268 nobis
1614 242 1642 268 et
1655 248 1708 268 nos
1725 240 1859 277 respicit,
1887 222 2003 264 ffifs-Spm'

1014 285 1086 314 sicut
1099 293 1207 320 amare,
1223 286 1336 315 credere
1347 289 1375 315 et
1385 286 1495 320 timere,
1510 289 1537 315 et
1552 286 1603 314 hos
1617 294 1714 315 sumus
1728 287 1796 315 certi
1811 295 1861 316 nos

1014 332 1133 366 habere,
1148 340 1211 361 cum
1226 333 1380 367 habemus;
1402 333 1528 370 quidam,
1543 333 1590 370 qui
1609 333 1729 370 respicit
1747 333 1861 372 aliquid

1013 386 1109 415 supra
1128 386 1198 412 nos,
1220 379 1323 408 scilicet
1343 379 1514 416 gratificare,
1535 379 1610 416 quod
1624 382 1666 408 est
1680 383 1791 416 gratum
1804 380 1860 409 Deo

1014 424 1120 458 facere,
1141 428 1169 453 et
1193 429 1328 462 quantum
1350 426 1382 454 ad
1405 426 1480 454 hunc
1500 426 1629 455 effectum
1644 434 1698 454 non
1720 429 1761 455 est
1782 427 1861 456 nobis

1013 474 1097 500 notus
1117 472 1169 500 nisi
1191 479 1240 508 per
1261 472 1406 508 specialem
1421 473 1617 502 revelationem
1629 484 1636 507 ;
1659 476 1748 510 potest
1769 476 1859 502 tamen

1014 525 1074 546 esse
1094 520 1178 546 notus
1198 518 1394 554 probabiliter,
1416 518 1479 547 licet
1500 527 1554 548 non
1576 519 1807 549 certitudinaliter
1820 520 1839 548 ⁷.

1093 564 1139 593 38.
1162 564 1272 600 Quaest.
1294 565 1325 593 V.
1349 565 1414 593 ltem
1436 566 1582 602 quaeritur
1603 566 1636 595 de
1657 566 1710 595 hoc
1731 566 1804 603 quod
1820 567 1860 595 di-

1014 611 1088 640 citur
1108 611 1142 639 de
1163 611 1257 645 Patre,
1279 611 1353 648 quod
1376 612 1466 643 Pater
1487 613 1598 646 veniet,·
1619 613 1707 642 unde:
1731 613 1778 642 Aa
1795 622 1858 642 eum

1013 657 1169 686 veniemus.

1096 706 1119 732 l.
1142 705 1257 741 Propter
1278 704 1345 741 quid
1366 705 1459 741 potius
1472 705 1538 733 dicit
1551 705 1585 734 de
1599 713 1628 734 se
1642 709 1669 734 et
1685 706 1763 735 Patre
1777 715 1859 744 quam

1014 751 1047 780 de
1069 751 1174 788 Spiritu
1193 754 1310 780 saneto?

1094 800 1119 827 2.
1133 798 1164 827 Et
1179 799 1288 827 videtur
1297 822 1304 833 ,
1319 798 1394 836 quod
1409 807 1464 828 non
1475 799 1573 828 debeat
1587 800 1620 829 de
1631 800 1711 829 Patre
1720 800 1782 835 dici,
1794 801 1859 838 quia

1016 847 1095 875 Pater
1115 846 1202 874 mittit
1222 846 1329 874 Filium.
1351 846 1453 882 Quodsi
1470 846 1549 875 Pater
1571 847 1654 875 simul
1669 847 1776 876 veniret
1796 856 1858 876 cum

1015 893 1096 926 Filio,
1112 900 1167 929 qua
1188 893 1294 921 ratione
1315 893 1438 922 mitteret
1458 893 1572 927 Filium,
1593 893 1687 922 eadem
1709 894 1815 923 ratione
1835 897 1862 923 et

1016 947 1045 968 se
1066 939 1157 975 ipsum
1168 938 1188 966 ⁸.
1210 956 1248 959 —
1270 939 1348 973 Item,
1370 939 1508 976 quomodo
1528 940 1606 968 venit
1625 940 1673 977 qui
1695 940 1800 978 ubique
1821 944 1862 970 est

1016 989 1044 1015 et
1064 989 1221 1015 creaturam
1244 994 1298 1014 non
1319 986 1482 1015 assurum?

1096 1033 1257 1061 Rnsrounuo
1270 1044 1276 1061 :
1291 1033 1461 1067 Dicendum,
1476 1033 1551 1070 quod
1565 1034 1662 1062 venire
1678 1034 1731 1063 Dei
1744 1034 1785 1063 ad
1797 1043 1860 1069 nos,
1879 1039 1936 1063 Β8511·
1949 1039 1973 1057 ad
1987 1038 2006 1057 2·

1017 1080 1088 1108 sicut
1115 1079 1181 1108 dicit
1207 1080 1392 1116 Augustinus,
1424 1080 1587 1117 intelligitur
1618 1081 1771 1110 secundum
1799 1080 1862 1119 effe-
1878 1085 2007 1113 Quid,⁸itv²-

1017 1129 1112 1160 ctum,
1127 1134 1180 1154 non
1197 1134 1246 1162 per
1261 1126 1414 1155 essentiam
1426 1137 1435 1159 .·
1449 1127 1523 1155 unde
1538 1128 1708 1164 Augustinus
1720 1128 1742 1145 ¹⁰
1755 1139 1761 1156 t
1781 1140 1795 1154 <x
1810 1129 1862 1157 Ve-
1913 1114 1962 1128 mre.

1016 1173 1097 1201 niunt
1117 1172 1151 1201 ad
1172 1180 1237 1207 nos,
1259 1172 1325 1200 dum
1346 1172 1473 1201 venimus
1494 1173 1527 1201 ad
1548 1181 1613 1208 eos,
1633 1175 1748 1203 veniunt
1762 1175 1862 1204 subve-

1016 1219 1132 1253 niend0,
1163 1219 1290 1247 venimus
1321 1219 1491 1253 obediendo;
1523 1220 1639 1248 veniunt
1665 1221 1861 1256 illuminando,

1018 1266 1143 1295 venimus
1164 1266 1314 1300 intuendo;
1343 1266 1459 1295 veniunt
1486 1266 1641 1303 implendo,
1662 1268 1791 1297 venimus
1818 1276 1862 1297 ca-

1016 1313 1116 1349 piendo
1130 1324 1156 1340 ».
1178 1313 1312 1349 Quoniam
1340 1321 1407 1350 ergo
1434 1321 1519 1350 opera
1546 1314 1688 1343 Trinitatis
1708 1318 1773 1343 sunt
1794 1308 1863 1344 indi-

1016 1360 1075 1388 visa
1088 1360 1125 1394 ¹1,
1147 1359 1223 1394 ideo,
1244 1359 1355 1396 quando
1376 1360 1452 1388 venit
1472 1360 1592 1397 Spiritus
1613 1364 1741 1395 sanctus,
1766 1369 1864 1391 secun-

1015 1405 1081 1434 dum
1096 1406 1246 1434 veritatem
1261 1406 1336 1435 venit
1349 1407 1429 1435 Pater
1444 1409 1472 1435 et
1485 1407 1588 1442 Filius;
1604 1410 1696 1436 tamen
1710 1408 1863 1437 secundum

1016 1453 1288 1490 appropriationem
1301 1453 1466 1482 attribuitur
1478 1454 1560 1488 Patri,
1571 1455 1651 1483 alteri
1666 1463 1861 1492 personarum.

1017 1516 1053 1521 -
1068 1500 1177 1529 Mittere
1191 1508 1273 1535 vero,
1288 1504 1399 1537 praeter
1414 1501 1466 1530 hoc
1480 1501 1555 1539 quod
1569 1502 1635 1531 dicit
1649 1501 1778 1540 effectum
1787 1525 1796 1537 ‚
1811 1503 1862 1531 im·
1878 1506 1982 1548 Q”{‘,¹„¹,¹J³²'

1016 1549 1107 1583 portat
1126 1546 1308 1583 personalem
1329 1547 1541 1577 distinctionem
1562 1556 1612 1585 per
1626 1549 1820 1578 auctoritatem
1836 1553 1863 1578 et

1015 1593 1279 1628 subauctoritatem;
1302 1596 1330 1622 et
1349 1594 1425 1629 ideo,
1447 1595 1497 1624 etsi
1518 1595 1598 1624 Pater
1618 1595 1715 1624 veniat
1736 1603 1799 1624 011111
1820 1596 1862 1624 Fi-

1015 1640 1067 1674 lio,
1083 1648 1137 1668 non
1153 1643 1245 1669 tamen
1260 1641 1346 1669 mittit
1359 1649 1388 1670 se
1402 1649 1465 1670 cum
1482 1641 1556 1670 Filio.
1573 1659 1607 1662 —
1624 1642 1663 1671 De
1678 1642 1782 1679 Spiritu
1798 1650 1860 1671 san·
1879 1646 1908 1664 M
1921 1646 1938 1664 4-

1015 1689 1059 1715 cto
1080 1695 1134 1715 non
1156 1687 1220 1715 facit
1240 1688 1423 1722 mentionem,
1445 1688 1511 1725 quia
1532 1696 1617 1725 supra
1629 1689 1652 1705 ¹²
1672 1689 1790 1718 dixerat.

1094 1733 1139 1761 39.
1162 1734 1241 1761 Haec
1263 1733 1375 1762 locutus
1395 1742 1462 1762 sum
1481 1734 1560 1763 vobis
1574 1737 1624 1763 etc.
1641 1735 1710 1764 Haec
1724 1739 1765 1764 est
1780 1736 1862 1765 tertia
1882 1739 2005 1766 Τπϋοιπεο-

1869 1762 1915 1781 ὼοίῑ
1919 1767 2005 1782 recessus

1015 1788 1080 1816 pars
1094 1780 1205 1817 capituli
1219 1780 1255 1814 ¹³,
1271 1781 1297 1808 in
1313 1789 1384 1817 qua,
1399 1781 1452 1809 iam
1467 1781 1538 1810 sacta
1552 1782 1759 1817 exhortatione,
1771 1791 1859 1819 prae·
1867 1786 2006 1828 {ging'goe'ggj

1015 1827 1085 1855 dicit
1106 1836 1235 1856 recessus
1262 1827 1312 1855 sui
1331 1828 1582 1862 accelerationem,
1604 1832 1650 1863 ut,
1672 1837 1735 1857 cum
1756 1829 1928 1858 factumsendo
1940 1833 1984 1852 duo-

1015 1873 1114 1908 fuerit,
1136 1874 1258 1903 credant.
1282 1874 1313 1902 Et
1334 1882 1368 1903 ne
1388 1875 1422 1903 de
1443 1875 1495 1904 hoc
1508 1875 1684 1910 desolentur,
1699 1884 1753 1905 non
1768 1877 1858 1905 statim

1015 1920 1197 1957 proponitur,
1218 1921 1265 1949 sed
1285 1921 1473 1957 praemittitur
1494 1922 1650 1950 consolatio
1671 1925 1699 1951 et
1716 1922 1860 1960 subiungi-

1016 1971 1063 1996 tur
1084 1967 1271 2002 acceleratio,
1293 1968 1330 1997 ibi
1344 1968 1385 1997 ¹4:
1408 1968 1493 1997 Nunc
1514 1969 1580 1997 ‹tz'aez‘
1598 1968 1678 1997 vobis
1699 1972 1750 1998 etc.

1076 2152 1086 2165 ⁶
1103 2154 1143 2176 Ed.
1162 2153 1246 2182 Quoad
1261 2153 1393 2176 secundum
1409 2152 1549 2176 notandum.

1075 2190 1084 2204 ⁷
1102 2192 1149 2215 Csr.
1166 2193 1181 2215 l.
1198 2193 1259 2215 Sent.
1277 2192 1299 2215 d.
1320 2192 1356 2214 l7.
1375 2198 1397 2220 p.
1415 2193 1431 2214 l.
1448 2199 1470 2221 q.
1489 2192 1510 2213 3.

1076 2229 1086 2243 ⁸
1105 2231 1163 2253 Vide
1185 2232 1198 2254 l.
1218 2231 1278 2253 Sent.
1296 2231 1318 2253 d.
1340 2231 1373 2253 ¹5,
1395 2237 1417 2259 p⁴
1436 2231 1449 2253 l.
1473 2237 1495 2259 q.
1519 2230 1541 2252 3.
1563 2233 1586 2252 et
1608 2230 1634 2257 4,
1657 2230 1696 2253 ubi
1722 2230 1857 2259 ostenditur,

1013 2270 1077 2299 quod
1095 2270 1186 2297 missio,
1204 2270 1296 2298 passive
1312 2272 1419 2298 accepta,
1436 2270 1564 2292 nullatenus
1580 2269 1626 2292 dici
1643 2272 1718 2297 potest
1735 2269 1764 2292 de
1781 2270 1857 2297 Patre,

1013 2315 1041 2331 eo
1058 2309 1121 2338 quod
1140 2310 1217 2332 missio
1235 2309 1326 2337 passiva
1344 2309 1452 2337 importet
1468 2309 1637 2331 emanationem
1654 2311 1676 2331 et
1693 2308 1857 2331 subauctorita-

1014 2350 1072 2375 tem,
1090 2350 1114 2370 ut
1130 2348 1198 2370 etiam
1217 2349 1273 2370 intra
1290 2348 1313 2370 in
1330 2348 1479 2376 responsione
1496 2348 1588 2370 dicitur.

1076 2385 1086 2399 ⁹
1103 2387 1149 2410 Cfr.
1168 2393 1238 2415 supra
1255 2393 1274 2409 c.
1294 2387 1315 2409 l.
1332 2393 1353 2409 n.
1371 2387 1408 2408 34.

1077 2425 1096 2438 ¹⁰
1114 2427 1136 2449 ln
1154 2427 1215 2449 loan.
1235 2427 1320 2454 Evang.
1339 2428 1366 2448 tr.
1383 2425 1422 2447 76.
1439 2432 1461 2448 n.
1480 2425 1500 2447 4.

1077 2465 1095 2478 ¹¹
1113 2465 1158 2488 Csr.
1181 2468 1236 2488 tom.
1254 2466 1285 2487 lll.
1309 2471 1362 2493 pag.
1381 2465 1422 2492 ⁴2,
1444 2467 1498 2486 nota
1521 2465 1543 2487 2.
1562 2476 1592 2481 —
1609 2465 1706 2487 Inferius
1728 2471 1771 2493 pro
1787 2464 1860 2487 alleri

1010 2510 1174 2533 personarum
1191 2504 1227 2526 ed.
1245 2504 1322 2532 inepte
1338 2503 1440 2526 alteram
1448 2509 1612 2533 personarum
1623 2503 1716 2526 mittere
1720 2512 1729 2532 ,·
1742 2502 1797 2526 ibid⁴
1813 2502 1830 2526 C
1840 2503 1857 2525 N

1014 2543 1123 2565 omittunt
1139 2542 1213 2565 Patri.
1709 2542 1716 2546 ⁵

1076 2579 1095 2593 ²⁹
1114 2581 1178 2603 Vers.
1197 2581 1233 2603 16.
1250 2583 1272 2603 et
1290 2581 1325 2603 ⁴7.
1342 2592 1374 2597 ——
1390 2580 1494 2608 August„
1517 2581 1540 2603 in
1561 2581 1622 2603 loan.
1640 2583 1667 2603 tr.
1683 2580 1721 2603 76.
1740 2587 1762 2603 n.
1779 2581 1809 2603 4:
1825 2581 1858 2603 Ne

1014 2620 1066 2648 quis
1082 2626 1152 2647 porro
1169 2619 1292 2648 existimet,
1309 2619 1398 2641 Patrem
1413 2619 1572 2642 tantummodo
1584 2622 1606 2641 et
1617 2619 1697 2642 Filium
1710 2619 1760 2642 sine
1771 2620 1856 2647 Spiritu

1013 2661 1093 2680 sancto
1110 2658 1173 2686 apud
1194 2658 1316 2680 dilectores
1338 2664 1393 2680 suos
1419 2659 1493 2681 facere
1519 2658 1675 2685 mansionem,
1691 2658 1777 2681 recolat
1793 2659 1856 2687 quod

1014 2697 1121 2724 superius
1138 2696 1170 2726 [v.
1184 2697 1230 2725 l7.]
1248 2697 1277 2719 de
1294 2697 1378 2724 Spiritu
1396 2700 1474 2719 sancto
1491 2697 1578 2719 dictum
1595 2699 1644 2719 est:
1660 2696 1735 2725 Quem
1751 2696 1856 2720 mundus

1013 2742 1062 2759 non
1075 2737 1151 2765 potest
1167 2735 1295 2765 accipere...
1312 2741 1353 2758 vos
1370 2737 1450 2758 autem
1469 2735 1613 2765 cognoscetis
1634 2742 1701 2764 eum,
1719 2736 1776 2766 quia
1792 2736 1858 2765 apud

1014 2780 1055 2798 vos
1071 2773 1175 2797 manebit
1190 2776 1212 2797 et
1228 2774 1253 2797 in
1269 2773 1334 2797 vobis
1350 2774 1403 2798 erit.

1077 2811 1096 2825 ¹³
1113 2813 1158 2836 Csr.
1174 2819 1243 2841 supra
1266 2819 1289 2835 n.
1308 2813 1328 2835 l.
1344 2825 1376 2830 —
1392 2813 1495 2836 Subinde
1516 2814 1638 2841 respicitur
1654 2820 1677 2836 v.
1695 2814 1740 2836 29:
1758 2815 1785 2837 Ut
1803 2820 1855 2836 cum

1014 2853 1098 2875 factum
1117 2852 1197 2880 suerit,
1213 2852 1318 2874 credatIS.

1075 2890 1095 2903 ¹4
1113 2891 1176 2913 vers.
1195 2892 1236 2914 29:
1254 2891 1284 2914 Et
1299 2897 1363 2914 nunc
1379 2891 1432 2914 diri
1447 2894 1490 2914 etc.
