2296 3316
273 639 355 659 Tertius.

277 1210 355 1229 Divisio.

230 1492 359 1511 Ostenduntur

253 1518 339 1540 quatuor.

230 1962 258 1981 De
265 1962 296 1986 pia
304 1963 363 1981 inteu-

254 1988 304 2005 tione
329 1991 362 2010 pu-

253 2010 323 2028 mentis
332 2015 364 2028 uo-

254 2035 362 2052 tantm-tna.

229 2103 362 2130 Expositiolil-

246 2127 357 2169 alitilia.
374 2139 524 2168 bonitatem
545 2138 697 2172 Creatoris;
719 2141 761 2167 est
781 2139 855 2167 enim
876 2146 989 2167 sensus:
1015 2138 1037 2167 O
1051 2146 1141 2176 quam
1162 2140 1224 2171 eto,

265 2179 328 2192 031153.

376 178 430 207 184

373 255 455 289 cisti,
476 255 510 283 de
541 254 656 283 materia
680 252 846 291 praeiacenti
874 252 1033 286 formando;
1059 251 1133 281 unde
1154 251 1219 281 Boe-

373 302 449 331 thius
465 303 491 330 ¹:

467 357 541 385 Quem
558 363 604 379 non
621 358 725 380 externae
742 355 881 384 pepulerunt
897 355 985 382 [lugere
1001 360 1085 377 causae

467 396 573 418 Materiae
590 396 698 419 fluitantis
714 401 787 424 opus,
804 400 887 417 verum
905 393 970 417 insitu
987 394 1073 416 summi

467 435 549 458 Forma
567 435 621 458 boni
638 437 683 457 etc.

372 489 448 519 Unde
469 490 682 519 Proverbiorum
704 489 811 519 decimo
832 489 950 518 sexto⁵¹x
977 499 990 514 α
1005 488 1138 517 Universa
1155 496 1220 525 pro-

372 539 434 573 pter
455 536 634 573 semetipsum
655 539 786 573 operatus
806 540 848 565 est
868 535 1001 565 Dominus
1015 547 1042 564 ».
1207 528 1210 532 ’

451 582 540 619 (Vers.
562 584 629 618 26).
654 583 802 619 Quomodo
823 586 921 612 autem
938 585 1035 620 posset
1048 582 1178 621 aliquid,
1193 582 1221 611 id

372 631 414 658 est
434 629 491 657 ulla
511 632 656 663 creatura,
675 638 863 666 permanere,
886 629 990 658 scilicet
1010 629 1037 658 in
1066 636 1117 658 suo
1144 637 1221 663 esse,-

371 675 432 704 πίει·
451 679 483 704 tu
502 675 657 710 voluis-sea,
678 676 706 705 id
727 679 783 710 est,
805 676 857 705 nisi
880 679 928 705 tua
952 676 1074 705 bonitate
1095 676 1221 704 volunta-

372 722 412 751 rie
433 725 632 751 conservares?
654 723 733 760 quasi
753 723 838 753 dicat:
859 723 936 752 nullo
957 722 1051 757 modo;
1067 722 1140 752 unde
1154 722 1221 751 Gre-

371 768 502 806 gorius³:
529 780 542 794 «
557 769 678 804 Cuncta,
700 778 771 807 quae
793 772 869 805 sunt,
891 770 918 798 in
934 770 1053 799 nihilum
1068 769 1221 804 tenderent,

371 815 423 844 nisi
444 823 529 845 manu
550 816 689 846 creatoris
712 820 936 846 sustentarentur
958 817 1001 845 vel
1021 819 1220 845 tenerentur».

373 863 432 891 Aut
453 863 530 901 quod
551 871 571 892 a
593 866 617 892 te
639 867 775 893 vocatum
796 872 855 893 non
875 867 961 898 esset,
983 864 1010 892 id
1031 866 1085 898 est,
1107 864 1159 892 nisi
1174 866 1223 892 tua

969 173 1138 203 COMMENT.
1161 173 1193 202 IN
1215 173 1406 203 SAPIENTIAM
1427 173 1455 202 C.
1478 174 1530 202 xil.

1276 251 1409 288 sapientia
1429 251 1562 280 intuendo
1583 251 1768 288 approbares;
1789 250 1823 279 ad
1851 251 1986 280 Romanos
2006 254 2121 289 quarto:

1280 310 1294 324 «
1309 298 1360 335 Qui
1377 301 1455 327 vocat
1475 306 1508 327 ea
1528 306 1600 335 quae
1616 306 1670 327 non
1686 300 1776 326 sunt»
1795 300 1860 332 etc.;
1876 299 2122 327 conservaretur?

1276 345 1353 382 quasi
1376 345 1464 374 dicat:
1486 344 1564 373 nihil.

1355 392 1444 428 (Vers.
1460 392 1528 427 27).
1546 391 1653 420 Parcis
1674 394 1771 420 aulem
1791 391 1942 425 omnibus,
1957 391 2060 421 scilicet
2075 392 2124 421 ho·
2139 399 2227 423 Quartus.

1277 439 1414 473 minibus,
1436 439 1484 476 qui
1505 438 1638 467 dicuntur
1669 438 1764 467 omnis
1791 441 1948 473 creatura,
1970 438 2123 468 secundum

1276 486 1345 515 illud
1366 485 1448 515 Marci
1469 485 1602 514 ultim04:
1629 496 1643 511 α
1657 484 1813 514 Praedicate
1846 485 2021 523 Evangelium
2050 486 2123 515 omni

1277 535 1422 562 creaturae
1436 543 1463 567 a;
1476 532 1593 570 parcis,
1608 532 1739 570 inquam,
1760 532 1826 570 quia
1847 532 1895 561 tibi
1909 535 1950 562 est
1965 532 2124 570 proprium,

1277 580 1358 609 iuxta
1377 580 1460 609 illud:
1487 591 1501 605 «
1516 580 1604 614 DeuS,
1620 579 1664 609 cui
1686 579 1831 617 proprium
1852 582 1894 609 est
1914 580 2038 610 misereri
2054 588 2125 610 sem-

1278 635 1327 665 per
1348 630 1375 656 et
1396 635 1511 665 parcere
1525 639 1552 655 n.
1576 627 1723 663 Quoniam
1744 630 1796 655 tua
1809 631 1895 662 sunt,
1911 628 2046 662 Domine;
2061 628 2125 657 Eze—

1278 674 1374 704 chielis
1394 674 1500 703 decimo
1513 676 1610 703 octavo
1621 674 1648 702 ⁵:
1668 685 1682 699 «
1696 673 1798 703 Omnes
1811 674 1919 703 animae
1933 682 2011 704 meae
2021 678 2086 704 sunt
2097 686 2124 710 »;

1278 722 1330 761 qui
1350 730 1436 750 amas
1457 721 1594 755 animas-,-
1615 721 1689 759 quod
1711 724 1798 758 patet,
1820 721 1886 759 quia
1906 721 2026 751 animam
2048 725 2124 751 tuam

1279 769 1395 807 posuisti
1416 777 1467 806 pro
1488 769 1543 804 eis;
1564 768 1672 798 Ioannis
1701 768 1808 797 decimo
1828 768 1942 806 quinto:
1968 780 1982 794 «
1996 769 2125 798 Maiorem

1279 817 1331 846 hac
1351 816 1525 845 dilectionem
1546 824 1628 845 nemo
1647 816 1758 846 habet»
1785 818 1853 851 etc.;
1868 816 1942 845 unde
1956 816 2125 845 Bernardus:

1285 875 1298 889 «ι
1312 863 1441 892 Maiorem
1463 863 1594 898 habuisti,
1615 871 1674 892 eam
1696 871 1801 900 ponens
1821 871 1872 900 pro
1893 863 2011 893 inimicis
2032 863 2125 893 tuis».

1134 962 1296 991 CAPrrULUM
1316 962 1369 990 Xll.

427 1058 541 1088 Seoundo,
559 1058 586 1082 de
602 1058 721 1089 punitione
738 1058 924 1083 chananaeorum
941 1058 965 1082 et
981 1058 1174 1082 Amol-rhaeorum.

454 1152 477 1181 Ο
491 1161 581 1190 quam
603 1152 695 1182 bonus
716 1156 766 1182 etc.
790 1154 936 1191 Postquam
958 1153 1013 1191 egit
1034 1153 1067 1182 de
1082 1153 1223 1182 beneficiis

372 1199 505 1228 exhibitis
525 1199 589 1228 filiis
611 1199 693 1229 Israel
715 1200 743 1229 in
764 1200 911 1229 afflictione
939 1201 983 1229 vel
1010 1200 1153 1237 punitione
1174 1201 1223 1229 Ae-

372 1247 531 1284 gyptiorum
553 1247 758 1284 principantem
781 1248 825 1276 hic
846 1248 902 1285 agit
922 1247 956 1276 de
976 1247 1117 1276 beneficiis
1142 1247 1223 1276 exhi-

373 1293 437 1322 bitis
457 1293 560 1322 eisdem
581 1294 609 1322 in
631 1294 778 1324 afflictione
802 1293 1049 1323 Chananaeorunz
1070 1297 1097 1323 et
1117 1296 1222 1323 Amor-

373 1339 532 1369 rhaeorum
561 1344 665 1370 terram
692 1341 881 1378 promissionis
906 1342 1119 1370 inhabitantium
1147 1342 1223 1378 prin-

374 1387 508 1425 cipaliter.

454 1435 482 1463 In
504 1435 593 1472 prima
613 1435 705 1472 primo
735 1435 890 1464 ostenditur
921 1436 1032 1464 illorum
1054 1436 1222 1473 populorum

375 1482 455 1511 iusta
475 1482 605 1519 punitio;
636 1482 770 1516 secundo,
801 1482 1008 1511 misericordia
1039 1482 1165 1511 exhibita
1196 1482 1222 1510 in

375 1528 507 1566 puniendi
529 1528 623 1557 modo:
646 1529 702 1558 Sed
732 1533 759 1558 et
789 1528 852 1562 his,-
874 1529 971 1563 tertio,
1000 1529 1094 1566 populi
1110 1529 1173 1557 ‘Dei
1196 1528 1223 1557 in

375 1579 496 1613 utroque
516 1576 686 1605 instructio:
716 1577 758 1605 Tu
780 1580 890 1610 aulem,
914 1576 1098 1609 dominator;
1113 1578 1223 1613 quarto,

374 1622 597 1652 adversariorum
629 1623 859 1660 incorrigibilium
890 1631 939 1660 per
970 1625 1123 1660 utrumque
1156 1631 1223 1651 con-

375 1669 538 1698 demnatio:
565 1669 643 1698 Unde
663 1673 690 1698 ec
709 1669 775 1698 z'llz‘s..

431 1771 515 1802 Primo,
533 1771 559 1795 da
576 1771 655 1795 horum
671 1771 803 1802 populorum
820 1771 885 1795 iusta
900 1771 1019 1802 punitione
1036 1771 1167 1802 dupliciter.

454 1858 483 1887 ln
504 1858 593 1895 prima
614 1858 704 1895 primo
725 1857 848 1895 tangitur
869 1857 914 1895 pia
928 1858 1046 1886 intentio
1058 1857 1224 1895 punientis,-

375 1905 512 1939 secundo,
534 1905 667 1944 aequitas
690 1905 869 1942 punitionis:
896 1905 963 1933 Illos
994 1905 1079 1934 enim.
1102 1921 1141 1925 —-
1162 1905 1222 1934 Piae

374 1952 534 1982 intentionis
549 1952 640 1989 primo
654 1951 773 1981 ostendit
794 1958 936 1985 eausam,
951 1952 1073 1980 secundo
1087 1952 1223 1989 siqnum:

375 1999 495 2037 Ideoque
516 2002 583 2032 etc.;
606 1999 688 2027 tertio
708 1998 808 2035 finem:
836 1998 871 2026 Ut
891 1997 994 2027 relicta
1014 1998 1131 2026 malicia
1151 2001 1202 2026 etc.

453 2046 542 2079 (Vers.
566 2046 612 2081 1.).
638 2045 661 2073 Ο
681 2053 771 2083 quam
793 2045 885 2073 bonus
912 2048 963 2073 etc.
987 2044 1157 2073 Exclamatio
1183 2046 1229 2073 est'

375 2093 493 2121 innuens
524 2092 748 2121 insufficientiam
779 2092 917 2129 loquentis
948 2091 982 2120 ad
1010 2090 1224 2128 exprimendum

375 2187 454 2224 quasi
475 2186 563 2214 dicat:
585 2194 641 2214 non
661 2186 739 2214 valeo
761 2186 920 2223 exprimere
948 2188 1102 2223 quantum,
1123 2188 1150 2213 et
1172 2185 1224 2213 hoc

377 2237 491 2271 propter
519 2233 682 2262 infinitatem
710 2233 841 2262 bonitatis
868 2236 941 2262 tuae.
971 2234 1088 2267 Bonus,
1121 2232 1225 2261 scilicet

376 2280 449 2309 bona
469 2284 518 2308 tua
539 2279 782 2313 communicand0;
808 2291 822 2305 <t
837 2282 878 2308 est
899 2279 972 2308 enirn
993 2279 1098 2308 bonum
1119 2278 1225 2307 diffusi-

379 2335 445 2356 vum
467 2327 510 2356 sui
525 2339 552 2361 n,
574 2326 727 2356 secundum
747 2327 947 2363 Dionysium⁶;
969 2326 1097 2355 Matthaei
1119 2326 1225 2355 decimo

1279 1067 1366 1088 nono:
1393 1060 1505 1088 «Nemo
1532 1059 1622 1088 bonus
1649 1059 1700 1088 nisi
1727 1060 1803 1089 solus
1823 1059 1935 1095 Deus»;
1958 1060 2033 1089 solus
2054 1060 2126 1089 enim

1279 1105 1353 1134 Deus
1374 1106 1558 1135 communicat
1579 1114 1644 1140 sua,
1665 1106 1754 1135 omnis
1775 1108 1904 1135 creatura
1917 1106 2047 1141 alienum,
2062 1107 2128 1144 quia

1279 1153 1348 1181 nihil
1369 1152 1452 1181 habet
1473 1161 1572 1187 suum;
1587 1153 1661 1182 unde
1675 1153 1781 1190 primae
1795 1153 1829 1182 ad
1843 1153 2000 1183 Corinthios
2013 1155 2126 1191 quarto:

1284 1211 1298 1225 «
1312 1200 1383 1236 Quid
1405 1200 1502 1234 habes,
1525 1200 1599 1238 quod
1620 1209 1675 1229 non
1696 1201 1824 1238 accepisti
1839 1203 1876 1229 »2
1901 1201 1934 1229 Et
1953 1201 2056 1230 suavi-5²
2076 1205 2127 1235 est,

1283 1247 1415 1281 Domine,
1436 1247 1561 1284 spiritus
1589 1250 1658 1276 tuus
1689 1247 1720 1276 in
1752 1247 1903 1281 omnibus,
1925 1247 2028 1276 scilicet
2047 1247 2127 1276 malis

1280 1293 1419 1330 parcendo
1439 1293 1557 1327 nostris;
1579 1293 1606 1321 in
1639 1293 1782 1322 Psalmo⁷:
1809 1304 1822 1318 «
1837 1293 1951 1322 Gustate
1972 1296 1999 1322 et
2020 1293 2124 1327 videte,

1281 1339 1412 1376 quoniam
1439 1340 1533 1368 suavis
1563 1343 1605 1368 est
1631 1340 1765 1368 Dominus
1780 1350 1806 1374 »;
1828 1339 1969 1377 spiritus,
1998 1339 2128 1377 inquam,

1281 1390 1350 1415 tuus
1382 1386 1429 1420 in,
1460 1386 1540 1415 nobis
1564 1386 1683 1421 scilicet,
1715 1386 1866 1420 omnibus,
1894 1386 2004 1415 Glossa:
2031 1397 2044 1412 (ε
2059 1386 2128 1423 Quia

1280 1442 1359 1462 amor
1381 1434 1427 1462 Dei
1450 1433 1511 1462 fons
1533 1434 1617 1462 totius
1648 1433 1712 1462 boni
1733 1437 1775 1462 est
1790 1445 1816 1461 ».
1841 1433 1874 1461 ln
1896 1433 2048 1468 omnibus,
2070 1442 2129 1462 ma-

1281 1481 1356 1509 xime
1377 1481 1405 1509 in
1427 1481 1529 1518 quibus
1550 1481 1636 1518 magis
1657 1483 1772 1518 apparet
1793 1480 1841 1509 Dei
1871 1480 2075 1516 misericordia3
2100 1481 2129 1510 in

1282 1528 1401 1557 Psalmo:
1428 1539 1441 1553 «
1456 1528 1554 1556 Suavis
1574 1528 1709 1556 Dominus
1729 1527 1869 1557 universis
1884 1539 1910 1556 ι).

1360 1575 1449 1612 (Vers.
1472 1574 1520 1610 2).
1545 1574 1674 1612 Ideoque,
1696 1575 1762 1612 quia
1782 1574 1874 1603 bonus
1894 1577 1920 1603 ec
1939 1575 2057 1609 suavis,
2083 1583 2130 1603 eos

1281 1621 1333 1661 qui
1352 1625 1500 1655 eaeerrant,
1522 1621 1550 1650 id
1571 1624 1625 1655 est,
1647 1625 1729 1650 extra
1747 1621 1818 1650 viam
1840 1621 1965 1651 veritatis
1985 1624 2080 1651 errant
2101 1622 2129 1650 in

1282 1668 1350 1702 fide,
1372 1668 1416 1697 vel
1437 1668 1579 1703 moribus,
1601 1668 1673 1697 sicut
1694 1668 1748 1703 illi,
1770 1668 1804 1697 de
1825 1668 1929 1706 quibus
1950 1668 2033 1698 Isaiae
2048 1668 2130 1706 quin-

1281 1715 1441 1752 quagesimo
1463 1715 1583 1743 tertioss:
1610 1726 1623 1739 «
1638 1715 1740 1744 Omnes
1761 1723 1811 1744 nos
1836 1715 1916 1752 quasi
1937 1723 2002 1745 oves
2023 1715 2129 1744 erravi-

1283 1770 1344 1791 mus
1360 1773 1385 1796 »;
1408 1762 1472 1791 item
1494 1762 1671 1797 Threnorum
1693 1764 1807 1799 quarto:
1834 1774 1847 1787 (ι
1862 1762 2033 1791 Erraverunt
2057 1762 2128 1791 caeci

1282 1809 1309 1838 in
1331 1809 1428 1846 plateis
1443 1820 1469 1843 »3
1487 1809 1627 1846 partibus
1658 1809 1802 1846 corripis,
1824 1809 1851 1837 id
1873 1811 1915 1838 est
1946 1809 2054 1847 flagella
2080 1817 2132 1846 per

1282 1858 1389 1893 partes,
1406 1864 1459 1884 non
1474 1856 1572 1890 simul,
1592 1855 1639 1885 sed
1661 1855 1815 1884 successive
1831 1855 2017 1890 immittendo,
2032 1863 2130 1885 secun-

1281 1903 1348 1932 dum
1370 1902 1438 1931 illud
1460 1903 1545 1931 Exodi
1568 1903 1700 1940 vigesimo
1715 1903 1797 1931 tertio
1808 1902 1835 1930 ⁹:
1862 1914 1875 1927 «
1890 1903 1948 1931 Non
1963 1902 2068 1932 ejiciam
2083 1910 2130 1932 eos

1281 1957 1298 1977 a
1311 1949 1379 1978 facie
1395 1952 1442 1979 tua
1456 1958 1528 1978 anno
1543 1958 1599 1978 uno
1612 1961 1638 1983 »‚
1653 1949 1700 1978 sed
1720 1960 1733 1974 «
1746 1949 1878 1986 paulatim
1892 1949 2029 1986 expellam
2044 1957 2091 1978 eos
2102 1959 2130 1983 »;

1282 1995 1327 2024 lob
1349 1995 1490 2033 trigesimo
1511 1996 1622 2033 quinto:
1649 2007 1663 2021 «
1677 1996 1755 2024 Nunc
1776 1996 1850 2024 enim
1871 2004 1926 2024 non
1946 1995 2030 2025 infert
2054 1995 2130 2024 furo-

1282 2051 1340 2072 rem
1368 2051 1451 2072 suum
1480 2051 1530 2071 nec
1556 2043 1701 2072 ulciscitur
1722 2043 1812 2072 scelus
1835 2043 1912 2072 valde
1927 2055 1954 2078 »‚
1975 2042 2023 2072 sed
2044 2042 2131 2071 modi-

1281 2098 1358 2124 cum;
1380 2089 1520 2126 corripis,
1543 2090 1665 2127 inquam,
1688 2090 1731 2119 vel
1751 2098 1801 2127 per
1823 2092 1862 2124 te,
1883 2090 1927 2119 vel
1952 2101 1966 2115 <x
1981 2098 2031 2127 per
2053 2089 2130 2123 aliOS,

1281 2145 1352 2174 quos
1382 2137 1487 2174 Spiritu
1517 2139 1611 2165 sancto
1642 2137 1732 2173 reples
1748 2149 1774 2171 ι),
1801 2136 1956 2166 secundum
1986 2136 2129 2170 Glossam;

1282 2183 1388 2212 loannis
1418 2183 1525 2222 decimo
1557 2186 1652 2212 sexto:
1679 2184 1811 2220 «Arguat
1840 2183 1976 2212 mundum
2006 2183 2040 2212 de
2068 2190 2131 2220 pec—

1282 2234 1342 2260 cato
1357 2243 1383 2259 ».
1408 2231 1441 2259 Et
1462 2231 1496 2259 de
1526 2230 1633 2268 quibus
1662 2234 1796 2267 peceant,
1818 2230 1845 2259 id
1866 2233 1907 2259 est
1927 2230 1962 2259 de
1993 2230 2128 2267 peccatis,

1282 2278 1385 2315 quibus
1415 2280 1544 2315 peccant;
1578 2277 1732 2312 admones,
1755 2277 1858 2306 scilicet
1886 2277 1994 2306 veniam
2016 2276 2131 2314 promit-

1283 2325 1380 2358 tendo,
1402 2324 1554 2353 secundum
1578 2324 1644 2352 illud
1676 2324 1804 2353 Matthaei
1830 2327 1931 2361 quarto
1942 2324 1981 2352 ¹⁰:
2007 2335 2021 2349 «
2037 2323 2132 2353 Poeni-

439 2472 446 2485 ¹
464 2472 525 2496 Libr.
542 2474 576 2496 111.
593 2473 622 2495 de
639 2473 731 2496 Consol.
748 2476 814 2495 metr.
832 2474 853 2495 9.

438 2511 447 2524 ⁹
465 2512 532 2534 Vers.
550 2512 571 2534 4.

439 2550 448 2563 ²³
465 2551 527 2574 Libr.
539 2551 600 2574 XVl.
612 2551 689 2574 Moral.
702 2557 721 2574 c.
735 2551 770 2574 37.
784 2557 807 2573 n.
819 2551 856 2574 45.
868 2551 914 2574 Csr.
925 2558 996 2580 supra
1009 2558 1063 2580 pag.
1073 2551 1129 2580 119,
1141 2554 1195 2574 nota
1206 2552 1227 2574 3.

376 2591 398 2613 in
416 2591 470 2613 fine.
485 2603 517 2607 —
533 2591 642 2619 Sequitur
659 2591 727 2613 Rom.
744 2590 770 2619 4,
789 2590 826 2613 17.

439 2629 449 2643 ⁴¹
466 2631 532 2653 Vers.
550 2630 587 2652 15.
604 2630 649 2653 Csr.
666 2636 735 2658 snpra
747 2636 803 2658 pag.
814 2630 856 2658 35,
869 2633 922 2653 nota
934 2632 956 2653 2.
968 2633 990 2653 et
1002 2637 1058 2658 pag.
1071 2630 1127 2658 114,
1139 2633 1192 2653 nota
1206 2631 1228 2653 6.

377 2668 448 2692 verba
465 2669 583 2697 Gregorii,
600 2670 639 2698 qui
657 2670 725 2692 etiam
738 2669 762 2692 in
774 2669 812 2691 lib.
825 2670 1027 2692 sacramentorum
1040 2669 1085 2692 sub
1097 2676 1120 2692 n.
1133 2669 1153 2692 4.
1168 2669 1228 2691 inter

378 2708 502 2732 Orationes
516 2714 563 2738 pro
578 2708 680 2738 peccatis
699 2708 795 2737 (Migne,
813 2709 895 2731 Patrol.
912 2709 960 2731 Lat.
983 2711 1037 2731 tom.
1054 2708 1092 2731 78.
1110 2708 1152 2730 col.
1175 2708 1226 2737 197)

377 2746 468 2770 exhibet
484 2747 623 2769 orationem:
641 2747 713 2774 Deus,
731 2747 768 2769 cui
786 2747 907 2775 proprium
924 2750 968 2769 etc.

440 2784 449 2797 ⁶
468 2786 533 2808 Vers.
550 2785 572 2814 4,
588 2797 620 2802 —
637 2786 744 2814 Sequitur
762 2786 822 2808 ioan.
846 2786 888 2813 15,
906 2786 942 2808 13.
965 2785 1042 2808 Verba
1060 2785 1170 2808 Bernardi
1188 2787 1228 2808 ha-

377 2824 461 2847 bentur
479 2824 501 2846 in
518 2825 592 2847 Serm.
609 2825 638 2847 de
655 2825 762 2847 passione
780 2825 870 2847 Domini
888 2825 912 2847 iu
930 2825 985 2847 feria
1002 2825 1040 2847 lV.
1051 2824 1167 2847 Hebdom.
1179 2830 1228 2847 san-

378 2866 440 2891 ctae,
457 2869 480 2885 n.
498 2863 524 2885 4:
542 2863 577 2885 Tu
594 2863 706 2886 maiorem
724 2863 837 2891 habuisti,
854 2864 963 2892 Domine¹
981 2870 1069 2891 ponens
1086 2870 1138 2886 eam
1158 2863 1227 2886 etiarn

377 2909 421 2931 pro
439 2903 545 2925 inimicis.

440 2940 449 2953 θ
467 2942 499 2964 De
520 2941 615 2964 Caelesti
638 2941 755 2964 Hierarch.
772 2947 791 2963 c.
809 2941 831 2964 4.
848 2941 861 2969 g
879 2942 900 2963 1.
917 2944 939 2964 et
955 2942 985 2964 de
1008 2942 1059 2964 Div.
1082 2942 1147 2964 Nom.
1164 2947 1184 2963 c.
1204 2941 1226 2964 4.

377 2981 391 3009 S
409 2982 430 3004 1.
447 2987 497 3010 seq.
513 2993 544 2998 -
561 2982 694 3009 Sequuntur
712 2981 788 3003 Matth.
806 2981 848 3007 19,
867 2981 908 3003 17;
926 2982 990 3004 Unus
1006 2984 1041 3003 est
1061 2980 1150 3008 bonus,
1167 2981 1229 3003 Deus

1284 2472 1348 2501 (Luc.
1367 2473 1408 2501 18,
1429 2472 1468 2494 19;
1486 2471 1557 2494 Nemo
1572 2471 1648 2494 bonus
1665 2471 1707 2494 nisi
1724 2471 1787 2494 solus
1799 2471 1872 2499 Deus;
1889 2471 1929 2493 cfr.
1948 2471 2016 2493 Marc.
2029 2470 2072 2498 lo,
2085 2470 2132 2499 18.)

1283 2512 1337 2534 etl.
1354 2510 1403 2534 Cor.
1424 2511 1449 2538 4,
1466 2510 1489 2533 7.

1346 2549 1355 2562 ⁷
1373 2551 1456 2573 Psalm.
1473 2550 1516 2577 33,
1534 2550 1556 2572 9.
1572 2562 1603 2566 —
1620 2549 1722 2572 Subinde
1739 2550 1867 2577 allegantur
1882 2549 1962 2572 Glossa
1973 2547 2133 2572 interlinearis

1285 2589 1335 2619 (cfr.
1352 2589 1470 2618 Rabanus)
1488 2591 1510 2611 et
1527 2589 1562 2611 Ps.
1580 2588 1637 2617 144,
1655 2589 1677 2611 9.
1694 2586 1696 2588 ’

1347 2627 1356 2640 ⁸
1374 2629 1441 2651 Vers.
1458 2629 1480 2651 6.
1496 2640 1528 2645 —
1546 2628 1598 2657 Seq.
1616 2628 1680 2650 locus
1696 2630 1731 2650 est
1748 2628 1833 2650 Threu.
1851 2627 1878 2654 4,
1897 2626 1934 2649 14.

1347 2666 1357 2679 ⁹
1374 2668 1441 2690 Vers.
1458 2667 1495 2689 29.
1513 2670 1535 2689 et
1552 2667 1590 2689 30.
1608 2667 1669 2695 (post
1681 2672 1728 2689 uno
1740 2666 1838 2694 Vulgata
1856 2666 1923 2694 plura
1940 2665 2022 2694 addit).
2039 2664 2084 2688 cfr.
2101 2665 2132 2687 iu-

1285 2708 1319 2729 fra
1335 2713 1360 2729 v.
1378 2707 1415 2729 10.
1431 2719 1463 2723 -
1480 2707 1613 2735 Sequuntur
1633 2705 1673 2728 lob
1696 2706 1740 2733 35,
1763 2706 1800 2728 15.
1822 2707 1844 2727 et
1865 2705 1945 2727 Glossa
1964 2703 2090 2727 ordinaria
2106 2710 2133 2726 ex

1284 2745 1393 2768 Rabano:
1414 2744 1522 2775 Corripis
1544 2751 1586 2773 per
1608 2751 1661 2773 eos,
1683 2751 1743 2774 quos
1765 2745 1853 2772 reples,
1875 2745 1912 2767 vel
1929 2749 1971 2772 per
1988 2743 2057 2771 alios,
2074 2749 2134 2772 quos

1285 2785 1399 2813 volueris;
1412 2785 1474 2808 unde
1487 2784 1557 2815 [loan.
1576 2785 1617 2812 16,
1629 2784 1675 2815 8.]:
1687 2784 1729 2808 Ille
1745 2785 1835 2814 arguet
1847 2783 1966 2807 mundum
1983 2782 2010 2806 de
2023 2784 2134 2812 peccato,

1285 2823 1313 2847 de
1329 2823 1419 2847 iustitia
1436 2825 1459 2847 et
1473 2823 1501 2846 de
1517 2823 1612 2847 iudicio.

1349 2861 1368 2874 ¹⁰
1385 2862 1452 2885 Vers.
1470 2862 1507 2884 17.
1518 2874 1550 2879 -
1562 2862 1611 2884 Duo
1628 2868 1694 2890 seqq.
1711 2861 1753 2884 loci
1771 2863 1824 2884 sunt
1841 2861 1890 2883 lsai.
1903 2860 1945 2888 45,
1957 2860 1994 2882 22.
2006 2861 2029 2882 et
2040 2859 2083 2886 30,
2095 2859 2133 2881 21.

1285 2901 1365 2924 Glossa
1382 2901 1477 2929 allegata
1495 2903 1529 2923 est
1545 2900 1705 2923 interlinearis
1721 2906 1748 2922 ex
1765 2899 1872 2922 Rabano:
1890 2900 1984 2928 Beatus,
2005 2898 2047 2927 qui
2070 2897 2134 2920 audit

1285 2947 1369 2964 vocem
1387 2940 1532 2963 admonentis
1550 2940 1610 2970 [cod.
1628 2937 1646 2962 A
1664 2939 1761 2963 verbum
1777 2938 1944 2968 admonentis}

2147 1579 2233 1598 Eiusdem
2247 1579 2262 1598 ai

2170 1608 2231 1626 gnum.
