2296 3316
140 193 307 222 credendum
329 193 392 221 duri
414 193 487 221 estis.
511 192 603 229 Signa
624 194 689 220 sunt
710 192 829 225 minora,
851 191 898 219 sed
916 199 986 228 pro-

139 239 222 277 diyia
243 242 309 268 sunt
328 239 433 267 maiora
453 239 594 267 miracula.
618 238 656 266 De
678 238 729 266 hac
750 237 914 266 Iudaeorum
935 237 987 265 du-

12 288 15 327 }
140 286 204 315 ritia
223 286 295 314 infra
322 285 524 314 duodecim0¹:
550 296 563 309 «
578 284 646 313 Cum
675 286 751 312 tanta
781 283 858 320 signa
878 283 987 312 fecisset

13 332 15 336 ⁴
139 341 232 362 coram
252 333 307 367 eis,
329 340 383 361 non
405 331 553 360 credebant
574 331 602 360 in
623 338 687 360 eum
703 341 730 365 ›>;
759 333 872 359 econtra
893 331 985 359 Sama-

140 380 221 408 ritani
244 379 301 408 solo
323 379 408 408 verbo
429 378 625 412 crediderunt,
647 380 679 407 ut
692 377 841 414 probatum
863 379 904 405 est
916 377 934 404 2.

47 460 48 463 Ἰ
218 427 263 455 76.
286 426 375 462 117015.
396 426 465 461 49.)
489 425 591 453 Diaeit³
613 424 655 453 ad
674 433 739 452 eum
761 423 899 461 1119111115.Ὶ
916 424 985 452 Tan-

2 472 130 523 jggggrlg‘goflg
141 474 215 510 gitur
230 473 275 501 hic
290 472 418 505 tertium,
434 471 537 514 scilicet
551 471 716 508 impetratio
730 470 887 504 miraculi,
903 478 984 507 quae,

13 520 90 540 ⁶¹³⁰¹¹¹¹2
139 520 190 549 etsi
210 527 264 548 non
286 518 365 547 fieret
392 521 506 555 propter
533 517 616 546 fidem
644 517 809 554 perfectam,
831 519 873 545 051
894 519 985 545 tamen

137 566 208 594 facta
238 568 352 602 propter
383 565 505 602 parentis
525 564 692 593 instantiam.
714 563 790 592 Unde
817 566 845 592 et
872 563 987 600 regulus

138 613 239 641 iterum
251 611 335 648 petit:
349 611 479 645 Domine,
491 611 634 644 descende,
645 610 822 648 priusquam
836 610 986 638 moriatur

10 635 13 690 1
138 658 219 696 filius
239 666 328 686 meus.
344 658 414 694 Quia
427 657 561 686 instanter
583 657 676 694 petiit,
697 657 834 691 obtinuit;
857 656 984 685 Matthaei

10 709 13 745 l
138 706 291 743 septimo4:
318 717 331 730 a
346 705 455 739 Omnis,
476 705 524 742 qui
539 705 616 741 petit,
631 704 744 741 accipit,
766 704 854 741 etqui
877 703 986 740 quaerit

138 752 251 787 invenit,
273 754 300 781 et
320 751 440 789 pulsanti
461 751 603 788 aperietur
618 762 645 786 ”3
666 754 693 780 et
715 751 803 779 Lucae
823 750 984 779 undecimo:

143 800 199 828 «Et
219 800 241 828 si
262 807 316 828 non
337 799 421 832 dabit,
443 798 509 835 quia
522 799 628 827 amicus
648 798 708 827 eius
730 798 777 833 sit,
799 800 912 835 propter
934 797 985 828 im-

138 846 303 884 probitatem
325 848 415 874 tamen
436 845 510 874 illius
531 848 626 882 surget
647 848 675 873 et
694 844 770 873 dabit
784 846 921 881 quotquot
937 843 984 872 ha-

138 894 184 923 bet
204 892 374 922 necessarios
388 904 415 927 »,
437 900 522 929 panes
543 892 654 921 scilicet.
678 892 739 921 Ideo
759 891 905 921 subditur:

217 941 262 968 77.
285 940 373 976 (Vers.
397 940 463 974 50).
489 939 565 967 Dicit
594 939 620 967 ei
650 939 748 967 Iesus:
778 938 870 972 Vade,
903 937 985 975 lilius

139 992 207 1016 tuus
228 987 314 1021 vivit,
336 986 363 1015 id
384 989 440 1020 est,
463 993 547 1014 sanus
567 985 655 1015 factus
670 988 719 1014 est.
735 986 797 1014 Ideo
817 985 883 1014 dicit
897 984 983 1019 vivit,

138 1034 204 1073 quia
224 1034 258 1063 ab
278 1033 438 1062 infirmitate
458 1033 567 1061 mortali
589 1033 774 1061 convaluerat.
797 1032 828 1060 Et
849 1033 901 1061 1100
922 1031 984 1069 qui-

138 1074 200 1111 dem
221 1082 303 1110 homo
324 1080 442 1114 meruit,
464 1079 545 1116 quia,
567 1080 693 1116 quamvis
714 1079 837 1108 nondum
859 1079 984 1107 crederet

138 1129 166 1157 in
187 1128 341 1162 Christum,
362 1126 477 1156 credidit
499 1129 589 1155 tamen
604 1126 689 1155 verbo
703 1126 813 1155 Christi.
830 1126 891 1155 Ideo
905 1125 982 1154 dicit:

140 1176 269 1205 Credidit
300 1174 383 1203 homo
414 1173 556 1207 sermoni,
578 1182 662 1211 quem
683 1174 757 1202 dimit
782 1173 808 1202 ei
840 1174 936 1206 105115,
958 1175 984 1200 et

138 1223 212 1256 ibat;
239 1221 372 1250 Glossa⁵:
403 1221 475 1249 «Sic
506 1220 610 1249 meruit
637 1220 754 1249 salutem
781 1220 838 1248 filio
849 1231 875 1247 ».
908 1218 984 1247 Unde

138 1269 272 1298 Dominus
293 1268 374 1298 Marci
396 1276 468 1296 0000
490 1267 550 1295 viro
571 1267 677 1304 roganti
699 1275 750 1304 pro
771 1267 859 1295 salute
880 1265 983 1294 11111111-

139 1317 198 1345 xit:
225 1328 239 1341 «
254 1316 279 1344 Si
301 1318 378 1352 potes
399 1314 529 1348 credere,
551 1315 643 1343 omnia
673 1314 812 1351 possibilia
838 1315 903 1342 sunt
923 1320 982 1341 cre-

137 1364 212 1393 denti
227 1374 253 1398 ’²3
275 1363 302 1391 id
323 1365 377 1396 est,
398 1361 541 1398 impetrari
562 1361 597 1390 ab
617 1369 650 1390 eo
671 1363 794 1398 possunt.

217 1410 262 1437 78.
285 1408 374 1444 (Vers.
408 1408 474 1444 51.)
504 1408 570 1435 lam
601 1411 697 1436 autem
728 1415 758 1435 eo
791 1406 981 1435 descendente.

7 1446 128 1506 {ggffifflssff
139 1456 272 1494 Tangitur
293 1455 338 1484 1110
358 1458 506 1492 quartum,
522 1454 624 1483 scilicet
638 1454 803 1491 aedificatio
818 1453 895 1490 fidei,
911 1460 983 1490 quae

7 1506 39 1521 >¹¹¹²
51 1501 101 1521 ¹¹²¹·
138 1504 209 1532 facta
229 1505 270 1532 est
291 1510 327 1531 ex
349 1501 503 1539 cognitione
525 1501 635 1530 virtutis
649 1504 676 1530 et
691 1501 834 1534 miraculi,
849 1500 923 1537 quod
938 1507 982 1528 co-

138 1550 231 1588 gnovit
252 1558 288 1579 ex
320 1549 452 1578 relatione
482 1556 637 1578 servorum.
661 1548 775 1585 Propter
796 1547 870 1584 quod
901 1547 981 1575 dicit:

138 1598 203 1626 Iam
224 1600 321 1625 autem
351 1605 381 1625 eo
412 1595 609 1629 descendente,
632 1598 826 1623 occurrerunt
852 1594 878 1622 ei
905 1593 984 1622 servi

137 1645 214 1679 cius,
236 1644 341 1673 bonum
361 1643 464 1672 scilicet
492 1642 620 1671 nuntium
649 1642 796 1675 habentes,
818 1649 872 1669 non
901 1641 983 1669 susti-

138 1693 274 1725 nuerunt,
296 1697 443 1728 quousque
457 1689 570 1718 domum
592 1688 758 1725 perveniret.
784 1688 984 1717 Oceurrerunt

139 1745 205 1775 prae
232 1737 332 1775 gaudio
359 1737 536 1770 festinanter,
565 1736 636 1764 sicut
662 1735 735 1764 servi
763 1735 889 1769 domino;
918 1735 984 1763 Mat-

139 1784 212 1813 thaei
233 1784 363 1821 vigesimo
384 1783 519 1820 quintoss:
546 1793 559 1807 (ι
575 1782 657 1816 Ecce,
679 1789 797 1818 sponsus
811 1781 895 1815 venit,
910 1781 984 1810 exite

139 1831 249 1860 obviam
270 1831 333 1860 ei».
357 1831 393 1858 Et
418 1830 632 1858 nuntiaverunt
661 1829 696 1863 ei,
718 1828 794 1866 quod
814 1827 894 1865 silius
922 1828 984 1856 eius

139 1878 261 1912 viveret,
283 1877 310 1906 id
331 1880 384 1911 est,
408 1879 524 1906 curatus
545 1879 625 1905 esset.

218 1925 263 1953 79.
287 1924 375 1960 (Vers.
399 1924 465 1959 52).
489 1922 695 1959 Interrogabat
708 1930 776 1959 eryo
791 1920 909 1955 horam,
925 1929 985 1959 qua

138 1971 241 2000 melius
262 1970 406 1999 habuerat
417 1970 438 2004 ⁷,
460 1972 491 1998 ut
512 1977 561 2006 per
583 1970 681 1998 horam
696 1971 872 2005 recognoscat
886 1968 913 1996 in
928 1968 985 1996 filio

140 2019 240 2048 Christi
262 2018 421 2056 potentiam.
446 2018 480 2046 Et
501 2017 640 2045 dixerunt
660 2016 699 2045 ei.-
728 2016 806 2051 Quia
827 2015 890 2044 lteri
911 2014 985 2043 hora

139 2066 262 2104 septima
289 2065 406 2103 reliquit
437 2073 501 2093 eum
528 2063 634 2101 febris,-
655 2066 682 2092 et
712 2071 749 2092 ex
781 2063 833 2091 1100
859 2062 985 2099 cognovit

140 2113 242 2142 Christi
264 2113 404 2141 virtutem.
428 2111 502 2141 Unde
523 2111 665 2148 sequitur:

218 2161 264 2188 80.
287 2160 375 2194 (Vers.
399 2158 466 2194 53).
485 2157 621 2196 Cognovit
634 2165 702 2195 0190
717 2160 820 2194 pater,
841 2156 912 2194 quia
934 2156 985 2184 illa

140 2206 214 2235 hora
234 2210 314 2240 erat,
336 2206 368 2234 in
388 2214 447 2244 qua
469 2205 545 2234 discit
564 2204 590 2233 ei
610 2204 708 2233 Iesus:
732 2203 827 2232 Filius
854 2207 923 2231 tuus
943 2203 985 2232 vi-

139 2253 196 2287 vit,
218 2255 245 2281 et
265 2252 318 2287 ita,
340 2251 414 2289 quod
436 2251 522 2288 ipsius
543 2250 628 2279 verbo
650 2250 774 2278 virtuoso
795 2252 907 2278 sanatus
921 2249 984 2283 fuit;

140 2299 220 2328 iuxta
240 2298 308 2327 illud
329 2298 481 2335 Sapientiae
511 2297 617 2326 decimo
644 2295 761 2325 sextoss:
788 2307 801 2320 «
816 2296 875 2324 Non
899 2296 987 2324 herba

141 2353 231 2382 neque
252 2345 386 2382 malagma
417 2344 522 2373 sanavit
553 2351 616 2378 eos,
639 2343 686 2372 sed
711 2350 802 2371 sermo
834 2345 912 2376 tuus,
934 2342 987 2370 Do-

203 2512 211 2527 ¹
230 2514 294 2536 Vers.
313 2513 350 2536 37.
366 2525 397 2530 —
414 2513 476 2536 Multi
493 2513 560 2535 codd.
578 2513 686 2535 omittunt
701 2512 828 2536 miracula.

205 2552 214 2566 ²
232 2554 306 2582 Supra
322 2560 344 2576 v.
362 2553 399 2575 39.
416 2559 481 2582 seqq.

203 2591 212 2605 ³
230 2593 328 2621 Vulgata
346 2591 414 2623 Dicit.
431 2604 462 2608 —
480 2591 574 2614 Interius
591 2598 634 2620 pro
648 2590 756 2621 parentis
773 2591 810 2613 ed.
824 2590 932 2620 petentis.

203 2630 218 2645 *ν
230 2632 296 2654 Vers.
313 2632 335 2653 8.
351 2643 382 2647 —
399 2630 510 2661 Sequitur
523 2631 577 2653 Luc.
596 2630 637 2657 11,
653 2630 676 2652 8.

203 2669 212 2683 ⁵
230 2670 319 2693 Scilicet
334 2669 508 2697 interlinearis,
526 2675 586 2698 quae
603 2672 628 2692 ut
644 2669 681 2691 ed.
698 2669 762 2691 addit
778 2670 799 2692 et
813 2668 865 2692 sibi.
877 2668 952 2696 Beda,
963 2668 985 2690 in

141 2712 202 2733 hunc
219 2711 308 2733 locum:
325 2709 450 2738 lncipiebat
466 2709 528 2731 enim
551 2708 621 2731 fldem
644 2707 730 2730 habere
748 2708 773 2730 in
794 2714 902 2731 sermone
924 2709 985 2736 lesu,

141 2752 163 2772 et
178 2750 231 2772 ideo
248 2749 367 2772 sanitatem
385 2748 470 2771 meruit
485 2747 537 2776 filii,
549 2749 572 2770 et
582 2747 621 2776 qui
633 2753 659 2770 ex
671 2750 737 2775 parte
748 2746 833 2770 dubius
853 2747 916 2769 venit
932 2746 986 2769 fide-

141 2788 167 2811 lis
183 2789 288 2816 recessit;
306 2790 328 2811 et
344 2788 397 2811 ideo
415 2787 534 2810 sanitatem
553 2787 636 2809 meruit
652 2786 700 2809 filii.
711 2799 743 2803 —
754 2786 858 2809 Subinde
875 2786 986 2814 allegatur

141 2828 209 2850 Marc.
226 2828 254 2855 9,
271 2828 308 2850 32.

203 2864 213 2878 ‘³
230 2866 296 2889 Vers.
314 2866 335 2888 6.
352 2878 383 2882 -
400 2865 494 2888 Inferius
505 2867 558 2893 post
569 2864 599 2888 Et
609 2863 782 2887 nuntiaverunt
792 2863 814 2887 ei
824 2864 923 2892 Vulgata
935 2869 985 2892 pro-

142 2905 244 2934 sequitur
261 2904 374 2932 dicentes,
392 2904 448 2934 quia
464 2903 528 2934 filius
546 2905 589 2926 010.

762 115 931 143 COMMENT.
954 115 986 142 IN
1008 114 1153 143 IOANNEM
1175 115 1202 143 C.
1226 116 1266 143 IV.

1833 118 1885 147 301

1044 191 1154 220 mine».
1183 192 1213 220 Et
1241 201 1277 221 ex
1309 194 1360 221 hac
1388 194 1542 230 cognitione
1570 194 1697 232 sequitur
1724 195 1889 232 aedificatio

1042 237 1117 274 fidei.
1141 238 1202 267 Ideo
1223 239 1303 268 dicit:
1321 241 1355 268 Et
1376 241 1499 269 credidit
1513 241 1572 278 ipse
1586 245 1610 269 et
1624 242 1729 270 domus
1743 241 1806 270 eius
1821 245 1888 270 tota.

1043 284 1098 312 lam
1119 285 1173 313 fide
1194 286 1315 322 perfecta
1345 287 1403 323 ipse
1430 287 1546 316 credidit
1567 287 1632 316 huic
1653 288 1775 316 secundo
1795 289 1888 325 signo,

1042 331 1090 368 qui
1113 334 1202 360 tamen
1224 336 1337 369 propter
1358 334 1481 370 primum
1503 342 1557 362 non
1572 334 1735 363 crediderat.
1752 334 1812 363 [deo
1827 335 1890 365 sub-

1043 378 1132 415 iungit
1154 379 1339 416 Evangelista:

1122 425 1167 453 81.
1190 425 1278 459 (Vers.
1302 426 1368 462 54).
1391 427 1452 455 Hoc
1467 428 1573 456 iterum
1593 428 1755 456 secundum
1768 428 1887 466 sipnum

1042 470 1110 509 feeit
1131 472 1230 504 lesus;
1250 472 1425 506 secundum,
1447 473 1551 502 scilicet
1571 477 1700 510 respectu
1720 474 1794 503 illius
1815 475 1889 512 quod

1042 518 1094 547 fuit
1108 518 1136 546 in
1152 518 1270 555 nuptiis;
1286 527 1354 547 cum
1368 520 1488 548 venisset
1503 528 1523 548 a
1538 521 1650 549 Iudaea
1665 521 1696 549 in
1714 521 1887 556 Galilaeam,

1042 566 1089 598 ut,
1111 564 1177 601 quia
1198 572 1247 601 per
1269 565 1390 601 primum
1416 574 1470 594 non
1502 566 1763 604 crediderant‚‚per
1791 575 1888 597 secun¹>

1042 610 1109 639 dum
1130 611 1258 645 credant;
1282 612 1367 640 Exodi
1389 613 1512 649 quarto⁹
1534 613 1605 642 dixit
1633 614 1767 643 Dominus
1788 615 1887 651 Moysi:

1047 669 1060 682 a
1075 657 1101 685 Si
1123 666 1177 686 non
1199 658 1366 688 crediderint
1380 667 1470 696 neque
1489 659 1628 688 audierint
1647 668 1802 689 sermonem
1818 661 1887 698 signi

1042 704 1158 741 prioris,
1180 705 1292 733 credent
1314 705 1400 734 verbo
1421 706 1490 743 signi
1513 707 1688 743 sequentis».

1120 752 1166 780 852.
1189 752 1346 781 Mor-aliter.
1369 753 1416 781 Hic
1437 753 1666 782 considerandum
1684 757 1740 788 est,
1756 755 1818 792 quis
1843 763 1887 783 re·
1906 757 2002 799 {ffislii‘sio

1039 798 1142 835 palus,
1165 799 1227 835 quis
1248 799 1344 836 repuli
1362 799 1453 836 filiu-5,
1475 808 1531 837 qua
1551 799 1721 837 infirmitate
1737 801 1886 836 detinetur,
1989 794 1993 799 ’

1041 853 1097 882 qua
1118 844 1192 874 liora
1213 849 1335 874 sanatur.
1357 847 1466 874 —Reoe
1487 846 1589 875 dicitur
1610 847 1737 883 superior
1758 855 1823 884 pars
1844 856 1888 877 ra⁷

1040 892 1137 926 tionis,
1159 892 1203 920 cui
1226 895 1313 921 totum
1329 900 1446 929 regnum
1466 893 1574 922 animae
1595 896 1636 922 est
1657 894 1832 923 commissum
1853 894 1888 924 ad

1041 938 1231 973 iudicandum3
1248 939 1320 967 unde
1335 939 1363 967 in
1386 939 1491 968 Psalmo
1503 940 1541 968 ¹⁰.-
1564 940 1598 968 Et
1612 948 1705 974 nunc,
1727 949 1821 978 reyes,
1843 941 1887 969 in-

1041 985 1161 1023 telliyite.
1195 986 1246 1014 Iste
1274 986 1376 1015 dicitur
1408 987 1528 1024 repulus
1549 995 1565 1015 a
1592 987 1713 1016 iustitiae
1738 988 1886 1024 parvitate,

1040 1032 1151 1069 quando
1172 1033 1291 1061 animam
1312 1034 1383 1062 male
1397 1036 1424 1062 et
1439 1034 1583 1070 pueriliter
1604 1034 1688 1071 regit;
1710 1034 1887 1063 Ecclesiastae

1040 1079 1146 1108 decimo
1158 1081 1195 1108 ¹¹:
1225 1080 1280 1108 Vae
1294 1084 1404 1115 terrae,
1420 1081 1506 1109 cuius
1520 1089 1572 1109 rex
1584 1089 1660 1117 puer
1681 1085 1736 1115 est,
1758 1085 1784 1110 et
1801 1082 1887 1110 euius

1038 1126 1189 1162 principes
1206 1134 1292 1154 mane
1306 1127 1476 1155 comedunt!
1491 1143 1527 1148 -
1543 1127 1630 1156 Huius
1651 1128 1728 1165 reyz's
1747 1127 1826 1159 silius
1847 1128 1887 1156 di·

1040 1173 1113 1201 citur
1141 1173 1254 1201 inferior
1282 1181 1346 1210 pars
1375 1174 1504 1208 rationis,
1525 1182 1597 1211 quae
1625 1174 1747 1203 eiusdem
1770 1177 1887 1203 naturae

1040 1221 1082 1247 est
1095 1221 1123 1247 et
1136 1219 1170 1247 ab
1185 1219 1244 1255 ipsa
1265 1219 1401 1253 docenda;
1418 1220 1596 1249 Ecclesiastici
1617 1221 1758 1257 trigesimo
1768 1221 1802 1248 ¹2:
1831 1221 1888 1256 Qui

1040 1266 1119 1294 docet
1138 1265 1235 1302 silium
1254 1275 1342 1294 suum
1376 1266 1556 1295 laudabitur.
1580 1284 1616 1288 —
1639 1268 1685 1296 Hic
1716 1268 1788 1304 regis
1813 1268 1887 1296 tilius

1040 1312 1216 1348 infirmatur
1241 1312 1335 1349 febre,
1358 1312 1468 1349 quando
1499 1313 1569 1341 ratio
1601 1314 1727 1350 sequitur
1757 1314 1887 1351 concupi-

1040 1359 1188 1395 scentiam,
1211 1367 1282 1396 quae
1303 1362 1345 1388 est
1367 1363 1497 1396 tanquam
1513 1359 1598 1388 febris
1619 1360 1706 1389 calida
1721 1365 1748 1389 et
1763 1361 1886 1397 putrida;

1040 1406 1219 1435 Ecclesiastici
1242 1406 1373 1443 vigesimo
1395 1406 1476 1434 tertio
1489 1406 1527 1433 ¹³:
1551 1406 1661 1435 Anima
1682 1407 1780 1435 calida
1801 1407 1888 1445 quasi

1039 1453 1117 1490 iynis
1138 1453 1260 1487 ardens,
1275 1461 1334 1481 non
1348 1453 1567 1490 exstinquetur,
1588 1453 1676 1482 donec
1697 1453 1811 1492 aliquid
1823 1454 1887 1491 plu-

1040 1501 1101 1529 tiat.
1124 1500 1351 1536 Concupiscentia
1381 1500 1449 1528 haec
1475 1503 1607 1537 tanquam
1638 1500 1722 1529 febris
1747 1501 1886 1529 hominem

1039 1548 1189 1584 inquietat,
1211 1547 1292 1575 modo
1313 1555 1362 1583 per
1377 1547 1513 1581 calorem,
1528 1547 1609 1576 modo
1624 1555 1673 1584 per
1689 1548 1788 1584 t'rigus;
1805 1548 1887 1576 Isaiae

1040 1593 1269 1631 quinquagesimo
1291 1593 1423 1630 septimo:
1446 1594 1536 1631 Impii
1555 1594 1643 1632 quasi
1662 1602 1746 1622 mare
1759 1593 1887 1631 fervens,

1040 1641 1117 1679 quod
1137 1641 1280 1679 quiescere
1294 1649 1352 1669 non
1366 1644 1469 1677 potest,
1484 1644 1509 1669 et
1523 1641 1691 1670 redundant
1703 1641 1811 1678 fluctus
1825 1642 1888 1670 eius

1040 1688 1072 1716 in
1093 1687 1336 1717 conculcationem
1358 1690 1384 1715 et
1404 1687 1506 1716 lutum.
1523 1688 1627 1717 -Iste
1650 1688 1792 1717 liberatur
1813 1688 1888 1718 liora

1040 1735 1163 1771 septima
1191 1734 1255 1762 diei.
1288 1734 1352 1762 Dies
1380 1734 1424 1762 bic
1456 1736 1546 1770 potest
1572 1734 1624 1763 dici
1657 1735 1799 1769 Christus,
1822 1736 1888 1772 quia

1041 1782 1099 1819 ipse
1120 1784 1162 1810 est
1183 1781 1222 1809 sol
1238 1781 1332 1810 lucens
1347 1789 1432 1818 super
1447 1784 1566 1815 terram;
1582 1781 1653 1810 infra
1668 1785 1764 1811 octavo
1775 1783 1811 1810 ¹4:
1827 1783 1888 1820 Ε90

1040 1837 1107 1857 sum
1129 1828 1180 1856 lux
1202 1828 1314 1856 mundi.
1337 1844 1375 1848 —
1397 1828 1493 1856 Horae
1514 1828 1594 1857 istius
1621 1828 1674 1857 diei
1700 1831 1765 1857 sunt
1785 1829 1886 1858 diversi
1900 1830 2029 1873 (1111113362ὴο-

1041 1878 1129 1904 status
1157 1874 1272 1908 Christi,
1300 1882 1336 1903 ex
1366 1883 1487 1911 quorum
1519 1875 1737 1904 consideratione
1757 1876 1847 1904 anima
1871 1884 1887 1905 a

1041 1922 1158 1951 diversis
1179 1921 1400 1958 aegritudinibus
1415 1922 1557 1951 liberatur.

1122 1968 1167 1996 83.
1191 1968 1281 1996 Prima
1303 1968 1372 1997 hora
1392 1972 1434 1997 est
1455 1969 1637 2003 incarnatio,
1666 1973 1693 1998 et
1720 1970 1788 1998 haec
1820 1969 1886 1998 libe·
1901 1970 2028 1995 13013111ωὸ-

1041 2019 1085 2043 rat
1115 2023 1131 2043 a
1162 2014 1301 2052 superbia
1327 2015 1508 2044 illuminando
1535 2015 1568 2044 ad
1600 2015 1800 2050 humilitatem,
1822 2015 1888 2053 quia

1042 2062 1198 2090 humiliavit
1227 2070 1255 2090 se
1286 2062 1314 2090 in
1342 2062 1544 2097 incarnatione;
1566 2062 1600 2091 ad
1629 2062 1816 2099 Philippenses
1845 2071 1887 2092 50-

1041 2108 1190 2137 cundoff:
1218 2108 1391 2137 Exinanivit
1417 2109 1622 2146 semetipsum,
1651 2108 1782 2146 formam
1809 2109 1888 2137 servi

1043 2156 1194 2193 accipiens.
1218 2172 1256 2176 —
1277 2155 1401 2184 Secunda
1421 2159 1463 2184 est
1483 2156 1639 2190 nativitas,
1661 2159 1688 2184 et
1707 2156 1774 2185 haec
1789 2156 1888 2185 liberat
1904 2158 1998 2177 Secunda-

1042 2203 1077 2231 ab
1092 2203 1223 2231 avaritia
1239 2202 1419 2231 illuminando
1439 2202 1473 2230 ad
1494 2205 1701 2239 paupertatem,
1723 2203 1789 2240 quia
1809 2203 1888 2232 Chri-

1044 2252 1103 2279 stus
1117 2252 1199 2278 natus
1213 2252 1255 2278 est
1275 2257 1396 2286 pauper,
1412 2249 1484 2277 sicut
1497 2249 1599 2278 dicitur
1614 2249 1702 2278 Lucae
1716 2249 1836 2278 secundo
1849 2250 1887 2277 ¹⁶:

1044 2296 1161 2333 Peperit
1192 2296 1301 2324 Filium
1337 2304 1426 2323 suum
1458 2295 1687 2333 primoyem'tum
1720 2300 1745 2324 et
1776 2296 1888 2333 pannis

1043 2351 1109 2370 eum
1130 2341 1249 2370 involvit
1269 2345 1294 2370 et
1315 2341 1469 2370 reclinavit
1488 2350 1554 2370 eum
1575 2342 1607 2370 in
1628 2342 1795 2379 praesepio,
1817 2342 1888 2380 quia

1106 2510 1114 2523 ⁷
1133 2512 1230 2540 Vulgata
1248 2511 1334 2534 horam
1350 2510 1380 2534 ab
1397 2510 1442 2538 eis,
1461 2510 1485 2533 in
1501 2516 1549 2540 qua
1565 2509 1650 2533 nzelius
1668 2509 1783 2533 habuerit.

1106 2548 1116 2562 ¹³
1133 2550 1198 2573 Vers.
1217 2550 1258 2572 42:
1276 2550 1355 2578 Neque
1372 2547 1442 2571 herba
1460 2551 1503 2571 etc.
1514 2561 1545 2566 —
1557 2549 1668 2577 Superius
1685 2551 1736 2576 post
1747 2549 1812 2572 lesus
1824 2548 1888 2571 multi

1042 2589 1113 2612 codd.
1133 2589 1220 2612 addunt
1241 2588 1309 2612 Vade.

1105 2627 1115 2640 ⁹
1133 2629 1198 2652 Vers.
1216 2629 1242 2651 8:
1259 2629 1283 2651 Si
1300 2634 1346 2651 non
1364 2628 1514 2656 crediderint,
1532 2628 1618 2657 inquit,
1636 2627 1689 2655 tibi,
1706 2634 1782 2657 neque
1798 2631 1842 2650 etc.

1106 2667 1125 2680 ¹⁰
1142 2669 1224 2691 Psalm.
1241 2668 1268 2694 2,
1287 2668 1323 2689 40.
1340 2666 1386 2689 Cir.
1402 2673 1472 2694 supra
1489 2673 1510 2689 n.
1529 2667 1566 2689 33.

1106 2705 1124 2718 ¹¹
1143 2706 1209 2729 Vers.
1227 2706 1268 2728 ⁴6:
1287 2706 1335 2728 Vae
1352 2704 1404 2733 tibi,
1422 2708 1494 2733 terra,
1511 2705 1577 2728 euius
1593 2708 1637 2728 etc.

1106 2743 1125 2757 ¹²
1142 2746 1209 2768 Vers.
1226 2746 1248 2767 2.

1106 2782 1125 2796 ¹⁸
1143 2784 1209 2806 Vers.
1226 2784 1263 2806 22.
1280 2795 1311 2800 —
1328 2783 1436 2813 Sequitur
1453 2783 1502 2806 lsai.
1520 2783 1561 2811 57,
1578 2784 1616 2806 20.

1105 2821 1125 2835 ¹⁴
1143 2823 1209 2845 Vers.
1226 2823 1264 2845 42.

1105 2860 1125 2874 ¹⁵
1142 2862 1208 2884 Vers.
1224 2861 1246 2883 7.

1106 2899 1126 2913 ²⁵
1143 2901 1207 2923 Vers.
1225 2900 1246 2922 7.
