2296 3316
234 394 339 412 Difficultas

245 418 329 436 solvitur.

232 582 304 600 Salutio
318 581 335 599 ᾗ.

262 1005 335 1023 Ohieut.

279 1240 334 1264 Resp.

209 1474 279 1493 Solutio
289 1475 340 1493 obie-

226 1498 293 1516 erinnis
307 1499 341 1517 du—

226 1522 275 1545 pler.

231 1802 334 1825 Virginitas

207 1825 291 1848 perditur
301 1826 333 1844 tri-

207 1849 286 1872 pliciter.

356 170 412 197 272

356 249 431 275 ctum
454 246 538 274 suerit
560 246 612 274 hoc
635 245 801 273 miraculum
824 247 885 281 post
906 244 1075 281 baptismum
1097 244 1204 273 Domini

356 296 383 321 et
403 292 522 321 reditum
544 292 604 321 eius
631 291 665 320 de
685 291 796 320 deserto
822 294 850 320 et
871 291 1020 319 adventum
1043 291 1069 319 in
1090 291 1205 320 Galilae-

356 347 399 368 am
414 341 439 373 ¹.;
454 339 593 373 dicemus,
609 338 683 375 quod
698 338 750 366 suit
766 346 852 374 prope
868 338 978 366 Pascha.
996 355 1031 358 —
1047 338 1101 367 Nec
1114 338 1205 367 obstat

354 394 415 415 mos
430 386 578 420 Ecclesiae,
593 385 659 422 quia
675 385 793 414 Ecclesia
808 385 890 413 simul
907 385 958 414 ista
973 384 1025 413 tria
1036 385 1158 414 celebrat
1172 384 1206 413 de

355 433 434 462 stella
453 436 480 461 et
502 432 630 461 columba
651 435 678 461 et
699 432 763 461 vino
786 435 907 466 mutato,
929 432 995 468 quia
1016 432 1150 460 Dominus
1177 432 1205 460 in

355 480 399 509 his
421 480 511 508 tribus
539 479 630 516 primo
651 479 786 513 innotuit;
817 479 858 507 vel
880 479 946 515 quia
974 486 1062 515 aquae
1089 478 1205 507 mutatio

355 526 489 564 significat
511 527 566 555 vim
588 526 807 563 regenerativam
822 526 903 563 aquis
924 525 1067 559 collatam,
1089 525 1205 553 Domino

354 573 491 610 baptizato
502 574 521 601 2.
538 589 574 594 —-
590 573 616 602 Si
638 576 730 601 autem
753 572 871 601 velimus
892 572 1030 601 sustinere
1044 572 1125 600 aliam
1147 571 1205 608 opi-

354 621 480 654 nionem,
513 620 758 657 respondebimus,
790 619 863 656 quod
891 627 954 648 cum
986 619 1101 653 dicitur,
1120 619 1205 655 quod

350 672 417 705 post
437 666 529 696 lictcc³
551 667 695 696 descendit
718 666 950 704 Caplzarnaum,
979 665 1204 703 intelligendum,

354 714 427 752 quod
450 723 502 743 non
525 714 617 743 statim
643 718 710 751 post
731 713 818 747 haec,-
840 713 887 742 sed
914 713 1057 750 aliquanto
1079 716 1205 749 tempore

355 762 527 798 interposito,
551 762 588 790 ita
609 761 684 798 quod
707 761 808 790 Pascha
828 760 1077 797 appropinquabat.

436 810 477 837 15.
504 809 614 845 Quaest.
641 808 668 836 ll.
694 808 824 844 Quaestio
850 810 891 836 est
917 806 951 835 de
979 814 1012 835 eo
1037 806 1117 835 cuius
1145 806 1204 835 fue-

354 859 420 884 runt
441 856 561 892 nuptiae.
577 872 615 875 -
631 855 662 883 Et
676 855 750 892 quod
771 854 885 883 suerunt
908 853 1045 887 loannis,
1059 853 1161 882 dicitur
1176 853 1204 881 in

354 903 469 940 Prologo
490 911 576 939 supra
586 903 607 936 4,
629 905 657 931 et
677 902 847 939 Augustinus
868 901 939 930 dixit
961 902 987 930 in
1013 901 1108 930 Glossa
1129 900 1204 929 simi-

354 950 415 979 liter
438 958 522 987 super
548 949 724 986 principium.
752 965 788 970 —
813 948 864 978 Sed
885 952 990 977 contra
1012 948 1064 976 hoc
1091 947 1204 984 opponit

354 996 485 1025 Vict0r5:
512 996 608 1025 «Cum
631 996 774 1033 virginitas
795 996 830 1024 sit
852 998 1003 1032 perpetuae
1018 994 1204 1031 incorruptio-

353 1043 395 1072 nis
410 1044 563 1077 meditatio,
585 1051 639 1071 non
654 1046 696 1071 est
717 1042 902 1076 credendum,
918 1042 992 1079 quod
1015 1042 1142 1075 loannes,
1159 1041 1203 1069 0111

354 1090 542 1119 testimonium
563 1090 596 1118 (10
619 1090 775 1127 virginitate
798 1089 971 1126 perhibetur,
993 1096 1118 1125 unquam
1139 1096 1204 1116 con-

354 1138 471 1166 senserit
492 1137 519 1165 in
540 1140 633 1165 actum
656 1137 747 1165 carnis
762 1149 788 1164 n.

433 1183 662 1220 Respondendum
684 1184 717 1212 ad
740 1184 806 1218 hoc,
825 1184 898 1220 quod
921 1183 987 1220 quia
1001 1183 1089 1212 maior
1110 1186 1204 1211 aucto—

354 1231 420 1259 ritas
441 1231 469 1258 111
490 1231 541 1259 1100
564 1230 722 1265 concurrit,
745 1231 910 1264 tenendum,
932 1230 1006 1267 quod
1028 1230 1143 1259 suerunt
1166 1230 1204 1259 10-

353 1278 461 1306 11110156.
486 1277 516 1305 Et
548 1277 632 1306 huius
663 1277 772 1314 signum
794 1280 884 1314 potest
913 1277 1009 1306 haberi
1031 1285 1067 1306 ex
1097 1277 1203 1305 littera:

354 1325 419 1362 quia
440 1325 553 1353 loannes
574 1327 634 1353 erat
652 1324 874 1361 consanguineus
889 1324 1012 1357 Domini,
1035 1327 1061 1352 et
1082 1324 1118 1352 ob
1133 1324 1204 1351 hanc

353 1379 466 1400 causam
487 1372 545 1408 ipse
566 1375 593 1400 et
613 1372 698 1400 Mater
720 1371 780 1400 eius
800 1371 834 1399 ad
849 1371 960 1407 nuptias
982 1374 1047 1399 sunt
1069 1370 1190 1399 vocati⁷.

434 1419 512 1455 Quod
543 1427 609 1456 ergo
634 1418 727 1447 obiicit
756 1418 857 1452 Victor,
887 1417 1034 1454 dupliciter
1067 1417 1203 1446 solvitur:

354 1474 410 1493 uno
432 1465 525 1500 modo,
555 1465 629 1502 quod
654 1474 707 1493 non
737 1465 907 1493 consenserit
935 1464 961 1493 in
991 1464 1082 1493 carnis
1110 1466 1202 1492 actum

355 1512 411 1541 5110
440 1513 567 1549 copulam
596 1512 735 1541 carnalem
763 1512 904 1545 absolute;
935 1511 996 1545 sed,
1027 1511 1098 1540 sicut
1121 1510 1204 1539 Maria

355 1559 450 1596 Virgo,
473 1559 642 1596 dispositioni
658 1559 744 1588 sancti
766 1559 884 1595 Spiritus
899 1567 928 1587 se
951 1558 1098 1591 commisit,
1120 1560 1152 1586 ut
1166 1558 1205 1586 sic

354 1607 448 1643 virgo,
470 1606 518 1643 qui
541 1609 600 1635 erat
625 1606 766 1643 Virginem
788 1609 968 1639 servaturus,
991 1606 1017 1633 iu
1047 1604 1127 1633 modo
1149 1604 1205 1632 vir-

354 1654 560 1690 ginitatis'cum
583 1654 694 1690 Virgine
716 1653 876 1682 conveniret
890 1652 910 1680 ⁸.
928 1669 964 1673 -
987 1652 1070 1681 Aliter
1092 1659 1205 1688 respon-

353 1700 444 1734 detur,
466 1700 540 1737 quod
562 1704 637 1734 esto,
659 1700 734 1737 quod
756 1700 926 1728 consenserit
947 1699 1085 1733 absolute,
1107 1699 1207 1727 virtus

352 1755 406 1775 non
428 1750 469 1775 est
485 1747 604 1781 minuta,
627 1747 693 1784 quia
708 1747 780 1775 licite
802 1747 953 1781 consensit;
970 1746 1096 1775 similiter
1111 1745 1206 1783 1119οῖ-

351 1797 397 1822 ttts
409 1794 600 1831 vz'ryim'tatzs,
613 1794 691 1830 quia,
703 1802 766 1823 cum
780 1794 923 1830 virginitas
933 1794 1005 1822 dicat
1021 1792 1206 1829 incorruptio-

352 1841 415 1870 nem'
435 1841 536 1869 mentis
563 1844 590 1869 et
611 1841 717 1874 carnis,
748 1844 837 1877 potest
860 1841 1006 1877 tripliciter
1033 1840 1129 1877 perdi:
1158 1842 1207 1868 aut

991 167 1162 196 COMMENT.
1185 167 1216 196 IN
1238 166 1383 196 lOANNEM
1404 167 1432 195 C.
1455 168 1483 195 lt.

1263 244 1389 281 perditur
1411 244 1583 281 incorruptio
1604 244 1773 281 utriusque,
1795 246 1822 272 et
1837 246 1905 272 tunc¹
1924 243 2050 280 perditur
2064 252 2108 273 ae-

1263 291 1405 320 ternaliter
1426 294 1453 319 et
1481 291 1685 328 temporaliter;
1707 293 1756 319 aut
1782 290 1910 327 perditur
1939 290 2109 327 incorruptio

1262 338 1365 366 mentis
1387 341 1511 371 tamam,
1533 341 1560 366 et
1576 341 1642 366 tunc
1658 337 1784 374 perditur
1806 337 2046 374 recuperabiliter;
2062 341 2110 366 aut

1263 384 1436 421 incorruptio
1457 384 1590 421 corporis
1612 387 1741 418 tantum,
1763 386 1790 412 et
1805 387 1871 412 tunc
1893 383 2020 423 perditur
2043 387 2110 412 tem-

1263 430 1408 467 poraliter,
1430 430 1478 459 sed
1505 439 1559 459 non
1581 430 1773 464 aeternaliter,
1796 430 1861 467 quia
1889 430 2005 467 gloriani
2027 430 2110 467 virgi-

1263 477 1356 506 nitatis
1376 477 1501 511 habebit;
1517 477 1564 506 sed
1579 480 1683 511 tamen,
1705 477 1778 506 sicut
1791 477 1857 505 dicit
1873 477 1924 505 Leo
1938 477 2010 514 Papa
2020 476 2041 511 ⁹,
2056 485 2109 505 11011

1262 524 1363 553 debent
1378 525 1445 553 tales
1459 525 1531 553 inter
1553 532 1645 553 sacras
1666 524 1786 561 virgines
1806 532 1836 553 se
1857 526 2026 561 computare.
2041 524 2110 561 Quia

1262 571 1348 608 igitur
1377 572 1490 599 loannes
1517 578 1599 599 carne
1623 571 1722 600 mansit
1743 570 1939 608 incorruptus,
1961 571 2011 600 etsi
2034 579 2111 599 mens

1262 618 1445 651 consentiret,
1468 617 1643 654 postmodum
1666 618 1693 646 in
1714 617 1788 646 idern
1811 617 1899 646 rediit.

1344 665 1386 693 16.
1409 664 1519 701 Quaest.
1545 664 1585 692 Ill.
1612 664 1762 700 Quaeritur
1783 664 1817 693 de
1839 664 1904 698 hoc,
1926 664 2002 701 quod
2022 664 2113 693 Domi-

1262 720 1315 740 nus
1337 711 1424 740 voluit
1444 711 1485 740 ire
1505 711 1539 740 ad
1560 711 1680 748 nuptias.
1704 728 1739 732 -
1763 711 1794 739 Et
1815 711 1937 746 videtur,
1963 711 2037 749 quod
2058 720 2111 741 non

1262 758 1397 787 debuerit.
1421 757 1446 786 Si
1468 758 1540 786 enim
1564 758 1641 786 locus
1662 757 1824 794 nuptiarum
1845 761 1887 787 est
1909 758 1986 787 locus
2006 766 2112 787 comes-

1261 804 1389 839 sationis;
1411 807 1438 833 et
1460 804 1518 841 ipse
1539 804 1673 833 Dominus
1693 806 1804 833 0111110111
1822 805 2046 834 comessationem
2065 805 2112 834 de-

1261 852 1323 880 buit
1343 851 1455 888 fugere:
1477 859 1544 888 ergo
1565 859 1615 880 nec
1636 851 1702 880 illuc
1723 851 1772 880 ire.

1348 899 1528 927 Respouoao:
1561 898 1729 932 Dicendum,
1761 898 1836 935 quod
1867 898 1931 932 ivit,
1963 901 1995 927 ut
2025 898 2112 936 sidem

1261 948 1401 974 astrueret
1421 948 1448 974 et
1473 944 1617 974 haeresim
1638 945 1815 982 exstirparet.
1843 946 1944 974 Fidem
1964 945 2113 983 discipulo-

1262 1001 1324 1021 rum
1348 995 1509 1021 vocatorum
1524 992 1645 1021 firmavit
1667 1000 1716 1029 per
1732 992 1911 1026 miraculum,
1933 992 2014 1021 fidem
2030 993 2112 1022 etiam

1262 1040 1354 1077 sponsi
1385 1039 1502 1077 adeptus
1532 1042 1581 1069 est.
1615 1039 1768 1068 Haerem'm
1798 1039 1979 1076 exstirpavit,
2011 1040 2114 1069 scilicet

1264 1086 1358 1115 luliani
1374 1086 1403 1120 ¹⁰,
1431 1086 1478 1123 qui
1501 1086 1612 1123 nuptias
1640 1086 1759 1115 damnat.
1786 1086 1945 1122 Quocontra
1979 1086 2114 1115 Dominus

1264 1134 1350 1163 voluit
1371 1141 1430 1163 esse
1462 1141 1592 1170 praesens
1622 1136 1649 1162 et
1680 1133 1792 1170 nuptias
1818 1133 1930 1162 firmare
1957 1135 1985 1162 et
2014 1141 2114 1170 appro-

1262 1182 1328 1210 bare
1349 1181 1492 1210 miraculo.
1515 1181 1542 1209 Si
1571 1188 1637 1210 vero
1667 1181 1800 1210 Dominus
1824 1183 1938 1210 vocatus
1963 1180 2004 1209 ire
2033 1188 2114 1210 recu-

1262 1232 1363 1263 sasset,
1387 1232 1452 1257 tunc
1473 1228 1616 1257 videretur
1638 1228 1745 1257 haeresi
1769 1228 1805 1257 illi
1828 1228 1927 1257 favisse
1954 1230 1981 1257 et
2002 1228 2114 1265 nuptias

1261 1275 1414 1304 damnasse.

1345 1324 1387 1350 17.
1410 1322 1520 1358 Quaest.
1538 1322 1578 1351 lV.
1594 1322 1745 1358 Quaeritur
1759 1322 1793 1351 de
1813 1322 1991 1359 responsione
2006 1322 2112 1351 Domini

1262 1369 1295 1397 ad
1318 1370 1447 1398 Matrem:
1471 1369 1549 1405 Quid
1569 1368 1644 1397 milit·
1657 1372 1683 1397 et
1697 1368 1750 1398 tibi
1769 1373 1819 1403 esc,
1834 1369 1961 1398 mulier?
1977 1368 2114 1398 Nondum

1264 1416 1337 1443 uenit
1359 1414 1433 1443 ltora
1455 1424 1529 1444 mea.

1347 1464 1368 1490 1.
1391 1463 1443 1491 Aut
1464 1462 1538 1491 enim
1559 1462 1685 1491 divinall
1708 1462 1792 1499 Virgo
1815 1463 1923 1499 petebat
1943 1463 2113 1500 petendum,

1262 1512 1310 1538 aut
1331 1518 1389 1538 non
1408 1509 1571 1546 petendum.
1594 1509 1619 1537 Si
1643 1509 1753 1546 petebat
1778 1510 1950 1546 petendum:
1972 1518 2038 1547 ergo
2059 1518 2113 1538 11011

1262 1556 1358 1585 debuit
1378 1556 1401 1585 01
1424 1556 1460 1584 ita
1481 1556 1583 1585 acriter
1605 1556 1781 1593 respondere.
1804 1557 1830 1585 Si
1857 1557 1968 1593 petebat
1988 1565 2047 1586 non
2067 1565 2114 1594 pe-

1263 1604 1397 1632 tendum:
1419 1611 1485 1640 ergo
1508 1606 1645 1640 petentem
1667 1611 1721 1632 non
1743 1603 1839 1632 debuit
1860 1603 2004 1633 exaudire.

1343 1652 1368 1679 ι).
1392 1650 1473 1684 11001,
1495 1650 1563 1687 quid
1591 1653 1632 1679 est
1657 1650 1732 1687 quod
1759 1650 1843 1679 dicit:
1874 1649 2012 1679 Nondum
2037 1650 2114 1679 venit

1264 1696 1362 1726 liora?
1384 1699 1437 1726 Aut
1458 1697 1531 1726 enim
1553 1697 1642 1731 venit,
1664 1700 1692 1726 et
1713 1697 1751 1726 ita
1771 1697 1871 1726 falsum
1893 1697 1971 1732 dicit;
1987 1701 2036 1726 aut
2055 1706 2114 1726 non

1263 1744 1355 1778 venit,
1378 1748 1405 1773 et
1426 1744 1463 1773 ita
1485 1745 1555 1773 male
1575 1744 1654 1779 facit,
1676 1745 1751 1782 quod
1772 1747 1836 1774 ante
1857 1745 1957 1774 horam
1978 1744 2050 1774 facit.

1343 1791 1369 1820 3.
1393 1792 1472 1826 Item,
1494 1799 1530 1820 ex
1552 1792 1605 1820 hoc
1625 1794 1748 1829 arguunt
1763 1791 1908 1826 haeretici,
1930 1791 2005 1829 quod
2023 1791 2115 1820 Domi—

1264 1847 1317 1867 nus
1338 1838 1390 1867 suit
1411 1839 1553 1867 subiectus
1574 1838 1629 1867 fato
1651 1842 1678 1868 et
1698 1839 1781 1868 astris
1795 1839 1825 1867 ¹2.

417 2019 424 2031 ¹
442 2019 487 2042 Csr.
505 2026 574 2047 supra
593 2026 611 2041 c.
634 2020 652 2041 1.
670 2026 692 2041 11.
711 2019 749 2041 99.

416 2056 424 2069 ²
443 2058 501 2080 Vide
518 2064 589 2086 supra
606 2064 626 2080 c.
647 2058 665 2079 1.
683 2064 705 2080 n.
723 2057 760 2080 64.
778 2070 809 2074 -
826 2058 938 2085 Superius
956 2058 975 2079 D
993 2057 1076 2080 omittit
1091 2056 1178 2086 primo.

416 2096 426 2109 ³
444 2098 542 2125 Vulgata
561 2098 589 2123 (c.
607 2098 634 2123 2,
653 2098 712 2125 12.);
731 2097 787 2120 Post
803 2097 847 2120 hoc
864 2100 907 2121 etc.

416 2135 424 2147 ⁴
442 2137 546 2158 Prooem.
559 2143 581 2158 n.
595 2137 632 2158 la.
643 2149 674 2153 —
687 2137 718 2158 De
731 2135 815 2159 Glossu
828 2135 958 2165 Aaqustini
967 2142 1041 2165 super
1058 2135 1206 2164 principium

354 2176 407 2197 11110
419 2182 479 2204 quae
495 2176 596 2198 diximus
612 2182 682 2203 supra
700 2182 755 2203 pag.
772 2175 830 2202 243,
848 2178 899 2197 nota
918 2176 939 2197 2.
959 2176 981 2197 ln
1000 2176 1042 2197 hac
1059 2175 1138 2197 Glossa
1157 2175 1206 2196 5110

355 2215 451 2243 Prologo
468 2215 563 2242 legitur:
582 2216 623 2237 lste
640 2215 756 2244 siquidem
774 2218 807 2237 est
825 2215 931 2241 loannes,
949 2221 1019 2243 quem
1044 2215 1156 2236 Dominus
1177 2214 1205 2236 dc

354 2255 477 2282 fluctivaga
500 2254 633 2282 nuptiarum
651 2257 787 2282 tempestate
810 2254 901 2276 vocavit
919 2254 969 2282 (cfr.
987 2260 1057 2281 supra
1076 2260 1129 2281 pag.
1147 2253 1205 2279 245,

354 2297 406 2315 uota
425 2294 446 2315 2.
464 2292 535 2315 verba
553 2293 648 2320 Bedae).

417 2331 426 2343 ⁵
444 2333 475 2354 De
493 2338 540 2361 quo
558 2334 599 2355 cfr.
616 2338 686 2360 supra
704 2338 759 2360 pag.
777 2332 836 2359 246,
854 2335 905 2354 nota
923 2332 946 2354 7.
963 2345 994 2348 —
1012 2332 1034 2354 lu
1052 2332 1102 2354 eius
1114 2334 1206 2354 seuten-

355 2373 383 2395 tia
402 2372 524 2400 respicitur
541 2372 642 2395 definitio
660 2372 798 2400 virginitatis
815 2371 845 2394 ab
862 2372 973 2400 August,
991 2372 1020 2394 de
1038 2373 1119 2394 Sancta
1134 2371 1206 2399 Virgi-

354 2411 460 2439 ginitaie,
472 2417 493 2434 c.
509 2411 541 2433 13.
554 2418 575 2434 u.
594 2412 632 2438 ¹2,
645 2411 710 2434 data:
731 2411 853 2439 virginalis
870 2411 1012 2438 integritas...
1031 2411 1052 2432 in
1071 2416 1139 2432 carne
1156 2416 1206 2432 cor-

353 2449 455 2478 ruptibili
474 2450 651 2479 incorruptionis
669 2453 796 2478 perpetuae
814 2450 938 2472 meditatio.
951 2449 995 2472 Csr.
1009 2450 1046 2472 tv.
1059 2450 1120 2471 Sent.
1130 2449 1154 2471 d.
1167 2449 1206 2471 33.

353 2495 373 2511 a.
391 2491 412 2512 2.
429 2496 452 2518 q.
472 2490 493 2511 1.

416 2527 425 2540 Β
443 2528 483 2551 Alii
504 2531 597 2557 putant,
618 2529 711 2556 nuptias
733 2530 774 2551 has
797 2528 866 2552 fuisse
888 2528 993 2552 Simonis
1015 2527 1137 2551 011701011οί
1156 2528 1205 2550 sive

354 2568 448 2596 zelotis,
465 2569 506 2590 cfr.
523 2568 644 2596 Nicephor.
653 2586 658 2595 ,
676 2568 728 2589 Vlll.
748 2568 831 2590 Histor.
843 2568 924 2590 eccles.
936 2574 955 2590 0.
969 2568 1011 2595 30,
1024 2568 1061 2590 cui
1074 2567 1154 2589 annuit
1166 2568 1205 2589 Ba-

353 2607 445 2634 ronias,
463 2608 478 2629 1.
495 2607 525 2629 ad
548 2613 584 2629 an.
603 2607 640 2629 31.
657 2613 680 2629 n.
700 2607 785 2634 30-32,
808 2607 848 2629 ubi
871 2607 939 2629 etiam
963 2607 1035 2629 reiicit
1057 2607 1204 2635 opinionem,

354 2652 413 2674 quae
431 2648 503 2673 tenet,
521 2646 584 2675 quod
604 2646 697 2674 nuptiae
715 2647 807 2668 suerunt
825 2646 922 2668 loannis.
934 2646 975 2668 Alii
988 2646 1130 2673 existimant,
1144 2647 1205 2674 ipsas

354 2685 422 2707 fuisse
435 2684 620 2713 Bai-tholomaei,
630 2685 673 2707 alio
683 2685 776 2707 nomine
789 2686 932 2707 Nathanaelis
945 2686 993 2713 (cfr.
1007 2692 1077 2713 supra
1087 2691 1140 2713 pag.
1151 2686 1204 2712 268,

352 2727 404 2746 nota
428 2724 483 2753 lO.),
502 2725 542 2753 qui
559 2725 599 2747 suit
617 2724 646 2747 de
663 2724 733 2747 Cana.
749 2737 780 2741 —
798 2725 909 2752 Superius
928 2731 970 2753 pro
987 2724 1065 2747 mator
1078 2731 1122 2747 non
1136 2725 1204 2752 pauci

353 2763 422 2785 codd.
439 2766 461 2785 et
478 2763 515 2785 ed.
532 2763 660 2786 ‘maiorum

415 2800 424 2813 ⁷
442 2803 500 2824 Petr.
507 2802 635 2829 Comestor,
645 2803 728 2825 Hister.
737 2803 879 2829 scholastica,
890 2803 910 2825 in
921 2803 1038 2830 Evang.c.
1049 2803 1091 2825 38:
1105 2803 1203 2831 Quidam

353 2843 484 2868 autumant,
495 2842 538 2863 has
550 2841 641 2869 nuptias
660 2842 728 2864 fuisse
741 2842 831 2864 loannis
843 2843 1011 2870 evangelistae,
1023 2845 1045 2864 et
1058 2842 1109 2864 ideo
1122 2844 1204 2864 vocata

352 2880 435 2907 Maria,
448 2881 502 2909 quia
516 2883 636 2903 matertera
654 2881 716 2908 01115,
734 2884 755 2903 01
773 2882 898 2909 Dominus,
915 2882 969 2911 quia
981 2881 1134 2903 consobrinus
1146 2881 1204 2903 eius.

416 2917 425 2931 Β
443 2919 489 2942 cfr.
507 2920 543 2942 lV.
562 2920 623 2942 Sent.
640 2920 662 2942 d.
681 2921 717 2942 28.
736 2927 758 2949 q.
777 2921 803 2947 6,
822 2920 859 2943 ubi
879 2921 899 2943 in
918 2921 1032 2948 principio
1047 2921 1204 2949 responsionis

353 2959 421 2981 etiam
439 2959 468 2981 de
485 2965 533 2988 seq.
552 2959 671 2981 solutione.

1326 2016 1335 2028 ⁹
1354 2018 1422 2045 Epist.
1444 2018 1477 2039 12.
1496 2018 1560 2045 (alias
1582 2018 1608 2045 l.)
1627 2018 1656 2040 ad
1673 2018 1777 2046 episcop.
1796 2018 1927 2045 Africanos,
1940 2024 1959 2040 0,
1973 2018 1995 2040 8.
2008 2018 2040 2044 (et
2056 2018 2113 2046 ll.):

1263 2056 1436 2079 Laudabiiioros
1452 2059 1543 2079 erunt...
1560 2057 1578 2079 si
1596 2063 1621 2079 se
1638 2057 1823 2080 incontaminatis
1841 2063 1886 2080 non
1905 2058 2005 2080 audeant
2021 2063 2115 2086 compa-

1263 2102 1314 2118 rare
1331 2095 1471 2123 virginibus.
1488 2095 1531 2119 Csr.
1549 2096 1650 2118 Gratian.
1667 2095 1691 2119 C.
1709 2096 1766 2119 Illae
1777 2098 1857 2120 autem
1868 2096 1975 2126 famulae
1987 2096 2030 2120 Dei
2043 2096 2114 2126 (it),

1263 2135 1286 2158 C.
1306 2136 1342 2158 32.
1361 2142 1382 2164 q.
1401 2135 1423 2157 5.
1440 2148 1471 2152 —
1489 2136 1639 2158 Servarimus
1661 2142 1715 2158 cum
1732 2136 1770 2158 ed.
1792 2137 1835 2159 Leo
1859 2137 1924 2166 Papa
1942 2136 1987 2163 (ed.
2006 2136 2070 2159 addit
2086 2135 2114 2159 de

1263 2174 1383 2204 corruptis
1390 2181 1434 2204 per
1445 2174 1601 2203 violentiam),
1616 2175 1669 2203 quia
1682 2175 1792 2197 sententia
1806 2176 1836 2197 de
1848 2177 1890 2198 hac
1901 2181 1926 2198 re
1938 2175 2001 2203 apud
2013 2176 2113 2198 Leonem

1263 2214 1378 2236 invenitur
1390 2216 1412 2236 et
1425 2214 1460 2236 lV.
1470 2215 1531 2236 Sent.
1542 2214 1564 2236 d.
1577 2214 1614 2236 33.
1624 2220 1644 2236 a.
1656 2215 1677 2235 2.
1687 2220 1708 2243 q.
1723 2215 1744 2236 3.
1757 2214 1816 2236 eirca
1829 2214 1897 2236 linem
1911 2214 1954 2242 ipsi
1967 2220 1980 2236 a
1992 2215 2016 2236 S.
2027 2214 2114 2236 Bonav.

1264 2252 1378 2275 tribuitur.
1396 2252 1470 2275 Codd.
1487 2252 1629 2275 substituunt
1646 2253 1819 2283 Hieronymus,
1845 2253 1912 2276 cuius
1935 2253 2048 2280 Gratian.,
2071 2253 2115 2275 loc.

1264 2292 1299 2314 cit.
1313 2292 1337 2314 C.
1350 2292 1382 2314 De
1391 2291 1507 2321 pudicitia
1520 2292 1560 2320 (6,)
1569 2309 1575 2319 ,
1588 2294 1647 2314 hanc
1659 2293 1724 2314 affert
1740 2293 1876 2315 senteutiam
1896 2293 1931 2321 (ex
1943 2293 1967 2315 ll.
1984 2292 2114 2315 Commeut.

1264 2332 1286 2353 in
1299 2332 1376 2353 Matth.
1389 2332 1412 2353 111
1424 2350 1429 2359 ,
1442 2332 1488 2359 30.)
1498 2340 1502 2353 :
1514 2332 1586 2359 Finge
1598 2332 1619 2353 in
1639 2332 1797 2359 persecutione
1814 2332 1914 2361 aliquam
1933 2331 2047 2359 virginem
2065 2337 2115 2359 pro-

1263 2371 1377 2399 suturam,
1395 2372 1451 2393 haec
1468 2371 1532 2399 apud
1551 2371 1715 2399 Evangelium,
1738 2371 1792 2400 quia
1816 2371 1933 2393 voluntate
1956 2377 2002 2393 non
2023 2373 2112 2398 peccat,

1263 2409 1330 2437 virgo
1348 2410 1481 2437 suscipitur,
1499 2410 1520 2431 in
1539 2410 1600 2437 Lege
1617 2410 1684 2438 quasi
1701 2413 1809 2437 corrupta
1827 2409 1972 2437 repudiatur.

1327 2446 1345 2460 ¹⁰
1363 2449 1473 2476 August.,
1492 2449 1507 2471 l.
1528 2452 1605 2471 contra
1629 2448 1739 2471 lulianum
1758 2449 1870 2477 pelagian.
1889 2454 1908 2470 0.
1927 2449 1949 2471 2.
1966 2454 1988 2470 11.
2008 2447 2033 2470 4;
2054 2457 2066 2468 «ι
2079 2448 2114 2470 Tu

1263 2491 1340 2510 autem
1363 2488 1432 2515 dicis,
1450 2488 1542 2515 nuptias
1565 2488 1614 2510 siue
1636 2487 1780 2510 dubitatione
1797 2488 1902 2511 damnari
1914 2497 1926 2508 π
1946 2490 1988 2510 etc.
2007 2487 2080 2515 Beda,
2099 2489 2113 2511 1.

1262 2528 1344 2549 1100111,
1363 2528 1441 2549 homil.
1462 2528 1497 2549 13.
1515 2527 1537 2549 111
1561 2527 1680 2550 Dominica
1702 2527 1804 2550 secunda
1823 2530 1874 2555 post
1896 2528 2022 2556 Epiphan.:
2044 2527 2114 2550 Porro

1263 2566 1351 2588 Tatiani
1369 2569 1391 2588 et
1408 2566 1514 2588 Marciani
1532 2570 1711 2595 ceterorumque
1722 2566 1762 2595 qui
1775 2566 1861 2594 nuptiis
1873 2566 1997 2589 detrahunt
2008 2566 2114 2594 persidia,

1261 2611 1332 2634 quam
1350 2605 1379 2628 sit
1395 2604 1541 2634 damnabitis,
1562 2605 1671 2627 insinuat.
1689 2618 1718 2621 -—
1737 2605 1831 2628 {userius
1848 2611 1891 2633 pro
1913 2605 2013 2635 firmare
2035 2605 2114 2633 plures

1262 2645 1330 2667 codd.
1347 2644 1478 2675 affirmare.

1326 2683 1344 2696 ¹¹
1362 2685 1440 2707 Plures
1457 2685 1526 2707 codd,
1545 2684 1654 2707 Domina.

1325 2722 1344 2736 ¹²
1362 2723 1407 2747 Csr.
1430 2725 1540 2752 August,
1558 2724 1579 2746 in
1603 2724 1664 2746 loan.
1682 2725 1769 2751 Evang.
1787 2727 1815 2746 tr.
1831 2724 1854 2746 8.
1871 2730 1892 2746 n.
1911 2724 1952 2752 10,
1970 2723 2008 2745 ubi
2032 2723 2111 2750 docet,

1261 2763 1325 2792 quod
1342 2769 1369 2786 ex
1386 2763 1422 2785 his
1438 2762 1518 2785 verbis
1536 2763 1690 2785 mathematici
1706 2772 1717 2783 κ
1729 2765 1841 2785 conantur
1853 2763 1991 2785 convincere
2004 2761 2113 2784 Christia-

1261 2809 1316 2830 nos,
1334 2802 1398 2831 quod
1415 2802 1459 2825 sub
1477 2803 1532 2825 hora
1551 2802 1609 2825 fatali
1627 2802 1709 2824 vixerit
1726 2801 1830 2825 Christus
1841 2810 1863 2824 n.
1885 2800 2038 2824 Mathematici
2060 2802 2114 2823 sunt

1262 2842 1304 2870 illi,
1324 2850 1335 2862 ει
1347 2842 1400 2871 qui,
1418 2844 1443 2864 ut
1459 2842 1490 2864 ait
1507 2842 1602 2869 August.
1622 2841 1661 2869 (33
1680 2842 1724 2870 Qq.
1740 2848 1762 2870 q.
1782 2840 1820 2864 45.
1836 2847 1858 2863 n.
1875 2840 1916 2869 1.),
1929 2843 2061 2868 temporum
2074 2846 2113 2862 nu-

1261 2887 1338 2903 meros
1356 2884 1419 2903 motu
1436 2881 1493 2903 caeli
1510 2887 1536 2903 ac
1553 2881 1656 2903 siderum
1674 2880 1894 2908 pervestigarunt».
1911 2892 1942 2896 —
1959 2880 1976 2902 E
1988 2879 2056 2901 codd.
2069 2879 2113 2901 hoc

1261 2927 1311 2948 arg.
1330 2920 1500 2948 supplevimus.

2130 906 2186 929 neap.

2129 952 2180 971 Finis
2193 953 2224 972 du·

2149 976 2197 1000 plex.

2272 2172 2276 2195 -.
2274 2074 2296 2141 ᾖε(
2271 2030 2276 2056 Μ

2269 2263 2296 2352 Μὲἔῇτ
