2296 3316
11 291 14 300 ι

14 304 15 317 l

12 349 15 364 i

14 384 15 403 ἶ
32 391 118 411 Tertium.

752 115 922 144 COMMENT.
945 115 977 143 IN
999 112 1144 143 IOANNEM
1165 114 1193 142 C.
1217 114 1258 143 IX.

134 205 189 226 non
210 197 306 231 vultis3
328 196 376 225 sed
406 195 428 224 si
459 194 581 229 velletis,
603 194 705 222 iterum
730 193 867 227 dicerem;
889 195 978 221 atten-

134 244 201 273 dens
221 243 288 272 illud
310 242 524 271 Proverbiorum
552 249 625 270 nono
638 241 662 269 ²:
689 252 702 265 ει
718 240 769 277 Qui
791 239 884 268 erudit
904 239 978 268 deri-

213 336 258 365 34.
281 336 369 372 (Vers.
392 336 460 371 28).
483 334 696 363 Maledixerunt
716 342 785 371 erqo
806 336 857 362 etc.
880 333 978 370 Tangi-

135 386 181 412 tur
202 383 246 411 hic
267 382 396 416 tertium,
418 381 522 410 scilicet
542 380 616 418 quod
631 383 737 409 tentant
751 380 895 409 retrahere
912 388 979 408 con-

134 429 232 463 viciis,·
252 429 326 458 unde
346 429 385 457 sie
406 428 539 465 paulatim
570 427 739 464 precedunt:
765 426 980 455 Maledimerunt

133 485 201 514 erpo
221 476 247 504 ei
266 479 292 504 et
319 475 474 504 dixerunt:
502 475 546 502 Tu
576 473 739 510 disciputus
769 473 850 502 iltius
874 473 929 508 sis,
951 473 978 502 id

133 526 190 557 est,
212 521 399 551 maledicendo
419 524 447 550 et
477 520 655 549 conviciando
679 520 813 548 dixerunt
833 519 874 554 ei,
903 520 977 557 quod

134 571 205 598 esset
224 568 325 597 Christi
353 567 515 604 discipulus.
543 566 751 604 Augustinus22
779 577 792 591 «
808 566 835 594 ln
867 574 911 595 me
943 567 979 595 sit

134 616 186 651 ista
198 615 365 649 maledictio;
381 614 434 643 tale
449 613 624 643 maledictum
640 613 675 642 sit
688 621 773 650 super
788 621 838 641 nos
852 616 879 641 et
893 620 977 649 super

134 662 204 691 filios
227 665 337 691 nostros
352 673 378 690 n.
399 661 600 698 Discipulatum
631 660 733 689 Christi
765 660 978 689 contemnebant

133 712 160 738 et
180 708 204 738 ei
226 708 419 745 praeferebant
438 707 634 744 discipulatum
655 707 755 743 Moysi;
777 707 851 735 unde
865 707 976 736 dicunt:

133 755 214 785 Νας3
236 755 329 793 Moysi
349 754 488 792 discipuli
511 763 632 788 sumus,
654 762 708 782 non
730 754 825 788 istius;
847 757 874 783 et
895 754 978 782 ratio-

132 811 194 833 nem
216 802 354 832 subdunt:

211 849 256 878 35.
280 849 368 884 (Vers.
391 848 459 883 29).
483 847 542 876 Nos
562 847 690 881 seimus,
706 847 778 885 quia
793 847 887 886 Moysi
900 848 977 876 locu-

133 900 180 926 tus·
199 900 241 925 est
271 896 366 930 Deus,
387 895 459 924 sicut
489 895 591 923 dicitur
622 894 650 923 in
682 894 776 923 Exodo
807 898 834 923 et
859 895 978 924 Levitico

132 943 211 981 quasi
233 951 282 980 per
303 945 404 977 totum;
427 941 513 970 Exodi
535 941 677 978 trigesimo
698 941 817 970 tertio⁴:
844 953 858 966 «
872 942 978 978 Loque-

133 990 215 1018 batur
236 989 369 1017 Dominus
390 988 475 1024 Moysi
495 987 563 1016 faeie
577 987 611 1015 ad
626 987 722 1016 faciem
737 999 764 1015 ι).
780 988 866 1015 Hunc
881 991 978 1016 autem

132 1036 286 1070 nescimus,
301 1035 377 1064 unde
390 1035 443 1069 εῖτ,-
464 1034 525 1063 ideo
545 1034 671 1071 discipuli
694 1042 791 1063 sumus
805 1034 880 1063 illius
894 1043 978 1071 quem

132 1083 266 1111 Dominus
287 1082 429 1119 approbat.
451 1081 503 1110 Sed
525 1083 616 1110 tamen
632 1081 730 1109 salsum
752 1081 888 1115 dicebant,
904 1081 978 1118 quia,

134 1129 205 1158 sicut
225 1129 327 1158 dicitur
355 1136 441 1165 supra
472 1128 608 1165 quint0⁶,
634 1139 648 1153 «
663 1128 685 1156 si
707 1128 857 1157 crederetis
878 1128 978 1164 Moysi,

133 1176 283 1205 crederetis
304 1175 418 1204 forsitan
438 1178 466 1204 et
486 1174 553 1203 mihi
570 1186 596 1202 ».
618 1175 650 1203 Et
666 1174 692 1202 in
715 1175 766 1203 hac
786 1174 978 1203 maledictione

133 1225 229 1251 contra
249 1230 361 1251 caecum
383 1230 438 1250 non
458 1222 633 1258 praevalent3
656 1221 740 1250 immo
760 1222 853 1258 arguit
867 1221 979 1250 maledi-

133 1269 229 1298 ctionis
250 1269 384 1297 rationem
406 1269 434 1297 in
455 1269 523 1302 hoc,
545 1268 619 1305 quod
649 1268 791 1302 dicebant,
817 1276 846 1297 se
871 1269 979 1297 nescire

132 1315 289 1350 Christum;
311 1318 425 1352 propter
446 1315 521 1352 quod
541 1315 623 1344 dicit:

211 1362 256 1391 36.
279 1362 368 1398 (Vers.
391 1361 459 1398 30.).
490 1361 643 1399 Respondit
673 1361 719 1389 ille
750 1360 834 1390 homo
858 1364 883 1389 et
904 1361 979 1390 discit

132 1409 189 1438 eis:
211 1409 247 1437 In
268 1407 320 1437 lzoc
340 1409 417 1437 enim
437 1408 573 1437 mirabile
593 1412 650 1443 est,
673 1408 750 1447 quod
761 1408 772 1425 ⁶
788 1416 838 1436 vos
851 1409 978 1443 nescitis,

133 1455 209 1485 unde
228 1455 280 1489 sit,
295 1458 320 1483 et
334 1455 451 1492 aperuit
465 1454 563 1483 oculos
576 1463 661 1483 meos
677 1455 735 1483 Non
750 1454 822 1483 dixit
837 1454 978 1492 impium,

132 1510 167 1531 ne
187 1505 351 1540 provocaret
371 1510 432 1536 eos,
454 1502 502 1530 sed
521 1501 672 1536 mirabile,
693 1501 760 1539 quia
780 1501 838 1538 ipse
859 1502 979 1530 admira-

132 1548 215 1578 batur
235 1557 333 1578 eorum
353 1548 500 1583 duritiam;
520 1551 548 1577 et
568 1548 703 1577 rationem
725 1548 829 1582 reddit,
851 1549 918 1585 quia
938 1549 979 1577 vi-

132 1595 197 1624 dent
227 1595 337 1632 signum
369 1595 604 1624 evidentissimum
635 1597 663 1623 et
693 1602 747 1623 non
769 1594 895 1623 credunt.
918 1594 979 1622 Ideo

133 1642 306 1672 verificatum
338 1645 379 1671 est
409 1642 477 1671 illud
508 1642 591 1670 Isaiae
622 1641 741 1670 sexto⁷:
768 1652 782 1666 «
796 1641 829 1669 Ut
854 1641 979 1670 videntes

132 1698 186 1718 non
208 1689 330 1724 videant,
351 1693 379 1718 et
399 1689 542 1718 audientes
563 1697 616 1717 non
639 1689 833 1725 intelligant».

212 1737 257 1766 37.
279 1737 368 1774 (Vers.
391 1736 458 1772 31.).
474 1736 589 1765 Scimus
600 1735 621 1770 ³,
637 1736 709 1774 quia
720 1739 887 1773 peccatores
903 1736 979 1764 Deus

131 1792 190 1812 non
210 1784 312 1817 audic;
333 1783 407 1812 unde
428 1783 512 1812 Isaiae
533 1783 623 1820 primo
644 1783 778 1811 Dominus
799 1782 833 1811 ad
853 1786 978 1820 peccato-

133 1838 192 1859 res:
218 1841 232 1855 α
246 1830 316 1859 Cum
338 1829 587 1867 multiplicaveritis
613 1829 781 1863 orationem,
804 1837 859 1858 non
890 1837 978 1858 exau-

132 1876 205 1905 diam
216 1887 243 1911 »;
265 1876 310 1905 Iob
331 1879 443 1905 octavo:
470 1887 483 1901 «ι
500 1876 573 1905 Deus
593 1884 648 1904 non
674 1876 800 1913 projiciet
826 1876 978 1913 simplicem

132 1931 183 1952 nec
209 1923 333 1960 porriget
362 1931 475 1951 manum
503 1923 671 1960 malignis».
695 1923 751 1951 Sed
779 1922 807 1951 si
833 1923 899 1961 quis
928 1923 980 1951 Dei

133 1970 226 1999 cultor
246 1974 287 1999 est
306 1974 333 1999 et
352 1970 529 1999 voluntatem
550 1970 613 1999 eius
633 1969 718 2007 facit,
741 1969 818 1998 lzunc
838 1970 960 1998 exaudit
967 1980 978 2003 ,-

133 2017 205 2046 infra
218 2017 323 2046 decimo
337 2017 435 2054 quinto
447 2017 474 2045 ⁹:
494 2029 508 2042 «
522 2017 548 2046 Si
564 2017 721 2049 manseritis
736 2017 763 2045 in
778 2025 837 2051 me,
852 2019 880 2046 et
893 2017 979 2045 verba

1821 114 1877 143 379

1033 199 1095 220 mea
1116 192 1144 220 in
1166 192 1243 221 vobis
1264 192 1430 226 manserint3
1451 191 1647 229 quodcumque
1661 192 1817 226 volueritis,
1834 200 1880 229 pe-

1034 239 1113 273 tetis,
1125 242 1152 267 et
1166 239 1214 268 fiet
1224 239 1302 268 vobis
1316 250 1343 273 »;
1359 240 1465 276 primae
1480 239 1586 267 loannis
1601 239 1697 267 tertio:
1717 250 1730 264 «
1742 239 1879 268 Fiduciam

1035 286 1170 314 habemus
1189 286 1222 314 ad
1245 286 1348 321 Deum,
1364 289 1408 321 ut,
1423 286 1619 323 quodcumque
1640 286 1814 322 petierimus,
1835 294 1879 314 ac-

1034 332 1181 369 cipiamus,
1203 333 1333 370 quoniam
1363 333 1491 362 mandata
1517 333 1577 361 eius
1602 332 1773 361 custodimus
1801 336 1828 361 et
1848 340 1880 361 ea

1034 385 1106 414 quae
1127 381 1193 407 sunt
1222 379 1322 415 placita
1352 387 1445 407 coram
1476 387 1524 413 eo,
1546 379 1702 407 iacimus».
1725 378 1776 407 Sed
1805 379 1880 407 hunc

1034 425 1183 462 praecipue
1204 426 1334 460 exaudit;
1356 429 1383 454 et
1404 427 1456 455 hoc
1478 426 1591 463 probat:

1114 471 1159 500 38.
1181 472 1270 508 (Vers.
1294 472 1361 507 32).
1385 473 1408 500 A
1431 472 1547 500 saeculo
1574 481 1633 500 non
1660 476 1701 501 est
1725 472 1879 506 auditum,

1034 518 1111 556 quod
1122 516 1145 534 ¹⁰
1166 518 1232 556 quis
1253 519 1370 555 aperuit
1391 518 1488 547 oculos
1508 519 1587 547 caeci
1600 519 1680 552 nati,·
1695 519 1742 547 sed
1757 519 1801 547 hic
1816 526 1880 555 ape-

1034 565 1106 593 ruit:
1127 572 1194 601 ergo
1214 567 1256 593 est
1283 573 1299 593 a
1326 565 1398 599 Deo,
1427 566 1493 602 quia
1518 574 1538 594 a
1566 566 1757 594 destructione
1784 574 1880 594 conse-

1033 611 1162 648 quentis:

1113 657 1158 686 39.
1181 658 1269 694 (Vers.
1292 658 1359 694 33.).
1382 657 1450 687 Nisi
1477 662 1547 687 esset
1577 658 1623 687 hic
1655 658 1738 687 homo
1765 668 1784 688 a
1807 660 1880 693 Deo,

1033 713 1092 733 non
1110 709 1205 742 posset
1218 706 1240 722 u
1254 704 1351 743 facere
1365 705 1545 743 quidquam,·
1560 705 1631 733 infra
1644 706 1750 734 decimo
1765 706 1878 743 quinto:

1038 762 1051 776 «
1067 751 1129 780 Sine
1150 759 1195 780 me
1215 752 1285 780 nihil
1306 752 1419 788 potestis
1440 752 1530 781 facere
1545 764 1571 780 n.

1112 799 1158 827 40.
1181 799 1270 835 (Vers.
1293 799 1360 835 34).
1377 799 1597 836 Responderunt
1610 802 1634 827 et
1649 799 1795 828 dixerunt.
1812 800 1882 828 Tan-

1033 845 1108 882 gitur
1130 846 1174 874 hic
1196 849 1341 882 quartum:
1357 846 1423 883 quia
1438 854 1492 875 non
1507 846 1630 875 valentes
1645 846 1789 875 retrabere
1805 847 1882 875 blan-

1033 892 1107 920 ditiis
1128 900 1178 920 nec
1199 893 1307 921 astutiis
1336 900 1386 921 nec
1413 893 1556 927 conviciis,
1578 893 1778 930 aggrediuntur
1804 894 1882 921 iniu-

1034 939 1104 972 riis,-
1126 939 1199 968 unde
1227 948 1262 968 ex
1292 940 1477 977 indignatione
1505 941 1587 974 moti,
1617 940 1830 977 responderunt
1857 944 1883 968 et

1034 986 1173 1014 dixerunt
1193 986 1232 1015 ei:
1256 987 1290 1015 ln
1309 987 1436 1023 peccatis
1456 991 1546 1016 natus
1567 996 1596 1015 es
1620 991 1711 1021 totus,
1733 991 1759 1016 et
1780 991 1811 1016 tu
1832 988 1882 1016 do-

1034 1041 1078 1060 ces
1099 1032 1173 1060 nos?
1194 1033 1241 1069 qui
1264 1033 1367 1061 scilicet
1382 1034 1445 1062 iusti
1462 1037 1635 1070 reputamur.
1652 1034 1722 1063 Vere
1737 1034 1780 1062 isti
1803 1037 1883 1062 erant

1036 1079 1173 1107 Pharisaei
1205 1079 1307 1107 similes
1338 1080 1376 1107 illi
1408 1080 1455 1116 qui
1487 1081 1563 1109 sein
1586 1081 1709 1109 oratioue
1731 1081 1880 1115 laudabat,

1034 1126 1124 1154 Lucae
1144 1126 1249 1155 decimo
1270 1130 1366 1155 octavo
1379 1127 1410 1155 ¹².
1428 1128 1463 1155 Et
1476 1127 1618 1155 eiecerunt
1633 1136 1696 1155 cum
1713 1127 1815 1165 foras,
1832 1136 1882 1165 pro

1035 1172 1151 1200 veritate
1172 1172 1301 1200 iniuriam
1323 1172 1486 1201 intulerunt.
1515 1173 1746 1209 Chrysostomus:
1773 1186 1786 1199 «
1802 1174 1883 1203 Vides

1034 1226 1199 1255 praeconem
1220 1219 1359 1253 veritatis,
1381 1222 1485 1256 quanta
1505 1227 1603 1256 passus
1624 1223 1673 1248 est.
1690 1221 1759 1249 Haec
1781 1221 1883 1257 scripta

1035 1268 1113 1299 sunt,
1134 1269 1166 1294 ut
1187 1268 1214 1294 et
1234 1273 1284 1294 nos
1305 1266 1431 1294 similiter
1453 1266 1593 1294 imitemur
1608 1278 1634 1294 ».
1658 1267 1749 1295 Simile
1770 1267 1803 1296 de
1825 1268 1884 1296 Ste-

1035 1312 1126 1348 phano
1158 1313 1274 1340 Actuum
1295 1313 1430 1349 septimo:
1458 1324 1472 1338 «
1492 1313 1524 1341 Et
1551 1313 1690 1341 eiicientes
1717 1321 1781 1341 eum
1802 1317 1884 1342 extra

1035 1359 1172 1387 civitatem
1184 1382 1190 1393 ‚
1212 1359 1369 1396 lapidabant
1384 1371 1410 1387 n.

1356 1454 1557 1490 Quaesumus.

1113 1547 1159 1575 41.
1183 1548 1292 1584 Quaest.
1315 1548 1332 1576 Ι.
1356 1548 1407 1577 Sed
1428 1548 1574 1585 quaeritur
1596 1548 1641 1576 hic
1662 1548 1752 1585 primo
1773 1548 1807 1576 de
1832 1548 1884 1576 hoc

1035 1594 1109 1630 quod
1130 1602 1229 1623 caecus
1248 1594 1334 1623 dixit:
1357 1595 1391 1623 Si
1406 1598 1542 1632 peccator
1563 1598 1612 1629 est,
1631 1595 1734 1624 nescio.
1751 1611 1788 1616 —-
1804 1595 1883 1624 Vide-

1035 1644 1082 1669 tur
1103 1641 1187 1670 fuisse
1208 1642 1356 1676 mentitus,
1372 1643 1438 1679 quia
1452 1642 1523 1671 infra
1535 1642 1557 1659 ¹³
1579 1642 1710 1676 ostendit,
1733 1642 1807 1679 quod
1828 1650 1883 1671 non

1034 1690 1094 1716 erat
1116 1691 1251 1724 peccator.

1898 805 1996 829 Quartum.

1114 1735 1303 1772 Respondetur
1314 1736 1474 1772 dupliciter:
1489 1744 1525 1765 ex
1537 1736 1732 1773 Chrysostomo
1745 1738 1768 1754 ¹¹
1783 1737 2028 1774 psjm0,nesp.aupiex.

1035 1782 1109 1818 quod
1130 1782 1241 1816 nescio,
1263 1782 1290 1811 id
1311 1786 1365 1816 est,
1389 1783 1470 1811 modo
1491 1791 1545 1811 non
1567 1784 1696 1818 enuntio;
1712 1784 1755 1813 vel
1776 1785 1881 1818 nescio,

1035 1829 1100 1866 quia
1121 1829 1208 1865 ipsius
1229 1829 1313 1858 vitam
1334 1830 1447 1866 ignoro;
1470 1838 1554 1866 porro
1575 1834 1606 1859 ut
1628 1831 1711 1859 homo
1733 1838 1840 1864 caecus,
1856 1834 1883 1859 et

1034 1876 1083 1913 qui
1105 1884 1248 1913 nunquam
1269 1884 1333 1905 eum
1356 1877 1410 1905 vidi
1432 1885 1482 1905 nec
1504 1880 1616 1905 secutus
1638 1877 1686 1905 sui.

1113 1923 1159 1951 ΛΞ.
1182 1923 1292 1959 Quaest.
1315 1924 1343 1951 ll.
1367 1924 1432 1952 Item
1454 1924 1599 1961 quaeritur
1620 1924 1654 1952 de
1676 1924 1728 1952 hoc
1749 1924 1822 1961 quod
1843 1924 1884 1952 di-

1035 1970 1086 1998 cit:
1109 1970 1235 2004 Scimus,
1256 1971 1328 2008 quia
1355 1974 1521 2008 peccatores
1544 1972 1620 1999 Deus
1649 1980 1706 1999 non
1729 1971 1822 2000 audit.
1845 1988 1884 1992 —

1037 2017 1159 2045 Contra:
1181 2017 1275 2045 Nonne
1296 2017 1401 2045 audivit
1423 2017 1601 2054 publicanum
1615 2017 1654 2046 ¹⁵?
1878 2026 1880 2029 ·

196 2162 204 2175 ¹
223 2163 288 2186 Vers.
304 2163 326 2185 7.

195 2200 205 2214 ²
222 2203 244 2226 in
262 2203 324 2224 loan.
338 2203 423 2230 Evang.
437 2205 464 2225 tr.
477 2202 514 2224 44.
526 2209 548 2224 n.
562 2203 603 2230 12,
615 2201 655 2224 ubi
673 2205 746 2225 textus
762 2202 879 2230 originalis
896 2202 979 2225 omittit

133 2240 232 2269 primam
251 2240 446 2268 propositionem:
459 2241 485 2263 ln
501 2246 539 2263 me
550 2240 581 2263 sit
592 2240 637 2263 ista
648 2240 790 2269 maledictio,
804 2247 865 2270 quae
880 2240 978 2264 habetur

133 2280 187 2302 Gen.
206 2280 243 2307 27,
262 2279 298 2301 13.
315 2280 393 2301 Plures
415 2279 484 2302 codd.
499 2279 598 2302 vocibus
618 2285 690 2309 super
707 2285 751 2303 nos
768 2280 900 2308 praefigunt
920 2286 978 2303 sem-

130 2324 182 2347 per,
207 2318 270 2347 quod
296 2324 342 2340 non
364 2318 462 2341 habetur
484 2319 506 2340 in
522 2321 583 2341 textu
606 2318 719 2346 originali,
736 2324 789 2341 cum
806 2325 854 2347 quo
872 2319 909 2341 ed.
926 2321 979 2347 post

132 2357 194 2387 filios
211 2359 306 2381 nostros
323 2358 484 2386 prosequitur:
496 2357 649 2381 Maledictum
665 2357 728 2381 enim
745 2359 791 2386 est,
807 2357 829 2381 si
845 2364 886 2381 cor
903 2357 979 2381 discu-

133 2396 190 2425 tias,
208 2402 256 2420 non
272 2396 295 2420 si
310 2396 382 2420 verba
395 2396 537 2426 perpendas.

195 2434 205 2448 ³
223 2436 319 2464 Vulgata
337 2436 387 2460 Nos
404 2438 493 2459 autem.
830 2435 841 2448 4
859 2437 923 2459 Vers.
943 2437 978 2458 11.

195 2473 205 2487 ⁵
224 2475 287 2497 Vers.
306 2475 342 2497 46.
359 2488 390 2492 -
407 2475 532 2504 chrysost,
554 2476 578 2498 in
601 2476 663 2498 loau.
686 2476 765 2498 homil.
782 2476 819 2498 58.
843 2475 908 2505 (alias
931 2475 977 2504 57.)

133 2519 155 2535 n.
173 2513 200 2535 3:
218 2513 264 2535 Vos
281 2513 343 2535 enim
359 2519 436 2542 neque
453 2514 536 2541 Moysis
560 2520 638 2542 neque
663 2514 731 2536 huius
753 2514 859 2542 discipuli
876 2514 937 2536 estis.
956 2514 978 2536 Si

133 2551 217 2579 Moysis
239 2552 329 2580 essetis,
347 2555 370 2574 et
386 2551 469 2575 Christi
490 2552 577 2574 essetis.
595 2552 648 2575 ldeo
670 2551 773 2575 Christus
794 2559 864 2580 supra
888 2552 979 2575 dicebat

134 2590 190 2613 illis:
209 2590 238 2614 Si
258 2590 383 2614 crederetis
405 2591 483 2621 Moysi
498 2594 542 2614 etc.
563 2591 609 2615 Cir.
631 2592 737 2620 August,
758 2592 781 2614 in
804 2592 865 2614 loan.
890 2592 978 2620 Evang.

135 2632 161 2652 tr.
180 2630 217 2653 44.
235 2636 257 2652 n.
277 2631 311 2652 12.

196 2667 206 2681 ⁸
224 2670 322 2697 Vulgata
339 2669 402 2698 qula.

196 2705 205 2720 '¹
224 2708 289 2730 Vers.
301 2708 328 2735 93
340 2708 411 2730 verba
424 2710 501 2730 autem
513 2710 567 2730 sunt
578 2714 605 2731 ex
616 2709 671 2731 Luc.
681 2709 703 2735 8,
715 2709 755 2736 10;
767 2710 808 2731 cfr.
822 2709 879 2731 infra
895 2710 929 2738 12,
941 2709 978 2732 40.

197 2745 206 2758 ⁸
223 2747 319 2775 Vulgata
338 2746 432 2770 Scimus
448 2749 543 2776 autem;
561 2747 598 2769 ed.
616 2747 709 2770 inferius
723 2750 775 2775 post
791 2753 840 2771 non
856 2747 923 2771 audit
940 2748 978 2770 ad-

135 2785 168 2807 dit
188 2785 225 2808 vel
247 2791 296 2808 non
320 2785 425 2808 exaudit.
442 2798 474 2802 —
492 2786 541 2808 Duo
565 2791 631 2814 seqq.
652 2786 694 2808 loci
717 2788 770 2808 suut
792 2786 841 2808 lsai.
860 2787 880 2815 1,
899 2786 935 2809 15.
956 2789 979 2809 et

135 2824 175 2846 1012
192 2825 217 2852 8,
235 2825 272 2847 20.

197 2861 207 2874 ⁹
224 2863 290 2885 Vers.
307 2863 329 2885 7.
346 2875 377 2880 ·-
395 2863 503 2892 Sequitur
519 2864 535 2886 1.
555 2864 613 2886 ioan.
632 2864 658 2891 3,
676 2865 713 2886 21.
730 2867 753 2886 et
769 2865 806 2886 22.

198 2900 217 2914 ²⁰
235 2902 332 2930 Vulgata
349 2901 412 2931 quia.
430 2914 461 2919 —
478 2903 564 2931 Boeth.‚
581 2903 613 2925 111.
631 2903 660 2925 de
677 2903 812 2926 Differentiis
825 2903 918 2931 topicis,
935 2910 978 2931 pro

1034 2163 1084 2186 loco
1101 2162 1131 2186 ab
1147 2162 1336 2186 antecedentibus
1358 2164 1379 2185 et
1400 2162 1594 2192 consequentibus
1612 2165 1653 2185 has
1671 2164 1782 2186 maximas
1801 2170 1884 2192 propo-

1034 2201 1128 2224 sitiones
1144 2201 1247 2224 exhibet:
1264 2202 1340 2224 Posito
1357 2202 1511 2230 antecedenti,
1529 2203 1633 2225 comitari
1645 2203 1708 2231 quod
1721 2202 1883 2232 subsequitum

1035 2243 1156 2269 perempto
1173 2241 1336 2270 consequenti,
1353 2241 1436 2269 perimi
1453 2241 1517 2270 quod
1534 2241 1655 2264 antecedit.

1098 2278 1116 2292 ¹¹
1135 2280 1233 2308 Vulgata
1250 2280 1334 2302 omittit
1353 2280 1423 2303 homo
1440 2283 1462 2303 et
1479 2280 1595 2303 substituit
1613 2282 1714 2310 poterat.
1733 2293 1763 2298 —-
1780 2281 1884 2304 Subinde

1035 2319 1147 2347 allegatur
1165 2320 1224 2341 loau.
1244 2319 1285 2347 15,
1303 2319 1324 2341 5.

1098 2357 1117 2370 ²²
1138 2359 1200 2380 Vers.
1213 2359 1249 2380 11.
1260 2372 1289 2374 -
1299 2359 1414 2381 Sententia
1424 2358 1541 2386 Chrysost.
1552 2358 1677 2381 habeturin
1688 2360 1747 2382 loan.
1758 2360 1835 2382 homil.
1845 2360 1883 2382 58.

1036 2397 1101 2426 (alias
1114 2397 1161 2426 57.)
1174 2404 1196 2419 n.
1210 2398 1232 2420 3.
1252 2400 1274 2420 et
1287 2397 1312 2426 4,
1325 2397 1431 2426 pluribus
1444 2400 1520 2420 tamen
1532 2398 1623 2420 additis.
1636 2398 1744 2427 Sequitur
1753 2399 1800 2421 Act.
1811 2399 1832 2427 7,
1845 2399 1883 2421 58.

1098 2435 1118 2448 ¹³
1135 2437 1200 2459 Vers.
1218 2437 1260 2459 3⁴:
1278 2437 1368 2459 Scimus
1385 2440 1475 2464 autem,
1492 2437 1546 2465 quia
1564 2440 1697 2465 peccatores
1714 2438 1775 2460 Deus
1788 2444 1833 2460 non
1845 2444 1882 2460 au-

1036 2476 1069 2498 dit
1085 2478 1129 2498 ete.

1098 2514 1118 2527 ¹⁴
1136 2515 1159 2537 ln
1181 2515 1242 2537 loan.
1267 2515 1346 2537 homil.
1364 2515 1401 2537 58.
1419 2514 1484 2543 (alias
1506 2514 1553 2543 57.)
1572 2522 1593 2537 n.
1612 2516 1640 2537 2:
1663 2515 1692 2538 Si
1704 2517 1815 2545 peccator
1835 2517 1882 2544 cst,

1035 2553 1120 2582 nescio,
1134 2554 1155 2576 id
1168 2557 1212 2582 est,
1224 2554 1279 2576 nihil
1296 2560 1322 2576 ea
1340 2554 1370 2576 de
1386 2561 1411 2576 re
1428 2560 1489 2576 nunc
1507 2554 1558 2577 dico
1576 2561 1651 2583 neque
1668 2555 1803 2577 sententiam
1821 2556 1881 2584 sero;

1035 2592 1091 2614 illud
1109 2592 1182 2620 probe
1201 2592 1248 2615 scio
1271 2595 1293 2614 et
1315 2592 1450 2621 pronuntio⁷
1469 2593 1488 2615 si
1506 2595 1612 2620 peccator
1629 2596 1701 2620 esset,
1720 2599 1765 2615 non
1783 2594 1834 2616 talia
1852 2595 1883 2616 te-

1036 2631 1111 2653 cisset.
1123 2643 1153 2647 —
1165 2631 1198 2653 De
1215 2631 1315 2654 secunda
1332 2632 1482 2659 responsione
1493 2632 1533 2653 cfr.
1546 2631 1602 2654 ibid.
1615 2631 1694 2654 homil.
1706 2632 1744 2654 59.
1757 2631 1821 2660 (alias
1834 2632 1881 2661 58.)

1035 2677 1057 2692 n.
1075 2671 1096 2692 1.
1114 2683 1145 2687 -
1162 2671 1256 2693 interius
1273 2677 1286 2693 e
1303 2671 1371 2693 codd.
1389 2671 1551 2698 supplevimus
1566 2677 1649 2700 porro.

1098 2708 1118 2721 ¹⁵
1135 2710 1240 2737 August.,
1258 2710 1280 2731 in
1302 2711 1363 2732 ioan.
1381 2710 1469 2738 Evang.
1486 2713 1512 2732 tr.
1531 2710 1568 2732 44.
1587 2717 1609 2732 u.
1630 2711 1672 2732 13:
1691 2711 1747 2732 Nam
1765 2713 1788 2732 et
1804 2716 1884 2738 peeca-

1035 2751 1096 2770 tores
1112 2748 1205 2770 exaudit
1222 2749 1289 2771 Deus.
1307 2748 1330 2771 Si
1351 2749 1412 2770 enim
1439 2752 1571 2776 peccatores
1596 2749 1657 2771 Deus
1681 2755 1726 2771 non
1752 2749 1882 2777 exaudiret,

1035 2788 1117 2809 frustra
1136 2787 1170 2809 ille
1187 2787 1335 2815 publicanus,
1360 2788 1439 2810 oculos
1464 2788 1487 2810 in
1512 2790 1596 2810 terram
1623 2788 1741 2810 dimittens
1763 2792 1785 2810 et
1802 2791 1883 2816 pectus

1035 2832 1103 2848 suum
1121 2826 1263 2854 percutiens,
1275 2826 1362 2849 diceret
1374 2826 1443 2855 [Luc.
1457 2827 1484 2848 18
1493 2844 1498 2854 ,
1512 2826 1573 2856 13.];
1589 2827 1692 2855 Domine,
1703 2827 1822 2856 propitius
1834 2829 1882 2850 esto

1035 2864 1094 2887 mihi
1107 2864 1234 2894 peccatori.
1253 2866 1278 2887 Et
1300 2865 1342 2887 ista
1365 2866 1478 2888 consessio
1503 2866 1587 2888 meruit
1611 2866 1809 2893 iustificationem,
1827 2872 1883 2894 quo-

1036 2904 1106 2926 modo
1123 2904 1166 2926 iste
1182 2910 1265 2927 caecus
1281 2905 1478 2927 illuminationem.
1790 2905 1792 2907 ’
