2296 3316
2 642 9 696 ,l

6 714 10 739 'l

71 439 148 458 conti-a.

19 533 77 557 neap.
87 532 112 552 ad
125 532 147 552 ll.

89 557 124 575 aut.

20 579 62 605 Duxi
67 584 93 607 ,εκ
106 578 149 598 fell-

55 605 109 622 citae.

19 1048 77 1072 neap.
85 1048 110 1067 ad
119 1048 147 1067 111.

43 1073 115 1095 quaest.

19 1095 98 1137 Duplg-
105 1100 149 1119 poe-

68 1844 144 1864 Contra.

29 2031 86 2056 Resp.
104 2037 146 2051 eum

25 2054 150 2075 distinetione.

68 2593 146 2613 Divisio.

739 166 908 196 COMMENT.
931 166 963 195 IN
984 166 1222 196 ECCLESIASTEN
1243 167 1271 196 C.
1295 168 1336 196 [V.

164 245 296 283 appetitu.
310 262 346 267 —
358 245 436 282 Quod
447 246 504 274 sic:
516 245 644 274 Matthaei
656 244 788 282 vigesimo
799 247 879 274 sexto
890 245 916 272 l:
937 255 951 269 π
961 245 1014 273 Μ6-

164 292 219 322 lius
239 294 300 321 erat
320 292 360 327 ei,
382 293 405 321 si
432 294 515 321 natus
542 300 598 320 non
628 291 766 320 fuisset»:
787 299 854 328 ergo
881 291 904 320 si
932 299 1013 320 omne

163 339 263 368 melius
283 339 469 376 appetendum
490 341 517 368 et
537 338 777 375 praeeligendum,
799 338 881 366 etiam
903 340 931 367 et
951 338 1012 366 hoc.

242 385 321 422 Quod
341 394 416 420 non,
438 385 563 420 videtur,
585 384 651 422 quia
678 386 767 413 totum
795 384 899 413 bonum
927 384 1012 413 tollit:

164 439 231 470 ergo
251 432 320 461 nihil
341 432 388 461 illo
408 432 496 469 peius.

242 478 415 516 Respondeo:
436 478 583 508 dicendum
593 501 600 513 ,
615 478 689 516 quod
703 478 817 507 felicitas
831 477 941 506 duobus
954 485 1013 506 mo-

163 525 205 555 dis
225 527 268 555 est
287 525 315 554 in
336 525 441 563 aliquo:
462 534 528 554 vere
548 528 576 554 et
603 524 791 554 aestimativa
833 525 898 553 Vere
922 527 964 553 est
984 524 1011 552 in

163 581 220 602 uno
241 573 316 608 solo,
338 573 518 602 aestimative
544 573 572 601 in
600 572 696 602 multis
724 572 877 601 secundum
907 572 1013 609 opinio-

164 627 213 649 nes
233 622 261 649 et
280 619 513 649 considerationes
533 619 658 648 diversas
678 622 706 648 et
726 619 787 648 eius
801 619 970 648 conditiones
984 618 1013 647 in

163 666 280 696 diversis
301 669 434 704 repertas.
455 667 526 704 Quia
555 667 628 696 enim
659 669 702 696 est
721 667 825 695 bonum
846 665 1012 695 iucundissi-

164 722 258 748 mum,
279 713 340 743 ideo
362 714 498 751 Epicurus
518 722 578 743 eam
599 713 677 751 ponit
706 714 734 742 in
759 713 964 750 voluptatibus,
985 715 1013 741 et

164 761 203 790 sic
223 761 257 790 de
277 761 345 790 aliis.
368 761 438 798 Quia
457 761 543 798 igitur
563 760 635 799 felix
655 760 732 790 nulla
751 760 856 789 malitia
872 759 916 788 vel
929 759 1012 788 mise-

164 807 206 836 ria
225 807 401 842 molestatur;
423 810 450 836 et
470 807 523 836 ista
553 807 673 836 conditio
699 806 840 844 reperitur
861 806 889 839 in
910 814 942 835 eo
963 806 1012 843 qui

164 854 286 883 nondum
308 857 389 883 natus
419 857 477 884 est:
499 854 605 883 ratione
631 854 712 883 istius
736 854 899 883 conditionis
930 853 1010 882 dicit:

164 901 334 931 Feliciorem
354 902 510 931 aestimavi
528 904 580 931 etc.
602 901 668 931 Dico
689 901 788 936 etiam,
810 901 884 939 quod
905 901 1011 930 ratione

164 948 238 978 illius
258 949 421 978 conditionis
441 948 582 986 appetitur
602 957 619 977 a
639 948 734 977 multis
755 948 871 977 afflictis.

242 996 321 1033 Quod
341 996 503 1034 quaeritur,
525 998 622 1025 utrum
642 995 741 1024 debeat
754 995 845 1033 appeti
865 995 908 1024 vel
932 1003 1012 1032 prae-

164 1042 242 1080 eligi3
263 1042 425 1077 dicendum,
441 1042 516 1080 quod
529 1042 634 1079 duplex
655 1044 697 1071 est
717 1050 820 1079 poena:
843 1041 1012 1079 temporalis

164 1091 192 1118 et
211 1093 331 1118 aeterna
338 1100 348 1123 ;
369 1093 469 1119 neutra
490 1097 578 1126 poena
599 1092 689 1118 totum
714 1089 825 1123 adimit,
847 1089 895 1117 sed
919 1092 1011 1118 tamen

163 1139 276 1166 aeterna
295 1145 409 1174 semper
436 1136 546 1171 adimit;
574 1136 717 1173 corruptio
745 1144 811 1165 vero
832 1136 860 1164 in
881 1144 1012 1164 non-esse

164 1186 254 1212 totum
280 1183 391 1218 adimit,
417 1183 465 1212 sed
490 1183 583 1212 semel.
613 1183 639 1212 Si
667 1183 752 1220 igitur
781 1183 843 1212 talis
868 1183 1011 1220 corruptio

163 1231 192 1260 in
209 1239 341 1260 non-esse
361 1233 539 1268 comparetur
560 1238 663 1268 poenae
684 1230 854 1268 temporali,
880 1230 1011 1267 simplici-

163 1280 206 1307 ter
226 1281 267 1307 est
297 1278 390 1315 peior;
412 1278 435 1307 si
458 1281 552 1307 autem
579 1280 727 1312 aeternae,
749 1285 778 1306 se
809 1277 912 1306 habent
940 1277 1012 1306 sicut

162 1325 325 1354 excedentia
345 1328 372 1354 et
393 1332 523 1359 excessa,
543 1324 609 1362 quia
630 1325 698 1354 haec
719 1324 746 1353 in
768 1324 950 1361 ademptione,
965 1324 1012 1353 illa

163 1372 191 1401 iu
211 1372 416 1401 continuatione
437 1371 555 1401 excedit.
578 1372 610 1400 Et
630 1371 697 1409 quia
716 1371 763 1400 illa
783 1374 824 1400 est
838 1371 945 1400 infinita
959 1372 1011 1400 du-

163 1419 284 1454 ratione,
306 1419 358 1448 ista
388 1427 455 1448 vero
485 1421 691 1454 momentanea;
720 1418 748 1447 in
777 1419 829 1447 hoc
854 1418 963 1448 excedit
984 1421 1011 1447 et

162 1468 251 1504 potest
271 1466 359 1504 magis
379 1465 579 1495 rationabiliter
599 1466 657 1503 fugi
678 1468 706 1495 et
727 1466 819 1503 sperni
831 1466 851 1493 ².

240 1513 282 1542 IV.
305 1514 372 1543 Item
393 1513 539 1550 quaeritur
559 1512 594 1542 de
614 1513 667 1542 hoc
681 1513 756 1550 quod
770 1512 851 1542 dicit:
867 1512 1011 1541 Animad—

162 1560 245 1595 verti,
258 1560 359 1589 omnia
369 1563 470 1598 patere
484 1560 613 1589 invidiae
623 1560 765 1598 proximi.
781 1560 899 1596 Quaero,
914 1562 1010 1588 utrum

162 1608 245 1637 homo
265 1608 363 1637 debeat
384 1615 492 1637 cessare
512 1610 627 1644 propter
658 1607 719 1636 eius
750 1607 881 1636 invidiam
902 1615 918 1635 a
938 1607 1011 1636 bono

161 1662 254 1692 opere.
267 1672 306 1676 —
316 1654 395 1692 Quod
409 1654 448 1683 sic
457 1677 464 1689 ,
478 1654 605 1683 videtur:
620 1654 686 1691 quia
700 1654 788 1691 magis
802 1654 957 1691 diligendus
970 1656 1012 1683 est

161 1701 309 1738 proximus
329 1709 413 1738 quam
438 1701 578 1738 quaelibet
608 1701 712 1729 utilitas
732 1709 878 1737 praesens:
900 1709 967 1737 ergo
988 1700 1010 1729 si

161 1749 308 1786 proximus
327 1748 401 1785 perit
420 1748 583 1782 invidendo,
604 1747 672 1776 illud
693 1747 775 1776 debet
794 1747 891 1776 omitti.

239 1796 368 1825 CONTRA:
383 1795 461 1832 Opus
474 1795 578 1824 bonum
592 1795 697 1823 bonum
710 1797 832 1832 praestat
850 1795 1011 1832 exemplum

161 1844 188 1871 et
208 1843 312 1872 excitat
332 1842 366 1871 ad
386 1842 504 1871 bonum:
519 1850 585 1879 ergo
606 1842 628 1870 si
650 1841 754 1870 bonum
775 1841 955 1878 aperiendum
970 1844 1011 1870 est

161 1889 196 1918 ad
215 1889 342 1923 laudem,
364 1897 418 1918 non
439 1888 520 1918 debet
541 1889 624 1917 homo
644 1888 785 1917 occultare
806 1891 920 1925 propter
941 1888 1011 1916 invi-

162 1935 235 1964 diam
256 1936 386 1972 proximi.

240 1983 414 2020 Respondeo:
436 1985 485 2011 aut
498 1985 540 2011 est
553 1989 624 2019 opus
638 1982 706 2011 illud
720 1982 753 2010 de
768 1981 947 2015 necessitate,
962 1984 1011 2010 aut

161 2027 196 2058 de
216 2029 348 2058 utilitate.
371 2029 397 2058 Si
412 2029 446 2058 de
460 2029 641 2063 necessitate,
657 2036 834 2066 nequaquam
848 2028 1009 2062 dimittitur;

162 2075 185 2105 si
205 2075 239 2105 de
260 2076 385 2105 utilitate
396 2076 417 2111 ³,
433 2079 482 2105 aut
499 2079 592 2114 potest
612 2083 700 2113 aeque
714 2076 818 2104 bonum
832 2075 893 2104 fieri
908 2075 936 2104 in
950 2075 1011 2104 eius

162 2123 300 2157 absentia,
316 2127 348 2152 ut
361 2124 390 2152 in
403 2123 574 2161 praesentia,
588 2126 637 2152 aut
650 2131 722 2156 non,·
735 2122 755 2152 si
768 2122 820 2157 sic,
835 2122 916 2151 debet
927 2122 1010 2151 homo

162 2177 233 2206 opus
253 2169 321 2198 illud
341 2170 377 2199 ab
397 2170 458 2199 eius
485 2169 573 2199 oculis
599 2170 760 2203 absentare,
782 2172 814 2198 ut
835 2169 912 2197 tollat
932 2176 1010 2197 occa-

163 2215 284 2250 sionem,
304 2216 414 2253 quando
442 2216 622 2253 probabiliter
650 2216 775 2250 coniicit,
797 2216 871 2253 quod
899 2215 944 2244 ille
969 2215 1010 2244 in-

162 2261 251 2296 videt;
279 2262 301 2291 si
329 2265 422 2291 autem
443 2271 501 2291 non
528 2267 636 2300 potest,
658 2263 748 2292 facere
775 2263 856 2292 debet
887 2270 937 2291 nec
964 2262 1010 2291 dat

162 2309 348 2344 occasionem,
371 2310 419 2339 sed
439 2310 485 2339 ille
505 2311 612 2348 accipit.

249 2403 312 2432 Aur.
336 2404 361 2432 2.
384 2404 425 2432 De
445 2404 575 2432 vanitate
595 2405 758 2438 avaritiae,
780 2408 806 2433 et
822 2405 922 2442 primo

379 2450 413 2478 de
434 2450 529 2487 ipsius
550 2450 788 2480 consideratione.

244 2544 440 2572 Considerans
461 2544 557 2581 reperi
576 2546 627 2573 etc.
650 2545 740 2581 Supra
760 2545 815 2582 egit
835 2544 869 2573 de
891 2545 1010 2573 vanitate

163 2590 297 2625 malitiae;
319 2590 364 2619 hic
392 2590 448 2628 agit
474 2590 508 2619 de
538 2591 658 2620 vanitate
685 2591 849 2624 avaritiae,-
871 2594 898 2620 et
919 2591 1010 2628 primo

164 2637 277 2674 ponitur
298 2637 492 2666 consideratio
513 2637 677 2671 avaritiae;
699 2637 820 2667 secundo
842 2646 922 2672 vero,
944 2638 1010 2675 quia

1880 172 1917 202 39

1070 252 1172 274 avarus
1192 253 1248 273 non
1271 246 1329 274 vult
1360 246 1463 276 habere
1494 251 1665 283 consortem,
1688 249 1715 278 in
1737 250 1823 287 ipsius
1843 250 1918 279 dete-

1070 291 1215 320 stationem
1237 292 1351 329 ponitur
1382 294 1591 324 commendatio
1621 296 1764 325 societatis
1795 297 1917 331 alienae,

1070 337 1124 366 ibi:
1146 338 1249 367 Melius
1269 342 1309 367 est
1330 348 1415 377 eryo,
1438 341 1511 370 daos
1531 350 1590 370 esse
1610 345 1661 371 etc.

1150 384 1238 420 (Vers.
1262 386 1287 413 7.
1310 386 1358 421 8.).
1388 386 1416 414 In
1442 387 1659 418 consideratione
1680 389 1765 426 igitur
1790 390 1918 420 vanitatis
1930 397 2065 424 Expositjnm.

1069 431 1201 460 avaritiae
1222 432 1302 461 dicit:
1327 432 1522 463 Considerans
1543 435 1639 472 reperi
1652 436 1744 464 aliam
1760 437 1918 466 vanitatem
1937 421 2031 467 ῡέεἷιῖῗῗὲ
2045 443 2063 462 1-

1069 477 1123 506 sub
1143 477 1214 512 sole,
1235 479 1338 508 scilicet
1359 480 1469 515 aliam,
1484 481 1550 518 quia
1565 489 1650 519 supra
1673 483 1746 511 dicta
1766 483 1817 512 fuit
1839 484 1916 512 mali-

1070 524 1136 559 tiae,
1159 525 1227 554 haec
1247 528 1341 555 autem
1360 527 1499 556 avaritiae.
1515 544 1553 549 —
1572 528 1647 558 Unde
1661 529 1816 567 subiungit:
1836 531 1917 559 Unus

1069 573 1123 605 est,
1138 575 1164 599 et
1182 572 1341 601 secandum
1364 582 1422 602 non
1447 573 1543 609 habet,
1564 584 1623 603 non
1642 575 1752 611 filiam,
1775 585 1832 605 non
1852 576 1917 614 fira-

1070 620 1159 652 trem,
1181 622 1208 647 et
1229 619 1256 647 in
1277 619 1391 649 modicis
1411 620 1524 650 deberet
1542 629 1602 651 esse
1623 625 1768 652 contentus
1787 627 1919 660 tanquam

1069 665 1160 699 solus,
1181 666 1248 703 quia
1267 666 1349 695 etiam
1371 675 1425 696 non
1447 668 1507 697 vult
1528 669 1631 698 habere
1652 669 1772 704 socium;
1788 670 1918 699 Ecclesia-

1069 711 1130 740 stici
1161 712 1342 742 undecim0⁴²t
1369 724 1383 739 «
1398 714 1490 743 Inveni
1518 715 1643 752 requiem
1674 716 1758 750 mihi,
1787 719 1814 745 et
1844 725 1918 746 nunc

1069 758 1242 788 manducabo
1269 759 1303 789 de
1330 760 1411 790 bonis
1434 761 1504 791 meis
1533 762 1608 791 solus
1622 774 1649 797 »;
1675 766 1702 792 et
1724 766 1815 793 tamen
1843 766 1918 794 totus

1068 806 1206 835 evanescit
1233 814 1284 843 per
1315 808 1460 837 avaritiam
1488 811 1516 838 et
1543 809 1570 838 in
1598 808 1696 847 effecta
1717 813 1744 839 et
1766 810 1869 849 affecta
1891 815 1918 841 et

1068 852 1217 882 intellectu.
1240 854 1269 882 In
1289 853 1403 892 effeetm
1423 855 1498 885 unde
1518 856 1596 885 dicit:
1612 858 1648 885 Et
1668 860 1764 886 tamen
1783 858 1918 887 laborare

1067 908 1127 928 non
1147 904 1256 934 cessam
1279 901 1457 931 Ecclesiastici
1479 903 1620 940 trigesimo
1641 904 1746 941 primo:
1773 917 1787 930 «
1801 905 1918 934 Labora-

1068 946 1108 975 vit
1131 946 1207 976 dives
1228 947 1256 976 in
1281 949 1493 986 congregatione
1513 950 1683 980 substantiae
1697 963 1724 979 ».
1747 952 1774 980 ln
1797 951 1916 990 affeetu:

1069 992 1135 1022 Non
1154 994 1307 1023 satiantur
1335 995 1413 1024 ocati
1438 996 1502 1025 eius
1522 997 1648 1031 divitiis·;
1671 998 1849 1028 Ecclesiastici
1871 999 1918 1028 de-

1068 1040 1140 1069 cimo
1160 1044 1277 1079 quarto:
1304 1043 1494 1072 «Insatiabilis
1514 1044 1613 1073 oculus
1641 1045 1733 1082 cupidi
1761 1046 1788 1075 in
1810 1049 1917 1082 partem

1068 1088 1222 1125 iniquitatis
1236 1097 1291 1118 non
1306 1090 1452 1119 satiabitur
1462 1102 1489 1118 n.
1505 1091 1540 1119 In
1555 1091 1712 1125 intellecta;
1724 1092 1797 1121 unde
1809 1093 1916 1122 subdit:

1068 1134 1126 1164 Nec
1140 1136 1281 1173 recogitat
1294 1136 1404 1171 dicens,
1419 1137 1470 1166 cui
1483 1137 1600 1172 laboro,
1615 1141 1639 1166 et
1652 1137 1764 1175 fraudo
1783 1139 1917 1168 animam

1067 1190 1163 1211 meam
1184 1182 1287 1211 bonis?
1308 1184 1414 1212 Psalmo
1435 1184 1575 1221 trigesimo
1599 1188 1711 1214 octavo:
1745 1197 1759 1211 «
1773 1186 1918 1215 Thesauri-

1068 1233 1112 1258 zat
1138 1233 1166 1259 et
1196 1230 1320 1267 ignorat,
1343 1230 1388 1259 cui
1416 1231 1594 1268 congregabit
1614 1240 1683 1260 ea».
1706 1232 1747 1261 Ex
1768 1233 1811 1262 liis
1832 1233 1917 1270 igitur

1068 1277 1151 1306 insert
1172 1277 1337 1306 vanitatem:
1360 1278 1396 1306 ln
1416 1277 1468 1307 hoc
1489 1287 1601 1317 qaoque
1621 1279 1740 1308 vanitas
1760 1283 1800 1308 est
1824 1284 1849 1309 et
1870 1280 1917 1318 af-

1067 1323 1156 1361 flictio
1175 1324 1305 1361 pessima
1312 1335 1322 1358 ;
1343 1325 1415 1354 infra
1442 1325 1554 1363 quinto:
1575 1337 1590 1351 <z
1603 1326 1719 1356 Divitiae
1739 1331 1917 1356 conservatae

1068 1371 1096 1400 in
1124 1371 1228 1400 malum
1257 1371 1360 1400 domini
1387 1371 1446 1406 sui;
1475 1375 1594 1409 pereunt
1621 1373 1694 1401 enim
1722 1373 1749 1402 in
1770 1373 1917 1403 afflictione

1068 1418 1187 1455 pessima
1201 1430 1227 1446 ».

1942 770 2040 790 Evanescit

1935 793 2042 818 tripliciter.

1119 1511 1255 1548 Secundo,
1277 1511 1310 1542 de
1331 1512 1565 1544 commendatione
1585 1513 1725 1544 societatis
1746 1514 1863 1545 alienae.

1147 1606 1236 1643 (Vers.
1260 1607 1285 1635 9.
1318 1607 1361 1635 10.
1393 1608 1436 1636 11.
1466 1607 1532 1641 12).
1560 1608 1662 1636 Melius
1682 1612 1723 1637 est
1740 1618 1821 1646 erqo,
1843 1610 1917 1638 (tuos
1937 1613 1964 1632 De
1977 1614 2030 1636 parte
2043 1612 2065 1631 ἓ»

1068 1661 1126 1682 esse
1147 1656 1198 1682 etc.
1221 1653 1354 1690 Tangitur
1380 1654 1425 1683 hic
1453 1654 1573 1683 secundo
1594 1657 1803 1685 commendatio
1830 1657 1916 1686 socie-

1068 1700 1287 1734 tatis-alienae,
1310 1702 1337 1729 et
1358 1701 1410 1731 hoc
1439 1701 1467 1730 111
1497 1701 1706 1732 detestationem
1726 1703 1916 1732 sollicitudinis

1067 1747 1214 1781 avaritiae;
1236 1749 1350 1784 propter
1371 1748 1446 1785 quod
1466 1748 1546 1777 dicit:
1568 1749 1670 1778 Melius
1685 1754 1724 1778 est
1739 1759 1820 1787 erqo,
1842 1751 1916 1779 dnos

1067 1803 1139 1828 esse,
1151 1795 1278 1832 quamvis
1292 1794 1361 1823 illud
1375 1803 1476 1824 avarus
1496 1796 1646 1833 praeeligat
1654 1807 1660 1830 ;
1675 1799 1703 1825 et
1716 1797 1859 1833 subiungit
1872 1805 1915 1826 ra-

1068 1841 1184 1870 tionem:
1206 1841 1318 1870 Habent
1339 1841 1416 1870 enim
1443 1842 1666 1871 emolumentum
1687 1843 1831 1871 societatis
1851 1852 1915 1871 ma-

1069 1891 1136 1916 tuae
1143 1898 1154 1922 ;
1175 1890 1202 1916 et
1223 1888 1296 1922 ideo,
1317 1889 1406 1917 Lucae
1427 1888 1533 1917 decimo
1543 1888 1564 1923 ⁵,
1586 1889 1720 1917 Dominus
1746 1901 1760 1915 «κ
1774 1890 1848 1918 misit
1874 1890 1915 1918 di-

1068 1935 1188 1972 scipulos
1215 1935 1294 1963 binos
1324 1938 1388 1964 ante
1413 1935 1511 1964 faciem
1538 1943 1616 1964 suam
1631 1948 1658 1963 ».
1681 1952 1717 1956 —
1740 1936 1771 1964 Et
1797 1936 1915 1965 ostendit
1932 1939 2007 1963 Triv¹e¹
2024 1939 2060 1958 ¹¹21·

1068 1982 1171 2019 triplex
1193 1981 1426 2011 emolumentum:
1449 1982 1551 2011 scilicet
1572 1982 1600 2011 in
1621 1982 1790 2017 relevamlo,
1806 1984 1833 2012 in
1848 1992 1914 2012 eon-
1943 1963 2061 2004 affima-

1067 2029 1228 2063 servando,
1250 2029 1278 2056 in
1303 2027 1487 2065 defendemlo.
1517 2029 1631 2066 Propter
1652 2029 1853 2058 relevationem
1873 2030 1913 2059 di-
1931 2033 2001 2051 Prima-

1067 2075 1119 2104 cit:
1135 2075 1169 2104 Si
1182 2084 1261 2104 unus
1281 2076 1431 2110 ceciderit,
1447 2075 1483 2104 ab
1499 2075 1589 2105 altero
1609 2075 1766 2114 fulcietar;
1780 2078 1914 2106 Deutero-

1067 2123 1152 2152 nomii
1168 2123 1298 2160 vigesimo
1312 2122 1433 2152 secundo
1444 2123 1471 2151 ⁶:
1499 2135 1512 2148 «
1526 2123 1552 2152 Si
1568 2124 1682 2159 videris,
1697 2124 1805 2153 asinum
1821 2125 1915 2154 fratris

1068 2170 1108 2198 tui
1136 2169 1266 2198 cecidisse
1294 2170 1321 2198 in
1350 2170 1410 2204 via,
1432 2178 1487 2199 non
1514 2170 1664 2208 despicies,
1689 2171 1743 2200 sed‘
1758 2172 1915 2201 sublevabis

1068 2224 1131 2245 cum
1153 2224 1185 2245 eo
1197 2228 1223 2244 n.
1246 2216 1299 2245 Hoc
1320 2216 1453 2245 beneficio
1474 2220 1550 2246 caret
1564 2217 1719 2252 solitarius;
1734 2218 1795 2247 ideo
1809 2218 1913 2248 subdit:

1076 2264 1132 2292 Vae
1152 2264 1223 2298 soti,
1245 2264 1326 2302 quia,
1342 2272 1410 2292 cum
1424 2264 1573 2299 ceciderit,
1588 2273 1647 2293 non
1668 2264 1750 2294 ltabet
1763 2265 1915 2294 sublevan-

1068 2314 1120 2340 tem
1143 2319 1186 2345 se,
1208 2310 1268 2339 ideo
1289 2311 1388 2345 miser;
1411 2311 1484 2340 unde
1511 2311 1539 2340 in
1572 2312 1692 2340 Psalmo:
1720 2323 1733 2337 <t
1748 2312 1859 2348 Respice
1887 2312 1914 2340 in

1067 2365 1111 2386 me
1139 2360 1166 2386 et
1196 2357 1328 2386 miserere
1356 2358 1426 2392 mei,
1448 2357 1512 2395 quia
1534 2358 1634 2387 unicus
1664 2360 1691 2386 et
1721 2366 1827 2395 pauper
1852 2366 1912 2387 sum

1068 2412 1118 2441 ego
1132 2416 1159 2432 ».
1176 2420 1213 2425 —
1228 2404 1368 2440 Quantum
1382 2404 1417 2433 ad
1431 2405 1648 2433 emolumentum
1667 2404 1694 2432 in
1715 2405 1913 2433 conservando
1930 2407 2023 2426 Secunda·

1067 2451 1175 2480 subdit:
1199 2452 1235 2479 Et
1253 2451 1281 2479 si
1301 2451 1475 2479 dormierint
1501 2452 1576 2485 duo,
1597 2450 1773 2488 fovebantur
1793 2454 1912 2484 mutuo,

1067 2498 1095 2527 id
1109 2501 1150 2527 est
1165 2498 1405 2527 conservabuntur
1420 2506 1436 2526 a
1450 2498 1567 2535 frigore3
1583 2498 1617 2526 ad
1632 2498 1763 2534 Ephesios
1777 2498 1874 2535 quinto
1886 2498 1912 2525 ⁷:

1072 2556 1086 2570 «
1099 2545 1184 2574 Nemo
1204 2553 1316 2574 carnem
1337 2552 1416 2574 suam
1436 2544 1498 2573 odio
1520 2544 1632 2579 habuit,
1654 2544 1701 2573 sed
1723 2545 1811 2573 nutrit
1832 2548 1859 2573 et
1874 2544 1913 2572 so-

1067 2594 1113 2621 vet
1132 2600 1192 2621 eam
1207 2604 1233 2620 ».
1256 2592 1310 2620 Hoc
1331 2592 1463 2620 beneficio
1484 2594 1560 2620 caret
1580 2591 1732 2626 solitarius:
1753 2591 1826 2620 unde
1848 2592 1913 2620 sub-

1066 2638 1117 2667 dit:
1145 2639 1242 2672 Unas,
1265 2638 1287 2667 si
1314 2638 1473 2672 dormierit,
1496 2638 1637 2676 quomodo
1664 2638 1792 2675 calefiet?
1816 2638 1913 2667 Exem-

229 2805 236 2819 ¹
255 2807 320 2829 Vers.
338 2807 381 2829 24:
399 2807 488 2829 Bonum
511 2811 559 2830 erat
576 2808 597 2830 ei
619 2811 663 2831 etc.
679 2821 710 2825 —
727 2809 821 2831 lnserius
844 2815 886 2836 pro
903 2808 974 2831 eliam
991 2810 1012 2832 el

166 2845 209 2868 hoc
226 2845 342 2878 Eumelius
359 2847 411 2869 erat
427 2845 448 2868 ei
464 2852 512 2869 non
528 2853 588 2874 esse,
607 2853 680 2876 quani
696 2847 730 2871 sic
747 2854 796 2871 esse
812 2851 855 2870 etc.

228 2883 237 2897 ²
254 2884 300 2908 Cir.
317 2885 355 2907 lV.
371 2886 432 2907 Sent.
449 2885 472 2908 d.
489 2886 528 2908 50.
544 2892 568 2914 p.
585 2887 599 2908 l.
617 2892 638 2908 a.
656 2887 677 2909 1.
694 2893 718 2915 q.
735 2887 756 2908 2.

228 2922 238 2935 ⁸
255 2924 332 2947 Verba
349 2930 501 2954 nequaquam
518 2924 659 2954 dimittitur;
676 2926 698 2949 si
717 2926 744 2949 cle
767 2926 867 2949 utilitate
889 2933 1012 2954 perperam

166 2962 253 2985 omissa
268 2963 429 2991 supplevimus
445 2969 472 2986 ex
488 2965 512 2986 E.

1131 2807 1141 2820 ‘¹
1159 2809 1223 2831 Vers.
1242 2809 1278 2831 19.
1297 2820 1327 2824 -
1344 2809 1476 2837 Sequuntur
1494 2809 1559 2831 Eccli.
1577 2809 1615 2835 31,
1633 2809 1653 2830 3.
1672 2811 1694 2831 ct
1714 2808 1752 2834 14,
1771 2809 1795 2834 9,
1809 2808 1847 2829 ubi
1861 2808 1912 2829 Vul-

1069 2850 1122 2875 gata
1139 2847 1163 2870 in
1176 2849 1247 2876 purte
1265 2854 1307 2875 pro
1324 2847 1347 2870 in
1362 2848 1473 2877 partem,·
1491 2848 1525 2870 Ps.
1543 2848 1585 2874 38,
1603 2848 1624 2869 7.
1642 2850 1664 2870 et
1681 2848 1753 2869 Eccle.
1770 2847 1796 2873 5,
1819 2848 1852 2868 1⁵2.
1863 2853 1911 2874 seq.

1130 2885 1139 2897 ⁵
1157 2887 1223 2909 Vers.
1244 2887 1265 2909 1.

1131 2924 1141 2936 ⁶
1159 2926 1224 2947 VerS.
1242 2925 1263 2947 4.
1280 2937 1311 2942 -—
1328 2926 1435 2954 Sequitur
1452 2926 1488 2948 Ps.
1512 2925 1554 2953 24,
1573 2925 1610 2947 Ἰ16.

1132 2962 1141 2976 ⁷
1159 2964 1225 2987 Vers.
1242 2964 1279 2987 29.
1296 2977 1326 2980 —
1344 2965 1452 2993 Sequitur
1469 2965 1501 2987 lll.
1519 2965 1576 2992 Reg.
1592 2965 1614 2992 A,
1631 2964 1654 2986 si.
1671 2970 1735 2992 seqq.
