2296 3316
9 0 15 130 l

9 131 11 226 l

0 293 58 344 ὴῗῐιῑίς
64 298 88 317 ad

1 326 5 340 1
17 324 89 342 unuan-

8 345 33 416 Γ..

15 1235 48 1263 jin,
58 1235 81 1254 de

16 1306 74 1330 'pulo-

14 1376 82 1396 Prima.

712 161 882 190 COMMENT.
906 161 938 190 ΙΝ
959 160 1105 189 ΙΟΛΝΝΕΜ
1126 160 1154 189 C.
1177 161 1232 189 XX.

98 243 191 277 venit;
213 241 429 270 Proverhiorum
451 241 586 269 octavo¹:
613 251 627 265 «
642 239 693 276 Qui
716 247 797 268 mane
818 239 949 276 vigilave-

98 291 155 320 rint
175 289 209 318 ad
230 297 274 317 me
295 288 436 317 invenient
450 295 494 316 me
508 299 536 315 2».
551 304 590 308 —
609 288 642 315 Et
655 286 728 315 vidit
742 287 886 324 lapidem,
903 286 948 315 hic

98 339 210 366 notatur
238 335 379 372 diligentia
399 335 440 363 ad
461 334 695 363 renuntiandum
724 334 751 362 in
781 334 848 368 hoc,
874 333 948 371 quod

98 384 184 413 visam
206 383 377 412 monumenti
392 382 563 419 apertionem
581 381 667 410 refert
681 381 839 417 discipulis;
855 381 947 409 unde:

99 431 135 459 Et
154 429 228 458 vidit
248 429 376 466 lapidem
389 428 554 457 revolutum
567 427 577 443 ‘·'
592 436 611 456 a
626 430 821 455 monumento.
838 427 890 455 Ista
905 435 948 456 re-

97 477 181 506 motio
202 476 300 513 lapidis
328 475 481 512 significata
504 474 557 503 suit
578 474 701 503 Indicum
724 474 830 502 decimo
852 476 948 507 sexto,

97 523 146 553 ubi
167 523 285 557 dicitur,
308 522 382 559 quod
408 533 422 547 «
437 522 552 550 Samson
566 520 752 559 apprehendit
766 520 862 549 ambas
876 520 949 549 sores

97 573 193 608 portae
214 577 278 598 cum
299 569 425 606 postibus
452 572 480 597 et
507 569 577 597 seris
604 568 803 605 impositasque
824 568 950 596 humeris

98 617 156 647 suis
175 616 297 654 portavit
317 616 352 644 ad
373 616 506 644 verticem
529 615 631 644 montis
646 627 672 643 ».

176 663 202 693 3.
226 663 315 699 (Vers.
338 663 387 699 2).
412 662 555 691 Cucurrit
574 671 643 700 erqo
658 665 682 690 et
697 659 773 690 veni't
795 661 836 690 ad
857 662 949 690 Simo-

96 720 162 741 nem
183 712 323 745 Petrum,
344 710 393 748 qui
414 710 564 747 praecipue
583 710 656 738 inter
670 709 739 738 alios
753 709 895 737 Christum
909 709 950 737 di-

98 759 214 796 ligebat,
235 761 260 787 et
281 758 322 787 acl
342 758 437 786 alium
465 757 662 794 discipulum,
685 765 767 794 quenz
790 755 949 793 diliyebat3

98 807 196 840 Iesus,
217 805 245 834 id
265 808 307 834 est
328 804 362 833 ad
384 804 527 838 loannem,
550 804 598 841 qui
620 811 649 832 se
671 812 726 832 non
747 803 873 832 nominat
886 811 951 840 pro-

97 856 160 891 pter
181 853 386 886 humilitateim
408 855 433 880 et
452 852 525 880 (licit
542 851 603 880 eis:
630 851 772 879 Tulerunt
790 851 951 879 Dominum

98 900 132 929 de
151 904 358 933 monumento:
380 899 407 928 in
429 899 534 928 Graeco
547 898 660 927 additur
674 907 771 927 meum
785 898 819 927 ad
833 906 951 935 expres-

97 947 202 976 sionem
223 947 347 975 affectus.
383 945 540 978 Tulerunt,
566 945 670 974 scilicet
691 945 813 979 infinite,
836 945 880 974 vel
908 945 951 973 111-

98 994 171 1028 daei,
193 994 237 1023 vel
258 994 402 1028 custodes,
424 997 451 1022 et
470 994 603 1027 nesei04,
625 993 678 1021 ubi
688 996 853 1030 posuerunt
867 1001 949 1026 eum,

97 1041 172 1079 quod
193 1044 253 1070 erat
273 1041 296 1070 ei
320 1049 404 1070 causa
431 1040 544 1069 maioris
564 1040 676 1069 doloris.
698 1040 769 1076 Quia
790 1040 863 1068 enim
885 1048 950 1068 eum

97 1088 188 1117 adhuc
209 1088 357 1117 carnaliter
379 1088 561 1125 cognoscebat
575 1091 602 1116 et
620 1087 748 1121 aniabat3
771 1086 847 1120 ideo,
867 1094 951 1115 carne

98 1135 158 1164 eius
179 1135 339 1168 subtracta,
361 1135 438 1163 nulla
459 1133 610 1163 consolatio
631 1133 793 1162 remanebat
804 1134 824 1161 ⁵.

176 1181 204 1209 lt.
227 1181 317 1218 (Vers.
340 1181 389 1216 3.).
413 1180 494 1209 Exz'z‘t
507 1189 576 1217 erqo
592 1180 692 1209 Simon
707 1181 823 1208 Petrus.
839 1180 886 1208 Hic
901 1188 950 1208 no-

98 1231 174 1257 tatur
195 1228 352 1257 sollicitudo
380 1228 593 1265 discipulorum
617 1230 644 1256 et
665 1227 693 1255 in
714 1227 862 1256 velocitate
882 1235 950 1255 eur*

97 1275 184 1304 rendi
204 1277 231 1304 et
251 1275 280 1303 in
301 1275 473 1303 curiositate
493 1274 718 1308 considerandi,
740 1274 776 1302 ihi
788 1274 817 1302 ⁶:
835 1275 951 1302 Etcum

98 1322 267 1351 inclinasset
287 1330 324 1350 se.
347 1322 460 1351 Solliciti
482 1322 568 1359 igitur
590 1322 720 1355 fuerunt,
741 1322 823 1359 quia,
838 1321 950 1355 audito,

98 1369 174 1407 quod
194 1369 323 1399 sublatus
343 1372 431 1404 esset,
453 1369 585 1398 velociter
607 1372 764 1402 venerunt;
780 1369 854 1398 unde
868 1368 950 1397 dicit:

99 1417 180 1446 Exiit
200 1425 268 1455 erqo
290 1417 392 1446 Simon
414 1417 522 1445 Petrus
543 1420 568 1445 et
590 1416 635 1445 ille
653 1416 733 1445 alius
747 1416 912 1453 discipulus
926 1419 953 1444 et

98 1467 239 1493 venerunt
259 1464 300 1493 ad
320 1467 563 1497 monumentum,-
584 1464 637 1492 hoc
658 1463 764 1492 dictum
780 1466 822 1491 est
837 1470 888 1499 per
903 1470 951 1491 an-

99 1511 302 1548 ticipationem,
324 1511 377 1539 hoc
396 1514 455 1545 est,
477 1511 662 1547 arripuerunt
682 1510 751 1543 iter,
774 1512 806 1538 ut
824 1509 952 1538 venirent

99 1558 133 1587 ad
146 1561 375 1592 monumentum3
391 1560 418 1586 et
434 1557 564 1587 velociter
579 1557 727 1586 veniebant
738 1557 762 1590 ⁷,
778 1556 853 1585 unde
866 1556 951 1585 dicit:

179 1607 205 1634 5.
229 1606 318 1642 (Vers.
341 1605 390 1641 4.).
414 1604 580 1634 Currehant
597 1608 696 1633 autem
711 1605 769 1633 duo
783 1603 876 1632 simul
882 1627 890 1637 ,
907 1611 952 1632 ve-

99 1653 195 1682 lociter
217 1653 337 1687 scilicet,
353 1652 400 1681 sed
416 1653 443 1681 in
459 1653 510 1681 hae
525 1651 668 1681 velocitate
682 1651 846 1688 dispariter;
862 1651 951 1679 unde:

1800 163 1855 192 505

1007 240 1041 267 Et
1056 239 1101 267 ille
1115 239 1195 267 alius
1209 239 1373 276 discipulus
1391 240 1604 277 praecucurrit
1622 240 1709 269 citius
1726 241 1811 269 Petro
1832 245 1857 270 et

1006 285 1083 314 venit
1109 285 1217 322 priorss
1246 286 1286 314 aa
1314 290 1535 315 monumentum
1555 303 1593 307 —
1619 287 1680 316 ideo
1707 287 1855 322 velociter,

1006 333 1072 369 quia
1093 333 1329 369 comprehendere
1351 334 1494 368 volebant3
1517 334 1623 371 primae
1643 334 1677 363 ad
1699 335 1856 363 Corinthios

1006 388 1097 408 nono:
1125 391 1139 405 «
1152 380 1205 416 Qui
1227 380 1254 408 in
1277 380 1365 409 stadio
1386 384 1522 415 currunt,
1543 389 1640 410 omnes
1661 381 1773 419 quidem
1790 389 1856 410 cur-

1007 430 1089 461 runt,
1112 426 1159 455 scd
1180 435 1255 455 unus
1269 427 1369 463 accipit
1382 428 1510 456 bravium
1524 439 1529 462 ;
1545 429 1584 457 sic
1599 429 1721 463 currite,
1738 432 1768 457 ut
1783 437 1856 457 com-

1006 473 1186 510 prehendatis
1201 485 1214 498 »
1237 490 1275 493 —
1296 474 1340 502 vel
1361 475 1428 513 quia
1448 475 1541 503 iunior
1561 479 1622 504 erat
1642 478 1670 504 et
1691 476 1772 504 citius
1792 483 1857 504 cur-

1007 528 1070 548 rere
1091 524 1215 557 poterat‚
1238 521 1280 549 vel
1301 521 1368 558 quia
1387 521 1422 549 ad
1444 521 1593 550 videndum
1608 526 1668 551 erat
1686 523 1855 556 ferventior;

1007 566 1054 595 sed
1084 570 1173 595 tamen
1203 567 1300 596 Petrus
1328 568 1381 595 fuit
1408 568 1436 595 in
1461 568 1660 597 considerando
1680 570 1856 606 diligentior;

1006 613 1081 641 unde
1108 614 1236 650 sequitur
1263 614 1410 651 disparitas
1437 615 1465 643 111
1493 615 1635 652 diligentia
1663 617 1858 645 consideratio-

1007 661 1050 689 nis
1061 660 1081 689 9.
1105 661 1190 689 Nam:

1088 709 1113 736 6.
1136 709 1226 744 (Vers.
1249 710 1298 744 5.).
1321 710 1356 737 Et
1377 718 1445 738 cum
1466 718 1495 737 se
1515 709 1699 744 inclinasset,
1715 710 1788 739 vidit
1802 710 1856 739 lin-

1009 755 1138 783 teamina
1155 755 1271 792 posita,
1286 764 1346 784 non
1360 760 1457 784 tamen
1472 756 1603 784 introivit
1611 767 1620 789 ,·
1635 759 1662 785 et
1677 757 1715 785 sic
1730 757 1758 785 in
1773 765 1857 794 quae—

1008 801 1095 830 rendo
1116 802 1169 830 fuit
1188 802 1286 836 velox,
1309 803 1356 831 sed
1378 802 1406 831 in
1427 802 1647 831 consideratione
1660 804 1683 819 ¹⁰
1704 804 1856 838 remissus,

1009 848 1107 877 Petrus
1127 852 1219 877 autem
1242 857 1257 877 e
1278 850 1437 884 contrari03
1461 849 1534 878 unde
1555 850 1639 878 dicit:

1088 897 1113 924 7.
1137 897 1226 931 (vers.
1245 897 1292 931 6.).
1315 897 1393 925 Venit
1414 900 1512 926 autem
1525 898 1547 914 1¹
1570 897 1671 926 Simon
1687 898 1793 926 Petrus
1813 907 1855 926 se—

1008 952 1098 981 que-ns
1119 952 1185 971 eam
1206 947 1230 971 et
1251 944 1384 973 introivit
1404 945 1433 973 in
1456 948 1694 979 monumentum,
1717 953 1771 973 non
1792 953 1857 974 con-

1008 993 1102 1019 tentus
1124 993 1231 1019 tantum
1252 994 1334 1019 extra
1354 992 1494 1028 aspicere,
1516 994 1547 1020 ut
1568 992 1689 1020 loannes.
1713 992 1744 1021 Et
1759 993 1798 1021 sic
1812 1000 1858 1021 ve-

1008 1038 1147 1066 rificatum
1177 1042 1219 1067 est
1247 1038 1314 1067 illud
1343 1039 1470 1068 Matthaei
1491 1039 1598 1068 decimo
1624 1048 1714 1068 nono:
1742 1051 1755 1065 «
1771 1040 1858 1068 Erunt

1008 1086 1148 1114 novissimi
1173 1086 1270 1122 primi,
1292 1089 1319 1114 et
1342 1087 1421 1123 primi
1444 1087 1628 1116 novissimi».
1654 1088 1687 1116 Et
1708 1087 1783 1116 viclit
1803 1087 1857 1115 lin-

1009 1133 1138 1161 teamina
1156 1133 1271 1169 posita,
1294 1134 1451 1170 separatim.

1087 1180 1113 1208 8.
1137 1181 1226 1217 (Vcrs.
1250 1180 1298 1216 7.).
1327 1181 1361 1208 Et
1380 1181 1558 1215 sudarium,
1580 1182 1658 1219 quod
1678 1181 1781 1218 fiterat
1808 1190 1857 1209 su-

1005 1236 1059 1264 per
1080 1230 1170 1264 eaput
1189 1227 1269 1261 eius,
1291 1236 1350 1255 non
1370 1236 1438 1256 cum
1466 1228 1685 1257 linteaminibus
1710 1229 1857 1265 positum,

1007 1278 1140 1311 tanquam
1163 1275 1214 1302 hoc
1236 1277 1344 1310 gestum
1365 1277 1438 1303 esset
1452 1283 1502 1311 per
1516 1275 1731 1310 festinationem;
1753 1276 1803 1304 secl
1817 1284 1859 1304 se—

1005 1322 1140 1359 paratim
1169 1321 1333 1349 inuolutum
1364 1322 1395 1349 in
1420 1330 1515 1350 unum
1543 1322 1660 1355 locum,·
1686 1322 1859 1351 linteamina

1007 1369 1041 1397 ad
1062 1368 1245 1405 operiendum
1266 1376 1381 1405 corpns3
1405 1376 1491 1405 supra
1511 1369 1618 1397 decimo
1640 1377 1713 1397 nono
1726 1369 1763 1397 ¹²:
1783 1370 1858 1397 «Αο-

1008 1419 1144 1453 ceperunt
1164 1423 1267 1452 corpus
1289 1416 1349 1444 Iesu
1370 1418 1397 1444 et
1418 1416 1576 1453 ligaverunt
1596 1416 1665 1444 illud
1694 1416 1859 1444 linteamini-

1008 1463 1062 1491 bus
1076 1473 1103 1496 »;
1125 1462 1286 1491 sudarium
1307 1462 1341 1491 ad
1362 1462 1543 1499 operiendum
1565 1462 1678 1497 saciem3
1701 1470 1787 1499 supra
1808 1471 1859 1491 un-

1008 1509 1128 1537 decimo:
1155 1520 1168 1534 «
1184 1509 1216 1537 Et
1236 1509 1319 1538 facies
1340 1509 1400 1538 eius
1421 1509 1546 1537 involuta
1567 1512 1628 1537 erat
1649 1509 1761 1537 sudario
1776 1521 1803 1537 2».
1826 1509 1858 1538 Et

1009 1556 1048 1584 sic
1068 1556 1160 1584 omnia
1180 1556 1326 1593 diligenter
1347 1556 1472 1593 respexit
1492 1558 1556 1585 ante
1571 1564 1655 1593 quam
1670 1556 1796 1591 Ioannes,
1812 1557 1859 1593 qui

1009 1610 1073 1631 eum
1096 1606 1293 1639 praecesserat,
1315 1603 1362 1632 sed
1384 1606 1475 1631 tamen
1507 1603 1535 1631 in
1556 1602 1677 1639 diligenti
1705 1603 1861 1631 considera-

1010 1651 1084 1679 tione
1105 1650 1233 1687 sequitur
1254 1658 1335 1684 eum3
1358 1650 1431 1679 unde
1452 1650 1533 1679 dicit:

164 1822 172 1836 ¹
190 1824 256 1847 Vers.
276 1823 312 1846 17.
324 1823 412 1846 —Csr.
430 1823 487 1846 infra
504 1830 528 1846 n.
546 1823 627 1846 11-13.

163 1860 172 1874 ²
190 1862 289 1890 Vulgata
311 1861 441 1885 sublatum.
461 1874 492 1879 —
513 1862 621 1891 Sequitur
643 1862 713 1885 ludio.
733 1862 774 1890 16,
797 1862 824 1889 3,
841 1862 865 1884 111
882 1868 953 1891 quern

101 1902 179 1925 locum
196 1902 236 1924 cir.
254 1901 363 1931 Gregor.,
380 1901 404 1924 11.
422 1901 506 1924 Homil.
524 1901 545 1923 in
564 1902 653 1929 Evang.
670 1901 749 1924 homil.
767 1901 805 1923 21.
822 1907 847 1923 n.
863 1901 891 1928 7,
916 1907 954 1924 011-

102 1940 138 1963 1115
154 1940 227 1963 verha
249 1940 370 1963 retulimus
392 1943 448 1963 tom.
470 1941 503 1963 ul.
520 1946 575 1969 pag.
599 1940 655 1967 456,
676 1943 729 1963 nota
752 1940 776 1962 6.
792 1952 824 1957 —
841 1940 901 1963 Vide
924 1940 954 1963 in-

102 1981 134 2003 tra
152 1987 175 2002 n.
194 1980 230 2003 14.

165 2018 175 2032 ⁸
192 2020 291 2048 Vulgata
307 2019 416 2047 amabat,
433 2026 494 2049 quae
506 2021 574 2042 etiam
592 2020 662 2048 paulo
679 2020 775 2042 inferius
787 2026 830 2048 pro
848 2019 905 2043 dicit
920 2019 952 2043 eis

102 2058 220 2082 substituit
236 2058 293 2082 dicit
314 2058 369 2082 illis.
389 2071 421 2075 —
440 2059 480 2081 Ed.
498 2059 583 2081 omittit
599 2058 642 2088 qui
656 2064 681 2081 se
703 2064 752 2081 non
768 2058 878 2081 nominat
898 2064 955 2088 pro-

99 2099 153 2128 pter
170 2097 327 2122 humilitatem
345 2098 397 2127 (cfr.
414 2104 485 2127 supra
498 2104 517 2120 0.
535 2099 569 2120 18.
580 2105 603 2120 11.
621 2098 658 2120 29.
670 2100 693 2120 et
710 2098 750 2125 393
763 2104 782 2120 c.
804 2098 843 2126 19,
858 2104 881 2120 11.
899 2097 954 2127 44.).

102 2139 212 2167 August,
229 2139 253 2161 in
270 2139 333 2161 loan.
350 2139 438 2166 Evang.
455 2141 482 2161 tr.
502 2139 555 2161 1120.
574 2145 596 2160 n.
614 2138 640 2160 6:
658 2138 763 2160 Nonnulli
781 2137 874 2160 codices
885 2137 955 2160 etiam

102 2177 183 2200 Graeci
200 2177 287 2200 habent
303 2176 413 2200 tulerunt
428 2176 559 2200 Dominum
582 2182 674 2205 meum,
692 2177 756 2205 quod
774 2177 849 2199 xideri
867 2177 955 2199 dictum

103 2219 179 2245 potest
195 2216 347 2245 propensiore
368 2216 468 2239 caritatis
485 2217 521 2239 vel
543 2217 666 2239 famulatus
688 2217 784 2243 affectu;
802 2216 843 2239 sed
867 2217 910 2239 hoc
931 2216 955 2238 in

103 2255 209 2284 pluribus
234 2255 370 2284 codICibus,
393 2262 452 2284 quos
479 2255 501 2278 in
529 2258 639 2284 promptu
666 2254 803 2282 habuimus,
826 2262 873 2278 non
892 2255 956 2278 inve-

104 2295 191 2318 nimus.

166 2333 176 2346 ⁴
193 2334 292 2362 Vulgata
313 2333 433 2357 nescimus
451 2333 494 2363 (ita
515 2334 583 2356 etiam
601 2334 636 2362 E).
658 2345 689 2350 —-
710 2334 822 2362 Superius
839 2340 882 2362 pro
905 2333 956 2364 infi-

104 2372 162 2401 nite,
181 2373 245 2402 quod
257 2373 274 2395 B
284 2373 303 2395 M
320 2373 441 2401 omittunt,
454 2373 492 2395 ed.
510 2378 564 2395 cum
576 2373 680 2395 Gorrano
697 2372 810 2396 ministri.
828 2372 873 2396 Csr.
885 2373 909 2395 B.
923 2373 956 2395 ΑΙ-

105 2411 176 2439 bert.,
193 2412 217 2434 in
229 2413 290 2434 hunc
307 2413 396 2435 locum:
412 2411 529 2435 Tulei-unt
544 2411 674 2435 Dominum
689 2412 717 2435 de
733 2414 898 2440 monumento,
912 2413 957 2435 1100

105 2453 139 2473 est
155 2450 307 2473 abstulerunt.
324 2451 367 2479 Qui
385 2453 462 2473 autem
479 2450 625 2479 abstulerint,
642 2457 691 2474 non
708 2450 886 2479 determinavit,
901 2451 956 2480 quia

105 2492 186 2513 notum
204 2493 269 2518 putat
285 2496 335 2513 esse
352 2490 484 2518 discipulis,
506 2490 560 2519 quia
585 2490 617 2512 illi
639 2491 678 2519 qui
701 2490 778 2513 omnia
796 2491 855 2513 mala
876 2494 956 2513 contra

106 2529 230 2552 Dominum
247 2531 429 2558 attentaverunt,
447 2529 516 2552 etiam
534 2531 577 2552 hoc
594 2530 682 2552 malum
700 2531 802 2553 fecerunt
819 2533 862 2553 etc.

169 2567 179 2580 ⁶
196 2568 242 2592 Ctr.
259 2569 315 2591 intra
333 2575 355 2591 n.
373 2569 411 2591 34.

168 2607 178 2620 ⁶
196 2608 261 2631 Vers.
279 2609 301 2631 5.
318 2619 350 2624 —
365 2607 410 2631 Csr.
428 2608 485 2630 infra
498 2615 520 2631 n.
539 2609 576 2631 15.
593 2611 615 2631 et
633 2609 671 2631 16.

169 2646 178 2660 ⁷
196 2648 306 2675 August„
323 2648 346 2670 in
364 2648 423 2670 ioan.
440 2648 529 2676 Evang.
546 2651 573 2670 tr.
592 2648 645 2670 120.
665 2655 688 2670 n.
705 2648 732 2670 7:
755 2648 903 2671 Advertenda
921 2649 958 2671 hic

107 2689 130 2710 et
145 2687 331 2710 commendanda
348 2689 382 2709 est
398 2687 570 2715 recapitulatio,
587 2687 707 2716 quomodo
723 2688 824 2710 reditum
836 2691 870 2710 est
887 2688 917 2710 ad
934 2688 958 2710 id

107 2725 171 2754 quod
183 2726 256 2747 fuerat
267 2725 469 2753 praetermissum,
486 2728 509 2748 et
523 2728 611 2752 tamen,
627 2726 694 2754 quasi
707 2726 751 2748 hoc
759 2729 908 2755 sequeretur,
921 2727 959 2749 ad-

108 2764 211 2787 iunctum
228 2768 270 2786 est.
287 2763 346 2787 Cum
369 2764 431 2786 enim
448 2764 495 2786 iam
512 2764 607 2787 dixisset
629 2766 745 2788 venerunt
767 2764 799 2788 ad
820 2771 958 2788 monumen-

109 2804 171 2830 tum,
189 2808 310 2830 regressus
326 2805 371 2830 est,
384 2805 409 2825 ut
420 2806 534 2830 narraret,
551 2803 671 2832 quomodo
689 2806 816 2831 venerunt,
833 2806 903 2832 atque
915 2804 958 2826 ait:

110 2841 244 2865 Curi-ebant
259 2843 340 2866 autem
352 2842 398 2865 duo
414 2841 489 2865 simul
505 2845 548 2864 etc.

172 2879 181 2893 ⁸
200 2882 298 2909 Vulgata
312 2881 417 2911 primus.
433 2893 464 2898 —
482 2882 590 2910 Sequitur
607 2882 623 2903 1.
634 2881 686 2904 Cor.
705 2882 732 2909 9,
750 2881 786 2904 24.
804 2894 835 2898 —
848 2882 900 2904 Post
912 2881 958 2904 duo

109 2919 183 2943 simul
200 2920 237 2943 ed.
254 2926 308 2943 cum
325 2920 342 2943 C
360 2920 434 2943 addit:
460 2920 559 2950 Semper
584 2919 659 2943 simul
683 2915 785 2949 vadunt,
812 2920 874 2944 unde
890 2922 913 2944 et
929 2920 960 2943 acl

112 2958 244 2982 orationem
260 2959 341 2982 siinul.
359 2960 409 2983 Act.
428 2959 496 2983 tertio
515 2959 547 2989 [v.
565 2958 609 2989 l.]:
627 2959 713 2983 Petrus
730 2961 753 2983 et
768 2960 869 2983 Ioannes
881 2966 959 2983 ascen-

208 3005 234 3029 S.
252 3006 343 3029 Bonae.
353 3019 385 3023 —
397 3007 466 3029 Tom.
483 3007 521 3029 Vl.

1011 1822 1097 1845 alebant
1113 1822 1137 1845 m
1154 1822 1268 1851 templum
1293 1821 1325 1845 ad
1350 1821 1436 1845 horam
1462 1820 1578 1844 orationis
1603 1827 1700 1844 nonam.
1725 1820 1859 1844 Curi-ebant

1011 1864 1091 1886 autem
1109 1862 1156 1885 duo
1173 1862 1253 1885 simul.
1271 1862 1332 1884 Haec
1349 1864 1425 1884 sumta
1442 1864 1495 1884 sunt
1512 1868 1538 1884 ex
1556 1861 1683 1889 chrysost,
1702 1861 1724 1883 in
1744 1862 1803 1883 ioan.
1823 1862 1861 1883 110-

1011 1902 1059 1924 mil.
1079 1902 1116 1924 88.
1135 1902 1200 1931 (alias
1218 1901 1264 1929 87.)
1283 1908 1305 1923 n.
1323 1902 1345 1923 2.

1074 1939 1084 1952 ⁹
1101 1941 1226 1969 Clirysost.,
1244 1941 1265 1963 in
1283 1942 1344 1963 loan.
1361 1940 1441 1963 homil.
1458 1940 1495 1963 85.
1514 1940 1579 1969 (alias
1597 1939 1644 1968 84.)
1663 1946 1685 1962 n.
1704 1939 1732 1962 4:
1748 1940 1790 1962 Hic
1802 1940 1858 1962 mihi

1011 1981 1144 2009 perpende,
1162 1986 1233 2009 quam
1251 1980 1280 2002 sit
1297 1980 1442 2008 Evangelista
1468 1985 1480 2001 a
1504 1980 1562 2001 fastu
1585 1979 1684 2007 alienus,
1702 1981 1724 2001 et
1740 1979 1860 2008 quomodo

1873 712 1966 732 Secunda.

1011 2023 1143 2042 accuratam
1161 2020 1220 2042 Petri
1238 2020 1430 2048 perquisitionem
1454 2019 1594 2041 testificetur.
1622 2019 1677 2040 Nam
1695 2025 1748 2041 eum
1766 2025 1861 2046 praeve·
1880 2025 1882 2028 ·

1012 2059 1083 2081 nisset
1099 2059 1163 2081 illum
1181 2062 1204 2081 et
1220 2059 1318 2081 vidisset
1334 2058 1474 2081 linteamina
1488 2057 1580 2087 posita,
1600 2057 1654 2079 nihil
1672 2058 1730 2079 ultra
1748 2058 1860 2086 perquisi-

1012 2099 1058 2125 vit,
1075 2098 1116 2120 sed
1134 2098 1250 2125 discessit,
1268 2098 1303 2120 ille
1320 2104 1377 2120 vero
1395 2098 1498 2124 fervens,
1515 2103 1569 2119 cum
1587 2097 1704 2125 intrasset,
1717 2097 1795 2119 omnia
1812 2097 1862 2119 dili-

1012 2139 1092 2165 genter
1110 2137 1204 2164 inspexit
1223 2139 1246 2159 et
1262 2136 1319 2165 quid
1336 2136 1437 2164 amplius
1454 2136 1525 2163 vidit,
1542 2138 1564 2157 et
1581 2138 1635 2158 tunc
1653 2135 1689 2157 liic
1700 2135 1730 2157 ad
1742 2138 1861 2163 spectacu-

1012 2176 1060 2198 lum
1086 2178 1197 2198 evocatus
1220 2179 1254 2198 est
1279 2178 1322 2198 etc.
1339 2188 1369 2191 —
1388 2175 1499 2203 Superius
1525 2181 1568 2203 pro
1593 2174 1625 2197 ad
1645 2174 1772 2197 videndum
1795 2175 1861 2196 multi

1013 2215 1082 2238 codd.
1099 2218 1121 2238 et
1138 2216 1256 2237 (jori-anus
1274 2214 1359 2237 videre.

1076 2253 1095 2267 ¹⁰
1113 2255 1218 2277 Nonnulli
1235 2254 1305 2277 codd.
1322 2256 1344 2276 et
1361 2254 1399 2276 ed.
1416 2252 1597 2277 considerando.

1076 2292 1094 2305 ¹¹
1113 2294 1156 2316 Pro
1173 2295 1266 2321 autem,
1286 2293 1351 2322 qnod
1368 2293 1446 2321 plures
1462 2293 1531 2315 codd.
1548 2292 1667 2319 omittunt,
1685 2292 1784 2320 Vulgata
1797 2298 1861 2321 erqo.

1012 2345 1043 2350 -—-
1061 2332 1164 2355 Subinde
1181 2333 1293 2360 allegatur
1310 2332 1385 2354 Matth.
1408 2332 1447 2358 19,
1465 2332 1502 2353 30.

1076 2370 1095 2384 ¹⁹
1113 2372 1180 2394 Vers.
1198 2371 1239 2399 40;
1251 2371 1355 2399 sequitur
1374 2371 1381 2392 11
1390 2371 1410 2397 l,
1429 2370 1465 2392 44.
1482 2382 1513 2386 —
1524 2369 1650 2397 chrysost,
1668 2369 1691 2391 in
1709 2370 1770 2391 loan.
1782 2370 1861 2392 homil.

1014 2413 1051 2435 85.
1069 2412 1133 2440 (alias
1151 2412 1198 2440 84.)
1216 2418 1238 2433 n.
1265 2410 1291 2432 4:
1309 2411 1335 2432 Et
1357 2410 1437 2432 vident
1462 2408 1601 2432 linteamina
1620 2408 1710 2437 posita,
1732 2408 1794 2437 quod
1813 2412 1860 2431 erat

1013 2451 1187 2474 resurrectionis
1204 2451 1306 2478 signum.
1319 2450 1397 2478 Neque
1409 2449 1482 2475 enim,
1494 2449 1513 2471 si
1525 2448 1642 2477 quispiam
1658 2453 1743 2476 corpus
1759 2447 1862 2470 abstulis-

1014 2494 1077 2518 sent,
1095 2491 1149 2513 illud
1167 2493 1231 2512 antea
1251 2489 1409 2515 nudavissent;
1435 2494 1478 2510 nec
1500 2488 1519 2511 si
1537 2488 1603 2510 furati
1621 2490 1709 2515 essent,
1732 2487 1761 2509 ita
1786 2493 1862 2509 curas-

1014 2532 1064 2552 sent
1080 2529 1201 2551 sindonem
1219 2529 1323 2554 anterre,
1341 2527 1460 2549 involvere
1476 2529 1499 2549 et
1516 2528 1578 2548 certo
1596 2526 1645 2548 loco
1663 2532 1758 2553 ponere,
1771 2526 1825 2553 scd,
1839 2530 1860 2548 111

1014 2572 1063 2591 erat
1074 2574 1170 2596 corpus,
1183 2567 1335 2589 abstulissent.
1354 2566 1406 2588 ldeo
1424 2567 1520 2588 loannes
1538 2565 1614 2587 dicere
1633 2567 1795 2592 praeoccupat,
1808 2570 1861 2586 cum

1015 2608 1085 2629 multa
1103 2608 1197 2634 myrrha
1215 2606 1284 2628 fuisse
1301 2606 1416 2633 sepultum
1436 2604 1485 2634 [cfr.
1504 2610 1575 2632 supra
1603 2604 1642 2629 19,
1660 2603 1721 2633 39],
1738 2609 1798 2632 quae
1816 2609 1860 2625 non

1015 2647 1092 2669 minus
1109 2652 1179 2674 quam
1197 2645 1319 2673 plumbum
1337 2644 1469 2666 linteamina
1487 2643 1579 2671 corpori
1597 2643 1753 2670 conglutinat,
1771 2644 1796 2664 ut
1808 2648 1860 2664 011111

1016 2685 1117 2708 audieris
1133 2685 1226 2707 sudaria
1249 2683 1345 2706 seorsim
1370 2683 1445 2710 posita
1466 2682 1577 2709 iacuisse,
1595 2688 1623 2703 118
1641 2682 1699 2703 seras
1716 2687 1756 2703 eos
1773 2681 1813 2709 qui
1830 2680 1862 2702 di-

1015 2727 1082 2751 cunt,
1099 2725 1177 2752 ipsum
1195 2724 1253 2745 furto
1270 2721 1385 2745 sublatum
1404 2722 1481 2744 fuisse.
1499 2721 1579 2749 Neque
1596 2720 1656 2742 enim
1675 2721 1710 2742 1111
1727 2719 1786 2741 adeo
1809 2720 1861 2741 stul-

1015 2766 1052 2786 tus
1070 2763 1161 2790 suisset,
1179 2765 1203 2784 ut
1220 2762 1242 2784 in
1260 2768 1284 2783 re
1301 2761 1418 2788 superflua
1436 2763 1522 2783 tantam
1546 2762 1641 2787 poneret
1659 2766 1747 2781 curam.
1765 2760 1815 2787 Qua
1833 2759 1862 2781 de

1016 2808 1085 2825 causa
1102 2802 1194 2824 sudaria
1212 2800 1355 2829 reliquisset?
1373 2800 1496 2828 Quomodo
1514 2799 1537 2821 id
1555 2799 1659 2821 faciendo
1671 2799 1788 2820 latuisset?
1806 2798 1860 2820 Nam

1016 2841 1102 2863 diutius
1119 2843 1168 2863 erat
1184 2846 1211 2861 ea
1228 2840 1250 2861 in
1267 2845 1292 2861 re
1308 2838 1495 2865 immorandum,
1513 2840 1535 2860 et
1557 2838 1575 2860 si
1593 2838 1716 2864 tardasset,
1733 2837 1862 2865 deprehen-

1016 2887 1056 2903 5115
1073 2880 1150 2902 suisset
1168 2882 1210 2901 etc.
1227 2891 1258 2895 —
1275 2878 1386 2905 Superius
1403 2880 1455 2905 post
1473 2876 1611 2900 linteamina
1631 2876 1668 2899 ed.
1685 2883 1739 2899 cum
1758 2876 1862 2898 Gorrano

1016 2920 1080 2942 addit
1096 2920 1176 2942 autem
1192 2918 1300 2947 fuerant,
1318 2922 1378 2945 quae
1394 2917 1463 2939 etiam
1481 2917 1597 2945 aliquanto
1616 2915 1710 2937 inferius
1728 2921 1770 2943 pro
1787 2915 1863 2938 const-

1017 2958 1137 2981 deralione
1153 2957 1271 2980 substituit
1288 2955 1447 2986 inquisitione.

1736 3001 1766 3023 64
