2296 3316
339 166 359 194 Π
1048 165 1290 195 PROLEGOMENA
1312 167 1340 195 C.
1364 167 1381 195 1.

338 243 468 271 incarnati,
490 242 560 266 Verbi
575 242 686 272 inspinzti
696 252 718 265 n.
736 243 806 265 Porro
823 244 890 271 plura
906 243 949 266 alia
966 244 1031 266 affert
1042 244 1072 267 ad
1084 243 1186 272 probam

338 290 407 318 dum,
424 290 488 319 quod
506 290 583 313 variae
600 290 726 313 sententiae
742 290 808 313 istius
825 289 942 320 Principii
957 291 1026 313 etiam
1044 291 1065 313 in
1079 291 1186 319 genuinis

338 338 360 360 S.
375 338 548 360 Bonaventurae
560 338 652 366 scriptis
664 338 823 365 inveniuntur;
835 338 936 361 ostendit
947 338 1016 360 etiam
1024 356 1029 366 ,
1041 338 1106 367 quod
1115 344 1186 367 saepe

338 385 407 407 iidem
420 385 455 408 Ss.
467 385 544 407 Patres
561 385 659 407 citantur
668 403 673 413 ‚
689 385 729 414 qui
746 385 867 413 seraphico
885 385 976 408 Doctori
989 387 1043 408 sunt
1055 385 1186 408 familiares.

399 432 434 454 Ad
452 433 508 455 haec
524 432 706 460 respondemus:
727 432 864 455 Tenendum
887 436 934 459 est,
951 431 1087 455 Collationes
1104 433 1126 455 in
1145 433 1186 456 He-

337 479 459 502 xaemeron
476 485 527 502 esse
544 479 671 507 genuinum
690 480 712 502 S.
730 480 904 502 Bonaventurae
921 485 995 508 opus,
1008 486 1054 502 non
1067 482 1144 502 tamen
1156 479 1186 502 ab

338 526 388 555 ipso
406 527 531 555 scriptum,
548 527 589 549 sed
614 526 644 549 ab
661 527 711 549 aliis
732 529 874 555 reportatum
901 529 923 549 et
941 527 1073 550 foedissime
1091 527 1115 549 in
1131 527 1187 551 anti-

337 574 390 603 quis
415 573 554 596 editionibus
579 574 734 596 deformatum
760 573 810 602 (cfr.
832 577 888 596 tom.
912 574 939 596 V.
962 574 1092 602 Prolegom.
1111 581 1132 597 c.
1149 575 1186 597 Vl.

338 628 392 650 pag.
404 621 520 649 XXXVI).
536 621 601 644 Unde
618 622 687 644 venia
697 622 776 644 danda
786 624 820 644 est
831 622 887 644 viris
899 621 986 650 doctis,
1003 622 1043 651 qui
1065 622 1108 645 tale
1125 628 1186 650 opus

339 670 481 696 putaverunt
490 674 540 690 esse
552 668 668 696 spurium.
680 668 726 691 Sed
737 671 818 691 contra
828 671 951 697 utramque
968 668 1101 696 opinionem
1118 674 1187 697 nega-

338 720 403 741 mus,
420 715 488 737 talem
505 715 563 737 inter
580 716 637 737 haec
654 715 701 737 duo
718 716 830 743 opuscula
847 721 898 738 esse
915 715 1101 744 similitudinem,
1118 718 1144 738 ut
1159 721 1186 738 ex

338 767 364 783 ea
383 761 489 784 concludi
507 762 586 790 possit,
603 762 653 784 sive
670 765 796 792 utrumque
813 769 863 785 esse
879 763 998 791 spurium,
1016 763 1065 785 sive
1082 762 1186 791 primum

338 808 394 831 illud
411 814 461 831 esse
479 809 615 836 genuinum.
633 809 780 838 Quamquam
797 809 918 838 quodlibet
934 815 993 837 opus
1010 816 1056 832 non
1073 809 1186 837 scriptum

338 855 368 877 ab
385 858 490 882 auctore,
507 855 548 878 sed
566 862 592 878 ex
610 856 659 878 eius
685 862 725 878 ore
741 856 771 878 ab
788 856 837 878 aliis
854 859 974 884 exceptum
998 856 1115 879 ordinarie
1139 862 1186 878 non

338 905 439 930 praestat
456 906 534 930 aptam
553 903 657 931 regulam
675 909 718 931 pro
743 903 869 926 iudicando
893 910 950 926 vero
972 904 1069 926 alicuius
1085 903 1187 926 auctoris

339 949 402 976 stilo;
420 949 571 972 nihilominus
588 950 683 972 minime
695 949 842 977 dubitamus,
854 950 909 979 quin
927 950 967 979 qui
980 952 1064 972 attente
1081 953 1186 972 nostrum

338 994 490 1018 Collationum
513 996 684 1024 praedictarum
710 999 796 1019 textum
818 997 896 1025 quoad
919 997 996 1019 stilum
1014 998 1116 1019 conterat
1132 1003 1185 1019 cum

338 1043 409 1065 altero
427 1044 540 1070 opusculo
558 1049 695 1071 persuasum
713 1043 756 1066 sibi
775 1043 869 1071 habeat,
887 1044 963 1066 stIlum
981 1044 1004 1066 in
1022 1046 1122 1073 utroque
1136 1051 1187 1067 esse

337 1090 404 1113 valde
421 1090 548 1113 diversum.
566 1091 634 1119 Quod
651 1094 728 1114 autem
746 1097 842 1119 prorsus
858 1090 970 1113 absimilis
986 1091 1015 1113 sit
1031 1090 1061 1113 ab
1073 1091 1110 1113 illo
1127 1091 1187 1118 stilo,

338 1138 378 1167 qui
395 1138 417 1160 in
436 1138 500 1160 libris
516 1145 530 1160 a
547 1139 569 1160 S.
594 1139 757 1161 Bonaventura
780 1138 872 1166 scriptis
894 1138 1021 1167 invenitur,
1039 1138 1187 1161 manifestum

337 1189 371 1207 est
388 1188 410 1207 et
427 1188 589 1213 propugnatur
606 1192 619 1207 a
645 1185 718 1208 tribus
740 1185 889 1213 censoribus,
906 1186 947 1215 qui
965 1186 1026 1209 istud
1048 1186 1077 1208 de
1094 1192 1141 1215 quo
1158 1186 1188 1209 lo-

338 1232 432 1261 quimur
449 1233 588 1261 opusculum
606 1233 713 1261 spurium
730 1238 781 1255 esse
798 1233 943 1261 profitentur.

402 1281 446 1302 Nec
464 1280 552 1307 obstat,
570 1280 635 1309 quod
652 1281 707 1303 certi
725 1281 789 1303 modi
806 1281 915 1310 loquendi
932 1283 954 1303 et
970 1287 1015 1303 non
1033 1287 1122 1309 paucae
1139 1287 1188 1304 sen-

336 1328 419 1350 tentiae
436 1327 458 1349 in
476 1327 512 1350 illo
528 1328 641 1355 opusculo
659 1328 820 1357 inveniuntur,
839 1328 879 1357 qui
902 1329 925 1351 S.
942 1329 1118 1352 Bonaventurae
1135 1331 1188 1352 sunt

339 1374 468 1397 familiares.
487 1374 638 1398 Concedenda
656 1375 718 1397 enim
735 1378 770 1398 est
786 1375 873 1398 veritas
889 1375 958 1405 facti,
976 1376 1017 1398 sed
1034 1376 1141 1404 neganda
1153 1379 1188 1398 est

338 1421 470 1450 conclusio,
488 1422 574 1444 scilicet
584 1422 649 1451 quod
660 1422 716 1445 inde
726 1429 820 1451 semper
831 1425 953 1452 sequatur,
965 1423 1065 1446 eundem
1078 1423 1188 1446 debuisse

339 1475 390 1491 esse
406 1469 553 1492 diversorum
572 1476 670 1498 operum
688 1473 816 1492 auctorem.
833 1470 953 1493 Molestum
971 1473 1005 1493 est
1022 1470 1103 1498 nobis,
1121 1471 1188 1493 toties

339 1522 381 1539 nos
406 1523 456 1539 esse
481 1520 585 1544 coactos,
611 1520 636 1551 ut
657 1517 754 1546 egregio
779 1520 801 1540 et
825 1518 1001 1546 diligentissimo
1026 1519 1186 1547 investigatori

338 1569 437 1591 operum
455 1565 478 1586 S.
495 1565 684 1592 Bonaventurae,
702 1565 825 1588 Benedicto
843 1566 938 1593 Bonelli,
959 1566 1038 1595 quoad
1050 1567 1108 1589 hanc
1120 1572 1187 1589 suam

340 1611 510 1634 conclusionem
537 1612 697 1634 adversemur.
720 1611 828 1640 lmprobo
850 1619 905 1635 sane
930 1613 1010 1635 labore
1032 1613 1067 1635 ille
1092 1613 1114 1635 in
1139 1614 1188 1636 suis

339 1659 581 1682 animadversionibus
598 1663 620 1682 et
638 1660 763 1688 praecipue
779 1660 803 1682 in
820 1661 879 1683 notis
895 1661 924 1683 ad
942 1661 1028 1683 calcem
1054 1661 1187 1689 spuriorum

340 1706 452 1728 librorum
470 1707 551 1734 positis
568 1707 683 1735 quaesivit
700 1710 722 1730 et
739 1708 826 1730 notavit
838 1714 865 1730 ex
877 1707 952 1736 libris,
965 1714 1024 1737 quos
1036 1709 1126 1736 putavit
1137 1715 1188 1731 esse

340 1754 528 1783 Bonaventurae,
541 1755 653 1782 plurimos
671 1755 733 1777 locos
745 1755 831 1778 similes
842 1755 909 1778 dictis
920 1755 980 1778 illius
992 1755 1105 1783 auctoris,
1117 1762 1188 1785 quem

338 1807 394 1828 prae
411 1801 520 1824 manibus
538 1801 626 1823 habuit.
643 1801 772 1824 Dolendum
800 1804 889 1829 tamen,
914 1802 978 1830 quod
1004 1802 1189 1831 frequentissime

337 1847 390 1870 citet
407 1854 477 1876 opera
495 1848 600 1871 eiusdem
617 1855 662 1871 nou
681 1848 788 1876 genuina.

400 1894 445 1917 Sed
462 1895 498 1917 vir
516 1895 598 1918 doctus
614 1901 661 1918 non
678 1895 732 1918 satis
757 1896 854 1918 attendit
878 1896 909 1918 ad
934 1902 1023 1919 morem
1048 1896 1188 1924 scriptorum

337 1941 408 1964 medii
425 1942 490 1969 aevi,
508 1942 548 1971 qui
566 1943 647 1965 maiori
664 1949 735 1971 quam
753 1949 815 1965 nunc
827 1943 876 1965 sieri
888 1945 963 1971 potest
974 1943 1079 1965 libertate
1091 1943 1189 1966 aliorum

337 1988 398 2011 dicta
417 1988 438 2010 in
457 1989 577 2017 propi-tum
603 1996 671 2012 usum
698 1989 852 2018 adhibebant;
870 1990 934 2018 quod
951 1996 1008 2018 prae
1025 1990 1107 2013 ceteris
1124 1990 1190 2013 disci-

337 2035 385 2063 puli
403 2035 504 2058 duorum
522 2037 774 2064 praestantissimorum
792 2037 929 2064 doctorum,
942 2038 977 2060 Ss.
994 2038 1099 2060 Thomae
1116 2040 1138 2060 et
1149 2038 1190 2060 Bo-

339 2085 492 2109 naventurae,
505 2084 580 2105 faeere
591 2086 770 2106 consueverunt.
788 2084 816 2106 Ut
832 2084 862 2106 de
879 2084 948 2106 huius
965 2086 1052 2107 tantum
1070 2084 1190 2112 discipulis

340 2129 477 2157 loquamur,
494 2129 544 2157 ipse
561 2130 687 2152 Matthaeus
703 2130 733 2152 ab
750 2131 908 2159 Aquasparta,
930 2131 989 2154 inter
1011 2132 1190 2159 praestantiores

340 2181 396 2198 suae
413 2175 492 2198 aetatis
510 2176 616 2198 doctores
633 2177 775 2203 censendus,
798 2177 897 2200 Minister
921 2178 1039 2200 Generalis
1063 2180 1085 2200 et
1110 2181 1190 2206 postea

340 2222 479 2250 CardiiialiS,
489 2223 575 2251 passim
588 2224 708 2251 exscripsit
719 2224 791 2246 multa
802 2230 830 2246 ex
842 2223 905 2246 libris
918 2225 1101 2246 Bonaventurae.
1113 2225 1191 2247 Exem-

340 2270 404 2298 plum
423 2270 512 2293 videbit
527 2271 568 2299 qui
586 2271 758 2299 comparaverit
774 2271 933 2300 quaestionem
957 2271 1029 2299 ipsius
1050 2271 1190 2299 disputatam

340 2324 354 2339 a
370 2317 438 2340 nobis
455 2318 541 2340 editam
559 2318 581 2339 in
599 2318 711 2346 opusculo
728 2318 762 2341 De
784 2318 911 2341 Humanae
932 2317 1078 2348 Cognitionis
1098 2317 1191 2341 ratione

341 2365 405 2394 (pag.
423 2365 462 2394 87)
480 2371 533 2387 cum
552 2365 597 2387 alia
612 2365 814 2387 Bonaventuriana
831 2365 896 2394 (ibid.
914 2372 968 2393 pag.
987 2365 1025 2395 49)
1044 2367 1066 2387 et
1082 2371 1136 2388 cum
1154 2364 1191 2387 Iti-

339 2411 437 2434 nerario
455 2411 538 2435 mentis
560 2411 584 2434 in
608 2412 689 2435 Deum.
707 2424 738 2428 —
755 2412 818 2434 ldem
841 2412 966 2435 dicendum
993 2415 1027 2434 est
1051 2412 1080 2434 de
1102 2412 1190 2434 famoso

341 2459 377 2481 Fr.
394 2458 503 2482 Ubertino
521 2465 537 2481 a
551 2458 631 2486 Casali,
649 2459 690 2488 qui
707 2459 728 2481 in
746 2465 789 2482 suo
806 2458 864 2482 libro
881 2458 960 2482 Arbor
981 2458 1043 2482 vitae
1059 2458 1191 2488 crucifixae

340 2507 387 2528 sere
400 2509 473 2529 totum
485 2507 624 2534 opusculum
634 2507 861 2530 Bonaventurianum
874 2507 977 2537 Liqmtm
989 2507 1050 2530 vitae
1061 2507 1191 2535 exscripsit,

342 2553 378 2575 cui
396 2554 494 2581 plurima
513 2554 543 2577 de
559 2561 602 2577 suo
619 2555 715 2578 addidit.
733 2567 764 2572 —·
781 2555 907 2584 Praecipue
923 2556 967 2578 hoc
984 2555 1103 2578 observari
1116 2557 1192 2583 potest

342 2600 364 2622 in
381 2601 474 2628 scriptis
497 2601 555 2624 Petri
578 2602 668 2624 loannis
684 2602 759 2630 Olivi3
782 2602 805 2624 id
822 2603 886 2631 quod
903 2602 1049 2625 occasionem
1067 2602 1144 2629 dedit,
1166 2604 1192 2624 ut

342 2647 365 2669 P.
383 2648 468 2670 Bonelli
485 2655 530 2671 non
548 2655 622 2676 panca
639 2649 744 2672 eiusdem
761 2655 832 2677 opera
847 2650 968 2678 seraphico
981 2650 1072 2673 Doctori
1084 2649 1191 2672 attribue-

341 2694 377 2716 rit.
394 2695 430 2716 Ille
452 2695 514 2718 enim
531 2696 554 2718 in
572 2698 604 2718 tot
620 2695 732 2724 operibus
748 2697 797 2719 suis
813 2703 859 2719 non
876 2699 965 2720 tantum
990 2697 1061 2720 utitur
1085 2697 1190 2720 doctrina

342 2741 456 2769 seraphici
468 2742 584 2770 Doctoris,
596 2743 637 2765 sed
648 2743 717 2765 etiam
730 2743 801 2766 verba
819 2747 841 2766 et
857 2745 954 2772 phrases
965 2743 1070 2766 eiusdem
1082 2743 1190 2771 adhibet,

342 2788 374 2811 ita
390 2791 479 2816 tamen,
496 2793 522 2812 ut
546 2790 617 2812 multa
634 2790 664 2813 de
680 2790 728 2813 suis
742 2790 824 2819 addat,
842 2791 885 2813 alia
901 2791 1009 2813 immutet
1029 2793 1051 2813 et
1075 2791 1134 2813 ultra
1160 2791 1191 2813 iu-

341 2838 400 2857 stam
412 2841 546 2858 mensuram
559 2839 643 2864 augeat
659 2839 681 2859 et
697 2840 829 2865 exaggeret.
841 2838 898 2860 Hinc
910 2837 951 2866 qui
962 2836 1069 2860 subtilius
1085 2843 1133 2859 non
1145 2838 1191 2859 tan·

342 2884 390 2904 tum
416 2882 529 2910 quasdam
555 2886 645 2911 partes,
666 2883 707 2906 sed
732 2884 847 2912 integrum
865 2884 977 2912 scriptum
1001 2883 1070 2906 huius
1090 2883 1190 2906 auctoris

342 2931 467 2956 scrutatur,
484 2929 553 2952 alium
572 2936 584 2951 a
602 2930 764 2953 Bonaventura
784 2931 892 2960 spiritum
909 2937 936 2954 ac
952 2931 1030 2954 stilum
1052 2931 1190 2960 plerumque

341 2975 517 3004 deprehendere
533 2976 624 3004 poterit.
700 2968 704 2970 ’

1306 245 1333 267 Ut
1350 248 1427 268 autem
1445 245 1569 268 redeamus
1586 246 1614 269 ad
1632 247 1771 274 opusculum
1790 246 1939 277 Principium
1949 250 2000 276 etc.¹
2013 249 2091 276 negari

1242 298 1289 314 non
1306 294 1394 319 potest,
1411 292 1494 314 multas
1510 293 1633 315 sententias
1644 295 1667 316 et
1682 293 1792 322 loquendi
1804 294 1887 317 modos
1899 295 2025 317 convenire
2037 301 2091 318 cum

1244 339 1457 362 Bonaventurianis.
1474 339 1529 361 Nam
1548 342 1639 368 praeter
1660 346 1687 362 ea
1712 346 1773 369 quae
1789 341 1872 369 allegat
1889 341 1983 369 Bonelli,
2000 341 2091 370 omnia,

1243 391 1303 414 quae
1320 386 1349 408 de
1366 386 1514 408 scientiarum
1531 389 1553 409 et
1569 393 1648 409 sacrae
1665 387 1799 415 scripturae
1815 387 1930 411 divisione
1947 389 1970 411 in
1987 388 2091 411 medium

1244 433 1405 461 proferuntur,
1423 435 1445 455 et
1462 433 1587 461 praecipue
1599 435 1672 456 totum
1685 434 1754 461 illud,
1766 435 1830 464 quod
1848 435 1903 457 dicit
1915 435 1962 465 (ed.
1974 436 2025 458 Vat.
2038 442 2092 464 pag.

1243 479 1257 501 7
1274 479 1297 508 a)
1316 479 1345 502 de
1362 479 1453 502 Christo
1472 482 1496 502 ut
1513 480 1590 503 medio
1607 481 1766 509 septemplici,
1784 484 1861 504 sumta
1876 485 1929 505 sunt
1945 488 1972 505 ex
1989 482 2091 506 Collatio-

1244 526 1312 549 nibus
1328 527 1353 549 in
1370 527 1526 550 Hexae'meron
1544 527 1626 557 (collat.
1644 528 1665 550 1l.
1682 535 1707 551 n.
1724 529 1761 551 44,
1778 528 1862 558 seqq.).
1881 528 1960 551 Obiter
1976 532 2092 557 notamus,

1243 573 1312 596 etiam
1330 574 1421 596 Petrum
1439 575 1529 597 loannis
1550 575 1609 598 Olivi
1626 575 1649 598 in
1667 576 1776 599 Tractatu
1801 582 1872 604 super
1893 582 1913 599 c.
1931 577 1953 599 ⁴.
1970 576 2093 599 Ezechielis

1245 620 1413 649 (Supplemcnt.
1431 622 1517 644 Bonelli
1544 622 1558 644 l.
1583 623 1626 645 col.
1648 623 1694 646 285
1708 623 1724 651 S
1747 623 1769 646 5.
1794 623 1869 652 seqq.)
1887 623 1985 646 eandem
2002 623 2032 646 de
2049 624 2092 646 hoc

1244 667 1321 690 medio
1338 668 1481 696 septemplici
1499 669 1637 691 sententiam
1654 667 1769 698 proferre,
1786 669 1828 692 sed
1850 669 1956 692 diffusius
1980 669 2093 697 explicare

1243 716 1266 737 et
1282 714 1326 737 alio
1338 714 1408 737 modo
1425 715 1542 743 applicare
1559 721 1630 744 quam
1647 718 1727 738 auctor
1744 715 1860 746 Principii
1874 722 1895 739 s.
1912 715 2060 746 scripturae.

1307 762 1412 785 Alienum
1430 768 1480 785 esse
1498 763 1541 785 hoc
1558 764 1697 791 opusculum
1715 762 1745 786 ab
1762 763 1854 792 ingenio
1872 766 1894 786 ct
1910 763 1992 792 spiritu
2010 763 2033 786 S.
2049 763 2092 786 Bo-

1243 811 1398 837 naventurae,
1416 812 1506 837 praeter
1523 810 1567 832 stili
1585 810 1793 833 dissimilitudinem
1811 810 1893 833 suadet
1910 811 1978 833 etiam
1996 810 2092 839 quidam

1243 856 1388 879 discretionis
1404 857 1509 879 desectus
1526 860 1548 879 et
1565 857 1586 879 in
1605 858 1722 880 sententiis
1743 858 1888 886 proferendis
1913 857 2041 880 verborum
2058 864 2093 880 ex·

1243 909 1330 926 cessus.
1348 904 1395 926 Hoc
1412 903 1532 926 observari
1549 905 1613 931 licet,
1630 904 1698 927 etiam
1718 904 1757 927 ubi
1770 905 1822 932 ipsa
1832 904 1936 927 doctriua
1953 904 2094 933 deprompta

1244 952 1278 972 est
1294 956 1320 972 ex
1338 950 1448 978 operibus
1473 951 1495 973 S.
1521 951 1704 974 Bonaventurae.
1729 951 1831 979 Exempli
1855 957 1924 974 causa
1941 951 2050 979 ponimus
2066 956 2092 973 ea

1243 1002 1304 1025 quae
1326 997 1355 1019 de
1380 997 1473 1019 scientIa
1497 997 1656 1025 philosophica
1674 998 1782 1020 dicuntur
1805 997 1851 1026 (ed.
1873 998 1925 1020 Vat.
1949 1003 2004 1026 pag.
2021 997 2034 1020 4
2053 996 2092 1026 b):

1248 1051 1258 1063 α
1271 1043 1347 1066 Tertia
1365 1049 1421 1066 vero
1438 1045 1555 1067 rhetorica
1578 1044 1691 1074 (scientia)
1710 1051 1763 1067 cum
1781 1044 1861 1068 buchs
1883 1044 2025 1067 tumentibus
2041 1044 2093 1072 plus

1244 1093 1278 1113 est
1296 1091 1392 1114 inflati-ix
1411 1092 1565 1115 intellectuum
1591 1099 1662 1121 quam
1688 1092 1864 1115 illuminatrix».
1886 1101 1897 1112 α
1910 1092 2007 1115 Scientia
2024 1094 2094 1125 meta-

1245 1138 1340 1166 physica
1358 1145 1412 1161 cum
1430 1139 1615 1162 consideratione
1631 1139 1786 1169 quidditatum
1812 1139 1994 1162 nudissimarum
2017 1142 2040 1162 et
2056 1138 2093 1162 ab·

1245 1185 1448 1208 stractissimarum
1466 1192 1492 1208 ac
1509 1192 1550 1214 per
1569 1187 1612 1209 hoc
1637 1186 1855 1215 insipidissimarum
1881 1187 1968 1209 nullum
1985 1192 2093 1214 saporem

1245 1231 1285 1253 dat
1301 1232 1400 1254 affectui.
1417 1232 1516 1255 Scientia
1533 1239 1590 1255 vero
1602 1233 1766 1256 mathematica
1780 1239 1834 1256 cum
1852 1233 2037 1256 consideratione
2048 1239 2094 1255 ma-

1244 1278 1405 1308 gnitudinum,
1423 1285 1483 1308 quae
1500 1279 1636 1303 abstrahunt
1652 1286 1665 1302 a
1683 1280 1779 1303 materia
1795 1283 1817 1302 et
1834 1286 1846 1302 a
1859 1284 1934 1307 motu,
1946 1286 1988 1303 nec
2000 1286 2094 1303 sensum

1244 1325 1375 1348 devotionis
1392 1332 1434 1348 nec
1452 1327 1548 1349 modum
1566 1327 1642 1350 bonae
1667 1327 1807 1355 operationis
1824 1327 1863 1350 dat
1879 1327 1978 1350 affectui.
1996 1326 2093 1349 Scientia

1244 1379 1301 1396 vero
1319 1374 1440 1401 naturafis,
1458 1381 1518 1403 quae
1535 1378 1624 1397 motum
1642 1375 1759 1397 concernit
1775 1377 1798 1398 et
1809 1375 1940 1403 materiam,
1957 1377 1980 1397 et
1996 1380 2036 1397 sua
2055 1373 2094 1396 ob·

1245 1421 1353 1444 scuritate
1370 1421 1475 1444 obfuscat
1492 1423 1629 1445 intellectum
1651 1425 1674 1445 et
1698 1425 1794 1451 propter
1810 1422 1952 1445 dubietatem
1970 1428 2093 1445 causarum

1246 1470 1384 1493 naturalium
1408 1476 1467 1498 pene
1492 1471 1515 1493 in
1540 1470 1649 1493 omnibus
1671 1470 1814 1494 naturalibus
1836 1471 1954 1494 contristat
1979 1471 2094 1493 affectum.

1245 1517 1310 1539 Unde
1327 1520 1349 1540 et
1366 1518 1496 1540 Aristoteles
1514 1519 1596 1540 harum
1614 1518 1761 1540 scientiarum
1779 1519 1814 1541 vel
1831 1518 1938 1541 inventor
1955 1518 1991 1540 vel
2008 1518 2093 1546 profes·

1245 1571 1283 1587 sor
1301 1565 1455 1593 praecipuus,
1482 1568 1577 1593 propter
1602 1565 1719 1588 latentiam
1745 1572 1829 1588 causae
1854 1566 1929 1588 fluxus
1954 1567 1976 1587 et
1992 1565 2094 1587 refluxus

1246 1612 1315 1634 maris
1332 1612 1354 1634 in
1373 1612 1515 1640 protundum
1534 1612 1616 1640 maris,
1635 1615 1659 1635 ut
1676 1612 1705 1635 de
1722 1618 1749 1634 eo
1767 1612 1873 1640 legimus,
1891 1618 1915 1634 se
1937 1611 2093 1634 submersit».

1244 1671 1276 1675 —
1293 1659 1354 1682 Haec
1371 1659 1389 1682 si
1408 1661 1554 1682 conserantur
1572 1665 1624 1682 cum
1643 1659 1671 1682 iis
1682 1666 1742 1688 quae
1755 1660 1778 1682 S.
1793 1660 1880 1682 Bonav.
1897 1659 1920 1681 in
1938 1658 2095 1681 Hexaemeron

1246 1706 1331 1734 (collat.
1350 1706 1436 1733 lv—Vll,
1454 1706 1505 1728 licet
1522 1705 1553 1728 ibi
1572 1706 1625 1728 data
1642 1711 1714 1734 opera
1731 1704 1922 1735 insufficientiam
1947 1705 2094 1727 scientiarum

1246 1754 1400 1780 profanarum
1425 1753 1584 1775 demonstrare
1608 1753 1719 1782 intendat)
1746 1753 1864 1775 moderate
1881 1758 1908 1775 ac
1925 1752 2039 1780 sapienter
2055 1752 2094 1774 do-

1245 1800 1305 1827 cuit,
1331 1800 1387 1822 satis
1412 1802 1521 1828 apparet,
1548 1800 1615 1822 talem
1641 1800 1664 1822 in
1690 1799 1806 1828 loquendo
1829 1802 1949 1822 excessum
1970 1805 2018 1821 non
2043 1804 2095 1821 con-

1246 1853 1331 1875 gruere
1348 1847 1417 1869 indoli
1435 1847 1550 1875 seraphici
1567 1847 1684 1874 Doctoris,
1701 1847 1742 1870 sed
1759 1846 1836 1875 potius
1853 1846 1943 1874 spiritui
1958 1845 2018 1868 Petri
2034 1846 2095 1868 loan-

1246 1894 1282 1917 nis
1298 1894 1371 1923 Olivi,
1388 1894 1428 1923 qui
1445 1894 1533 1917 similia
1551 1895 1580 1917 de
1597 1894 1698 1917 scientiis
1722 1893 1887 1922 philosophicis
1903 1894 2006 1921 proferre
2031 1892 2096 1915 solet.

1246 1954 1278 1958 —
1294 1942 1440 1969 Argumenta
1462 1942 1533 1969 igitur
1558 1941 1665 1970 interna,
1691 1947 1752 1970 quae
1774 1940 1859 1963 Bonelli
1877 1939 1899 1961 in
1918 1941 2021 1962 savorem
2039 1944 2095 1961 suae

1246 1989 1380 2011 assertionis
1405 1990 1505 2017 profert,
1529 1989 1624 2011 minime
1649 1988 1801 2014 convincunt,
1819 1987 1891 2009 immo
1915 1986 1992 2014 potius
2008 1987 2095 2008 contra-

1246 2036 1306 2060 rium
1324 2037 1446 2059 insinuant.

1310 2083 1417 2105 Secundo
1425 2100 1431 2110 ‚
1444 2083 1505 2105 idem
1517 2083 1642 2105 dicendum
1655 2085 1689 2105 est
1700 2082 1730 2104 de
1742 2081 1831 2104 ratione
1843 2087 1855 2102 a
1867 2079 2005 2103 testimoniis
2017 2079 2046 2101 de
2057 2085 2095 2101 au-

1246 2133 1309 2153 ctore
1320 2130 1371 2153 libri
1384 2133 1467 2153 sumta.
1480 2130 1503 2152 P.
1516 2130 1602 2152 Bonelli
1613 2129 1701 2152 nullum
1718 2129 1786 2151 huius
1803 2127 1908 2156 opusculi
1925 2127 2031 2149 codicem
2049 2132 2096 2148 ma-

1248 2177 1393 2205 nuscriptum
1410 2177 1488 2204 novit;
1506 2177 1589 2199 nec.P.
1606 2176 1689 2199 Fidelis
1700 2182 1713 2198 a
1724 2176 1803 2198 Fanna
1814 2174 1837 2197 b.
1850 2181 1889 2202 m.,
1906 2174 2095 2203 diligentissimus

1247 2226 1279 2246 tot
1297 2223 1489 2246 bibliothecarum
1515 2223 1676 2252 investigator,
1701 2223 1773 2245 ullum
1799 2221 1982 2250 manuscriptum
2000 2220 2095 2248 invenit,

1247 2271 1290 2293 sed
1308 2271 1419 2293 Bruxellis
1444 2273 1531 2292 tantum
1557 2270 1675 2299 quoddam
1701 2270 1864 2298 apographum
1889 2268 1974 2291 saeculi
1991 2268 2051 2291 XVI.
2068 2273 2095 2289 ex

1247 2317 1348 2340 editione
1366 2317 1477 2340 Vaticana
1492 2317 1663 2345 transcriptum.
1681 2329 1712 2333 —
1729 2317 1797 2339 Teste
1814 2317 1838 2339 P.
1857 2316 1943 2338 Bonelli
1961 2315 2038 2343 prima
2053 2316 2096 2337 hu-

1248 2364 1283 2386 ius
1300 2364 1406 2392 opusculi
1423 2364 1492 2386 editio
1515 2366 1549 2386 est
1569 2364 1741 2391 Argentinensis
1765 2369 1803 2386 an.
1828 2363 1902 2390 4495,
1928 2368 1998 2391 quam
2016 2364 2097 2384 secuta

1247 2414 1282 2434 est
1300 2411 1387 2434 Veneta
1404 2417 1440 2433 an.
1458 2410 1532 2439 1564,
1550 2413 1572 2433 et
1589 2410 1673 2433 deiude
1691 2410 1800 2432 Vaticana
1817 2416 1871 2432 cum
1883 2409 1939 2432 aliis.
1957 2408 2004 2431 Sed
2020 2410 2096 2431 aucto-

1248 2458 1337 2480 ritatem
1356 2446 1445 2486 primae
1462 2457 1569 2480 editionis
1586 2457 1658 2480 solam
1676 2457 1761 2479 nullius
1778 2457 1825 2479 sere
1841 2463 1892 2479 esse
1908 2455 2032 2483 momenti,
2049 2455 2095 2477 iam

1248 2504 1430 2527 monstravimus
1455 2504 1479 2526 in
1505 2504 1677 2532 Prolegomenis
1700 2504 1729 2526 ad
1754 2506 1810 2526 tom.
1836 2503 1864 2525 V.
1889 2509 1909 2525 c.
1927 2503 1964 2525 tt.
1989 2508 2044 2531 pag.
2061 2501 2095 2524 Lll

1248 2559 1272 2575 n.
1289 2552 1311 2575 5.
1329 2552 1432 2575 Sufficiat
1449 2552 1485 2574 hic
1503 2554 1620 2580 repetere,
1638 2552 1696 2574 hane
1717 2551 1842 2579 praecipue
1859 2550 1983 2573 editionem
2001 2556 2095 2573 causam

1249 2600 1332 2628 tuisse,
1349 2600 1413 2629 quod
1437 2602 1469 2622 tot
1493 2605 1565 2627 opera
1590 2598 1668 2627 spuria
1694 2599 1716 2620 in
1741 2597 1938 2627 subsequentibus
1955 2597 2095 2620 editionibus

1248 2648 1292 2670 sint
1310 2648 1333 2670 S.
1350 2648 1527 2679 Bonaventurae
1543 2646 1658 2669 attributa.
1671 2647 1721 2675 lpsa
1734 2646 1795 2669 enim
1808 2644 2002 2675 praecedentibus
2018 2644 2096 2667 editio-

1247 2694 1317 2718 nibus
1334 2694 1424 2717 addidit
1450 2694 1478 2717 48
1500 2700 1560 2717 nova
1582 2694 1707 2722 opuscula,
1724 2699 1825 2722 quorum
1851 2693 1904 2721 plus
1925 2698 1996 2721 quum
2014 2690 2095 2719 viginti

1247 2743 1311 2766 certo
1328 2746 1381 2765 sunt
1403 2742 1491 2770 spuria.
1515 2741 1621 2768 Accedit,
1639 2740 1703 2769 quod
1728 2740 1822 2763 omnino
1847 2741 1934 2762 tacetur
1950 2741 1973 2761 et
1990 2739 2094 2767 ignotum

1247 2790 1295 2816 est,
1312 2790 1361 2810 tum
1379 2787 1432 2818 quis
1449 2787 1567 2815 collegerit
1583 2788 1605 2809 et
1621 2786 1737 2809 edendam
1754 2785 1871 2808 curaverit
1887 2786 1946 2808 hanc
1962 2783 2094 2812 editionem,

1248 2838 1297 2858 tum
1314 2834 1377 2858 unde
1394 2837 1480 2864 etqua
1497 2833 1639 2858 auctoritate
1656 2836 1688 2856 tot
1704 2839 1768 2856 nova
1782 2833 1896 2861 opuscula
1910 2831 1989 2854 addita
2006 2831 2058 2854 sint.

1311 2882 1403 2904 Praeter
1420 2882 1489 2904 huius
1505 2881 1612 2904 editionis
1629 2880 1788 2903 auctoritatem
1806 2879 1938 2907 complures
1955 2880 2036 2905 testes,
2053 2877 2095 2900 sed

1246 2928 1388 2952 recentiores
1405 2935 1420 2951 a
1434 2929 1459 2951 P.
1475 2928 1560 2950 Bonelli
1578 2927 1631 2957 (loc.
1648 2927 1694 2956 cit.)
1712 2928 1852 2955 asseruntur,
1869 2925 1918 2948 scil.
1937 2933 1948 2945 a
1960 2925 2095 2947 Franciscus

1247 2976 1356 3003 Samson,
1373 2975 1513 2999 Octavianus
1530 2975 1559 2997 de
1576 2974 1688 3002 Martinis,
1705 2974 1831 2997 Alexander
1847 2973 1964 3000 mlestus,
1981 2971 2095 2994 Marianus
