2296 3316
10 418 13 423 ’
20 425 83 445 ndum.

12 1066 79 1114 iniunt.

713 153 883 182 COMMENT.
906 154 939 182 IN
960 153 1106 182 IOANNEM
1127 154 1154 182 C.
1177 154 1242 182 XXI.

101 232 144 261 vel
170 232 238 270 quia
267 231 506 265 universitatem,
534 231 616 268 quia,
638 231 710 260 sicut
730 231 797 260 dicit
818 231 950 268 Hierony-

100 280 201 314 mus¹‚
227 281 295 308 «tot
315 286 418 316 genera
438 278 555 315 piscium
578 278 605 306 in
628 278 697 306 mari
719 286 794 313 esse,
819 286 835 307 a
860 278 950 315 philo-

100 326 195 363 sophis
215 326 354 363 descripta
374 326 508 362 leguntur
522 337 549 353 1».

180 374 226 402 22.
249 373 338 409 (Vers.
364 372 429 407 12).
454 372 532 400 Dicit
551 372 592 400 eis
610 372 701 400 lesus.
717 372 764 401 Hic
779 375 892 401 notatur
906 380 949 401 se-

101 420 240 454 cundum,
262 419 366 449 sciIIcet
389 419 509 447 Domini
529 418 693 456 benignitas
720 419 755 447 ad
775 419 949 448 invitandum

100 466 250 504 discipulos
278 466 312 494 ad
340 466 453 500 cibum;
481 466 543 494 ideo
570 466 655 494 dicit:
687 466 763 495 Dicit
783 466 824 494 eis
848 466 947 495 lesus:

105 513 217 547 Venite,
237 513 399 550 prandcle;
420 512 518 541 invitat
538 513 573 541 ad
591 513 775 549 prandium,
798 513 845 541 sed
864 513 890 541 In
905 513 949 541 fu-

99 563 164 590 tura
191 560 397 589 resurrectione
422 560 549 588 invitabit
570 560 604 588 ad
629 568 766 594 coenam,
795 560 949 588 secundum

98 607 168 637 illud
181 607 357 644 Apocalypsis
378 607 485 636 decimo
506 615 579 636 nono
591 607 617 635 ⁵³:
641 618 655 632 «
671 607 760 641 Beati,
776 607 823 644 qui
840 607 874 635 ad
887 615 949 636 coe-

98 663 163 684 nam
183 655 346 692 nuptiarum
370 654 435 692 Agni
457 655 546 683 vocati
569 657 635 683 sunt
649 666 675 682 n.
700 654 798 683 Invitat
818 662 893 683 nunc
914 654 948 683 ad

98 702 192 731 cibum
213 702 414 739 corporalem,
435 705 467 731 ut
488 702 602 736 innuat,
625 701 700 739 quod
721 701 820 730 invitat
841 701 875 730 ad
889 701 948 739 spi-

97 748 257 782 ritualem;
284 749 463 777 Canticorum
490 749 607 785 quinto:
641 748 825 782 «Comedite,
850 748 947 782 amici,

97 799 125 825 et
144 796 231 826 bibite
251 799 278 825 et
299 796 492 830 inebriamini,
514 795 648 824 carissimi
664 806 691 830 »;
714 799 741 824 81
762 795 846 824 Isaiae
867 795 949 832 quin-

97 844 260 882 quagesimo
274 844 388 881 quinto:
409 854 422 868 «
437 842 540 871 Omnes
554 843 687 877 sitientes,
699 843 791 871 venite
803 842 837 871 ad
847 851 948 879 aquas,

97 893 124 919 et
145 890 193 927 qui
214 897 270 918 non
298 889 406 918 habetis
431 892 592 926 argentum,
619 891 782 926 properate,
811 889 894 918 emite
921 892 948 918 et

97 937 251 972 comedite;
280 937 387 971 venite,
408 937 492 965 emite
513 937 619 974 absque
644 939 760 973 argento
788 939 816 965 et
842 936 948 973 absque

96 985 154 1013 ulla
175 984 392 1013 commutati0ne
414 984 511 1013 vinum
532 987 560 1013 et
582 984 622 1012 lac
638 995 665 1012 ».

176 1031 222 1060 23.
246 1032 281 1060 Et
300 1040 383 1060 nemo
404 1031 659 1060 discumbentium.
688 1031 735 1060 Hic
756 1033 870 1059 notatur
892 1034 948 1060 ter-

96 1078 183 1113 tium,
205 1078 309 1107 scilicet
326 1078 505 1107 illuminatio
520 1078 736 1115 discipulorum
750 1077 784 1106 ad
798 1078 946 1106 Dominum

96 1125 317 1163 cognoscendum
332 1136 338 1159 ;
354 1125 428 1154 unde
442 1125 524 1153 dicit:
543 1125 577 1153 Et
591 1133 673 1153 nemo
688 1124 946 1159 discumbentium,

95 1172 123 1201 id
144 1175 187 1201 est
207 1172 240 1200 ad
269 1172 471 1201 comedendum
501 1171 698 1205 residentium,
727 1171 854 1200 audebat
881 1180 947 1200 eum

95 1219 300 1257 intcrroyare:
338 1220 380 1247 Tu
408 1219 474 1257 quis
501 1219 555 1247 esf>
582 1218 659 1248 Unde
687 1218 945 1255 Chrysostomusss:

101 1278 114 1292 «
128 1266 196 1295 Cum
218 1267 327 1296 silentio
348 1270 375 1295 et
397 1266 554 1295 reverentia
582 1266 671 1294 inulta
692 1266 837 1301 sedebant,
858 1269 947 1295 atten-

95 1313 191 1343 dentes
212 1313 240 1342 in
262 1321 327 1342 enm
342 1326 368 1341 ».
396 1313 538 1347 Scientes,
567 1313 640 1351 quia
670 1313 812 1341 Dominus
841 1317 896 1347 cst,
919 1313 946 1341 id

96 1364 152 1395 est,
174 1363 322 1398 propterea
343 1369 397 1389 non
420 1360 629 1397 interrogabant
650 1368 733 1388 eum:
756 1362 787 1388 tu
808 1360 872 1397 quis
892 1363 946 1389 es?

95 1408 130 1437 ad
150 1408 288 1437 Hebraeos
308 1408 462 1445 penultimo
473 1408 504 1435 4:
531 1419 545 1432 «
560 1407 720 1435 Serviamus
735 1407 875 1443 placentes
889 1408 946 1436 Deo

96 1462 160 1483 cum
181 1458 258 1483 metu
273 1457 300 1483 et
315 1454 472 1483 reverentia
487 1465 514 1489 »;
537 1454 570 1482 ad
594 1454 784 1490 Philippenses
805 1454 945 1482 secundo:

96 1513 110 1527 n
127 1502 196 1531 Cum
210 1504 288 1530 metu
302 1505 329 1531 et
344 1504 465 1530 tremore
480 1502 596 1530 salutem
614 1500 735 1530 vestram
750 1501 903 1538 operamini
919 1513 945 1529 ».

159 1696 167 1709 ¹
184 1696 248 1719 Libr.
265 1696 326 1719 XIV.
342 1696 472 1719 Comment.
489 1696 513 1718 in
530 1696 611 1718 Ezech.
629 1695 672 1723 47,
690 1696 712 1718 6.
729 1702 807 1725 seqq.:
824 1696 893 1718 Aiunt
909 1702 947 1718 au-

95 1739 142 1759 tem
159 1736 199 1765 qui
217 1736 247 1759 de
267 1736 417 1758 animantium
441 1735 555 1763 scripsere
578 1735 665 1757 naturis
687 1738 709 1758 et
731 1736 897 1764 proprietate...
918 1736 948 1758 de

95 1775 182 1805 quibus
198 1776 318 1804 Oppianus
342 1774 526 1804 [Anazarbaeus]
549 1774 604 1797 Cilix
626 1777 673 1801 est,
696 1778 763 1803 poeta
786 1775 947 1802 doctissimus,

95 1818 189 1838 centum
213 1815 381 1844 quinquaginta
406 1815 447 1837 tria
470 1821 521 1837 8558
544 1821 628 1843 genera
652 1815 766 1843 piscium,
787 1820 848 1843 quae
869 1815 947 1836 omnia

94 1858 162 1883 capta
184 1857 238 1877 sunt
254 1854 284 1877 ab
301 1854 427 1882 ApostoliS,
444 1857 466 1876 et
482 1855 538 1876 nihil
560 1855 671 1877 remansit
692 1855 825 1882 incaptum,
846 1854 902 1876 dum
925 1856 948 1876 et

95 1893 183 1916 nobiles
200 1896 222 1916 et
238 1893 365 1922 ignobile5‚
382 1893 466 1916 divites
483 1896 505 1916 et
522 1899 638 1922 pauperes
655 1896 677 1916 et
693 1900 762 1916 omne
785 1899 859 1921 genus
876 1893 948 1915 homi-

96 1939 152 1955 num
169 1933 199 1955 de
215 1933 273 1955 mari
290 1933 359 1955 huius
376 1933 460 1955 saeculi
478 1933 603 1955 extrahitur
620 1933 650 1955 ad
673 1933 778 1955 salutem.
800 1932 845 1955 Csr.
867 1933 946 1955 Glossa

96 1971 220 1995 ordinaria
238 1972 261 1994 in
278 1972 378 1994 eundem
397 1973 473 1994 locum
491 1973 572 1994 Ezech.
589 1985 620 1988 —
637 1972 710 1995 Codd.
727 1975 749 1994 et
766 1972 883 1994 Gorranus
894 1972 947 1994 sub-

96 2012 193 2034 stituunt
209 2011 332 2040 Isidortes;
350 2011 418 2034 etiam
437 2011 500 2033 card.
517 2012 598 2039 Hugo,
616 2012 637 2033 in
655 2013 717 2034 hunc
728 2012 790 2034 Ioan.
801 2012 892 2039 locum,
903 2012 945 2033 ait:

100 2059 110 2071 n
123 2051 202 2073 Glossa
215 2050 314 2073 Isidori:
332 2051 431 2073 Piscium
449 2051 567 2077 omnium,
585 2051 624 2079 qui
638 2051 659 2073 in
671 2057 730 2080 aqua
742 2051 838 2079 vivunt,
853 2054 945 2073 centnm

96 2090 264 2119 quinquaginta
274 2090 316 2112 tria
325 2096 376 2112 esse
386 2096 471 2118 genera
478 2107 484 2117 ‚
494 2081 626 2118 philosophi
636 2092 802 2113 enumerant».
814 2090 838 2112 Β.
847 2090 945 2119 Α]1]81·1.,

95 2129 144 2152 hie:
166 2129 292 2152 «Isidorus
309 2131 387 2151 autem
407 2129 475 2156 dicit,
492 2129 557 2158 qnod
575 2130 596 2152 in
620 2130 677 2152 mari
700 2130 737 2152 illo
761 2136 807 2152 non
829 2132 882 2152 suut
903 2130 945 2152 nisi

95 2171 187 2191 centum
210 2169 378 2198 quinquaginta
400 2169 443 2191 tria
460 2175 546 2197 genera
568 2169 680 2197 piscium,
698 2172 720 2191 et
736 2169 766 2192 de
787 2169 892 2198 quolibet
909 2175 946 2197 ge-

95 2214 151 2230 nere
167 2208 267 2236 piscium
285 2209 368 2238 aliquis
386 2208 427 2231 suit
443 2209 634 2236 comprehensus
652 2208 696 2231 Sed
714 2209 758 2231 hoc
775 2208 874 2236 probare
886 2211 947 2231 esset

96 2247 201 2275 difficile;
218 2250 240 2270 et
262 2249 306 2270 hoc
328 2248 381 2270 ideo
399 2254 444 2270 non
467 2247 642 2275 approbatur».
659 2247 704 2270 Csr.
721 2248 814 2276 isidor.,
831 2247 879 2270 XII.
896 2248 946 2275 Ety-

96 2287 182 2315 molog.
200 2293 221 2309 c.
238 2287 258 2309 6.
277 2293 300 2309 11.
317 2287 359 2309 63:
380 2296 391 2307 «
403 2287 542 2309 Animalium
560 2287 663 2310 omnium
682 2287 705 2309 in
727 2287 794 2316 aquis
815 2287 945 2309 viventium

95 2326 188 2349 nomina
207 2326 266 2355 1144,
284 2326 369 2349 Plinius
387 2327 417 2349 ait
429 2335 440 2346 r>
460 2329 503 2349 etc.
521 2327 542 2348 In
560 2327 597 2349 ed.
615 2326 691 2355 Plinii,
708 2332 778 2355 quam
802 2332 858 2354 prae
875 2326 946 2348 mani—

96 2365 140 2387 bus
156 2365 271 2387 habemns
289 2365 336 2394 (ed.
353 2366 449 2393 August.
468 2366 561 2388 Taurin.
585 2366 655 2394 1832)
673 2364 724 2387 libr.
746 2365 840 2387 XXXII.
862 2365 945 2387 Hister.

95 2407 170 2427 natur.
192 2410 212 2427 c.
233 2404 271 2427 53.
293 2404 358 2433 (alias
381 2405 428 2433 11.)
447 2404 552 2431 habetur,
570 2404 647 2432 pisces
666 2413 677 2424 «
689 2408 782 2427 centnm
799 2404 946 2432 septuaginta

96 2445 196 2472 quatuor
212 2443 307 2465 omnino
325 2449 438 2471 generum
455 2449 506 2466 esse
517 2451 527 2463 ιι
537 2461 543 2470 ‚
561 2446 583 2465 et
599 2443 622 2465 in
640 2446 693 2465 nota
710 2443 799 2465 adiecta
814 2442 946 2465 dicitur21n

96 2482 237 2511 quibusdam
254 2488 310 2505 mss.
327 2483 421 2505 centum
438 2482 601 2512 quadi-aquila
618 2483 730 2511 quatuor,
748 2480 827 2504 errore
850 2481 947 2504 minime

96 2521 209 2549 obscuro3
226 2528 280 2544 cum
297 2522 358 2544 enim
369 2540 374 2550 ,
392 2522 430 2544 IX.
449 2522 490 2549 16,
508 2521 607 2550 piscium
624 2522 714 2550 species
731 2528 782 2544 esse
799 2522 909 2550 affirmet,
921 2524 947 2544 ut

96 2561 197 2584 diximus
215 2561 272 2589 444,
289 2564 380 2589 praeter
397 2561 480 2583 crustis
502 2561 584 2583 intecta
608 2560 699 2590 [nostra
715 2561 753 2583 ed.
775 2561 831 2589 legit
852 2560 947 2583 ibiz'Pi-

96 2600 170 2623 scium
188 2603 241 2623 sunt
257 2600 347 2628 species
363 2600 510 2628 septuaginta
522 2603 630 2629 quatuor,
642 2602 733 2628 praeter
744 2600 827 2623 crustis
839 2599 933 2630 intecta]
941 2618 946 2628 ,

97 2646 156 2668 quae
173 2642 226 2662 sunt
243 2640 284 2666 30,
302 2645 329 2661 ex
346 2642 446 2668 utroque
462 2645 489 2661 eo
507 2645 604 2662 numero
617 2639 676 2662 effici
688 2639 835 2662 manifestum
847 2642 881 2662 est
893 2639 947 2661 474.

159 2677 168 2691 ²
186 2679 251 2702 Vers.
270 2679 292 2701 9.
308 2691 339 2695 —
358 2680 407 2702 Duo
424 2685 489 2708 seqq.
506 2679 549 2701 Ioci
561 2681 614 2701 sunt
625 2678 690 2702 Cant.
702 2679 729 2706 5,
743 2679 765 2701 1.
776 2681 798 2701 81
809 2679 859 2701 lsai.
870 2679 912 2707 55,
925 2679 946 2701 1.

97 2731 127 2734 -
144 2718 256 2746 Superius
274 2720 326 2746 post
343 2717 426 2741 invitat
443 2718 479 2740 ed.
497 2724 550 2740 cum
568 2718 671 2740 Gorrano
689 2717 754 2740 addit
769 2717 848 2740 modo.

158 2756 168 2770 ³
186 2759 209 2781 In
226 2759 288 2780 Ioan.
304 2758 384 2780 homil.
401 2757 438 2780 87.
457 2757 522 2786 (alias
539 2757 586 2786 86.)
604 2764 626 2779 11.
645 2758 666 2780 2.

159 2796 169 2809 ⁴
186 2797 252 2820 Vers.
269 2797 307 2819 28.
323 2809 354 2813 —
371 2797 480 2825 Sequitur
496 2796 553 2819 Phil.
570 2797 597 2824 2,
616 2797 653 2819 12.

159 2834 169 2848 ⁵
186 2836 284 2864 Vulgata
303 2835 333 2859 El
348 2835 435 2865 accipit
446 2841 536 2865 panem
553 2837 574 2858 e!
591 2834 639 2859 dal.

159 2873 169 2886 ⁶
186 2876 210 2897 In
227 2876 287 2897 Ioan.
304 2875 384 2897 homil.
401 2874 439 2897 87.
458 2874 522 2902 (alias
539 2874 585 2903 86.)
604 2881 628 2897 11.
645 2875 667 2897 2.
683 2874 706 2896 111
724 2874 781 2897 fine:
798 2875 826 2897 At
843 2875 880 2897 hic
900 2881 946 2897 non

98 2914 164 2941 dicit,
182 2914 258 2942 ipsum
277 2914 406 2936 comedisse
423 2919 477 2936 cum
494 2913 543 2936 illis.
561 2914 635 2936 Lucas
652 2920 708 2936 vero
724 2913 778 2936 alibi
795 2913 856 2943 [Act.
875 2914 899 2942 1,
912 2913 946 2943 4.]

98 2953 164 2975 dicit:
176 2952 206 2975 Et
218 2958 356 2976 convescens
368 2958 422 2976 cum
432 2952 479 2975 illis
488 2952 513 2982 [a
523 2953 545 2975 S.
558 2952 644 2975 Bonav.
657 2952 768 2980 allegatur
777 2953 832 2975 Luc.
841 2952 878 2981 24,
888 2951 946 2981 43.].

1799 155 1854 184 593

1086 232 1132 261 24.
1161 233 1251 269 (Vers.
1284 233 1349 269 13.).
1381 234 1414 262 Et
1441 234 1519 262 venit
1546 234 1637 262 Iesus.
1666 234 1713 262 Hic
1741 236 1855 262 notatur
1871 240 1969 264 Quartum.

1007 282 1155 316 quartum,
1180 280 1284 309 scilicet
1314 280 1433 309 Domini
1458 280 1662 318 munificentia
1689 281 1724 309 ad
1751 281 1855 310 cibaria

1006 326 1250 361 dIstribuendum;
1272 327 1346 356 unde
1367 328 1445 356 dicit:
1469 329 1504 356 Et
1518 328 1628 365 accepit
1638 336 1747 365 panem
1762 332 1788 357 et
1801 329 1854 357 da-

1007 372 1077 401 bat⁵
1099 373 1157 402 illis
1177 378 1203 402 el
1220 374 1329 411 piscem
1350 375 1495 410 similiter,
1517 375 1600 404 dabat
1620 375 1689 410 illis,
1711 377 1744 404 ut
1764 383 1855 405 come-

1005 419 1111 448 derent.
1135 421 1166 449 Et
1191 421 1318 450 similiter
1347 421 1573 459 intelligendum,
1601 422 1676 459 quod
1703 422 1763 460 ipse
1790 430 1853 451 cum

1006 466 1046 495 eis
1065 468 1240 501 comederit‚·
1268 468 1342 497 unde
1362 468 1618 505 chrysostomus⁶z
1646 481 1660 494 «
1674 470 1721 499 Hic
1742 470 1854 507 quidem

1006 521 1060 541 non
1082 513 1163 548 dicit,
1185 514 1259 551 quod
1285 515 1402 544 comedit
1431 523 1494 544 cum
1522 516 1580 550 eis;
1602 516 1690 545 Lucas
1717 517 1782 546 alibi
1803 517 1854 552 ait,

1006 560 1095 589 Lucae
1126 560 1244 589 ultimo:
1274 561 1344 590 Cum
1372 562 1568 591 manducasset
1599 571 1692 592 coram
1723 564 1778 598 eis,
1807 572 1854 592 su-

1006 615 1085 636 mens
1113 607 1258 645 reliquias,
1280 608 1355 637 dedit
1375 609 1415 638 eis
1430 620 1456 643 »3
1479 610 1553 638 unde
1573 610 1747 647 Gregorius⁷
1768 611 1853 640 dicit:

1010 665 1023 679 «
1039 655 1135 683 Assum
1157 655 1261 691 piscem
1283 655 1418 684 Dominus
1440 656 1558 685 comedit
1576 659 1604 685 et
1618 665 1718 694 panem
1732 669 1759 686 1).
1774 658 1855 687 Chri-

1005 704 1066 730 stus
1087 702 1194 736 dabat‚
1216 703 1242 731 in
1266 711 1322 740 quo
1343 710 1372 731 se
1393 703 1547 740 gratiarum
1569 704 1693 733 omnium
1719 705 1855 734 liberalis-

1006 748 1106 777 simum
1129 749 1340 778 distributorem
1362 749 1553 786 significabat;
1574 751 1703 779 Matthaei
1723 752 1855 788 vigesimo

1005 795 1103 832 quinto
1114 795 1144 823 ⁸:
1171 807 1185 821 «
1199 796 1355 833 Unicuique
1375 796 1451 825 dedit
1472 797 1626 826 secundum
1641 798 1784 834 propriam
1799 799 1855 828 vir-

1005 845 1094 871 tutem
1108 855 1121 868 »
1130 866 1135 871 .

1084 891 1130 918 25.
1153 890 1242 926 (Vers.
1268 890 1334 925 tlt).
1357 890 1418 918 Hoc
1439 890 1499 919 iam
1523 891 1615 919 lertio.
1640 891 1728 920 Posita
1741 892 1855 922 manife-

1005 937 1139 971 statione,
1167 937 1281 973 ponitur
1309 936 1560 975 manifestationis
1588 938 1628 966 ad
1651 940 1855 975 praecedentes

1004 983 1233 1020 comparatio⁹;
1260 986 1288 1012 et
1319 987 1498 1020 computatur
1529 992 1594 1013 cum
1623 985 1855 1022 praecedentibus

1005 1030 1109 1063 tertia,
1131 1038 1185 1058 non
1208 1030 1274 1067 qnia
1294 1031 1390 1067 plures
1411 1039 1465 1059 non
1487 1031 1608 1066 fuerint,
1628 1032 1675 1061 sed
1690 1032 1756 1070 quia
1777 1033 1855 1061 suffi-

1004 1077 1041 1106 cit
1060 1077 1128 1106 istas
1149 1081 1206 1106 tres
1227 1078 1350 1107 scribere
1372 1078 1405 1106 ad
1426 1078 1612 1113 credendum,
1641 1080 1795 1109 secundum
1824 1080 1855 1109 il-

1004 1124 1050 1153 lud
1077 1125 1286 1153 Deuteronomii
1313 1125 1422 1154 decimo
1443 1134 1534 1154 nono:
1561 1138 1574 1151 «
1590 1127 1617 1155 ln
1640 1135 1688 1155 ore
1715 1127 1853 1162 duorum,

1003 1172 1047 1200 vel
1068 1172 1154 1200 trium
1181 1172 1293 1201 testium
1322 1175 1376 1201 stat
1403 1181 1484 1201 omne
1505 1173 1623 1202 verbum
1640 1186 1666 1202 ».
1689 1174 1751 1203 Ideo
1771 1175 1852 1205 dicit.

1003 1220 1064 1248 Hoc
1086 1219 1148 1247 iam
1176 1219 1258 1247 terlio
1286 1218 1495 1256 manifestatus
1522 1224 1562 1248 est
1590 1221 1673 1249 lesus
1700 1221 1855 1259 discipulis

1003 1266 1084 1300 suis,
1106 1274 1173 1294 cum
1194 1267 1407 1295 rosum-emisset
1420 1275 1440 1295 a
1455 1268 1596 1302 mortuis,
1618 1268 1698 1305 quasi
1713 1268 1854 1298 sufficiens

1004 1313 1039 1342 sit
1067 1313 1168 1341 trinam
1195 1313 1443 1342 manifestationem
1466 1315 1638 1351 explicasse;
1661 1315 1779 1344 Actuum
1807 1315 1854 1344 de-

1005 1360 1077 1388 cimo
1091 1360 1132 1387 ¹⁰:
1149 1371 1162 1384 <t
1178 1359 1267 1393 Dedit,
1282 1368 1346 1388 enm
1361 1360 1538 1389 manifestum
1554 1361 1630 1394 fieri,
1646 1369 1700 1390 non
1716 1362 1790 1390 omni
1806 1370 1854 1398 po-

1004 1407 1086 1443 pulo,
1115 1406 1162 1435 sed
1191 1406 1308 1435 testibus
1330 1407 1531 1443 praeordinatis
1551 1416 1568 1436 a
1588 1408 1661 1442 Deo,
1682 1408 1778 1442 nobis,
1806 1409 1854 1445 qui

1005 1453 1236 1482 manducavimus
1257 1457 1283 1482 et
1304 1454 1427 1483 bibimus
1454 1462 1518 1483 cum
1548 1455 1609 1489 illo,
1638 1458 1785 1492 postquam
1812 1463 1855 1485 re-

1004 1501 1131 1530 surrexit
1152 1509 1168 1529 a
1190 1501 1308 1529 mortuis
1322 1513 1349 1529 ».

1068 1694 1076 1708 ⁷
1094 1696 1156 1718 LIbr.
1174 1697 1198 1718 11.
1215 1696 1298 1718 11011111.
1316 1696 1337 1718 111
1355 1696 1443 1724 Evang.
1461 1696 1539 1718 homil.
1557 1696 1593 1718 24.
1605 1703 1627 1719 11.
1639 1697 1666 1719 5:
1682 1699 1784 1720 «Assum
1797 1704 1854 1726 ergo

1005 1736 1093 1763 piscem
1110 1735 1212 1757 comedit
1229 1737 1251 1757 et
1267 1740 1365 1763 panem,
1382 1737 1407 1757 ut
1424 1736 1475 1763 ipso
1492 1742 1534 1758 suo
1551 1735 1603 1758 cibo
1620 1735 1688 1758 nobis
1710 1737 1854 1764 ostenderet,

1004 1775 1058 1803 quia
1076 1777 1098 1797 et
1114 1775 1247 1803 passionem
1265 1781 1292 1797 ex
1309 1777 1386 1797 nostra
1404 1775 1545 1797 humanitate
1557 1776 1650 1803 pertulit
1666 1778 1688 1798 et
1707 1777 1853 1799 refectionem

1004 1817 1106 1836 nostram
1124 1820 1151 1836 ex
1168 1820 1209 1836 sua
1227 1814 1352 1836 Divinitate
1368 1814 1536 1842 procuravit».
1554 1814 1594 1836 Ed.
1606 1821 1659 1837 cum
1672 1815 1776 1837 Gorrano
1787 1816 1854 1844 legit:

1005 1854 1093 1876 Assum
1106 1853 1197 1882 piscem
1214 1852 1331 1876 Dominus
1348 1852 1455 1876 comedit.
1472 1854 1555 1883 Itaque
1572 1853 1694 1883 discipulis
1705 1854 1756 1878 suis
1764 1861 1854 1884 panem

1006 1891 1114 1915 Christus
1131 1891 1204 1915 dabat
1219 1895 1263 1914 etc.
1283 1905 1312 1907 —
1329 1891 1375 1915 Csr.
1392 1892 1448 1914 infra
1465 1899 1489 1915 n.
1506 1892 1544 1915 27.
1562 1895 1584 1915 et
1601 1893 1638 1915 28.

1068 1929 1077 1943 Β
1095 1932 1160 1954 Vers.
1179 1931 1217 1954 15.
1239 1931 1315 1959 Cyrill.
1338 1932 1472 1958 Alexandr.,
1496 1931 1518 1953 in
1541 1932 1602 1954 ioan.
1625 1932 1667 1959 21,
1686 1933 1728 1954 13;
1750 1932 1854 1956 Christus

1005 1971 1038 1993 815
1055 1971 1132 1998 potius
1150 1970 1279 1998 distribuit,
1298 1973 1322 1993 ut
1338 1977 1431 1993 rursum
1450 1971 1512 1993 velut
1529 1971 1550 1993 in
1569 1974 1624 1999 typo
1642 1972 1744 2000 quodam
1757 1972 1854 1995 discere-

1873 895 1993 919 Comparatio

1872 918 1927 937 huius
1942 918 2001 937 mani-

1883 942 1988 961 testationis

1878 965 1903 984 ad
1915 970 1992 989 praece-

1895 988 1968 1007 dentes.

1004 2017 1068 2037 mus,
1085 2010 1200 2033 Christum
1218 2010 1286 2032 etiam
1305 2013 1358 2032 tnnc
1376 2011 1487 2038 temporis
1499 2011 1548 2032 sore
1559 2010 1627 2033 nobis
1638 2011 1771 2033 divinorum
1784 2012 1854 2034 dono·
1878 2027 1880 2030 -

1003 2056 1056 2072 rum
1073 2050 1204 2078 largitorem
1223 2056 1249 2071 ac
1267 2049 1452 2077 distributorem,
1470 2049 1492 2071 in
1510 2052 1623 2078 quantum
1640 2050 1754 2072 Dominus
1771 2054 1812 2073 est.
1823 2063 1854 2067 —

1003 2090 1077 2113 Codd.
1095 2090 1203 2112 omittunt
1220 2089 1358 2119 pratici-um
1375 2088 1484 2112 omnium
1503 2088 1704 2112 liberalissimum.

1066 2128 1076 2141 ⁹
1093 2129 1138 2152 CIr.
1155 2135 1226 2157 supra
1243 2135 1265 2151 n.
1283 2129 1304 2151 5.
1321 2141 1353 2145 —
1370 2128 1474 2151 Subinde
1495 2128 1607 2156 allegatur
1624 2129 1690 2151 Deut.
1708 2129 1750 2157 19,
1769 2129 1805 2151 15,
1822 2141 1853 2146 -

1002 2169 1112 2197 August„
1130 2169 1151 2190 111
1169 2169 1231 2190 Ioan.
1248 2169 1336 2196 Evang.
1354 2170 1382 2190 tr.
1400 2168 1453 2189 123.
1470 2174 1494 2190 n.
1511 2168 1537 2189 3:
1556 2167 1605 2190 Hoc
1621 2167 1670 2190 iam
1681 2167 1773 2191 tertio...
1786 2168 1853 2197 Quod

1002 2215 1048 2231 non
1065 2209 1094 2231 ad
1112 2208 1173 2236 ipsas
1191 2207 1411 2233 demonstrationes,
1428 2206 1469 2229 sed
1486 2207 1516 2229 ad
1535 2206 1585 2229 dies
1607 2207 1693 2229 referre
1715 2207 1854 2230 debemus...

1002 2249 1035 2274 ut>
1044 2247 1086 2269 ista
1103 2247 1132 2269 sit
1149 2247 1226 2273 tertia3
1244 2246 1319 2274 prima
1336 2246 1425 2274 quippe
1442 2245 1549 2267 habenda
1561 2245 1591 2267 sit
1601 2245 1732 2274 eademque
1744 2252 1789 2268 nna
1802 2252 1853 2274 pro-

1002 2289 1053 2315 pter
1064 2292 1137 2308 unum
1146 2286 1216 2312 diem,
1225 2285 1420 2314 quotiescumque
1431 2290 1455 2306 se
1467 2287 1489 2306 et
1500 2283 1689 2313 quibuscumque
1700 2284 1738 2306 die
1750 2285 1794 2311 illo,
1805 2291 1853 2313 quo

1001 2325 1135 2351 resurrexit,
1157 2324 1268 2352 ostenditg
1288 2323 1389 2346 secunda
1408 2326 1460 2351 post
1477 2323 1526 2346 dies
1543 2326 1607 2351 octo,
1624 2325 1647 2345 et
1663 2324 1719 2345 haec
1737 2324 1814 2350 tertia,
1831 2326 1853 2346 et

1003 2365 1100 2393 deinde,
1125 2364 1216 2393 quoties
1232 2363 1306 2385 voluit
1327 2369 1402 2391 usque
1425 2363 1455 2385 ad
1478 2363 1539 2385 diem
1562 2362 1782 2391 quadragesimum,
1806 2370 1853 2391 qno

1003 2404 1107 2426 ascendit
1124 2404 1146 2425 in
1163 2403 1265 2430 caelum,
1282 2401 1391 2431 quamvis
1407 2407 1453 2423 non
1476 2401 1561 2429 scripta
1582 2401 1628 2423 sint
1649 2401 1735 2424 omnia.
1757 2401 1802 2424 Csr.
1820 2402 1853 2424 111.

1004 2443 1034 2465 de
1050 2442 1168 2465 Consensu
1186 2442 1273 2468 Evang.
1292 2447 1311 2463 c.
1330 2441 1367 2463 25.
1384 2447 1407 2462 n.
1424 2441 1466 2467 825
1485 2439 1541 2462 ibid.
1557 2446 1579 2462 n.
1598 2440 1635 2462 83.
1655 2440 1699 2462 ait:
1720 2440 1854 2463 Invenimus

1003 2482 1082 2510 itaque
1093 2481 1157 2509 apud
1168 2482 1268 2509 quatuor
1286 2479 1442 2507 Evangelistas
1459 2478 1532 2502 decies
1544 2482 1752 2501 commemoratum
1760 2496 1766 2506 ,
1778 2479 1854 2501 Domi-

1003 2526 1060 2543 num
1078 2520 1154 2542 visum
1172 2525 1223 2541 esse
1240 2518 1270 2540 ab
1290 2517 1422 2540 hominibus
1444 2520 1497 2545 post
1519 2517 1711 2540 resurrectionem
1734 2521 1777 2540 etc.
1795 2518 1853 2541 Vide

1005 2561 1028 2582 S.
1044 2560 1144 2586 Bonav.,
1166 2558 1296 2581 Comment.
1319 2558 1342 2579 in
1364 2557 1418 2579 Luc.
1441 2556 1484 2583 24,
1501 2556 1540 2579 35.
1561 2556 1651 2580 Cornel.
1674 2557 1808 2586 aNLapide,
1831 2558 1852 2580 in

1004 2601 1065 2622 hune
1082 2599 1172 2621 iocum:
1192 2596 1282 2624 Tertio,
1299 2596 1384 2619 scilicet
1395 2595 1552 2623 computando
1563 2601 1603 2617 eas
1614 2596 1781 2624 apparitiones,
1793 2602 1853 2625 quae

1004 2639 1076 2661 factae
1090 2636 1203 2667 pluribus
1220 2635 1338 2665 Apostolis
1354 2634 1441 2663 simul,
1459 2640 1518 2663 quas
1539 2635 1599 2657 solas
1616 2635 1653 2657 hic
1675 2635 1771 2658 Ioannes
1792 2642 1853 2658 com-

1004 2680 1118 2700 memorat
1134 2679 1178 2699 etc.

1067 2715 1087 2729 ¹⁰
1105 2716 1170 2739 Vers.
1188 2715 1223 2737 40.
1242 2721 1291 2743 seq.
1307 2726 1338 2730 -
1355 2714 1379 2736 B.
1397 2713 1495 2741 Albert.,
1518 2713 1608 2735 Postilla
1626 2713 1648 2736 in
1666 2714 1726 2736 ioan.
1749 2715 1774 2736 2I
1786 2731 1791 2741 ,
1810 2714 1852 2737 114:

1003 2756 1065 2778 L1cet
1088 2755 1174 2783 pluries
1196 2753 1316 2782 apparuit,
1333 2756 1410 2775 tamen
1433 2753 1529 2775 loannes
1545 2752 1567 2774 in
1590 2752 1626 2775 his
1643 2753 1793 2781 Evangelium
1812 2756 1853 2775 ter-

1004 2795 1088 2823 minat,
1105 2794 1159 2823 quia
1182 2793 1266 2816 sufficit
1287 2792 1329 2814 ista
1351 2791 1432 2819 triplex
1454 2791 1621 2814 manifestatio:
1643 2790 1755 2820 [quarum
1778 2791 1851 2820 prima

1004 2833 1056 2863 suit]
1082 2832 1113 2856 ad
1135 2831 1327 2859 consolationem,
1349 2832 1372 2853 et
1391 2829 1514 2853 veritatem
1536 2829 1655 2859 [secunda
1672 2831 1729 2852 facta
1749 2830 1852 2852 Thomac

1004 2872 1131 2901 dubitanti]
1148 2875 1170 2894 el
1182 2872 1322 2901 potestatem
1339 2870 1401 2899 [sive
1418 2872 1443 2892 ut
1460 2870 1529 2897 paulo
1546 2869 1654 2897 superius
1670 2869 1757 2891 dixerat
1769 2869 1793 2891 in
1801 2868 1852 2898 ple-

1003 2911 1109 2935 nitudine
1124 2909 1266 2940 potestatis}
1283 2910 1349 2931 Deut.
1368 2909 1409 2931 49:
1427 2909 1454 2931 ln
1471 2914 1512 2931 ore
1528 2907 1634 2931 duorum
1650 2910 1693 2930 etc.
