2296 3316
28 906 99 930 Figura.

4 1192 100 1255 dandum.

9 2402 14 2414 ¹
23 2397 97 2417 Divisio.

569 167 794 197 COLLATIONES
815 168 847 197 ΙΝ
868 168 1014 198 ΙΟΑΝΝΕΜ
1034 169 1103 197 ΟΑΡ.
1125 168 1167 197 VI.
1189 168 1282 196 COLL.
1306 168 1416 197 XXVlll.

120 249 182 278 fecit
196 249 276 277 Petro
287 247 414 276 Matthaei
429 246 535 275 decimo
549 249 650 283 quarto
663 247 672 263 ¹
686 246 801 275 dicenti:
817 245 963 279 «Domine,

120 296 142 325 si
157 299 188 324 tu
197 303 242 329 es,
254 294 331 328 iube,
345 301 388 321 me
400 292 495 321 venire
509 292 543 320 ad
557 295 584 320 te
599 299 683 328 super
697 299 792 328 aquas.
807 292 839 320 At
853 291 898 320 ille
912 291 963 319 ait:

121 341 187 370 Veni
202 352 215 366 ιι
241 343 292 368 etc.
317 339 447 368 Calcatio
468 346 619 376 aquarum
640 340 682 366 est
703 340 878 374 contemptus
895 340 964 365 tem-

121 387 275 424 poralium,
296 393 368 422 quae
394 396 408 410 «1
422 384 456 413 ad
478 383 597 412 nihilum
617 383 784 417 deveniunt,
805 383 877 412 sicut
891 390 965 420 aqua

98 434 272 462 .decurrens
286 443 313 465 »;
328 434 356 460 et
370 432 422 459 hoc
444 430 525 458 etiam
542 429 693 466 figuratum
714 432 756 458 est
777 429 805 458 in
826 429 964 466 praesenti

119 478 266 512 miraculo,
287 477 321 506 de
342 485 398 514 quo
419 477 464 505 hic
485 476 602 504 dicitur:
631 475 730 504 Vident
745 476 839 504 lesam
862 475 965 504 ambu-

119 525 225 553 lantem
245 531 340 560 supra
360 531 451 551 mare.

198 571 223 599 6.
255 570 388 599 Dominus
415 570 498 598 etiam
526 573 683 607 congre-qai
709 570 804 607 pisces
834 569 862 598 in
894 570 964 598 mari

119 617 269 647 Ecclesiae.
292 617 350 654 lpse
371 616 444 645 enim
467 620 523 650 est,
545 616 594 653 qui
620 627 634 641 c<
649 616 719 645 filios
739 616 801 650 Dei,
823 616 870 653 qui
886 618 965 645 erant

118 664 250 702 dispersi,
283 663 460 700 congregavit
487 662 515 691 in
547 670 634 691 unum
651 673 677 697 »,
709 662 861 691 secundum
890 662 964 699 quod

119 711 237 741 habetur
262 709 368 739 Ioannis
395 709 541 738 undecimo
552 709 572 736 2.
603 709 633 737 Et
661 709 712 737 hoc
739 708 804 737 facit
830 708 965 737 Dominus

119 756 355 795 praedicatoribus
376 758 403 784 et
431 755 577 792 praelatis,
599 755 702 792 quibus
733 755 791 792 ipse
812 755 878 784 dicit
898 756 965 784 Mat-

120 804 191 833 thaei
213 806 329 841 quarto:
355 814 369 827 «
384 803 480 831 Venite
494 806 556 839 post
569 810 629 836 me;
651 802 763 836 faciam,
779 810 827 831 vos
848 802 907 831 fieri
923 802 964 838 pi-

119 853 239 880 scatores
254 849 399 878 hominum
410 860 437 884 »;
450 849 576 887 piscatio
599 848 750 877 hominum
765 852 806 878 est
820 848 964 877 conversio

117 897 248 926 fidelium.
264 913 302 917 —
317 896 386 926 Haec
407 896 526 934 figurata
546 899 588 925 est
608 896 635 925 in
657 896 704 924 illo
723 896 874 930 miraculo,
889 895 964 932 quod

117 944 181 973 fecit
201 944 334 973 Dominus
353 944 441 972 Lucae
456 943 566 980 quinto,
588 951 651 971 cum
666 942 740 971 dixit
755 943 850 971 Petro:
877 953 890 967 «
904 942 964 970 Duc

117 992 145 1020 in
166 991 269 1026 altum,
291 994 318 1020 et
339 991 430 1019 laxate
451 990 521 1019 retia
535 990 563 1018 in
578 993 722 1026 capturam
737 1000 764 1023 »3
780 992 807 1017 et
822 988 963 1025 sequitur,

117 1037 191 1075 quod
217 1049 230 1063 κ
241 1045 305 1066 cum
327 1037 378 1066 hoc
392 1036 532 1070 fecissent,
548 1036 744 1065 concluserunt
758 1034 876 1071 piscium
891 1034 963 1062 mul-

118 1084 262 1113 titudinem
296 1084 434 1120 copiosam
452 1094 479 1111 ».
517 1082 610 1111 Simile
640 1082 807 1110 miraculum
844 1081 964 1109 habetur

119 1131 223 1160 loannis
244 1130 351 1159 ultimo.

195 1177 328 1206 Dominus
350 1176 435 1213 igitur
456 1176 561 1204 dividit
587 1183 664 1204 mare
690 1174 881 1203 conscientiae
899 1182 963 1211 pee-

117 1224 254 1258 catricis,·
274 1223 383 1262 quietat
404 1230 482 1251 mare
502 1222 639 1251 miseriae
660 1221 831 1259 temporalis
838 1232 848 1255 ,·
869 1221 964 1250 calcat

117 1279 195 1300 mare
215 1270 386 1299 mundanae
405 1269 611 1307 negotiationis
618 1279 629 1302 ,·
650 1271 810 1306 congreyat
826 1268 922 1305 pisces
936 1268 962 1296 in

120 1318 189 1348 mari
222 1317 365 1346 Ecclesiae
395 1315 570 1349 militantis;
591 1318 618 1344 et
649 1315 701 1344 hoc
723 1318 764 1343 est
785 1315 963 1352 quadruplex

117 1364 300 1398 miraculum,
322 1363 396 1401 quod
417 1362 537 1391 ostendit
567 1362 702 1391 Dominus
733 1362 914 1398 spiritualiter
935 1362 963 1390 in

118 1412 186 1441 mari
208 1410 350 1448 discipulis
371 1410 437 1439 suis.

447 1495 574 1517 Annon-rio
591 1495 629 1516 22.

196 1575 285 1611 (Vers.
308 1574 376 1609 27).
401 1573 574 1611 Operamini
592 1581 650 1601 non
672 1572 784 1606 cibum,
806 1572 858 1610 qui
869 1572 962 1610 perit,

117 1623 167 1651 sed
187 1622 240 1661 qui
256 1624 409 1659 permanet
430 1621 460 1649 in
482 1620 574 1649 vitam
596 1623 754 1648 aeternam.

196 1669 314 1706 Require
342 1676 427 1705 supra
451 1668 572 1705 capitulo
594 1667 716 1704 quarto3
738 1667 771 1696 de
793 1667 961 1704 septemplici

117 1716 177 1744 cibo
198 1716 302 1753 gratiae
322 1714 539 1752 et‘septemplici
561 1714 622 1743 cibo
643 1714 748 1751 culpae.

448 1801 575 1823 ΑΝΝοτΑτιο
592 1801 629 1823 23.

195 1880 284 1915 (Vers.
308 1879 375 1915 37.).
401 1879 506 1913 Omne,
527 1878 605 1917 qaod
624 1879 676 1907 dat
702 1877 777 1907 milti
799 1878 897 1913 Pater,
924 1878 964 1907 ad

117 1935 160 1955 me
179 1926 271 1955 veniet
290 1929 341 1955 etc.

195 1973 314 2010 Require
335 1981 421 2010 supra
447 1973 568 2010 capitulo
588 1973 685 2009 quinto
695 1973 717 2007 4,
745 1981 838 2010 quare
861 1972 897 2001 sit
917 1980 963 2001 ve-

117 2019 249 2049 niendum
277 2019 310 2048 ad
339 2019 498 2054 Christum,
526 2022 554 2048 et
578 2019 704 2057 qualiter
735 2019 769 2048 sit
798 2019 963 2048 veniendum

116 2066 149 2095 ad
171 2067 270 2104 ipsum.

412 2167 552 2191 COLLATlO
570 2168 671 2190 XXVlll.

197 2256 286 2292 (Vers.
309 2256 368 2291 lili.)
390 2255 478 2284 Nemo
507 2258 601 2292 potest
624 2254 722 2282 venire
753 2254 792 2282 ad
823 2262 883 2287 me,
905 2253 965 2281 nisi

121 2302 209 2331 Pater
229 2311 328 2336 meas,
350 2302 402 2340 qai
422 2302 454 2330 in
474 2301 562 2330 caelis
583 2304 640 2334 est,
663 2300 788 2329 traicerit
810 2308 884 2328 eum.

200 2350 223 2376 1.
247 2349 274 2377 In
297 2349 389 2378 verbis
410 2349 470 2377 istis
490 2348 545 2377 duo
566 2348 630 2376 facit
653 2347 795 2376 Dominus.
811 2347 964 2381 Primo„ne

119 2394 202 2423 homo
233 2395 350 2423 excedat
381 2403 430 2432 per
458 2394 709 2431 praesumtionem,
741 2393 860 2422 ostendit
889 2392 964 2431 defe-

119 2445 197 2470 ctum
218 2440 367 2470 humanae
398 2441 598 2479 impotentiae,
630 2441 738 2469 dicens:
762 2440 850 2469 Nemo
873 2444 964 2478 potest

118 2489 215 2517 venire
236 2489 276 2517 ad
296 2497 340 2517 me
361 2505 397 2509 —
419 2489 555 2522 secundo,
587 2496 622 2517 ne
653 2491 777 2516 corruat
808 2488 890 2516 bomo
915 2496 964 2525 per

118 2536 352 2573 desperationem,
374 2536 516 2573 subiungit
538 2535 688 2564 caecilium
709 2535 906 2564 miserationis
921 2535 964 2563 (li-

120 2582 220 2617 uinae,
242 2591 306 2612 cum
332 2583 412 2612 dicit:
436 2582 502 2611 Nisi
524 2583 612 2611 Pater
633 2590 731 2616 meus,
754 2582 806 2620 qui
826 2582 857 2610 in
877 2582 965 2610 caelis

119 2633 168 2662 est,
190 2630 317 2658 traxerit
336 2638 410 2658 eum.

1813 170 1868 199 567

1099 247 1126 274 2.
1148 245 1219 274 Dicit
1240 253 1319 282 ergo:
1335 245 1423 274 Nemo
1436 250 1527 283 potest
1540 247 1638 275 venire
1652 247 1692 276 acl
1705 256 1757 276 me.
1773 248 1866 283 Nemo,
1884 253 1955 281 Primo.
1968 254 2014 273 defi-

1020 292 1151 328 inquam,
1173 294 1261 328 potest
1282 300 1317 320 ew
1336 300 1366 320 se
1373 302 1383 326 ;
1404 293 1485 321 cuius
1505 301 1588 321 causa
1608 297 1650 322 est
1664 294 1780 331 triplex,
1795 295 1867 324 scili-
1883 277 2014 324 fssipfflffssr‘ss

1021 341 1064 367 cet
1085 337 1151 375 quia
1171 336 1255 366 homo
1276 342 1317 366 est
1334 339 1439 376 yrauis
1461 355 1497 360 -—-
1519 340 1585 377 quia
1607 340 1655 369 via
1676 340 1803 379 difficilis
1829 358 1865 363 -—
1883 323 1960 343 tionem.

1021 384 1087 420 quia
1106 383 1203 412 virtus
1223 384 1332 413 debilis.
1356 385 1451 414 Virtus
1479 386 1552 414 euim
1583 386 1680 415 debilis
1700 395 1755 416 non
1777 391 1866 424 potest

1021 430 1095 460 ferre
1116 431 1217 460 molem
1237 439 1349 468 gravem
1372 440 1421 468 per
1449 432 1522 461 viam
1543 432 1690 462 difficilem.
1713 448 1750 455 —
1777 434 1866 463 Nemo
1884 439 1939 458 Ratio
1953 439 1970 457 1-

1022 485 1088 514 ergo
1105 481 1197 515 potest
1217 478 1314 507 venire
1335 479 1375 507 ad
1395 487 1455 513 me,
1478 479 1544 516 quia
1567 480 1654 509 moles
1681 484 1722 509 est
1743 482 1866 519 prauis,-

1022 524 1175 561 Sapientiae
1197 525 1307 553 n0n05:
1327 536 1340 549 «
1356 525 1477 562 Corpus,
1499 526 1572 562 quod
1594 528 1798 565 corrumpitur,
1819 536 1866 565 ag-

1021 575 1119 608 gravat
1138 572 1274 606 animam,
1296 575 1324 600 et
1346 575 1455 601 terrena
1477 573 1639 603 inhabitatio
1659 574 1789 612 deprimit
1804 583 1866 604 sen-

1022 626 1084 646 sum
1105 619 1192 647 multa
1213 618 1420 655 cogitantem»;
1448 621 1476 647 et
1506 619 1552 648 lob
1583 621 1714 658 septimo:
1740 633 1753 647 α
1768 622 1867 651 Factus

1021 672 1083 693 sum
1114 665 1292 701 mihimetipsi
1324 665 1416 702 gravis
1431 678 1457 693 ».
1481 682 1516 686 —
1538 667 1607 703 Quia
1638 668 1688 697 via
1718 669 1970 707 diffieilis;n22102.

1021 710 1149 739 Matthaei
1172 711 1302 747 septimo:
1330 722 1344 736 «
1358 712 1446 748 Quam
1466 716 1583 750 angusta
1603 717 1630 742 et
1650 718 1727 743 arcta
1748 718 1789 743 est
1809 715 1866 749 via,

1021 765 1093 794 quae
1113 757 1190 786 ducit
1210 758 1244 786 ad
1265 758 1348 786 vitam
1364 769 1391 793 »;
1413 766 1488 793 ecce,
1510 760 1576 797 quia
1605 761 1725 790 difficilis
1744 761 1778 790 ad
1799 770 1867 798 pro-

1018 803 1229 840 9rediendum,·
1254 815 1267 829 α
1282 807 1310 833 et
1329 805 1409 841 pauci
1431 805 1576 835 inveniunt
1589 814 1649 835 eam
1664 817 1691 841 »;
1707 814 1787 841 ecce,
1802 807 1868 843 quia

1020 849 1139 878 difficilis
1152 850 1186 878 ad
1201 851 1415 888 arripiendum.
1431 869 1469 873 —
1483 853 1553 890 Quia
1573 854 1670 882 virtus
1690 857 1731 882 est
1751 853 1867 886 debilis;
1885 857 1939 877 Ratio
1952 858 1971 876 ³·

1021 895 1128 924 loannis
1149 896 1255 926 decimo
1276 898 1409 934 quintoss:
1434 910 1448 924 α
1463 900 1526 929 Sine
1547 908 1591 929 me
1612 900 1681 929 nibil
1700 900 1814 937 potestis
1828 899 1868 928 fa-

1020 950 1083 971 cere
1096 953 1121 977 »3
1144 946 1171 972 et
1192 944 1299 973 loannis
1319 945 1426 974 decimo
1440 947 1553 983 quinto:
1573 958 1587 972 «
1602 947 1679 975 Sicut
1693 947 1797 984 palmes
1811 954 1866 975 non

1021 992 1111 1026 potest
1130 990 1220 1020 facere
1241 991 1362 1020 fructum
1383 1001 1400 1021 a
1420 994 1583 1030 semetipso,
1605 994 1657 1022 nisi
1684 993 1818 1022 manserit
1838 993 1867 1022 in

1020 1036 1095 1070 vite;
1117 1037 1156 1065 sic
1177 1035 1227 1066 nec
1248 1046 1312 1072 vos,
1335 1039 1385 1067 nisi
1408 1039 1435 1068 in
1457 1047 1500 1068 me
1521 1040 1686 1069 manseritis.

1100 1083 1125 1112 3.
1149 1084 1295 1121 Sequitur:
1318 1085 1386 1114 Nisi
1406 1086 1496 1114 Pater
1527 1095 1625 1120 meus,
1647 1086 1700 1124 qui
1719 1087 1750 1115 in
1778 1086 1866 1115 caelis
1882 1091 1976 1133 Secunffig
1985 1090 2013 1133 3¹³³

1020 1134 1074 1164 est,
1097 1131 1223 1160 traxerit
1242 1140 1316 1160 eam.
1333 1148 1369 1153 —-
1391 1132 1508 1162 Ostenso
1528 1133 1637 1162 defectu
1658 1133 1797 1162 humanae
1816 1134 1867 1162 im-
1891 1119 1943 1157 {iffi
1999 1119 2014 1133 ’-

1020 1178 1173 1214 potentiae,
1195 1178 1307 1207 adhibet
1328 1179 1462 1208 Dominus
1484 1180 1558 1208 lesus
1573 1179 1735 1208 remedium
1747 1179 1866 1217 pietatis

1017 1228 1172 1262 paternae,
1201 1233 1265 1254 cum
1296 1226 1378 1255 dicit:
1412 1225 1478 1254 Nisi
1506 1226 1597 1255 Pater
1627 1234 1709 1254 meus
1740 1226 1868 1255 traxe-rit

1020 1280 1094 1300 eum.
1117 1272 1225 1301 Tractio
1245 1273 1318 1301 enim
1334 1273 1420 1301 Patris
1434 1272 1589 1301 remedium
1603 1276 1645 1301 est
1659 1273 1798 1301 humanae
1816 1272 1867 1301 im-

1020 1318 1215 1355 possibilitatis.
1233 1335 1268 1339 —
1284 1319 1438 1347 Notandum
1457 1322 1564 1353 autem,
1586 1318 1658 1356 quod
1682 1319 1760 1347 Pater
1781 1319 1867 1347 trahit
1884 1323 1960 1351 Tripqu
1976 1325 2014 1343 tra*

1020 1372 1070 1393 nos
1080 1365 1278 1402 multipliciter.
1291 1365 1363 1394 Solet
1374 1365 1447 1394 enim
1459 1365 1563 1402 aliquid
1575 1365 1648 1393 trahi
1660 1373 1773 1394 sursum
1784 1364 1865 1403 fune,
1919 1349 1964 1366 ω’

1020 1411 1139 1448 qualiter
1162 1412 1283 1440 trahitur
1313 1412 1400 1440 moles
1431 1411 1457 1440 in
1491 1411 1595 1440 tracha.
1622 1411 1695 1440 Solet
1715 1412 1797 1440 etiarn
1817 1411 1867 1440 ali-

1020 1458 1086 1496 quid
1108 1459 1180 1487 trahi
1194 1467 1315 1487 ,sursum
1327 1458 1471 1495 pondere,
1487 1458 1606 1495 qualiter
1621 1459 1743 1487 trahitur
1758 1461 1844 1488 stater
1855 1459 1866 1476 ⁷

1020 1505 1046 1533 in
1069 1509 1179 1534 statera.
1209 1506 1283 1534 Solet
1309 1505 1414 1542 aliquid
1443 1505 1515 1533 trahi
1538 1513 1652 1534 sursum
1674 1505 1786 1534 occulta
1806 1506 1867 1534 vir-

1021 1555 1094 1586 tute,
1116 1552 1236 1589 qualiter
1257 1552 1380 1580 trahitur
1404 1551 1512 1580 ferrum
1539 1551 1574 1580 ab
1605 1551 1764 1586 adamante,
1792 1553 1866 1590 quod

1019 1607 1073 1627 non
1097 1607 1145 1636 per
1166 1599 1323 1628 violentiam
1345 1599 1402 1627 sive
1424 1606 1474 1635 per
1495 1598 1550 1627 vim
1579 1598 1751 1628 manifestam
1779 1600 1866 1629 trahi-

1020 1650 1080 1680 tur,
1102 1645 1148 1674 sed
1171 1654 1186 1674 a
1208 1649 1264 1674 tota
1285 1645 1384 1682 specie.

1098 1693 1125 1721 [ι.
1148 1693 1197 1721 Per
1219 1693 1294 1721 hunc
1316 1692 1428 1721 moduni
1452 1692 1537 1721 trahit
1565 1693 1645 1721 Pater
1676 1701 1790 1722 sursum
1816 1692 1866 1731 fu·
1882 1697 1957 1740 ‘1¹ng
1973 1698 2013 1722 pri-

1019 1741 1107 1769 nibus
1127 1739 1330 1777 flagellor-mm
1352 1739 1425 1768 unde
1446 1739 1516 1768 Osee
1537 1739 1722 1768 undecimossz
1749 1752 1768 1779 «⁸
1778 1741 1804 1769 ln
1821 1741 1864 1770 su·
1959 1735 1962 1740 '

1020 1787 1119 1815 niculis
1140 1786 1222 1815 Adam
1246 1786 1353 1814 traham
1375 1793 1421 1814 eos
1442 1785 1470 1814 in
1492 1785 1609 1815 vinculis
1630 1787 1752 1815 caritatis
1762 1783 1794 1822 ’»;
1815 1786 1865 1825 fu-

1019 1833 1113 1862 niculi
1145 1833 1240 1861 Adam
1276 1832 1456 1869 poenalitates
1490 1832 1604 1861 humani
1636 1833 1745 1870 generis
1775 1837 1864 1868 sunt,

1019 1880 1123 1918 quibus
1143 1880 1278 1908 Dominus
1300 1879 1394 1916 ligavit
1414 1879 1513 1913 Adam,
1535 1879 1645 1916 quando
1665 1875 1865 1917 insanivit’per

1020 1927 1138 1964 culpam.
1162 1926 1189 1954 In
1212 1926 1255 1955 his
1278 1926 1363 1954 trahit
1384 1926 1458 1954 Deus
1478 1926 1613 1960 animam,
1639 1935 1723 1963 quam
1745 1934 1794 1964 per
1816 1926 1865 1956 ssa-

1020 1974 1091 2011 gella
1111 1973 1220 2002 reducit
1240 1972 1274 2001 ad
1295 1973 1421 2009 gratiam.

1101 2021 1126 2049 5.
1149 2020 1246 2048 Trahit
1267 2019 1350 2048 etiam
1377 2020 1506 2057 pondere
1537 2019 1755 2057 beneficiorum,
1785 2021 1862 2058 quasi
1882 2024 1975 2044 Secunda.

1020 2074 1125 2103 ponens
1147 2067 1174 2094 in
1203 2069 1306 2094 statera
1337 2066 1470 2095 beneficia
1501 2074 1564 2100 sua,
1586 2070 1617 2095 ut
1638 2075 1751 2095 sursum
1773 2068 1866 2096 trahat

1021 2113 1105 2142 corda
1125 2116 1233 2147 nostra;
1257 2113 1386 2142 leremiae
1407 2113 1548 2150 trigesimo
1569 2114 1660 2150 primo
1672 2113 1695 2142 ⁹:
1723 2125 1736 2139 «
1751 2114 1780 2142 In
1794 2114 1882 2142 cari--

1021 2163 1077 2189 tate
1098 2162 1233 2197 perpetua
1259 2159 1343 2188 dilexi
1377 2163 1417 2194 te;
1440 2160 1500 2189 ideo
1531 2160 1634 2189 attraxi
1656 2163 1698 2195 te,
1731 2160 1866 2189 miserans

1021 2208 1061 2236 tui
1077 2219 1104 2235 n.
1126 2207 1225 2235 Multas
1246 2207 1319 2235 enim
1348 2207 1538 2236 miserationes
1564 2207 1694 2244 appendit
1715 2208 1865 2243 Dominus,

1021 2257 1053 2284 ut
1074 2262 1124 2283 nos
1144 2254 1314 2288 attraheret,
1335 2261 1386 2282 nec
1407 2254 1459 2282 hoc
1480 2254 1519 2282 illi
1548 2254 1718 2288 sufficiebat,
1740 2254 1792 2283 nisi
1814 2262 1866 2291 pro

1021 2301 1100 2329 nobis
1121 2300 1292 2329 attrahendis
1313 2308 1342 2329 se
1363 2300 1453 2337 ipsum
1476 2300 1503 2328 in
1525 2303 1627 2329 statera
1652 2301 1743 2329 crucis
1763 2308 1866 2337 appen-

1021 2348 1107 2377 deret.
1129 2347 1263 2384 Appendit
1284 2355 1350 2384 ergo
1371 2347 1398 2375 in
1420 2350 1522 2376 statera
1547 2347 1638 2376 crucis
1656 2355 1685 2376 se
1706 2347 1813 2384 ipsum,
1836 2351 1866 2376 ut

1022 2395 1146 2423 traheret
1167 2394 1201 2423 ad
1222 2402 1251 2423 se
1272 2402 1322 2430 per
1350 2402 1461 2422 crucem
1493 2402 1581 2431 genus
1606 2394 1768 2422 humanum.
1791 2394 1866 2423 Unde

1022 2442 1128 2470 loannis
1148 2441 1324 2470 duodecimo:
1351 2452 1364 2466 «ι
1379 2441 1447 2469 Cum
1468 2441 1608 2469 exaltatus
1638 2441 1718 2469 fuero
1739 2449 1755 2469 a
1776 2444 1864 2475 terra,

1021 2489 1111 2516 omnia
1134 2488 1243 2516 traham
1264 2487 1297 2515 ad
1321 2495 1363 2516 me
1384 2488 1474 2524 ipsum
1490 2499 1516 2515 ι».

1101 2536 1126 2563 6.
1149 2535 1245 2563 Trahit
1266 2535 1347 2563 etiam
1378 2534 1509 2563 Dominus
1537 2542 1649 2563 sursum
1671 2534 1784 2563 occulta
1807 2534 1864 2563 uir—
1881 2539 1951 2558 Tertia-

1022 2585 1080 2610 tute
1089 2581 1292 2618 spiritualium
1306 2580 1526 2609 desideriorum.
1537 2581 1660 2610 Immittit
1671 2581 1782 2618 quidem
1792 2581 1866 2610 Deus

1021 2628 1166 2665 spirituale
1187 2627 1354 2656 desiderium
1377 2630 1404 2656 et
1425 2627 1510 2656 trahit
1530 2627 1565 2656 ad
1586 2635 1615 2656 se
1636 2628 1744 2656 occulto
1775 2628 1865 2657 cordis

182 2789 189 2802 ¹
208 2790 274 2813 Vers.
291 2791 329 2812 28.
353 2793 376 2813 et
400 2791 438 2813 29.
458 2802 488 2806 —
511 2790 614 2813 Subinde
637 2792 748 2819 allegatur
766 2791 800 2813 l‘s.
824 2791 866 2817 57,
885 2792 910 2812 8:
929 2790 965 2814 Ad

119 2828 220 2852 nihilum
237 2829 356 2853 devenient
372 2832 416 2852 etc.

182 2867 191 2880 ²
210 2869 275 2891 Vers.
291 2869 329 2891 52.
345 2881 376 2885 —
393 2870 527 2897 Sequuntur
545 2869 621 2891 Matth.
639 2868 664 2896 4,
687 2869 725 2896 ¹93
743 2869 797 2891 Luc.
815 2869 842 2895 5,
861 2868 881 2891 4.
899 2872 921 2891 et
937 2869 963 2896 65

121 2907 181 2929 ioan.
197 2907 238 2934 21,
256 2908 278 2929 6.
295 2914 360 2936 seqq.

182 2944 191 2957 ³
208 2945 286 2969 Collat.
304 2947 362 2969 XVl.
759 2946 768 2958 ⁴
786 2946 864 2969 Collat.
882 2947 965 2969 XXlV.

1083 2789 1093 2802 ⁵
1111 2791 1175 2813 Vers.
1189 2790 1224 2812 is.
1237 2802 1268 2806 —
1279 2789 1328 2811 Duo
1340 2795 1405 2817 seqq.
1418 2789 1461 2811 loci
1472 2791 1526 2811 sunt
1538 2788 1614 2816 101217,
1627 2789 1663 2810 20.
1676 2791 1698 2811 et
1710 2789 1785 2811 hiatui.
1795 2788 1817 2816 7,
1833 2788 1866 2811 14.

1083 2827 1093 2841 ⁶
1112 2830 1175 2851 Vers.
1194 2829 1220 2855 5,
1238 2831 1290 2856 post
1306 2834 1376 2857 quem
1393 2828 1503 2855 allegatur
1522 2828 1562 2854 45,
1582 2827 1604 2850 4.

1084 2867 1092 2880 ⁷
1112 2869 1133 2891 ld
1152 2871 1185 2890 est
1198 2867 1306 2897 pondus,
1324 2867 1452 2890 secundum
1468 2867 1599 2894 Forcellini,
1617 2867 1722 2889 Lexicon.

1084 2905 1093 2919 θ
1111 2908 1177 2929 vers,
1194 2907 1215 2929 4.

1084 2944 1094 2957 ⁹
1112 2946 1175 2968 Vers.
1194 2946 1214 2968 3.
1234 2958 1261 2961 —
1280 2945 1372 2967 inferius
1388 2945 1499 2972 allegatur
1515 2945 1575 2967 loan.
1595 2945 1635 2971 12,
1653 2945 1690 2966 32.
