2296 3316
76 1081 135 1106 Resp-

13 1126 14 1134 ¹
47 1129 103 1148 natio
115 1129 133 1148 1.

46 1316 101 1335 natio
113 1316 131 1336 2.

72 1926 129 1951 Resp.

779 114 949 145 COMMENT.
972 115 1004 143 IN
1025 115 1170 145 IOANNEM
1191 116 1219 145 C.
1242 117 1283 145 IV.

155 199 205 228 per
226 192 343 221 verbum
365 192 413 220 Dei
429 203 455 219 n.
483 192 551 220 Vere
573 192 709 221 Salvator
730 191 849 225 mundi,
870 200 925 220 non
941 194 1000 220 tan-

154 242 214 268 tum
246 238 424 273 Iudaeorum:
453 239 526 267 unde
557 246 643 275 supra
674 238 755 267 tertio
768 239 793 266 ¹:
830 250 843 263 «
858 238 901 267 Sic
926 239 1000 267 Deus

153 285 251 315 dilexit
271 285 424 319 mundum,
446 289 476 314 ut
508 285 605 314 Filium
636 293 719 314 suum
750 284 923 321 unigenitum
952 285 999 314 da-

153 335 196 361 ret
211 344 224 358 »
249 335 300 361 etc.
324 332 385 360 ldeo
407 332 511 369 primae
542 331 649 360 Ioannis
680 331 816 360 secundo:
843 342 856 357 «
872 332 931 369 lpse
958 335 1000 361 est

152 379 310 416 propitiatio
331 387 382 415 pro
402 379 522 415 peccatis
542 378 657 412 nostris,
680 387 735 407 non
756 381 864 407 tantum
878 387 929 416 pro
950 387 999 408 no—

152 426 233 461 stris,
255 425 302 455 sed
323 426 403 454 etiam
426 434 477 462 pro
492 425 576 454 totius
596 426 729 454 mundi».
753 426 805 455 Iste
818 427 943 463 signatus
957 429 999 456 est

152 481 201 510 per
233 473 338 510 loseph,
359 473 394 501 de
425 481 481 510 quo
511 472 613 501 dicitur
644 473 756 502 Genesis
787 473 998 511 quadragesimo

150 519 251 557 primo,
273 519 347 556 quod
373 530 386 544 «
402 519 507 548 Pharao
528 519 611 548 vertit
635 528 735 548 nomen
753 520 814 549 eius
834 520 997 557 vocavitque

151 574 214 596 eun]
237 567 331 604 lingua
351 567 513 604 Aegyptiaca
534 566 716 595 Salvatorem
737 567 844 595 mundi
858 579 883 595 n.

470 652 671 697 QUAESTIONES.

229 755 273 784 63.
296 755 406 792 Quaest.
429 755 446 783 I.
469 755 565 783 Incidit
585 754 630 783 hic
651 755 789 792 quaestio:
805 762 869 784 cum
888 755 996 784 dicatur

149 802 177 831 in
199 802 341 831 Psalmo2:
371 802 546 830 Testimonia
568 805 620 830 tua
641 801 793 830 credibilia
823 800 906 838 facta
927 805 997 831 sunt

147 849 254 883 nimis,·
274 852 302 878 et
323 849 509 878 testimonium
532 849 656 877 mulieris
676 849 712 877 sit
733 856 834 877 vanum
850 851 877 877 et
890 848 995 886 fragile,

148 896 219 925 sicut
246 904 332 925 sexus
362 896 504 930 infirmus;
527 896 653 930 videtur,
675 895 747 933 quod
780 896 914 924 Dominus
941 904 996 924 non

147 943 276 972 debuerit
297 951 347 980 per
368 944 514 972 mulierem
537 951 566 972 se
594 943 685 980 ipsum
707 943 886 972 Samaritanis
908 943 995 971 mani-

147 990 257 1020 testare.

227 1038 404 1066 RESPONnEo:
421 1037 581 1072 Dicendum,
596 1037 670 1075 quod
685 1037 813 1066 Christus
824 1046 879 1066 non
894 1034 993 1075 accipit

147 1085 303 1114 humanum
318 1085 504 1114 testimonium
520 1088 634 1122 propter
649 1093 728 1114 suam
743 1085 931 1122 indigentiam,
947 1084 995 1114 sed

147 1132 237 1161 solum
260 1134 374 1168 propter
395 1131 572 1169 indigentiam
598 1131 770 1160 audientium
783 1131 802 1159 ³.
825 1131 895 1168 Quia
909 1131 994 1168 igitur

146 1178 334 1207 testimonium
354 1178 480 1207 mulieris
502 1178 615 1207 minime
636 1181 695 1207 erat
716 1180 877 1215 suspectum
899 1178 994 1206 Sama-

146 1225 258 1259 ritanis,
280 1225 368 1253 voluit
382 1225 516 1254 Dominus
529 1233 579 1262 per
595 1225 739 1254 mulierem
754 1225 794 1254 eis
808 1225 993 1259 innotescere,

145 1280 201 1301 non
221 1272 287 1310 quia
307 1272 367 1301 eius
388 1271 576 1301 testimonium
599 1272 714 1301 haberet
734 1271 838 1306 robur,
860 1271 907 1300 sed
928 1271 994 1308 quia

145 1319 323 1348 Samaritanis
343 1319 482 1348 credibile.
499 1335 535 1339 —
551 1319 608 1347 Alia
622 1319 693 1347 ratio
707 1318 759 1347 fuit
773 1318 806 1347 ad
828 1318 992 1347 Iudaeorum

144 1366 278 1395 duritiam
299 1365 534 1395 condemnandam
566 1366 594 1394 in
625 1365 741 1394 iudicio:
768 1365 834 1402 quia
855 1365 908 1402 ipsi
936 1373 992 1394 non

144 1413 322 1442 crediderunt
344 1413 434 1442 Ioanni
457 1413 608 1449 Baptistae,
623 1412 670 1441 sed
685 1412 847 1441 Samaritani
868 1412 915 1440 uni
930 1420 992 1440 mu-

144 1460 291 1495 lierculae,
313 1460 384 1489 sicut
405 1460 463 1497 ipse
484 1460 618 1489 Dominus
638 1459 704 1488 dicit
717 1459 776 1500 eis,
798 1459 872 1496 quod
886 1459 992 1496 regina

145 1507 244 1536 austri
263 1510 288 1536 et
309 1507 457 1536 Ninivitae
477 1510 597 1544 suryent
624 1507 656 1535 in
684 1506 795 1535 iudicio
823 1509 919 1535 contra
948 1506 991 1535 Iu—

144 1554 241 1588 daeos,
263 1554 391 1583 Matthaei
413 1553 575 1583 duodecimo
585 1553 606 1581 -4,

223 1601 268 1629 64.
291 1601 400 1637 Quaest.
423 1601 452 1629 II.
469 1601 535 1629 Item
549 1599 695 1637 quaeritur
710 1600 744 1629 de
758 1600 915 1628 testimonio
929 1608 991 1628 mu-

143 1648 234 1682 lieris,
256 1647 330 1685 quod
351 1648 437 1676 dixit:
466 1647 560 1676 Venite
573 1650 599 1675 et
612 1646 702 1675 videte
717 1646 834 1680 virum,
849 1647 902 1685 qui
915 1647 991 1675 dixit

143 1693 217 1723 milti
230 1694 343 1728 omnia,
358 1702 555 1732 quaecumque
568 1692 632 1731 feci.
644 1709 684 1713 —
700 1692 825 1721 Contra:
847 1693 904 1721 Non
919 1692 992 1721 dixit

143 1742 168 1771 ei
189 1742 241 1771 nisi
268 1741 302 1770 de
332 1741 411 1776 viris,
434 1749 504 1778 quos
535 1740 687 1769 habuerat..
712 1740 765 1768 Aut
795 1747 862 1777 ergo
888 1739 990 1768 mulier

143 1788 225 1825 plura
238 1796 293 1817 non
305 1788 425 1822 fecerat,
441 1787 515 1825 quod
529 1787 628 1816 falsum
643 1790 699 1822 est;
715 1789 763 1815 aut
774 1786 786 1804 ⁵
803 1786 990 1815 mentiebatur

143 1839 170 1865 et
190 1835 291 1865 falsum
311 1835 427 1865 dicebat.

222 1883 399 1912 Rsspormao:
413 1882 581 1916 Dicendum,
596 1881 670 1919 quod
685 1881 794 1915 mulier,
810 1881 921 1918 quando
935 1881 988 1910 hoc

142 1930 229 1964 dixit,
250 1938 305 1958 non
327 1932 436 1958 tantum
467 1929 590 1966 respexit
617 1928 652 1957 ad
680 1936 835 1957 sermonem
856 1928 987 1962 dicentis,

143 1977 190 2006 sed
210 1977 244 2006 ad
264 1976 442 2014 sapientiam,
464 1984 513 2013 per
545 1984 628 2013 quam
659 1975 774 2005 dicebat.
807 1976 839 2004 Et
870 1976 942 2004 sicut
962 1976 987 2004 ei

141 2032 230 2053 unum
251 2027 388 2053 secretum
403 2023 528 2057 dixerat,
543 2023 637 2052 eadem
654 2023 758 2051 virtute
772 2026 880 2060 poterat
895 2023 987 2051 dicere

142 2071 251 2105 omnia,
263 2078 461 2109 quaecumque
473 2068 590 2107 fecerat.
607 2069 668 2098 Ideo
682 2069 784 2097 mulier
799 2069 893 2098 volens
907 2068 986 2097 Chri-

141 2117 174 2146 sti
196 2117 328 2146 virtutem
349 2117 524 2154 exprimere,
545 2116 616 2145 dixit
637 2116 664 2144 in
684 2116 834 2145 universali
855 2118 906 2144 etc.

220 2165 265 2193 65.
287 2164 396 2200 Quaest.
419 2164 459 2192 lll.
486 2163 551 2192 Item
572 2163 717 2192 obiicitur:
739 2170 803 2191 cum
832 2163 878 2191 lex
904 2170 986 2191 evan-

140 2210 227 2248 gelica
246 2219 301 2239 non
322 2210 357 2239 sit
378 2210 494 2239 umbrae
516 2210 558 2238 vel
578 2209 700 2247 figurae,
722 2208 770 2238 sed
798 2209 891 2245 potius
913 2209 985 2238 veri-

140 2258 203 2287 tatis
223 2261 347 2295 apertae;
369 2257 443 2286 unde
464 2260 505 2286 est
526 2257 594 2291 hoc,
615 2256 690 2293 quod
710 2256 844 2284 Dominus
865 2255 986 2293 discipu-

139 2304 173 2334 lis
194 2305 252 2334 suis
272 2304 396 2342 loquitur
417 2304 445 2332 in
467 2303 623 2342 parabolis?
644 2319 683 2323 —
703 2302 836 2336 Videtur,
858 2302 931 2339 quod
947 2303 986 2331 sic

127 2360 195 2393 ¹non
215 2351 328 2380 deberet
348 2350 439 2388 loqui,
460 2350 508 2379 sed
528 2352 631 2387 aperte.

202 2511 210 2525 ²
228 2513 294 2536 Vers.
318 2513 354 2535 16.
376 2525 408 2529 -
432 2513 482 2535 1)υο
508 2518 574 2541 seqq.
598 2512 642 2534 loci
666 2514 719 2534 sunt
742 2512 758 2534 1.
778 2512 844 2534 ¹loen.
869 2512 897 2539 2,
919 2513 940 2534 2.
963 2514 986 2534 et

139 2551 196 2574 Gen.
213 2551 237 2574 4⁴
248 2569 254 2579 ‚
272 2551 309 2574 45.

201 2589 210 2603 ²
227 2591 309 2614 Psalm.
327 2591 369 2619 92,
386 2590 409 2613 5.

201 2628 210 2642 ⁸
227 2630 271 2653 Ci’r.
289 2636 358 2658 supra
375 2636 396 2652 c.
413 2630 435 2652 ’1.
451 2636 474 2652 n.
492 2630 530 2652 2⁴.

200 2668 211 2681 ⁴
227 2669 292 2692 Vers.
311 2669 349 2692 41.
365 2671 388 2691 et
405 2668 442 2691 42.

200 2706 210 2720 ⁵
226 2708 282 2732 Cod.
300 2709 318 2731 N
335 2708 400 2731 addit
413 2707 490 2737 plura
505 2707 560 2737 fecit
577 2709 605 2730 et.

200 2745 210 2759 ⁶
227 2747 356 2775 chrysost,
368 2747 391 2769 in
403 2748 465 2770 Ioan.
481 2747 560 2769 homil.
577 2746 614 2769 34.
632 2746 697 2775 (alias
708 2746 755 2775 33.)
768 2752 790 2768 n.
803 2747 811 2768 4
824 2755 829 2769 :
841 2746 901 2769 Audi
914 2753 982 2776 vero,

137 2792 184 2815 quo
201 2788 269 2814 pacto
285 2792 331 2808 non
348 2785 436 2815 ubique
452 2785 528 2808 omnia
545 2785 590 2807 cito
601 2786 698 2814 revelet,
711 2786 752 2808 sed
763 2786 840 2814 primo
852 2785 982 2808 auditorem

138 2825 161 2847 in
178 2821 343 2847 dubitationem
361 2825 477 2852 conficiat,
495 2827 525 2852 ut,
547 2826 670 2853 postquam
688 2830 799 2853 quaerere
816 2825 907 2852 incepit,
925 2824 982 2853 quid

137 2864 167 2886 sit
182 2864 236 2886 illud
252 2864 316 2893 quod
332 2864 423 2892 dicitnr,
440 2869 494 2886 cum
511 2863 639 2886 dubitando
651 2862 751 2892 laborat,
763 2863 870 2886 libentius
882 2864 906 2886 id
917 2863 981 2892 quod

138 2902 264 2932 quaerebat
280 2903 409 2931 expositum
426 2903 523 2930 accipiat
539 2904 561 2925 et
577 2902 606 2925 ad
623 2902 765 2925 audiendum
777 2902 852 2930 magis
864 2902 981 2925 excitetur.

1849 124 1904 152 299

1137 194 1313 224 [mss-onmem
1335 195 1503 232 Dicendum,
1530 198 1603 234 quod
1635 198 1714 237 toqui
1740 200 1772 228 in
1797 199 1905 238 figuris
1922 211 2035 239 negatum

1056 243 1098 269 est
1118 240 1280 278 dupliciter:
1302 245 1350 271 aut
1365 243 1415 277 ita,
1431 244 1505 281 quod
1526 245 1628 274 veritas
1649 246 1686 274 ibi
1708 237 1854 276 claudatur
1878 234 2041 276 et⁰¹⁸t¹¹¹⁰²¹⁰¹¹⁹‘

1056 296 1114 316 non
1135 288 1293 325 emplioetur
1313 290 1505 326 audientibus;
1521 295 1548 321 et
1569 292 1621 321 hoc
1642 293 1707 322 dicit
1729 293 1859 323 umbram
1878 298 1905 323 et

1056 333 1269 370 obscuritatem,
1285 339 1311 365 et
1333 337 1385 366 hoc
1406 338 1525 374 pertinet
1544 339 1578 367 ad
1600 339 1687 377 legem
1703 342 1834 374 veterem,
1849 349 1904 370 non

1055 381 1090 410 ad
1110 390 1218 411 novam.
1241 383 1298 412 Alio
1319 384 1400 412 modo
1421 387 1462 413 est
1483 385 1563 424 toqui
1583 386 1614 414 in
1642 386 1903 422 similitudinibus,

1055 428 1092 456 ita
1113 428 1187 465 quod
1208 429 1358 459 similitudo
1386 431 1432 459 illa
1463 432 1621 469 explicetur
1649 436 1677 462 et
1696 433 1902 468 manifestetur;

1055 478 1082 504 et
1104 478 1170 504 tunc
1191 484 1246 504 non
1267 480 1308 505 est
1330 477 1405 514 loqui
1427 478 1454 506 in
1476 479 1591 514 umbra,
1607 480 1654 508 sed
1669 480 1761 517 potius
1782 481 1809 509 in
1825 481 1901 516 luce;

1055 524 1082 550 et
1103 522 1155 550 hoc
1176 522 1257 551 modo
1278 523 1402 560 loquitur
1423 525 1571 559 Dominus,
1593 528 1625 554 ut
1645 534 1690 555 res
1704 527 1822 556 obscure
1837 536 1901 565 pro·
1914 542 1969 561 Ratio
1981 544 2015 561 m.

1054 568 1143 605 posita
1164 569 1191 597 in
1213 569 1303 606 figura
1324 578 1374 607 per
1394 572 1594 608 expositionem
1616 573 1693 609 ,clare
1715 573 1900 611 intelligatur,
1937 566 1987 589 ΨΘΧ·

1054 617 1081 643 et
1102 622 1200 644 sensus
1221 616 1361 645 humanus
1382 617 1560 652 humilietur,
1582 622 1609 647 et
1637 620 1738 649 veritas
1759 620 1902 649 ardentius

1053 665 1162 690 ametur
1174 666 1200 691 et
1212 662 1321 692 firmius
1336 666 1471 693 teneatur.
1488 665 1595 695 Veritas
1610 667 1682 695 enim
1697 667 1899 705 aliquantulum

1054 708 1141 738 latens
1155 710 1259 746 gratior
1274 710 1409 745 efficitur,
1431 711 1499 740 dum
1519 713 1644 749 aperitur
1655 713 1675 741 ⁶.

1133 757 1178 785 66.
1201 757 1310 793 Quaest.
1334 758 1375 787 IV.
1398 758 1463 787 Item
1479 759 1608 788 obiicitur
1623 760 1656 789 de
1677 761 1742 795 hoc,
1758 761 1831 798 quod
1846 762 1899 790 Do-

1053 802 1145 831 minus
1165 807 1288 833 nostram
1310 804 1428 833 salutem
1450 813 1532 834 suum
1554 810 1633 835 vocat
1646 807 1758 842 cibum,
1774 808 1900 836 similiter

1053 849 1135 878 fidem
1157 853 1279 879 nostram
1301 851 1408 888 supra⁷
1430 853 1537 881 vocavit
1558 861 1639 882 suum
1659 857 1770 891 potum.
1795 871 1830 874 —
1846 854 1900 883 Hoc

1053 904 1107 924 non
1136 896 1245 926 videtur
1275 897 1366 927 debite
1396 898 1509 928 dictum.
1535 899 1622 929 Cibus
1650 901 1723 929 enim
1755 905 1900 930 conservat

1052 950 1115 971 eum
1138 944 1185 980 qui
1207 944 1331 979 cibatur;
1354 945 1400 974 sed
1428 946 1555 975 Christus
1585 951 1730 976 conservat
1758 956 1822 982 nos,
1844 955 1899 976 non

1052 998 1102 1018 nos
1122 990 1280 1019 Christum:
1302 1000 1368 1029 ergo
1390 1001 1442 1021 non
1465 1001 1562 1022 sumus
1583 994 1665 1022 cibus
1688 994 1804 1023 Christi.

1131 1038 1306 1067 RESPONDEo:
1329 1039 1496 1074 Dicendum,
1518 1041 1592 1078 quod
1614 1041 1716 1078 triplex
1738 1045 1779 1070 est
1794 1042 1820 1070 in
1836 1041 1897 1070 cibo
1910 1056 1968 1080 ηερ,

1051 1085 1214 1121 proprietas.
1238 1085 1327 1114 Prima
1348 1090 1401 1120 est,
1417 1087 1491 1124 quod
1513 1088 1690 1117 vehementer
1705 1088 1894 1122 desideratum
1908 1103 1984 1129 hipp„
1997 1109 2040 1128 pro-

1051 1131 1186 1165 secunda,
1209 1132 1281 1169 quod
1304 1140 1353 1169 per
1375 1133 1531 1169 ipsum-ille
1552 1134 1599 1171 qui
1616 1135 1740 1169 cibatur,
1756 1135 1895 1166 reficitur:
1929 1128 2040 1168 ἓῖἶθωδῦῑ·

1051 1178 1148 1212 tertia,
1169 1179 1244 1215 quod
1265 1179 1344 1208 cibus
1372 1180 1399 1208 in
1428 1188 1529 1217 corpus
1558 1181 1702 1210 traiicitur.
1726 1199 1763 1202 —
1785 1182 1897 1210 Ratione
1911 1197 2040 1239 Nmfffldgfflp·

1930 1226 1941 1244 p
1957 1226 1979 1239 ea
1996 1226 2014 1240 o.

1051 1224 1156 1261 primae
1178 1226 1354 1262 proprietatis
1374 1229 1416 1255 est
1436 1226 1563 1256 Christus
1594 1228 1676 1256 cibus
1696 1233 1809 1262 noster,
1831 1229 1897 1265 quia

1049 1279 1113 1299 eum
1128 1271 1330 1307 desideramus,
1345 1275 1372 1301 et
1387 1281 1444 1302 nos.
1456 1282 1544 1308 suus,
1559 1275 1625 1311 quia
1639 1275 1697 1311 ipse
1717 1279 1839 1304 nostram
1855 1283 1897 1309 sa—

1050 1318 1136 1347 lutem
1158 1318 1295 1347 desiderat
1307 1319 1326 1347 ⁸.
1351 1320 1461 1349 Ratione
1476 1321 1612 1350 secundae
1628 1322 1816 1358 proprietatis,
1832 1323 1898 1359 quia

1049 1365 1138 1393 nutrit
1152 1368 1179 1394 et
1194 1365 1298 1399 reficit,
1319 1366 1446 1395 Christus
1457 1370 1499 1396 est
1513 1367 1594 1396 cibus
1609 1371 1721 1402 noster,
1737 1376 1791 1397 non
1806 1377 1821 1397 e
1833 1377 1897 1398 con—

1049 1419 1138 1440 verso.
1161 1412 1273 1441 Ratione
1295 1412 1392 1441 tertiae
1412 1421 1462 1442 nos
1484 1421 1581 1442 sumus
1595 1414 1677 1442 cibus
1694 1413 1816 1449 Christi,
1831 1415 1897 1452 quia

1048 1459 1107 1496 ipse
1128 1459 1228 1488 traiicit
1249 1467 1300 1488 nos
1321 1459 1347 1488 in
1369 1467 1471 1496 corpus
1493 1468 1588 1495 suum;
1610 1461 1684 1489 unde
1706 1461 1896 1498 Augustinus⁹

1047 1506 1126 1541 dicit,
1147 1506 1221 1544 quod
1242 1507 1270 1535 in
1291 1514 1374 1535 cruce
1395 1507 1570 1536 manducavit
1589 1508 1731 1536 latronem.

1128 1553 1172 1581 67.
1195 1554 1305 1589 Quaest.
1328 1553 1358 1581 V.
1382 1553 1426 1582 Est
1447 1554 1528 1582 etiam
1550 1555 1691 1591 quaestio:
1719 1562 1783 1583 cum
1805 1555 1896 1584 Domi-

1047 1607 1101 1628 nus
1128 1599 1234 1628 videret
1261 1607 1308 1628 eos
1339 1600 1444 1629 habiles
1472 1601 1506 1629 ad
1534 1601 1719 1638 credendum,
1741 1602 1808 1639 quid
1836 1604 1894 1636 est,

1047 1646 1122 1683 quod
1144 1649 1250 1675 tantum
1272 1654 1322 1684 per
1343 1647 1417 1675 duos
1438 1647 1498 1676 dies
1519 1648 1593 1685 apud
1607 1656 1654 1677 eos
1670 1649 1756 1677 voluit
1771 1649 1894 1677 morari?

1048 1709 1084 1713 —
1106 1693 1236 1727 Videtur,
1259 1693 1333 1730 quod
1354 1694 1473 1730 amplius
1495 1697 1521 1723 et
1542 1694 1647 1723 diutius
1668 1695 1810 1724 debuisset
1829 1703 1893 1724 cum

1047 1740 1086 1768 eis
1107 1748 1175 1769 esse.

1125 1788 1300 1816 Responnsso:
1327 1787 1495 1822 Dicendum,
1516 1788 1590 1825 quod
1615 1789 1667 1817 hoc
1688 1789 1751 1817 fecit
1778 1791 1892 1826 propter
1905 1804 1961 1828 nm,

1046 1833 1188 1862 vitandum
1212 1834 1371 1863 scandalum
1393 1834 1576 1869 ludaeorum,
1599 1843 1633 1864 ne
1664 1835 1891 1873 indignarentur,

1045 1881 1120 1918 quod
1140 1881 1179 1910 eis
1200 1881 1321 1916 relictis,
1343 1881 1474 1910 transiret
1494 1882 1528 1910 ad
1549 1882 1723 1919 alienigenas.

1125 1929 1170 1957 68.
1192 1929 1302 1965 Quaest.
1335 1929 1376 1957 Vl.
1405 1929 1471 1958 Item
1502 1929 1648 1966 quaeritur
1675 1929 1708 1959 de
1737 1930 1789 1958 hoc
1816 1929 1891 1967 quod

1045 1976 1179 2004 Dominus
1199 1975 1264 2004 dicit
1285 1975 1427 2013 discipulis
1446 1976 1520 2005 suis:
1536 1976 1623 2005 Alius
1637 1980 1677 2005 est
1691 1977 1743 2015 qui
1754 1976 1889 2011 seminat,

1044 2022 1123 2051 alius
1143 2022 1196 2061 qui
1215 2023 1308 2056 metit,·
1330 2023 1402 2051 unde
1423 2023 1488 2052 dicit
1508 2023 1649 2060 Apostolos
1663 2032 1819 2058 messoreS,
1835 2030 1889 2052 non

1043 2069 1241 2098 seminatores.

1106 2117 1174 2156 *San
1195 2125 1317 2145 CONTRA:
1344 2118 1368 2145 1.
1396 2116 1520 2145 Verbum
1543 2117 1594 2146 Dei
1607 2121 1647 2145 est
1660 2126 1755 2146 semen
1768 2117 1805 2146 ¹⁰:
1821 2125 1887 2155 ergo

1043 2163 1091 2200 qui
1112 2163 1252 2200 praedicat
1271 2162 1410 2197 seminat‚·
1431 2163 1477 2192 sed
1499 2163 1617 2200 Apostoli
1646 2163 1760 2192 fuerunt
1782 2163 1889 2200 praedi-

1043 2211 1165 2238 catores:
1187 2217 1253 2246 ergo
1274 2212 1325 2238 etc.

1121 2257 1148 2284 2.
1171 2256 1248 2290 item,
1277 2255 1413 2285 secundae
1440 2255 1474 2284 ad
1504 2256 1660 2285 Corinthios
1681 2258 1807 2285 nono¹¹:
1831 2256 1890 2292 Qui

1039 2311 1132 2340 parce
1151 2303 1275 2331 seminat
1294 2311 1384 2340 parce
1403 2306 1430 2331 et
1448 2307 1546 2331 metet:
1567 2311 1634 2340 ergo
1654 2303 1702 2340 qui
1724 2303 1793 2332 nihil
1807 2303 1888 2332 semi-

1043 2352 1090 2378 nat
1110 2349 1179 2378 nihil
1200 2350 1285 2378 metit.

1105 2509 1114 2523 ⁷
1132 2512 1198 2534 Vers.
1216 2511 1252 2534 40.

1104 2549 1113 2563 ⁸
1130 2550 1260 2579 Chrysost.‚
1277 2551 1299 2573 in
1316 2551 1377 2573 loan.
1393 2550 1472 2573 homil.
1489 2550 1527 2573 34.
1547 2550 1611 2579 (alias
1626 2550 1674 2580 33.)
1686 2557 1710 2573 n.
1722 2551 1730 2573 4
1743 2558 1748 2573 :
1761 2551 1886 2574 Hominum

1041 2590 1138 2612 salutem
1155 2590 1192 2612 hic
1208 2589 1286 2612 cibum
1308 2591 1389 2616 vocat,
1406 2589 1541 2617 ostendens,
1563 2595 1617 2612 cum
1633 2592 1718 2619 quanta
1741 2595 1795 2612 cura
1818 2589 1886 2612 nobis

1040 2629 1162 2658 provideat
1168 2638 1174 2656 ;
1192 2631 1216 2652 ut
1233 2629 1294 2651 enim
1310 2635 1353 2651 nos
1369 2628 1461 2656 cibum,
1478 2629 1507 2652 ita
1525 2629 1560 2652 ille
1582 2631 1685 2652 nostram
1708 2630 1804 2652 salutem
1828 2629 1886 2652 desi-

1040 2668 1114 2691 derat.

1102 2705 1112 2718 ⁹
1129 2707 1230 2729 Enarrat.
1247 2707 1270 2729 in
1287 2707 1323 2729 Ps.
1340 2707 1377 2729 68.
1394 2713 1464 2729 serm.
1478 2707 1499 2729 i.
1509 2713 1531 2729 n.
1543 2707 1570 2734 9,
1583 2706 1622 2730 ubi
1634 2707 1664 2730 de
1676 2707 1818 2730 consessione
1828 2707 1884 2730 boni

1038 2746 1131 2768 latronis
1147 2746 1189 2768 ait:
1206 2744 1353 2768 Confessione
1369 2745 1449 2768 effudit
1465 2752 1492 2768 ex
1509 2752 1533 2769 se
1550 2746 1637 2768 saniem
1654 2749 1676 2769 et
1689 2747 1760 2769 sactus
1772 2749 1806 2769 est
1817 2749 1884 2774 aptus

1039 2784 1091 2807 cibo
1108 2784 1207 2807 Domini.
1224 2784 1270 2807 Csr.
1286 2784 1322 2807 IV.
1340 2785 1401 2807 Sent.
1419 2785 1442 2807 d.
1460 2785 1482 2807 9.
1498 2791 1519 2807 a.
1538 2785 1559 2807 i.
1575 2792 1599 2814 q.
1616 2786 1638 2808 2.
1655 2785 1683 2808 ad
1702 2786 1724 2808 3.

1102 2822 1125 2836 ¹⁰·
1138 2824 1193 2846 Luc.
1210 2824 1237 2850 8,
1255 2823 1291 2846 Μ.

1101 2861 1119 2875 ¹¹
1138 2864 1204 2886 Vers.
1221 2863 1243 2885 6.
