2296 3316
8 1521 9 1527 ¹
56 1515 113 1538 Resp.

11 3265 13 3296 ᾼ
12 3240 13 3260 a
11 3230 13 3236 .
0 3072 14 3226 ...με’-»κς
0 2970 14 3104 ..tar—‘aa-
6 2958 9 2965 .
6 2944 7 2947 „

16 1566 60 1579 mus
67 1563 118 1580 actus

18 1584 88 1603 iudicii.

16 1700 113 1719 Secundus.

34 1980 114 1999 Tei-tius.

750 121 919 149 COMMENT.
942 121 974 149 IN
996 120 1140 149 lOANNEM
1161 121 1189 149 C.
1213 122 1243 150 V.

129 204 170 230 est
191 202 275 230 totius
296 200 452 234 Trinitatis,
473 198 619 227 ministerii
640 206 706 226 vero
720 200 762 226 est
782 197 839 225 Filii
855 197 974 226 sedentis

129 249 156 275 ct
175 248 333 284 apparentis
354 247 381 275 in
395 245 510 279 iudicio,
531 248 558 273 et
572 245 625 272 hoc
645 244 798 272 secundum
820 243 972 272 humanam

129 297 271 328 naturam,
293 297 320 322 et
340 293 374 321 de
394 292 446 321 hac
466 291 512 320 hic
533 290 694 327 loquitur¹.-

210 342 233 368 1.
256 339 334 376 Quod
355 347 421 375 ergo
450 337 558 366 obiicit:
584 336 648 365 Mihi
669 336 789 364 vindicta
819 338 887 370 etc.‚
919 344 974 364 non

128 386 253 415 excludit
270 385 370 414 Filium
390 385 577 417 incarnatum,
599 383 646 411 sed
668 382 806 411 hominem
822 391 933 419 purum.

208 434 234 461 2.
259 431 338 468 Quod
368 431 462 459 obiicit
485 429 519 458 de
540 429 782 463 honorificatione,
811 429 974 464 dicendum,

128 479 202 517 quod
223 487 341 516 persona
361 478 418 506 Filii
439 479 553 513 propter
567 476 787 505 humiliationem
809 476 974 505 incarnatio·
1000 487 1003 496 2

128 526 171 555 nis
191 526 336 555 videbatur
356 523 543 558 descendisse3
559 523 619 552 ideo
640 524 718 552 Pater
739 523 842 557 voluit,
857 522 931 560 quod
946 523 974 564 in

129 573 223 602 eadem
244 571 431 604 humanitate,
452 570 480 598 in
501 578 557 606 qua
577 570 727 606 apparebat
751 569 881 603 humilis,
903 569 974 597 iudi-

128 621 219 653 caret,
240 621 272 647 ut
292 624 373 646 nemo
393 616 484 652 ipsum
505 616 680 644 incarnatum
701 618 905 649 contemneret,
927 615 974 643 sed

129 665 200 694 sicut
221 664 328 692 Patrem
356 662 465 691 timeret
487 664 617 699 tanquam
643 670 707 690 eum
738 662 819 690 cuius
840 661 975 690 sententia

128 710 292 740 inviolabilis
310 711 481 746 persevcrat3
504 708 577 737 unde
598 708 732 738 iudicium
746 717 796 746 per
817 708 974 737 humanita-

128 760 184 787 tem
204 757 268 785 facit
288 755 380 784 timeri
401 763 450 791 per
471 755 678 784 Divinitatemss.

208 804 253 832 56.
275 803 385 839 Quaest.
408 802 436 830 ll.
459 802 524 830 Item
547 802 702 839 quaeritur,
716 804 813 831 utrum
834 802 919 831 solius
933 802 974 831 Fi-

128 850 157 879 lii
178 850 213 879 sit
233 849 364 878 iudicare.
389 865 429 869 —-
454 846 534 885 Quod
555 849 610 882 sic,
633 849 742 878 videtur
763 857 812 886 per
834 849 972 878 litteram:

129 897 220 925 Pater
241 904 323 924 omne
350 895 495 924 iudicium
516 895 594 924 dedit
614 895 710 929 Filio;
735 898 762 924 et
789 896 905 924 Actuum
926 895 973 924 de-

128 943 237 973 cimo⁸:
260 943 324 980 Ipse
350 946 407 976 est,
429 942 481 980 qui
500 943 673 970 constitutus
694 946 734 971 cst
761 951 781 971 a
808 943 863 971 Deo
885 942 974 971 iudex

128 990 262 1019 vivorum
290 984 542 1025 et-mortuorum;
570 992 597 1018 et
621 989 725 1026 primae
753 989 787 1017 ad
817 989 974 1018 Corinthios

129 1039 244 1074 quarto:
268 1036 326 1072 Qui
345 1036 458 1064 iudicat
478 1044 523 1064 me
547 1036 688 1064 Dominus
709 1039 765 1063 est.-
787 1043 854 1072 ergo
874 1035 896 1064 si
916 1036 974 1072 ipse

129 1083 205 1111 solus
225 1085 267 1111 est
288 1082 421 1110 Dominus
442 1084 551 1115 noster,
573 1082 660 1118 ipsius
675 1082 760 1110 solius
781 1084 822 1110 est
842 1081 972 1110 iudicare.

207 1129 336 1158 CONTRA:
362 1130 385 1156 1.
414 1129 520 1157 Primae
548 1128 580 1156 ad
602 1128 759 1157 Corinthios
785 1128 973 1156 undecim04:

131 1175 163 1204 Si
182 1175 371 1212 nosmetipsos
388 1175 639 1208 diiudicaremus,
660 1183 718 1203 non
740 1175 838 1212 utique
859 1175 974 1203 iudica-

129 1231 247 1251 remur:
269 1230 335 1259 ergo
356 1224 482 1250 nostrum
504 1224 545 1250 est
566 1221 688 1250 iudicare
709 1229 767 1250 nos.

209 1271 235 1297 Ξ).
265 1269 347 1302 item,
375 1268 449 1305 quod
470 1267 504 1296 ad
535 1268 615 1302 alios,
637 1268 747 1297 videtur
768 1268 897 1297 Matthaei
928 1268 975 1296 de-

130 1316 201 1345 cimo
221 1324 294 1344 nono
305 1315 332 1343 ⁵:
355 1314 491 1344 Sedebitis
505 1323 594 1352 super
608 1315 687 1344 sedes
702 1315 853 1344 duodecim
867 1318 918 1344 etc.
933 1315 974 1343 di-

130 1366 205 1392 ctum
220 1366 261 1392 est
275 1361 420 1399 Apostolis;
435 1362 513 1396 item,
535 1362 640 1398 primae
655 1361 689 1390 ad
709 1361 866 1390 Corinthios
881 1365 974 1390 sexto:

129 1409 268 1443 Nescitis,
289 1404 506 1447 quia''An9elos
527 1408 747 1437 iudicabimus?

208 1456 246 1485 Ad
267 1456 319 1484 hoc
339 1455 500 1490 dicendum,
524 1455 603 1493 quod·
622 1455 651 1485 in
673 1455 774 1484 iudicio
795 1458 836 1484 est
863 1455 974 1484 emini-

130 1502 225 1537 natio,
246 1505 288 1541 est
301 1502 490 1539 approbatio,
505 1505 546 1531 est
561 1502 643 1531 etiam
657 1502 812 1530 sententiae
833 1501 902 1530 latio
917 1502 975 1531 sive

130 1550 260 1579 definitio.
273 1566 312 1570 --
326 1549 434 1577 Primus
454 1552 545 1583 actus,
567 1549 670 1578 scilicet
684 1549 925 1583 examinationis,
940 1549 974 1577 ad

131 1604 225 1626 omnes
240 1596 371 1633 pertinet,
387 1598 414 1624 et
431 1596 537 1624 ratione
551 1596 636 1625 huius
653 1596 718 1624 dicit
732 1596 890 1632 Apostolus,
905 1604 974 1633 quo-

130 1644 204 1672 niam
224 1643 325 1672 debent
344 1651 373 1670 se
397 1642 539 1679 probare,
561 1642 588 1670 id
609 1645 650 1671 est
671 1643 839 1671 examinare.
867 1659 903 1663 —
929 1643 975 1671 Se-

130 1689 254 1724 cundus,
269 1689 371 1718 scilicet
385 1688 622 1726 approbationi&
638 1689 680 1717 vel
695 1688 922 1725 reprobationis,
941 1689 975 1717 ad

130 1737 265 1774 perfectos
285 1736 416 1773 pertinet,
438 1736 503 1773 quia
517 1736 568 1772 ipsi
589 1736 783 1773 approbabunt
796 1738 824 1764 et
844 1736 975 1772 reproha-

130 1783 215 1817 hunt,
244 1785 271 1812 et
291 1790 389 1811 eorum
412 1782 616 1819 comparatione
637 1782 700 1810 mali
733 1782 973 1818 reprobabuntur3

130 1830 178 1859 sed
198 1830 251 1859 hoc
271 1837 326 1863 non
348 1830 375 1858 in
396 1829 547 1866 praesenti,
569 1829 616 1858 sed
637 1827 664 1857 in
685 1829 796 1863 futuro;
814 1828 892 1857 'unde
906 1830 975 1865 Apo-

130 1877 218 1905 stolus
237 1876 317 1910 dicit,
338 1876 392 1904 tale
413 1876 544 1905 iudicium
566 1875 594 1903 in
612 1875 749 1912 praesenti
771 1878 894 1912 tempore
915 1883 975 1904 esse

130 1926 197 1951 ante
219 1926 347 1959 tempus;
368 1922 474 1959 primae
495 1922 527 1950 ad
547 1921 703 1950 Corinthios
724 1922 860 1958 quartoss:
882 1921 975 1950 Nolite

131 1973 198 1998 ante
219 1972 330 2006 tenipus
350 1969 491 1997 iudicare.
505 1985 541 1990 —
556 1969 666 1997 Tertius
687 1972 778 2002 actus,
800 1968 904 1997 scilicet
928 1969 975 1997 de-

130 2015 283 2053 finitionis,
297 2018 339 2044 est
359 2016 445 2044 solius
465 2016 539 2049 Filii,
561 2015 627 2053 quia
647 2015 705 2052 ipse
726 2015 889 2044 sententiam
910 2023 974 2052 pro-

129 2063 272 2100 mulgabit.
294 2063 348 2091 Hoc
368 2065 432 2091 actu
459 2071 514 2091 non
534 2063 625 2091 utitur
652 2062 752 2099 aliquis
772 2062 825 2091 nisi
854 2070 974 2099 usurpa-

130 2110 185 2139 tive
212 2113 239 2139 et
260 2110 417 2144 temerarie;
446 2109 519 2138 unde
539 2109 672 2138 Dominus
696 2109 825 2146 prohibet
846 2109 974 2138 Matthaei

130 2157 284 2194 septimo⁷:
307 2156 398 2185 Nolite
426 2156 576 2189 iudieare;
596 2158 623 2184 et
651 2155 795 2192 Apostolus
822 2155 856 2183 ad
877 2156 974 2184 Roma-

130 2211 180 2232 nos
201 2203 307 2232 decimo
328 2206 444 2240 quarto:
472 2203 515 2231 Tu
536 2203 602 2240 quis
628 2211 673 2236 es,
695 2202 747 2238 qui
767 2202 884 2230 iudicas
905 2202 973 2231 alie-

194 2387 200 2400 ¹
219 2387 263 2410 Csr.
281 2388 318 2410 lV.
335 2389 397 2410 Sent.
415 2388 438 2410 d.
456 2388 492 2410 48.
509 2394 531 2410 a.
548 2389 569 2410 ll.
585 2394 609 2417 q.
627 2388 647 2416 vi,
666 2387 705 2410 ubi
722 2388 790 2410 eiiam
813 2388 896 2410 solutio
913 2388 975 2410 obie-

131 2426 232 2448 ctiouum
250 2427 385 2449 insinuatur.

192 2463 202 2477 ²
220 2465 260 2487 Ed.
276 2465 334 2494 fucit
349 2465 454 2488 revereri
469 2465 628 2488 Divinitalem.

192 2502 201 2516 ³
219 2505 285 2527 Vcrs.
303 2504 339 2526 42.
357 2517 388 2521 —
404 2505 457 2533 ch.
475 2506 539 2527 locus
555 2507 590 2527 est
606 2505 622 2527 l.
639 2504 691 2527 Cor.
709 2504 735 2533 4,
753 2504 773 2526 4.

192 2542 201 2554 ⁴
220 2543 285 2565 Vers.
302 2543 338 2565 31.

192 2579 202 2593 ⁵
219 2582 286 2604 Vors.
303 2582 341 2604 28.
357 2594 388 2598 —
405 2582 514 2610 Sequitur
536 2583 550 2604 i.
573 2581 624 2604 Cor.
647 2582 673 2609 6,
696 2582 718 2604 3.
736 2594 767 2599 —
785 2582 896 2610 Superius
921 2584 972 2611 post

129 2618 162 2641 ad
177 2619 238 2642 alios
255 2619 292 2642 ed.
309 2620 400 2647 supplet
414 2619 516 2649 pertinet
533 2619 646 2643 iudicare.

193 2656 202 2669 ¹³
219 2658 286 2680 Vers.
302 2658 323 2680 5.
343 2670 371 2674 —
389 2658 500 2686 Superius
516 2664 559 2686 pro
576 2664 660 2681 eorum.
677 2658 854 2688 comparatione
874 2659 911 2682 ed.
934 2665 973 2689 ap-

128 2695 296 2725 probabuntur
312 2696 367 2719 bom·
383 2698 418 2726 et;
436 2697 535 2719 subinde
552 2703 594 2725 pro
611 2697 635 2720 in
652 2697 734 2727 futuro
751 2698 768 2721 C
785 2698 809 2721 in
825 2698 879 2728 fine.

191 2733 200 2747 ⁷
219 2736 285 2758 Vers.
303 2736 323 2758 i.
341 2748 372 2752 —
389 2736 497 2765 Sequitur
514 2737 580 2759 Rom.
600 2736 641 2764 44,
659 2736 679 2758 4.

192 2773 201 2786 ²³
218 2774 262 2797 Csr.
279 2781 349 2803 supra
366 2775 495 2798 Comment.
514 2776 535 2797 in
553 2775 606 2803 Sap.
624 2776 648 2802 3,
661 2776 687 2804 8;
705 2776 740 2798 lV.
759 2776 819 2798 Sent.
832 2776 855 2798 d.
869 2776 905 2798 47.
918 2782 938 2798 a.
955 2777 972 2798 l.

129 2818 171 2841 per
188 2815 261 2835 totum
278 2816 301 2836 et
318 2814 341 2836 d.
359 2814 395 2836 48.
413 2820 434 2836 a.
454 2814 474 2836 i.
493 2821 515 2842 q.
534 2814 555 2836 i.

191 2850 201 2863 ⁹
218 2853 282 2875 Vers.
301 2853 337 2875 24.
356 2865 386 2868 —
403 2853 510 2881 Sequitur
529 2853 587 2875 ioan.
606 2853 632 2880 3,
653 2854 688 2875 18.
706 2866 734 2869 -
752 2854 864 2881 Superius
881 2860 924 2882 pro
946 2854 973 2877 de

130 2890 261 2914 indicandis
279 2891 346 2913 codd.
365 2891 392 2914 de
408 2891 525 2914 iudicatis.

223 2937 248 2960 S.
266 2937 355 2960 Bonav.
366 2950 397 2954 —
410 2938 477 2960 Tom.
494 2938 532 2960 Vl.

1814 119 1874 149 313

1028 206 1101 226 num
1121 197 1263 226 servum?
1287 213 1326 218 —
1350 198 1416 226 Dico
1436 198 1530 234 igitur,
1559 198 1633 235 quod
1654 197 1765 234 quando
1795 198 1876 232 dicit,

1029 244 1104 281 quod
1126 245 1216 273 Pater·
1236 253 1319 272 omne
1338 244 1483 273 iudicium
1504 245 1582 273 dedit
1600 244 1691 279 Filio,
1714 244 1877 282 intelligitur

1030 289 1064 318 de
1084 289 1185 318 iudicio
1205 289 1397 326 definitionis,
1425 298 1480 319 non
1501 291 1729 320 examinationis
1760 291 1803 320 vel
1824 300 1876 328 ap-

1028 335 1214 372 probationis
1225 336 1244 364 ⁸.

1110 383 1155 410 57.
1177 383 1288 418 Quaest.
1311 383 1350 411 lll.
1380 384 1446 412 Item
1476 384 1622 421 quaeritur
1649 384 1683 413 de
1703 384 1875 419 iudicandis,

1031 429 1079 465 qui
1104 429 1207 458 scilicet
1231 429 1436 459 iudicabuntur.
1450 447 1486 451 —
1501 431 1580 467 Quod
1600 431 1674 459 mali
1692 434 1815 465 tantum,
1836 431 1877 460 vi—

1031 475 1113 504 detur
1143 484 1180 505 ex
1210 476 1303 505 littera
1318 476 1344 505 ⁹:
1376 477 1412 505 In
1442 478 1587 506 iudicium
1617 486 1675 506 non
1705 478 1800 512 venit,
1827 479 1878 507 sed

1031 523 1156 557 transit;
1177 526 1205 552 et
1231 531 1317 560 supra
1345 524 1442 553 tertio:
1466 524 1523 560 Qui
1550 524 1642 553 eredit
1668 525 1699 553 in
1726 533 1791 553 euni
1819 533 1878 553 non

1025 569 1193 598 iudicatur.

1109 616 1234 644 CONTRA:
1251 617 1391 645 Secundae
1405 617 1439 645 ad
1453 617 1609 646 Corinthios
1620 618 1716 655 quinto
1726 619 1760 646 ¹⁰:
1775 618 1878 647 Omnes

1030 663 1174 692 stabimus
1194 667 1261 692 ante
1282 663 1414 692 tribunal
1436 663 1552 693 Clzristi.

1109 710 1286 739 Ruspounao:
1302 710 1470 745 Dicendum,
1492 711 1566 748 quod
1584 711 1716 740 iudicium
1737 711 1877 749 definitio-

1029 756 1077 785 nis
1097 756 1232 793 accipitur
1253 757 1454 791 eommuniter,
1477 760 1504 786 et
1525 758 1564 786 sic
1585 758 1793 794 comprehendit
1816 767 1878 788 sen-

1031 803 1143 832 tentiam
1165 804 1262 832 salutis
1282 807 1310 833 et
1330 812 1446 841 poenae,
1468 807 1495 833 et
1522 805 1561 833 sic
1591 813 1688 833 omnes
1716 805 1878 835 iudicabun-

1031 853 1092 884 tur;
1115 850 1249 887 accipitur
1267 851 1389 888 proprie
1409 858 1461 888 pro
1482 851 1672 886 damnatione,
1693 854 1720 881 et
1748 852 1786 881 sic
1807 853 1878 881 acci-

1030 896 1106 933 pitur
1129 897 1188 925 hic:
1210 897 1371 925 Proeedent
1390 898 1442 935 qui
1456 898 1537 926 mala
1557 902 1677 935 efferunt
1692 899 1723 927 in
1744 906 1876 928 resurre-

1030 943 1152 971 ctionem
1173 942 1292 977 iudieii,
1315 944 1342 972 id
1363 947 1404 972 est
1424 944 1621 979 damnationis;
1644 945 1769 974 similiter
1791 953 1877 983 supra.

1032 990 1113 1018 tertio
1129 990 1160 1018 ¹¹.

1111 1037 1156 1064 58.
1178 1037 1287 1072 Quaest.
1310 1037 1351 1065 IV.
1375 1037 1439 1066 ltem
1456 1038 1494 1071 12,
1516 1038 1549 1066 de
1571 1038 1651 1066 modo
1674 1038 1826 1067 iudicandi:

1113 1084 1136 1111 1.
1159 1083 1237 1119 Quod
1259 1083 1375 1118 iudicat,
1399 1083 1470 1112 sicut
1491 1084 1575 1112 audit.
1592 1101 1630 1105 —
1647 1085 1771 1113 Contra:
1795 1085 1876 1114 Isaiae

1031 1129 1177 1163 undecimo
1186 1130 1221 1157 ¹³:
1232 1129 1296 1158 Non
1307 1131 1467 1159 secundani
1479 1131 1615 1159 auditum
1627 1132 1750 1160 aurtzon
1762 1136 1874 1169 aryuet.

1110 1177 1136 1203 Ξ.
1160 1176 1224 1204 ltem
1245 1176 1311 1205 dicit
1327 1177 1358 1210 ¹4,
1381 1178 1455 1214 quod
1476 1186 1530 1206 non
1551 1178 1702 1206 secundum
1730 1186 1807 1207 suam
1829 1188 1876 1207 vo-

1032 1222 1188 1255 luntatem,
1220 1223 1267 1251 sed
1291 1223 1357 1251 Dei:
1386 1232 1452 1260 ergo
1474 1224 1601 1252 voluntas
1622 1233 1673 1253 sua
1696 1225 1834 1254 discordat
1861 1234 1877 1254 a

1032 1269 1173 1297 voluntate
1191 1269 1247 1297 Dei.

1111 1316 1272 1344 Respouneo
1293 1316 1326 1344 ad
1351 1318 1491 1353 primum:
1514 1317 1570 1346 Non
1599 1317 1702 1346 iudicat
1726 1319 1878 1348 secundum

1031 1362 1157 1390 auditum
1183 1363 1352 1391 exteriorem
1375 1366 1401 1391 et
1422 1364 1582 1393 relationem
1596 1365 1628 1398 ¹⁵,
1650 1365 1696 1393 sed
1724 1366 1877 1394 secundum

1032 1409 1192 1438 interiorem
1215 1412 1242 1438 et
1262 1413 1394 1446 paternae
1415 1410 1631 1440 illuminationis.

1110 1456 1147 1485 Ad
1169 1456 1322 1486 secundum
1342 1457 1505 1491 dicendum,
1527 1458 1601 1494 quod
1627 1458 1678 1487 hoc
1707 1458 1789 1487 habet
1809 1459 1879 1489 duas
1895 1463 1952 1487 Resp-
1965 1464 1989 1482 ad
2003 1464 2021 1483 2-

1032 1511 1128 1538 causas
1150 1503 1288 1532 veritatis:
1310 1512 1368 1532 non
1389 1512 1498 1542 quaero
1513 1504 1689 1533 voluntatem
1707 1514 1803 1533 ineam
1823 1506 1878 1534 sin-

1031 1550 1172 1586 gularem,
1194 1552 1242 1578 aut
1262 1550 1328 1586 quia
1342 1550 1440 1585 habet,
1462 1551 1510 1579 sed
1531 1559 1584 1579 non
1600 1551 1722 1588 quaerit;
1744 1555 1792 1580 aut
1813 1552 1878 1589 quia

1031 1604 1085 1624 non
1108 1596 1190 1625 hahet
1217 1604 1267 1625 nec
1287 1597 1411 1634 quaerit;
1440 1598 1514 1626 etin
1547 1598 1599 1626 hoc
1628 1606 1711 1627 sensu
1743 1599 1877 1636 loquitur,

1031 1646 1058 1671 et
1079 1643 1136 1679 ipse
1157 1643 1250 1671 obiicit
1271 1643 1309 1672 sic
1330 1644 1356 1672 in
1379 1644 1469 1681 primo
1489 1652 1571 1673 sensu
1585 1645 1616 1672 ¹⁶.

1111 1691 1155 1718 59.
1179 1690 1212 1718 Si
1231 1699 1281 1727 eqo
1303 1691 1498 1719 testimonium
1516 1690 1649 1728 perhibeo
1670 1695 1720 1720 etc.
1745 1693 1813 1721 llaec
1835 1695 1877 1721 est
1907 1697 1983 1738 anrw:
1998 1698 2021 1725 ‘19

1031 1739 1131 1773 quarta
1152 1744 1215 1772 pars
1237 1736 1364 1773 capituli,
1386 1737 1413 1765 in
1429 1745 1484 1774 qua
1504 1737 1706 1766 determinatur
1720 1739 1876 1775 praedictae
1888 1722 2022 1763 fflssossfflfune'?

1031 1782 1240 1819 confutationis
1255 1783 1468 1817 corroboratio,
1484 1792 1555 1821 quae
1576 1784 1646 1812 facta
1668 1787 1709 1813 est
1731 1785 1875 1822 multiplici

1031 1830 1187 1858 testimonio
1208 1830 1260 1858 hoc
1281 1830 1463 1866 approbante,
1484 1830 1558 1867 quod
1580 1839 1665 1867 supra
1686 1831 1820 1860 Dominus
1834 1831 1875 1860 di-

1031 1876 1081 1905 xit.
1104 1877 1135 1905 Et
1157 1877 1223 1905 haec
1244 1885 1309 1913 pars
1329 1877 1412 1905 hahet
1432 1877 1516 1906 duas:
1538 1878 1604 1914 quia
1618 1878 1707 1914 primo
1728 1878 1875 1907 adducitur
1885 1883 2012 1926 413}ssssssssss

1032 1923 1261 1951 testimoniorum
1283 1924 1441 1957 certitudo;
1462 1924 1582 1952 secundo
1608 1932 1688 1958 vere,
1711 1924 1874 1953 ludaeorum
2014 1921 2019 1926 '

1031 1977 1085 1997 non
1110 1969 1281 1998 credentium
1310 1969 1505 2007 reprehensio,
1527 1971 1563 1999 ihi
1577 1971 1615 1999 ¹⁷:
1638 1972 1674 2000 Et
1703 1980 1763 1999 non·
1788 1971 1875 2000 vultis

1030 2016 1128 2044 venire
1149 2017 1188 2045 ad
1209 2025 1260 2044 me.
1879 2024 1881 2027 ·

1110 2063 1200 2091 Prima
1220 2071 1284 2099 pars
1305 2063 1387 2092 hahet
1407 2063 1493 2092 duas:
1522 2064 1588 2101 quia
1608 2064 1698 2101 primo
1725 2065 2021 2099 Dominus,pr,1mo.‚dete-

1891 2096 2019 2113 stimoniorilm

1030 2109 1079 2138 etsi
1102 2110 1187 2146 possit
1208 2118 1289 2138 suum
1312 2111 1499 2139 testimonium
1524 2111 1673 2145 adducere,
1696 2111 1793 2139 renuit
1801 2122 1810 2145 ‚·
1833 2119 1874 2140 se-
1899 2117 2012 2136 certitudine

1934 2141 1978 2159 duo.

1030 2157 1136 2191 cundo,
1158 2157 1314 2185 testimonia
1333 2157 1450 2185 aliorum
1473 2157 1609 2192 adducit,
1632 2158 1667 2187 ihi
1682 2158 1719 2186 18:
1747 2159 1800 2187 Vos
1820 2159 1875 2187 mi-

1029 2203 1110 2232 sistis
1130 2206 1180 2232 etc.

1901 717 1958 741 Resp.
1972 723 2014 737 cum

1894 741 2021 760 distinctione.

1895 1323 1951 1347 Resp.
1965 1324 1989 1343 ad
2004 1325 2021 1343 1.

1094 2388 1113 2401 ¹⁰
1130 2390 1195 2411 Vers.
1212 2389 1252 2411 Ἰ1οι
1265 2389 1350 2411 Omnes
1367 2389 1427 2411 enim
1446 2395 1488 2411 nos
1504 2389 1644 2411 manifestari
1661 2391 1752 2416 oportet
1769 2391 1821 2411 ante
1839 2389 1875 2411 tri-

1031 2428 1100 2451 bunal
1117 2428 1206 2451 Christi.
1223 2428 1268 2450 Csr.
1285 2429 1351 2450 Rom.
1370 2428 1410 2456 14,
1433 2428 1473 2450 1οε
1491 2428 1576 2450 Omnes
1592 2428 1705 2450 stabimus
1723 2430 1764 2450 etc.

1094 2466 1111 2479 ¹¹
1131 2467 1176 2490 Csr.
1192 2473 1261 2494 supra
1279 2474 1300 2489 n.
1319 2467 1355 2488 52.

1093 2504 1112 2517 ¹²
1129 2505 1168 2527 Ed.
1179 2506 1235 2527 Item
1247 2504 1370 2534 quaeritur
1382 2504 1409 2527 de
1420 2504 1489 2527 modo
1501 2504 1628 2527 iudicandi.
1642 2504 1703 2527 Dicit
1714 2504 1790 2527 enim:
1803 2504 1871 2527 Sicut

1030 2543 1115 2571 audio,
1133 2543 1227 2566 iudico:
1244 2549 1300 2572 erqo
1319 2542 1408 2566 iudicat
1423 2546 1466 2565 ete.

1094 2581 1113 2594 ¹³
1132 2582 1195 2604 Vers.
1215 2582 1235 2603 3.

1093 2620 1112 2632 ¹⁴
1129 2622 1204 2648 Supra
1222 2627 1243 2642 v.
1263 2621 1299 2642 30.

1094 2658 1112 2670 ¹⁶
1130 2659 1241 2681 Ed..cum
1259 2658 1365 2687 pluribus
1382 2659 1449 2681 codd.
1467 2658 1597 2681 relationis.

1093 2697 1112 2710 ¹⁵
1130 2698 1170 2720 Ed.
1187 2699 1316 2726 legitzAut
1332 2698 1389 2728 quia
1406 2697 1485 2726 habet,
1497 2697 1538 2721 sed
1553 2704 1602 2721 non
1619 2698 1713 2727 quaerit
1728 2697 1820 2726 solam,·
1832 2700 1876 2721 aut

1030 2737 1087 2767 quia
1103 2737 1174 2759 Pater
1191 2737 1339 2760 contrariam
1356 2743 1398 2760 nec
1414 2736 1482 2760 habet
1498 2743 1540 2760 uec
1556 2737 1655 2766 quaerit.
1669 2738 1699 2760 Et
1714 2737 1739 2760 in
1755 2737 1798 2760 hoc
1810 2739 1874 2760 utro-

1030 2782 1074 2805 que
1090 2782 1161 2799 sensu
1179 2775 1287 2799 Christus
1305 2775 1423 2805 loquitur,
1435 2777 1458 2799 et
1474 2776 1536 2806 quod
1552 2775 1661 2799 obiicitur
1677 2776 1711 2800 sic
1719 2776 1812 2806 pariter
1829 2776 1872 2799 sol-

1029 2815 1101 2838 vitur.
1127 2816 1159 2837 De
1184 2814 1276 2837 duabus
1301 2815 1376 2837 causis
1402 2815 1504 2837 veritatis
1530 2815 1671 2843 (secundum
1699 2815 1804 2843 Aristot.)
1830 2816 1871 2837 cfr.

1030 2856 1085 2876 tom.
1103 2854 1136 2876 lli.
1155 2860 1209 2882 pag.
1227 2854 1285 2881 252,
1303 2856 1356 2876 nota
1374 2854 1396 2875 7.

1093 2890 1111 2904 ¹⁷
1129 2893 1196 2915 Vers.
1213 2892 1250 2915 40.
1715 2891 1734 2904 ¹⁵
1752 2893 1815 2914 Vers.
1834 2893 1871 2914 33.

1750 2939 1777 2961 40
