2296 3316
17 1427 18 1430 ,
64 1414 141 1433 Divisio.

72 1695 115 1715 Para
127 1695 141 1714 1.

22 1789 86 1813 Prlmu,
94 1789 146 1808 Chri-

32 1814 69 1832 stu:
77 1815 105 1833 est
114 1813 146 1832 lux

32 1835 134 1862 dupliciter.

829 393 1232 440 OOLLATIONES
1246 391 1255 409 ¹

507 529 586 588 IN
636 529 1138 591 EVANGELIUM
1187 533 1232 591 S.
1271 534 1578 596 IOANNIS

707 1057 869 1086 CAPrrnLUM
891 1057 909 1086 1.
931 1058 967 1086 In
984 1058 1134 1097 principio
1155 1064 1221 1088 erat
1240 1060 1372 1089 Verbum.

495 1168 638 1192 COLLATlo
655 1168 670 1190 l.

237 1265 326 1302 (Vers.
350 1265 398 1301 5.).
421 1263 529 1293 loannis
550 1263 657 1301 primo:
684 1263 749 1291 Lux
771 1262 803 1290 in
824 1261 947 1291 tenebris
968 1261 1012 1291 tu-

159 1315 215 1347 cet,
237 1315 262 1340 et
283 1311 416 1340 tenebrae
436 1319 501 1340 eam
522 1319 582 1339 non
603 1308 892 1347 comprehenderunt.

240 1360 264 1387 1.
280 1358 432 1387 Moratiter
447 1358 475 1387 in
489 1357 550 1386 istis
564 1357 659 1386 verbis
668 1356 725 1385 duo
737 1359 899 1394 tanguntur.
912 1356 1012 1391 Primo,

157 1406 382 1435 commendatur
402 1405 486 1434 nobis
498 1405 509 1422 ²³
530 1404 700 1442 praesentia
715 1403 834 1432 divinae
848 1403 1011 1438 claritatis,

157 1460 221 1482 cum
248 1452 371 1481 dicitur:
399 1453 465 1481 Lux
493 1452 525 1480 in
554 1450 678 1480 tenebris
703 1450 784 1480 lueet.
812 1467 848 1483 ,-
870 1451 1012 1486 Secundo,

157 1499 380 1538 reprehenditur
401 1499 433 1528 in
453 1499 537 1528 nobis
558 1498 732 1536 ignorantia
751 1497 901 1532 humanae
921 1499 1013 1527 caeei—

158 1547 243 1582 tatis‚
265 1555 329 1576 cum
350 1547 477 1576 (11811111ε1
500 1547 536 1575 Et
562 1545 695 1575 tenebrae
715 1554 781 1574 eam
802 1554 862 1574 non
883 1554 1013 1583 eompre-

158 1593 326 1624 henderunt.

235 1641 315 1670 Circa
336 1641 459 1678 primum
480 1640 714 1670 considerandum
735 1642 793 1674 est,
815 1648 890 1678 quae
908 1639 947 1668 sit
961 1640 1013 1669 ista

159 1687 209 1717 lux
230 1704 269 1708 —
288 1691 317 1717 et
337 1687 401 1725 quis
422 1687 457 1716 sit
477 1687 541 1716 eius
561 1686 686 1725 effectus.

236 1735 298 1765 Lux
319 1735 372 1765 ista
397 1746 411 1760 «
425 1738 467 1764 est
488 1735 540 1764 lux
562 1742 644 1769 vera,
660 1742 732 1772 quae
747 1734 887 1763 illuminat
900 1742 1011 1763 omnem

159 1783 299 1812 hominem
320 1782 477 1812 venientem
497 1782 525 1811 in
554 1782 630 1811 hunc
657 1781 794 1811 mundum
810 1793 838 1816 »‚
866 1781 939 1810 infra
966 1789 1012 1810 eo-

158 1829 220 1859 dem
231 1830 252 1865 ³,
273 1830 402 1859 Christus
416 1830 557 1865 videlicet,
579 1829 628 1867 qui
643 1832 685 1859 est
706 1829 758 1858 lux
773 1831 800 1858 et
821 1831 958 1866 quantum
977 1828 1011 1857 ad

157 1880 287 1907 naturam
309 1877 481 1907 Divinitatis
501 1879 529 1906 et
550 1880 687 1915 quantum
702 1876 737 1905 ad
752 1878 883 1905 naturam
904 1874 1011 1904 buma-

156 1924 267 1954 nitatis.
296 1925 437 1962 Quantum
465 1924 499 1954 ad
527 1927 658 1954 naturam
684 1923 856 1953 Divinitatis
881 1922 1012 1952 illustrat

220 2095 228 2109 ¹
246 2096 276 2119 lta
294 2095 429 2119 inscribitur
446 2097 489 2119 hoc
506 2097 646 2125 opusculum
664 2096 688 2118 in
705 2092 789 2119 nostris
806 2095 940 2123 codicibus;
957 2096 1013 2118 istas

159 2137 235 2158 tamen
253 2134 395 2159 Collationes
413 2134 507 2163 proprie
524 2141 570 2157 non
587 2141 639 2158 esse
660 2134 703 2157 nisi
719 2134 842 2158 schemata
864 2134 1012 2157 collationum

157 2174 207 2197 sive
223 2180 373 2202 sermonum,
390 2174 511 2197 manifeste
526 2177 631 2203 apparet.
643 2175 716 2197 immo
728 2180 809 2197 earum
822 2174 954 2202 complures
965 2180 1013 2196 non

157 2216 211 2236 sunt
226 2213 270 2237 nisi
292 2213 378 2237 breves
399 2213 578 2242 annotationes,
601 2214 706 2237 adiectae
727 2213 870 2243 quibusdam
892 2213 1012 2242 Evangelii

158 2253 208 2276 sive
224 2253 344 2282 versibus,
361 2253 412 2276 sive
428 2254 510 2282 paucis
527 2253 614 2276 verbis.
631 2253 699 2282 Quod
716 2256 793 2276 autem
812 2254 861 2282 ipse
878 2256 959 2276 auctor
970 2254 1012 2276 has

158 2292 323 2316 annotationes
339 2299 352 2315 3
370 2292 515 2321 longioribus
527 2292 693 2316 collationibus
705 2293 845 2321 distinxerit,
858 2298 885 2315 ex
897 2299 925 2315 eo
938 2295 1011 2320 patet,

158 2332 222 2362 quod
243 2333 301 2355 solet
317 2332 394 2361 primo
410 2332 461 2355 loco
483 2338 571 2360 ponere
592 2331 730 2355 collationes
752 2332 883 2355 secundum
905 2332 1012 2354 ordinem

158 2377 270 2393 versuum
287 2370 394 2399 capituli3
412 2370 497 2393 deinde
513 2374 605 2398 autem,
622 2373 730 2398 repetens
747 2370 803 2393 alios
820 2377 902 2393 versus
914 2372 1013 2398 praeter-

159 2410 253 2439 missos,
273 2410 380 2438 adiungit
391 2409 477 2433 breves
488 2409 677 2437 observationes,
693 2416 754 2439 quae
771 2409 888 2432 ordinarie
900 2409 1014 2437 incipiunt

158 2449 249 2472 verbis:
265 2450 336 2477 nota,
354 2450 403 2472 sive
419 2449 554 2473 notandum
570 2451 612 2473 est.
628 2461 660 2466 ——
677 2450 801 2478 Propterea
812 2455 943 2477 congruum
961 2455 1013 2471 esse

159 2489 301 2517 putavimus,
311 2488 420 2511 breviora
430 2490 486 2512 haec
495 2490 611 2512 schemata
621 2489 784 2517 distinguerea
792 2488 954 2511 collationibus
964 2490 1012 2510 tum

158 2528 252 2556 speciali
267 2528 419 2556 inscriptione
434 2528 632 2557 annotationum,
650 2531 698 2551 turn
716 2528 822 2551 distincta
843 2527 1012 2550 numeratione.

221 2567 341 2590 Praeterea
357 2567 524 2595 observamus,
547 2568 612 2596 quod
634 2568 657 2590 in
678 2567 799 2590 codicibus
821 2567 925 2595 singulae
947 2567 1013 2589 colla-

159 2606 231 2629 tiones
256 2607 292 2629 vel
313 2607 472 2630 annotationes
498 2607 555 2629 inter
581 2612 606 2629 se
630 2613 677 2629 non
703 2609 757 2629 sunt
779 2606 900 2629 distinctae
921 2605 1013 2628 numeri

160 2646 305 2674 appositione
320 2652 364 2669 nec
381 2646 445 2669 initio
462 2652 538 2669 novae
555 2646 640 2673 lineae,
658 2645 700 2668 sed
718 2647 806 2668 tantum
824 2645 927 2674 quodam
946 2651 1013 2673 sepa-

160 2685 253 2708 rationis
269 2685 337 2714 signo
353 2688 376 2708 et
392 2685 472 2708 litteris
488 2684 614 2707 initialibus
630 2684 729 2713 depictis
742 2684 779 2707 vel
791 2683 968 2713 grandioribus3
982 2683 1013 2706 in-

160 2724 251 2747 terdum
269 2731 298 2747 ne
315 2725 358 2747 hoc
375 2724 471 2754 quidem
488 2723 634 2747 observatur.
652 2725 703 2752 lpsa
720 2726 798 2746 tamen
815 2722 942 2752 Evangelii
952 2722 1012 2752 capi-

160 2763 212 2786 tula
228 2764 415 2792 distinguuntur,
433 2764 456 2786 in
472 2764 526 2786 cod.
543 2764 561 2786 A
578 2770 620 2791 per
638 2763 726 2786 initium
745 2768 820 2786 novae
837 2763 910 2785 lineae
922 2765 944 2784 et
961 2762 1012 2784 alla-

160 2802 188 2825 tis
204 2803 285 2831 primis
302 2803 395 2831 capituli
412 2802 503 2830 verbis,
520 2803 543 2825 in
555 2802 626 2825 codd.
637 2803 654 2825 B
663 2802 680 2826 C
692 2802 787 2831 insuper
799 2802 892 2830 ponitur
904 2802 1012 2825 distincte

160 2841 291 2872 capitulum
305 2842 438 2872 primum...
456 2842 588 2872 capitulum
604 2842 736 2865 secundum
754 2845 798 2864 818.

222 2881 304 2910 Quoad
321 2882 365 2904 alia
387 2881 526 2904 remittimus
547 2882 656 2904 lectorem
677 2881 707 2903 ad
730 2881 896 2914 Prolegomena
920 2883 1011 2907 nostra;

160 2921 196 2943 hic
213 2924 301 2944 tantum
318 2924 438 2950 notamus,
456 2921 520 2950 quod
538 2922 581 2943 hae
598 2920 736 2944 Collationes
753 2921 897 2949 compositae
919 2922 972 2943 sunt
989 2920 1011 2942 in

161 2966 228 2983 usum
246 2961 436 2989 praedicationis,
461 2964 484 2983 et
505 2961 570 2990 quod
591 2961 658 2990 quasi
680 2961 868 2989 supplementum
891 2959 1011 2988 quoddam

1068 1168 1194 1198 interius
1209 1170 1350 1199 hominem
1365 1171 1407 1200 vel
1433 1171 1567 1206 animam,
1589 1174 1726 1209 quantum
1740 1172 1773 1201 ad
1792 1176 1920 1201 naturam

1069 1214 1265 1245 humanitatis
1286 1215 1432 1254 informat
1451 1218 1581 1246 exterius
1601 1218 1696 1247 vitam.

1147 1263 1174 1291 2.
1190 1262 1236 1291 Est
1250 1263 1335 1300 igitur
1350 1263 1402 1292 lux
1416 1264 1545 1293 Christus
1559 1265 1713 1294 secundum
1729 1265 1804 1302 quod
1818 1265 1902 1295 lzomo
1910 1277 1920 1300 ;

1068 1309 1102 1338 de
1123 1317 1180 1347 quo
1211 1310 1319 1339 Ioannis
1349 1312 1484 1340 octavo⁴z
1511 1311 1595 1349 «Ego
1627 1312 1678 1341 lux
1706 1313 1768 1342 veni
1790 1313 1817 1341 in
1839 1321 1920 1342 mun-

1069 1357 1153 1391 dum;
1168 1357 1217 1394 qui
1232 1358 1360 1395 sequitur
1373 1366 1418 1387 me
1432 1367 1486 1387 non
1502 1359 1627 1387 ambulat
1647 1359 1675 1387 in
1697 1359 1842 1389 tenebris»
1869 1364 1920 1390 etc.

1069 1404 1124 1433 Hoc
1145 1404 1179 1432 ad
1201 1404 1402 1434 humanitatem
1424 1405 1563 1440 refertur;
1579 1413 1634 1434 non
1656 1406 1729 1435 euim
1751 1407 1879 1449 sequitur
1893 1407 1920 1436 in

1069 1459 1102 1480 eo
1123 1451 1316 1481 excellentiam
1347 1452 1409 1487 Dei,
1438 1452 1487 1481 sed
1515 1452 1700 1482 humilitatem
1729 1453 1857 1483 hominis.
1884 1470 1921 1475 —-

1070 1498 1117 1527 Est
1136 1501 1230 1527 autem
1253 1499 1406 1528 secundum
1428 1499 1503 1537 quod
1525 1499 1609 1528 homo
1629 1500 1680 1528 lux
1704 1508 1848 1538 arguens,
1870 1501 1921 1530 lux

1069 1544 1214 1582 dirigens,
1238 1545 1288 1574 lux
1309 1545 1470 1574 delectans.-
1503 1554 1634 1584 aryuens
1659 1546 1759 1581 malos,
1790 1547 1922 1585 dirigens

1069 1592 1172 1626 iustos,
1194 1591 1337 1621 delectans
1359 1593 1463 1622 Beatos.
1479 1610 1517 1615 --
1533 1593 1646 1631 Arquit
1661 1593 1770 1628 malos;
1784 1594 1818 1623 ad
1834 1595 1922 1632 Ephe-

1069 1639 1125 1668 sios
1156 1639 1254 1677 quinto
1275 1639 1305 1668 ⁵:
1331 1639 1459 1669 «Omnia
1486 1640 1573 1675 enim,
1602 1648 1674 1678 111138
1702 1645 1878 1678 arguuntur,
1907 1650 1923 1670 a

1070 1686 1175 1715 lumine
1207 1686 1419 1716 manifestantur
1433 1698 1469 1722 »;
1495 1690 1523 1716 81
1553 1687 1614 1717 11180
1647 1688 1741 1717 01111111
1775 1696 1791 1717 a
1825 1689 1921 1723 malis;

1072 1734 1179 1763 loannis
1202 1734 1300 1763 tertio:
1326 1745 1340 1759 <r
1355 1733 1467 1769 Omnis,
1482 1735 1530 1772 11111
1546 1735 1617 1764 111318
1631 1736 1702 1773 agit,
1716 1735 1774 1765 odit
1792 1736 1882 1765 lucem
1893 1747 1920 1764 ».

1071 1798 1107 1802 —
1136 1781 1247 1819 Diriyit
1267 1781 1379 1815 iustos;
1402 1782 1509 1811 loannis
1529 1782 1707 1812 duodecimo:
1733 1794 1747 1808 «
1762 1783 1921 1817 Ambulate,

1068 1829 1135 1858 dum
1167 1829 1256 1858 lucem
1289 1829 1413 1864 habetis,
1444 1832 1476 1858 ut
1497 1830 1628 1859 tenebrae
1649 1838 1698 1859 vos
1718 1838 1772 1859 non
1794 1838 1921 1867 compre-

1069 1875 1191 1904 hendant
1202 1886 1232 1910 »;
1248 1876 1337 1904 Lucae
1351 1875 1455 1913 primo:
1477 1887 1490 1901 α
1501 1876 1626 1905 Visitavit
1637 1884 1687 1906 nos
1701 1877 1793 1906 oriens
1807 1885 1843 1906 ex
1857 1877 1921 1911 alto,

1069 1922 1227 1952 illuminare
1241 1923 1285 1951 his
1300 1923 1347 1960 qui
1363 1923 1391 1951 in
1407 1923 1530 1952 tenebris
1548 1923 1669 1952 sedent»
1685 1926 1751 1958 818,
1778 1935 1792 1949 ⁴<
1802 1924 1837 1953 ad
1854 1924 1921 1953 diri-

1069 2097 1123 2117 sunt
1138 2093 1306 2117 Commentarii
1322 2094 1344 2116 in
1362 2094 1482 2122 loannem,
1499 2093 1540 2122 qui
1558 2096 1618 2116 totus
1636 2095 1683 2116 sere
1699 2096 1734 2116 est
1745 2094 1767 2116 111
1779 2094 1921 2122 expositione

1069 2140 1151 2157 sensus
1168 2133 1278 2157 litteralis
1295 2136 1318 2155 et
1338 2133 1360 2155 in
1383 2132 1501 2155 solvendis
1524 2132 1699 2161 quaestionibus
1721 2133 1852 2161 exegeticis.
1874 2133 1921 2155 Hae

1069 2176 1146 2196 autem
1169 2172 1307 2196 Collationes
1329 2178 1372 2200 pro
1395 2171 1595 2200 praedicatoribus
1618 2174 1714 2194 tractant
1735 2177 1773 2194 res
1794 2172 1920 2200 practices,

1069 2219 1162 2236 sacrum
1179 2215 1265 2236 textum
1283 2212 1370 2240 passim
1388 2211 1504 2240 applicant
1516 2211 1585 2234 etiam
1597 2211 1727 2234 secundum
1739 2217 1833 2233 sensum
1845 2212 1922 2241 tropo·

1070 2251 1175 2282 loyicum
1191 2252 1242 2274 sive
1259 2251 1370 2273 moralem
1382 2252 1453 2279 atque
1464 2250 1582 2278 praeclara
1598 2250 1695 2272 afferunt
1705 2250 1735 2272 de
1746 2249 1835 2272 Christo
1847 2253 1869 2272 et
1881 2250 1922 2273 Ec-

1070 2292 1139 2314 clesia
1156 2291 1305 2314 documenta.
1322 2291 1462 2318 Supponunt
1479 2290 1555 2318 ipsum
1574 2289 1752 2317 praecedentem
1777 2288 1921 2312 Commenta-

1068 2331 1129 2353 rium
1139 2349 1143 2359 ,
1155 2336 1198 2353 nec
1207 2335 1282 2358 pauca
1294 2336 1320 2352 ex
1333 2335 1361 2351 eo
1373 2329 1417 2351 alio
1430 2328 1500 2351 modo
1512 2330 1628 2356 repetunt.
1639 2328 1669 2350 Ex
1681 2328 1854 2356 comparatione
1865 2328 1921 2351 duo-

1070 2376 1122 2393 rum
1143 2376 1241 2398 operum
1259 2369 1314 2392 satis
1331 2370 1405 2397 patet,
1423 2368 1523 2391 eundem
1541 2373 1591 2390 esse
1609 2368 1730 2396 utriusque
1746 2370 1872 2390 auctorem.
1890 2380 1921 2385 -

1069 2409 1128 2433 Cum
1152 2412 1229 2431 autem
1253 2409 1324 2431 lector
1347 2408 1412 2430 facile
1434 2413 1554 2430 recurrere
1575 2406 1648 2434 possit
1670 2406 1699 2429 ad
1722 2405 1920 2429 Commentarium

1069 2449 1255 2477 praecedentem,
1272 2447 1312 2470 ubi
1329 2450 1378 2470 tum
1391 2446 1413 2469 in
1425 2445 1570 2476 eoepositz'om
1587 2446 1691 2469 eiusdem
1709 2446 1817 2469 versiculi
1834 2448 1881 2468 tuni
1899 2446 1921 2468 in

1069 2488 1164 2511 annexis
1182 2486 1358 2517 quaestionibus
1375 2492 1428 2508 cum
1446 2485 1558 2513 appositis
1581 2485 1665 2507 nostris
1689 2485 1748 2507 notis
1773 2491 1819 2507 non
1845 2491 1921 2513 pauca

1069 2528 1217 2550 inveniuntur
1229 2527 1258 2549 ad
1275 2527 1337 2548 hunc
1354 2528 1439 2548 textum
1458 2524 1617 2547 illustrandum
1636 2527 1689 2552 apta
1698 2533 1705 2552 5
1726 2524 1779 2547 ideo
1801 2524 1868 2547 nobis
1885 2531 1921 2547 su.

1070 2567 1185 2595 perfluum
1198 2572 1248 2589 esse
1260 2566 1336 2588 visum
1349 2567 1395 2591 est,
1408 2564 1500 2592 speciali
1518 2563 1655 2591 allegatione
1665 2563 1741 2586 locum
1757 2563 1921 2586 Commentarii

1070 2605 1172 2628 indicare
1188 2605 1224 2626 vel
1242 2603 1295 2626 alibi
1313 2604 1372 2626 dicta
1389 2605 1501 2631 repetere.
1520 2602 1666 2625 Remittimus
1677 2602 1748 2630 igitur
1765 2603 1873 2625 lectorem
1891 2603 1921 2625 ad

1069 2645 1170 2668 eundem
1188 2650 1283 2666 versum
1302 2643 1324 2665 in
1341 2642 1514 2666 Commentario
1532 2641 1707 2664 conserendum.

1136 2682 1145 2695 2
1163 2684 1192 2705 lta
1210 2683 1242 2710 C;
1259 2683 1276 2705 A
1288 2682 1303 2704 Β
1321 2681 1415 2709 Primo,
1433 2680 1546 2711 quoniam
1563 2679 1637 2703 datur
1652 2679 1727 2703 nobis.

1135 2722 1144 2735 ³
1162 2723 1227 2745 Vers.
1244 2723 1266 2744 9.
1284 2734 1315 2738 —
1331 2721 1427 2744 Inferius
1444 2721 1461 2743 Α
1472 2721 1488 2743 Β
1504 2720 1612 2742 omittunt
1628 2719 1747 2742 hominem
1763 2718 1806 2742 vet.

1134 2761 1144 2774 ‘¹
1161 2762 1228 2784 Vers.
1247 2762 1290 2783 ⁴2:
1308 2760 1358 2790 Eyo
1374 2766 1430 2783 sum
1448 2759 1493 2782 lua·
1509 2758 1606 2787 mundi,
1624 2758 1666 2788 qui
1681 2758 1788 2788 sequitur
1805 2761 1861 2787 etc.;
1878 2759 1919 2781 cfr.

1072 2803 1113 2830 ⁴2,
1132 2801 1176 2830 46;
1195 2801 1245 2830 Eyo
1263 2800 1308 2823 [τιατ
1324 2799 1349 2822 in
1365 2798 1483 2822 mundum
1500 2798 1558 2821 veni.
1573 2811 1598 2814 —
1617 2798 1713 2820 interius
1730 2804 1772 2826 pro
1790 2797 1832 2821 Dei
1847 2797 1864 2821 C
1882 2797 1919 2820 Di-

1068 2840 1184 2868 vindatis,
1199 2840 1239 2869 qui
1257 2839 1325 2861 etiam
1340 2838 1442 2870 subinde
1459 2844 1501 2866 pro
1519 2837 1560 2861 Est
1576 2839 1656 2861 antem
1673 2837 1791 2860 substituit
1808 2836 1919 2860 Christus

1069 2882 1156 2903 (tutem.

1132 2917 1141 2930 ⁵
1159 2918 1224 2940 Vers.
1243 2918 1280 2939 13.
1296 2929 1327 2933 -
1344 2916 1446 2939 Subinde
1471 2916 1599 2943 allegantur
1624 2916 1686 2937 ioan.
1702 2915 1729 2943 3,
1747 2915 1791 2942 2ος
1813 2915 1852 2942 ¹2,
1873 2915 1917 2941 353

1068 2959 1121 2981 Luc.
1145 2958 1166 2984 l,
1184 2957 1221 2979 78.
1239 2962 1288 2984 seq.
1305 2958 1327 2978 et
1344 2956 1415 2983 Apoc.
1433 2955 1471 2982 21,
1489 2955 1529 2976 23.

1937 1268 1970 1287 Est
1982 1268 2013 1287 lux
2026 1270 2047 1287 ut

1961 1292 2021 1311 homo.

1939 1502 2014 1526 Triplex
2029 1502 2068 1521 lux.
