2296 3316
15 214 20 236 i

15 240 17 255 i

15 256 99 285 §ecundm

15 290 17 298 l

15 303 17 315 l

13 369 17 429 l
33 395 101 415 Tertia.

15 1141 85 1169 &cundo
90 1154 96 1163 ,

6 1164 103 1186 *insuenda-

5 1188 109 1210 miudicium

15 1213 84 1232 lunum.

1 1283 69 1310 liparim
81 1281 108 1300 iu-

6 1311 38 1327 ·nifl
47 1305 110 1329 requi-

6 1331 110 1371 :erw-

14 1468 105 1498 jl’rimum.

22 1795 108 1814 eundum.

16 2355 114 2375 *Tei-tium.

565 165 790 195 COLLATIONES
812 165 843 193 IN
866 164 1012 193 [OANNEM
1033 164 1101 192 CAP.
1124 164 1176 192 Vll.
1198 164 1290 192 COLL.
1314 164 1412 192 xxxii.

116 246 245 284 proximo
270 249 317 275 tuo
332 257 358 273 υ.
381 261 419 265 -
440 244 597 273 Secundum
619 246 660 272 est
681 243 798 277 odium,
819 243 893 280 quod
914 242 961 270 de-

117 293 269 322 testabatur
290 292 335 321 lob
356 295 451 321 sexto:
478 302 491 316 α
507 290 692 327 Respondete,
710 290 842 324 obsecro,
856 289 961 326 absque

117 339 306 374 contentione,
327 342 355 368 et
375 339 519 376 loquentes
539 337 566 365 id
587 337 661 374 quod
689 337 793 365 iustum
814 339 868 371 est,
890 336 961 365 iudi-

118 389 176 416 cate
191 397 217 420 υ;
233 386 320 415 lacobi
336 386 432 415 tertio:
458 396 472 410 «
487 384 637 421 Sapientia,
658 391 729 420 quae
744 395 757 409 ι»
776 386 827 412 etc.
843 400 881 404 —
895 384 961 412 Ter—

117 434 187 462 tium
206 436 248 462 est
268 433 380 462 dileetio
401 433 458 461 sive
478 432 556 460 favor
574 431 747 468 popularis,
769 430 817 467 qui
833 430 961 467 prohibe-

117 484 163 509 tur
185 479 270 508 Exodi
293 479 424 516 vigesimo
445 478 527 507 tertio
540 478 565 505 ¹:
592 488 606 502 «ι
621 476 752 513 Pauperis
773 485 827 505 non
848 476 962 504 misere-

117 527 190 556 beris
204 526 232 554 in
246 525 385 559 iudicio»;
405 528 432 553 et
453 524 569 553 ibidem:
596 535 610 548 «
624 523 682 551 Non
703 524 828 559 sequeris
849 523 960 551 turbam

116 573 150 602 ad
177 572 331 602 faciendum
360 572 479 605 malum,
507 578 557 599 nec
585 570 612 598 in
644 569 745 598 iudicio
775 569 961 606 plurimorum

96 640 100 646 .
117 619 275 657 acquiesces
296 618 462 652 sententiae,
483 620 515 646 ut
535 625 552 645 a
572 624 639 645 vero
659 615 752 644 devies
767 627 793 643 ».
816 631 852 636 —
874 615 962 651 Quar-

119 669 178 694 tum
200 667 242 694 est
262 664 428 702 cupiditas,
449 671 521 701 quae
542 662 708 700 prohibetur
730 661 814 690 Exodi
831 661 964 698 vigesimo

119 712 215 741 tertio:
242 723 255 736 cr
270 712 327 740 Non
348 711 466 747 accipies
486 717 619 743 munera,
640 716 712 746 quae
733 710 884 737 excaecant
897 715 963 736 ocu-

118 759 159 788 los
180 758 359 796 prudentium
379 760 406 786 et
427 757 594 785 subvertunt
621 755 707 784 verba
734 754 872 783 iustorum
888 765 915 786 »ς
937 757 965 782 et

118 804 298 834 Ecclesiastici
326 804 473 841 vigesimo:
506 814 519 828 n
535 802 639 831 Exenia
662 805 689 830 et
716 801 788 830 dona
814 803 965 829 excaecant

118 852 214 881 oeulos
241 850 365 880 iudicum
380 862 405 878 ι).
429 866 465 871 -
491 850 616 886 Quatuor
640 849 692 877 ista
719 848 896 877 continentur
922 848 965 876 his

119 898 284 927 versibus2:

213 976 316 1005 Quatuor
333 975 386 997 ista:
404 975 479 1002 timor,
496 974 589 1001 odium,
606 973 710 999 dilectio,
728 979 824 1000 census,

213 1015 288 1043 Saepe
304 1015 378 1037 solent
393 1014 513 1037 hominum
530 1015 605 1036 rectos
622 1015 755 1041 pervertere
771 1018 861 1034 sensus.

197 1085 224 1114 Ιι.
246 1085 393 1122 Sequitur:
417 1084 472 1113 Sed
490 1084 603 1112 iustam
618 1082 763 1112 iudicium
777 1082 913 1110 iudicate.
930 1097 966 1102 —-

119 1131 166 1161 Hic
187 1131 368 1160 commendat
387 1130 521 1159 Dominus
542 1129 687 1158 iudicium
708 1129 828 1157 iustum.
849 1128 899 1157 Ubi
919 1136 967 1156 no-

119 1177 234 1206 tandum
255 1180 311 1211 est,
333 1177 407 1214 quod
426 1176 459 1205 ad
474 1177 546 1205 iuste
560 1175 737 1204 iudicandum
749 1175 760 1191 ⁸
774 1174 909 1211 quaedam
924 1182 967 1202 re-

120 1224 273 1262 quiruntur
294 1224 321 1252 in
343 1223 439 1252 iudice
452 1240 491 1244 —
504 1226 531 1251 et
545 1222 680 1259 quaedam
696 1222 723 1250 in
738 1221 844 1250 iudicii
857 1221 966 1250 ordine.

122 1287 158 1292 -
180 1270 221 1299 Ex
243 1273 321 1307 parte
342 1270 450 1298 iudicis
472 1269 626 1306 requiritur
647 1268 754 1297 iudicis
772 1268 919 1305 sapientia
940 1268 967 1296 in

121 1317 291 1354 cognitione,
313 1316 428 1344 iustitia
449 1316 476 1344 in
492 1316 658 1349 intentione,
675 1313 969 1352 irreprehensibilitas

121 1363 149 1392 in
170 1363 393 1396 conversatione,
416 1362 580 1390 auctoritas
601 1362 627 1390 in
649 1361 836 1390 exsecutione.

201 1411 226 1438 5.
249 1409 339 1438 Primo
367 1417 433 1446 ergo
461 1408 616 1445 requiritur
636 1407 783 1444 sapientia
811 1408 843 1436 in
871 1408 968 1445 coynt-

122 1457 211 1491 tione‚
225 1460 258 1485 ut
271 1457 315 1485 ius
329 1456 432 1485 scilicet
447 1455 555 1484 noverit
567 1458 595 1483 et
608 1462 719 1483 causam
735 1455 815 1489 sciat,
830 1454 897 1491 quia
911 1454 969 1483 sine

122 1504 174 1533 hoc
195 1506 267 1532 esset
287 1503 420 1532 iudicium
442 1502 641 1531 temerarium.
664 1502 736 1530 Hanc
751 1501 908 1538 postulabat
923 1502 969 1529 Sa-

122 1551 213 1579 lomon
243 1550 315 1579 tertii
338 1550 441 1587 Regum
465 1549 582 1578 tertio4:
609 1560 622 1573 «
638 1549 736 1583 Dabis,
759 1548 864 1585 inquit,
890 1556 970 1577 servo

122 1601 171 1626 tuo
192 1605 239 1626 cor
259 1597 362 1631 docile,
378 1599 410 1625 ut
423 1597 509 1633 possit
529 1596 652 1625 iudicare
673 1595 808 1632 populum
823 1607 837 1620 2>
855 1598 924 1629 etc.;
943 1597 970 1623 et

123 1643 250 1681 sequitur
264 1643 292 1672 in
306 1643 417 1672 eodem:
438 1654 451 1668 α
465 1643 517 1679 Qui
539 1643 694 1671 timuerunt
709 1650 817 1679 regem,
833 1641 970 1675 videntes,

124 1691 284 1727 sapientiam
307 1690 354 1719 Dei
376 1698 436 1719 esse
457 1690 483 1718 in
505 1697 538 1718 eo
559 1689 592 1718 ad
614 1689 768 1718 faciendum
795 1688 928 1717 iudicium
944 1700 970 1716 ›=.

204 1738 229 1766 6.
252 1737 413 1775 Requiritur
434 1737 516 1766 etiam
545 1737 660 1765 iustitia
688 1736 719 1764 in
744 1736 915 1770 intentione,
941 1738 973 1764 ut

125 1784 228 1813 scilicet
255 1784 357 1812 iudicet
377 1791 431 1812 non
454 1783 565 1812 libidine
594 1783 746 1816 vindictae,
772 1782 816 1811 vel
836 1782 907 1816 irae,
930 1782 973 1811 vel

125 1831 262 1868 cuiusque
283 1830 417 1864 malitiae,
440 1830 487 1859 sed
508 1837 603 1858 amore
617 1829 752 1864 iustitiae,
768 1829 833 1866 quia
848 1829 906 1858 sine
921 1829 973 1857 hoc

126 1881 198 1907 esset
223 1877 357 1906 iudicium
385 1877 538 1915 iniquum;
559 1880 587 1905 et
614 1877 648 1905 ad
670 1877 722 1905 hoc
750 1877 879 1905 hortatur
901 1876 973 1905 Scri-

126 1927 210 1961 ptura
230 1924 343 1953 secundi
365 1924 589 1961 Paralipomenon
617 1923 723 1952 decimo
750 1923 860 1952 non05:
888 1935 901 1948 α
916 1923 973 1951 Non

127 1971 279 2005 exercetis,
300 1971 353 2004 ait,
376 1970 507 1999 iudicium
530 1970 664 2004 bominis,
686 1970 734 1999 sed
755 1970 820 2004 Dei,
843 1973 871 1999 et
885 1970 973 2007 quod-

127 2025 248 2055 cumque
268 2017 471 2051 iudicaveritis,
494 2017 520 2045 in
543 2025 592 2045 vos
613 2017 778 2046 redundabit
792 2028 820 2051 »;
835 2020 862 2046 et
876 2016 974 2045 adiun-

128 2064 181 2101 git:
207 2075 220 2089 «
235 2064 292 2093 Non
314 2064 387 2092 enim
409 2067 450 2092 est
470 2063 543 2100 apud
571 2064 660 2099 Deum
687 2067 815 2092 nostrum
844 2064 975 2100 iniquitas

129 2118 179 2139 nec
199 2118 383 2147 personarum
404 2111 526 2147 acceptio
547 2117 597 2139 neo
618 2110 718 2147 cupido
736 2118 927 2139 munerum».
944 2109 975 2137 Et

129 2157 190 2186 ideo
210 2157 311 2186 dicitur
333 2157 486 2194 Sapientiae
501 2157 607 2193 primo:
628 2169 641 2182 «ι
656 2157 765 2194 Diligite
779 2157 911 2185 iustitiam
926 2157 974 2193 qui

130 2203 256 2232 iudicatis
283 2206 385 2232 terram
401 2214 429 2237 »;
450 2206 478 2231 et
503 2203 530 2231 in
557 2203 677 2232 Psalmo:
704 2214 717 2228 τε
732 2203 814 2232 Recta
842 2202 976 2237 iudicate,

130 2250 179 2279 filii
200 2250 345 2279 hominum
360 2262 386 2278 ».

210 2298 236 2326 7.
258 2297 419 2334 Requiritur
439 2297 522 2326 etiam
543 2296 838 2334 irreprehensibilitas
859 2296 890 2325 in
911 2305 977 2325 eon-

131 2345 294 2373 versatione
301 2355 311 2378 ‚·
332 2352 385 2373 non
407 2344 481 2373 enim
502 2352 624 2381 congrue
639 2347 729 2381 potest
743 2343 791 2380 qui
806 2343 978 2372 damnandus

132 2395 190 2426 est,
211 2391 296 2420 alium
311 2391 458 2426 damnare;
474 2391 595 2428 alioquin
611 2391 744 2419 iudicium
759 2390 812 2419 erit
823 2398 979 2427 praesum-

133 2442 250 2466 tuosum
257 2449 268 2472 ;
288 2441 402 2475 propter
416 2438 491 2475 quod
504 2438 606 2466 dicitur
621 2437 654 2466 ad
670 2438 805 2466 Romanos
819 2436 940 2466 secundo
951 2437 978 2465 ⁶:

137 2496 151 2509 <r
166 2484 363 2513 Inexcusabilis
384 2492 428 2519 es,
450 2493 466 2513 o
486 2485 585 2519 homo,
601 2484 647 2522 qui
663 2484 776 2513 iudicas.
792 2484 820 2512 In
836 2491 892 2520 quo
906 2483 979 2511 enim

198 2668 205 2681 ¹
224 2669 291 2692 Vers.
307 2669 330 2691 3.
346 2672 368 2691 et
385 2670 406 2691 2.
418 2681 449 2686 —
461 2670 593 2698 Sequuntur
610 2669 679 2692 Exod.
692 2670 718 2696 3,
731 2670 753 2691 8.
770 2671 792 2691 et
809 2669 876 2691 Eccli.
888 2669 925 2697 20,
938 2669 962 2691 31
975 2677 980 2691 :

135 2708 214 2731 Xenia
230 2710 252 2732 et
267 2708 330 2731 dona
347 2710 391 2730 etc.
407 2707 451 2730 Ctr.
469 2713 539 2736 supra
557 2714 610 2736 pag.
628 2708 687 2736 543,
704 2711 758 2730 nota
777 2709 813 2730 to.

197 2746 207 2760 ²
224 2748 295 2770 iidem
322 2753 403 2770 versus
428 2750 553 2770 occurrunt
577 2754 647 2776 supra
673 2748 697 2769 in
721 2746 850 2771 Comment.
875 2747 896 2769 in
919 2748 980 2769 ioan.

136 2793 157 2810 c.
173 2787 196 2810 7.
213 2793 234 2810 n.
251 2787 289 2809 74.

198 2825 208 2838 ²
225 2826 282 2849 Cod.
298 2825 315 2849 C
333 2825 364 2848 ad
380 2825 470 2849 iustum
487 2825 609 2849 iudicium.

199 2864 209 2877 Δ
226 2865 293 2887 Vers.
309 2865 332 2887 9.
349 2868 371 2887 et
389 2865 426 2887 28.

199 2902 210 2916 ⁵
226 2904 293 2927 Vers.
309 2904 332 2926 6.
349 2907 371 2926 et
387 2903 409 2926 7.
427 2915 457 2920 —
475 2903 579 2926 Subinde
601 2903 728 2931 allegantur
750 2904 804 2931 Sap.
822 2903 843 2931 l,
861 2903 880 2925 Ἰ,
901 2905 923 2925 et
946 2903 982 2925 Ps.

139 2943 181 2967 57.
198 2944 221 2966 2.

1805 167 1856 194 571

1018 241 1122 270 iudicas
1142 242 1276 275 alterum,
1299 245 1325 270 te
1346 242 1436 278 ipsum
1458 242 1638 277 condemnas;
1666 242 1760 271 eadem
1788 243 1861 271 enim

1017 288 1091 324 agis,
1113 296 1183 325 quae
1205 288 1309 317 iudicas
1323 299 1350 322 »;
1372 289 1499 317 Matthaei
1521 289 1651 325 septimo:
1672 301 1685 314 «
1700 289 1860 326 Hypocrita,

1018 335 1084 363 eiice
1105 335 1226 371 primum
1249 335 1354 363 trabem
1376 335 1410 363 de
1431 336 1511 363 oculo
1532 338 1579 364 tuo
1593 347 1606 361 »
1633 338 1683 364 etc.

1097 382 1124 409 8.
1146 381 1307 418 Requiritur
1327 382 1409 410 etiam
1432 382 1595 410 auctoritas
1616 383 1646 410 in
1667 383 1860 417 exsecutione,
1878 387 1976 410 Quartum.

1019 428 1077 456 sine
1098 436 1154 464 qua
1174 430 1246 456 esset
1266 428 1347 456 etiam
1369 428 1502 456 iudicium
1531 432 1728 465 usurpatum;
1750 432 1862 466 propter

1019 474 1093 511 quod
1113 474 1215 502 dicitur
1236 474 1270 502 ad
1291 474 1425 503 Romanos
1439 474 1544 503 decimo
1558 478 1658 512 quarto
1670 476 1696 503 ⁷:
1717 487 1730 500 α
1744 476 1784 504 Tu
1800 476 1863 512 quis

1019 529 1064 555 es,
1085 521 1134 558 qui
1155 520 1260 549 iudicas
1280 521 1402 549 alienum
1424 529 1536 549 servum
1551 524 1584 549 n?
1605 525 1632 550 et
1653 522 1740 550 Lucae
1761 522 1863 550 duode-

1019 567 1105 595 cimo:
1131 578 1145 592 α
1160 567 1260 601 Homo,
1281 567 1344 604 quis
1365 567 1507 595 constituit
1526 575 1570 595 me
1585 568 1702 596 iudicem
1718 576 1801 605 snper
1816 576 1864 596 vos

1019 616 1068 641 aut
1087 613 1235 641 divisorem
1252 616 1285 641 n?
1306 613 1384 649 quasi
1406 613 1492 641 dieat:
1508 622 1562 641 non
1577 614 1660 643 debes
1675 614 1796 643 iudicare
1810 623 1863 642 non

1020 659 1187 687 constitutus
1204 667 1220 686 a
1234 659 1387 695 superiore.
1404 676 1441 679 —
1456 660 1524 688 Haec
1545 668 1611 697 ergo
1631 664 1752 697 quatuor
1774 661 1865 697 requi-

1021 709 1124 734 runtur
1146 705 1174 733 in
1195 705 1294 734 iudice.

1100 753 1126 780 9.
1149 752 1218 780 Sunt
1246 756 1273 780 et
1300 752 1353 781 alia
1381 756 1515 789 quatuor,
1537 761 1608 789 quae
1630 754 1813 790 requiruntur
1839 753 1865 781 in
1884 757 1952 798 tuem,
1966 761 2014 797 <1¹32

1021 799 1127 828 iudicii
1146 800 1343 833 exsecutione,
1365 799 1468 828 scilicet
1489 800 1639 837 inquisitio
1654 800 1784 836 diligens,
1800 799 1867 834 defi-
1884 784 2012 844 §Zifpffifiu-

1021 846 1093 875 nitio
1115 846 1200 881 iusta,
1221 846 1364 874 exsecutio
1386 849 1529 880 constans,
1548 847 1663 884 punitio
1678 846 1807 875 modesta.
1833 863 1868 867 —
1933 840 1937 844 '

1022 893 1184 930 Requiritur
1209 893 1359 931 inquisitio
1387 893 1531 930 diligens,-
1559 893 1632 922 unde
1661 893 1706 921 Iob
1738 893 1868 930 vigesimo
1886 895 1975 914 Primum.

1023 947 1095 967 nono
1106 938 1130 967 ⁸:
1151 950 1164 964 «ι
1179 939 1311 973 Causam,
1327 947 1410 976 quam
1426 939 1593 973 nesciebam,
1608 939 1814 976 diligentissime
1829 939 1868 967 in-

1024 985 1191 1022 vestigabam
1206 996 1233 1019 »3
1255 988 1282 1014 et
1303 985 1417 1014 secundi
1439 986 1662 1023 Paralipomenon
1678 986 1783 1014 decimo
1798 994 1869 1014 nono

1022 1032 1124 1061 dicitur
1145 1032 1298 1061 iudicibus:
1325 1044 1338 1057 «
1353 1032 1422 1061 Cum
1440 1033 1580 1070 diligentia
1595 1037 1694 1062 cuncta
1708 1033 1787 1061 facite
1802 1044 1828 1067 »;
1843 1035 1870 1061 et

1024 1080 1131 1108 Ioannis
1158 1080 1290 1117 septimo:
1324 1092 1337 1105 «
1352 1080 1479 1117 Nunquid
1506 1081 1561 1109 Lex
1584 1085 1678 1109 nostra
1699 1080 1800 1109 iudicat
1821 1081 1870 1109 ho—

1024 1126 1143 1161 minem,
1164 1126 1215 1155 nisi
1242 1127 1320 1163 prius
1347 1127 1466 1155 audierit
1493 1127 1527 1155 ab
1556 1127 1614 1164 ipso
1642 1130 1669 1156 et
1696 1127 1870 1164 cognoverit,

1024 1173 1091 1210 quid
1112 1173 1193 1202 faciat
1208 1176 1239 1201 »t
1254 1190 1292 1194 —
1311 1174 1472 1210 Requiritur
1493 1174 1621 1211 definitio
1642 1175 1739 1207 iasta;
1760 1174 1870 1202 Levitici
1887 1176 2000 1194 Secundum.

1024 1219 1130 1248 decimo
1152 1228 1239 1248 nono:
1266 1232 1279 1245 «
1294 1220 1351 1249 Non
1367 1220 1523 1249 consideres
1538 1229 1682 1258 personam
1698 1221 1828 1258 pauperis
1843 1232 1869 1254 »;

1025 1269 1052 1295 et
1072 1266 1214 1303 sequitur:
1247 1278 1261 1291 «
1276 1267 1349 1295 Iuste
1377 1267 1467 1295 iudica
1494 1268 1623 1303 proximo
1651 1271 1699 1296 tuo
1713 1279 1739 1295 ».
1762 1285 1800 1288 —
1821 1268 1870 1296 Re·
1887 1269 1978 1288 Tertium.

1025 1313 1149 1350 quiritur
1169 1313 1311 1341 exsec-atio
1332 1318 1486 1346 masmim
1512 1313 1690 1342 Ecclesiastici
1717 1314 1869 1350 septimo⁰:

1030 1371 1043 1385 ιε
1058 1360 1116 1388 Noli
1138 1367 1274 1396 quaerere
1287 1360 1347 1389 fieri
1364 1360 1448 1389 iudex
1458 1383 1465 1394 ,
1480 1361 1531 1389 nisi
1546 1361 1650 1389 virtute
1665 1361 1755 1389 valeas
1769 1361 1872 1389 irrum-

1025 1415 1091 1444 pere
1112 1407 1294 1443 iniquitatem,
1316 1415 1351 1435 ne
1372 1407 1442 1435 forte
1463 1407 1628 1436 extimescas
1656 1407 1752 1436 faciem
1778 1411 1872 1444 poten-

1026 1454 1061 1482 tis
1076 1466 1102 1481 ».
1118 1470 1157 1474 —
1170 1454 1331 1490 Requiritur
1342 1454 1458 1490 punitio
1472 1454 1619 1486 modestm
1640 1454 1817 1482 Ecclesiastae
1832 1462 1872 1483 se·
1890 1457 1987 1480 Quartum-

1026 1501 1127 1538 ptimo:
1153 1512 1167 1525 α
1181 1501 1238 1529 Noli
1254 1508 1314 1529 esse
1328 1501 1418 1529 iustus
1432 1501 1550 1529 multum
1561 1523 1568 1534 ,
1583 1508 1674 1538 neque
1688 1501 1751 1537 plus
1769 1501 1873 1538 sapias,

1027 1556 1110 1585 quam
1132 1556 1243 1577 necesse
1264 1551 1306 1576 est
1320 1559 1347 1582 »;
1369 1551 1397 1576 et
1418 1548 1478 1576 ideo
1500 1548 1633 1576 statuitur
1651 1548 1750 1576 modus
1770 1556 1873 1585 poenae

1027 1595 1234 1624 Deuteronomii
1263 1595 1396 1632 vigesimo
1423 1595 1536 1632 quinto,
1565 1603 1628 1623 cum
1650 1595 1768 1624 dicitur:
1794 1608 1807 1620 «ε
1823 1596 1874 1624 Pro

1028 1648 1159 1669 mensura
1187 1641 1290 1678 peccati
1316 1641 1369 1670 erit
1389 1644 1416 1670 et
1437 1641 1580 1678 plagarum
1603 1641 1715 1675 modus;
1739 1642 1775 1670 ita
1794 1642 1874 1670 dum—

1028 1691 1121 1722 taxat,
1144 1692 1174 1716 ut
1195 1688 1445 1725 quadragenarium
1468 1696 1615 1717 numerum
1638 1696 1692 1716 non
1717 1688 1872 1717 excedat».

1327 1776 1467 1813 COLLATio
1486 1790 1576 1813 xxxii.

1110 1876 1198 1911 (Vers.
1221 1876 1288 1911 34).
1313 1876 1465 1912 Quaeretis
1486 1885 1529 1904 me
1550 1881 1575 1904 et
1595 1885 1653 1905 non
1675 1877 1831 1905 invenietis.

1112 1925 1135 1952 1.
1158 1924 1238 1958 Nota,
1259 1923 1334 1961 quod
1355 1931 1371 1952 a
1386 1923 1464 1952 bonis
1485 1924 1630 1960 quaeritur
1645 1923 1773 1952 Christus
1794 1927 1821 1952 et
1836 1923 1876 1951 in-
1895 1924 2012 1972 fflaee‘rssffii

1030 1971 1141 1999 venitur
1162 1970 1196 1999 ab
1217 1970 1283 2004 illis;
1305 1970 1450 2007 quaeritur
1471 1974 1578 2004 autem,
1593 1970 1640 1999 sed
1661 1978 1715 1998 non
1738 1970 1878 1999 invenitur
1903 1972 2000 2019 ⁸¹{7‘50‘bie‘

1030 2026 1046 2046 a
1066 2017 1208 2054 reprobis,
1230 2017 1333 2054 quibus
1348 2017 1393 2045 hic
1414 2017 1528 2045 dicitur:
1549 2017 1701 2053 Qaaeretz's
1716 2025 1759 2045 me
1780 2020 1805 2045 et
1821 2025 1877 2045 non
1979 2009 1983 2013 ’

1030 2064 1187 2093 invenietis.
1213 2081 1248 2084 —
1269 2064 1361 2100 Quare
1382 2066 1476 2092 autem
1498 2072 1551 2091 non
1580 2064 1721 2092 invenitur
1743 2064 1877 2092 Dominus
1894 2065 2011 2111 ‘fssfflgfia‘g

1031 2120 1048 2140 a
1068 2111 1280 2148 quaerentibus,
1302 2119 1385 2139 causa
1406 2111 1509 2147 triplex
1524 2113 1583 2139 est:
1606 2118 1662 2138 una
1682 2113 1723 2138 est
1743 2118 1779 2139 ex
1800 2111 2018 2147 parte<C¹¹ri⁸2u⁵¹¹⁰n

1895 2135 2009 2153 inveniatur.

1033 2157 1169 2195 temporis
1188 2173 1224 2178 —
1244 2157 1312 2192 alia,
1333 2165 1369 2186 ex
1392 2160 1469 2193 parte
1491 2157 1546 2185 loci
1566 2173 1602 2177 —
1625 2156 1721 2191 tertia,
1743 2164 1779 2185 ex
1801 2159 1878 2193 parte

1032 2203 1113 2232 modi
1126 2204 1295 2242 quaerendi.
1311 2204 1455 2239 Quaerunt
1469 2211 1536 2240 ergo
1550 2206 1577 2231 et
1598 2211 1651 2231 non
1673 2203 1819 2231 inveniunt
1840 2203 1876 2231 illi

1033 2250 1081 2287 qui
1103 2253 1255 2287 quaerunt,
1278 2258 1332 2278 non
1353 2249 1471 2288 quando
1493 2250 1608 2278 inveniri
1631 2253 1720 2286 potest
1734 2266 1771 2270 —-
1786 2252 1813 2278 et
1831 2250 1878 2286 qui

1034 2300 1186 2334 quaerunt,
1202 2305 1256 2325 non
1272 2296 1323 2325 ubi
1336 2296 1453 2325 inveniri
1469 2299 1558 2333 potest
1573 2313 1611 2316 —
1622 2300 1649 2325 et
1664 2296 1711 2333 qui
1726 2300 1878 2333 quaerunt,

1035 2351 1087 2372 non
1109 2343 1236 2381 qualiter
1257 2343 1373 2372 inveniri
1397 2346 1494 2380 potest.

1114 2390 1140 2417 2.
1163 2389 1323 2425 Quaerunt,
1345 2397 1398 2417 non
1420 2389 1538 2427 quando
1559 2389 1675 2417 inveniri
1705 2391 1809 2425 potest,
1831 2389 1879 2425 qui
1908 2392 1934 2410 Εκ
1947 2394 2001 2416 pane

1890 2416 1981 2439 temporis
1986 2415 2018 2433 tri-

1035 2444 1090 2464 non
1111 2439 1251 2473 quaerunt
1272 2435 1305 2463 de
1326 2435 1387 2469 die,
1410 2436 1452 2463 vel
1481 2435 1528 2472 qui
1550 2443 1603 2463 non
1625 2439 1765 2472 quaerunt
1791 2436 1880 2464 conti·
1900 2438 2009 2480 plegwtgtjse-

1036 2492 1109 2517 mle,
1132 2483 1175 2511 vel
1195 2483 1242 2519 qui
1265 2490 1318 2511 non
1340 2485 1480 2519 quaerunt
1501 2482 1667 2519 tempestive.
1684 2498 1720 2503 —
1735 2482 1877 2519 Quaerunt
1896 2485 1977 2503 Primus.

1099 2667 1109 2680 ὅ
1127 2669 1193 2691 Vers.
1211 2668 1231 2690 i.
1249 2679 1279 2684 —
1296 2667 1405 2696 Sequitur
1430 2668 1507 2689 ltlatth.
1523 2667 1546 2694 7,
1563 2667 1584 2689 5.
1604 2680 1631 2683 —
1650 2667 1762 2695 Superius
1784 2666 1882 2689 vocibus

1037 2707 1113 2730 alium
1130 2706 1247 2730 damnare
1262 2706 1279 2729 C
1297 2706 1410 2728 interserit
1426 2705 1545 2734 iudicare,
1564 2705 1589 2729 id
1604 2708 1646 2729 est.

1100 2744 1108 2758 ⁷
1127 2746 1193 2769 Vers.
1211 2745 1233 2767 4.
1251 2758 1279 2761 —-
1297 2745 1350 2774 Seq.
1367 2745 1431 2767 locus
1447 2748 1481 2767 est
1498 2746 1552 2767 Luc.
1571 2745 1613 2772 12,
1633 2745 1669 2767 14.
1683 2757 1713 2762 -
1726 2745 1822 2767 Interius
1840 2751 1882 2773 pro

1037 2791 1086 2808 'non
1103 2786 1243 2808 constitutus
1260 2783 1276 2807 C
1293 2783 1341 2807 nisi
1356 2783 1505 2807 constitutus.

1100 2822 1110 2835 Β
1129 2824 1193 2846 Vers.
1214 2824 1247 2845 16.
1266 2836 1295 2839 —
1313 2824 1445 2851 Sequuntur
1465 2823 1488 2845 ll.
1507 2823 1603 2851 Paralip.
1623 2823 1658 2850 19,
1675 2823 1702 2850 7;
1720 2823 1779 2845 ioan.
1797 2823 1820 2850 7,
1840 2823 1882 2850 5t;

1038 2864 1094 2886 Lev.
1112 2863 1151 2891 19,
1172 2862 1207 2884 15.

1100 2900 1110 2913 ‘³
1129 2902 1192 2924 Vers.
1211 2901 1231 2923 6.
1249 2913 1280 2917 —
1297 2901 1347 2923 Duo
1367 2907 1430 2929 seqq.
1449 2901 1491 2923 loci
1516 2904 1569 2923 sunt
1594 2901 1666 2924 Eccle.
1683 2901 1704 2929 7,
1725 2900 1759 2923 17.
1777 2904 1800 2923 et
1816 2901 1883 2923 Dent.

1038 2941 1082 2968 25,
1100 2941 1121 2963 2.
1139 2946 1187 2968 seq.
