2296 3316
263 795 319 817 Resp.
333 798 374 812 cum

256 817 382 837 distinctione.

328 1776 385 1800 Resp.

256 1916 331 1943 Duplex
344 1921 386 1941 pro-

283 1942 360 1964 prietas.

399 146 454 174 310

475 221 606 249 Com-na:
633 219 770 248 Potentior
797 221 838 247 est
862 217 909 254 qui
939 218 1028 253 potest
1048 224 1064 244 a
1091 223 1135 249 se,
1157 223 1241 252 quam

397 269 443 306 qui
464 268 499 296 ab
519 268 584 300 alio;
607 267 653 295 sed
683 266 761 294 Pater
783 267 871 302 potest
899 272 915 292 a
942 272 971 292 se
991 264 1066 300 ipso,
1095 262 1178 290 Filius
1206 262 1240 290 ab

397 315 464 343 alio:
486 322 552 350 ergo
574 314 651 342 Pater
673 317 713 341 cst
735 312 871 349 potentior
892 311 965 339 Filio.
982 326 1018 331 —
1035 310 1067 338 Si
1088 313 1118 337 tic
1141 308 1240 337 dicas.-

397 361 534 390 Maioritas
554 360 691 397 potentiae
712 359 835 388 consistit
854 359 880 386 in
903 358 1021 391 virtute,
1045 365 1098 385 non
1119 356 1243 385 consistit

397 409 424 436 in
447 408 526 436 modo
547 407 680 440 habendi,
709 410 735 434 et
756 405 860 433 habere
885 413 904 433 a
931 413 960 433 se
980 404 1046 432 dicit
1074 403 1163 432 solum
1186 410 1243 430 mo-

397 456 463 484 dum
490 454 624 488 habendi,
652 462 706 482 nou
729 453 877 486 virtutem,
906 455 933 480 et
961 452 998 480 ita
1026 459 1080 480 non
1106 450 1242 487 sequitur,

397 502 470 540 quod
492 502 570 530 Pater
591 501 626 529 sit
647 500 784 537 potentior
806 500 885 533 l³ilio3
909 498 1054 532 obiicitur,
1070 497 1144 534 quod
1166 497 1243 525 nobi-

398 549 458 578 liori
480 547 560 576 modo
581 548 701 576 babetur
722 546 795 583 quod
818 546 938 574 liabetur
959 553 974 573 a
996 552 1040 579 so,
1063 552 1147 581 quam
1169 544 1243 581 quod

397 596 432 625 ab
452 595 523 623 alio:
552 602 617 630 ergo
642 594 662 622 si
687 594 764 622 Pater
793 593 875 621 habet
904 592 1052 629 potentiam
1080 600 1095 619 a
1123 599 1167 625 se,
1196 599 1244 619 no-

397 642 487 671 biliori
519 641 600 670 modo
631 641 714 669 habet
745 647 804 669 eam
836 647 920 677 quam
951 639 1049 672 Filius,
1082 638 1129 675 qui
1162 638 1244 666 babet

397 689 432 718 ab
452 689 513 717 alio.

477 734 665 772 Respondetur
687 734 718 762 ad
749 734 813 767 boc,
836 733 908 770 quod
937 731 1041 760 lzabere
1062 731 1098 760 ab
1123 731 1182 760 alio
1203 733 1245 759 est

398 782 507 811 duobus
528 781 630 815 modis,
652 788 701 818 per
719 780 976 817 participationem
997 778 1115 812 scilicet,
1138 778 1179 806 vel
1195 785 1244 814 per

399 829 483 858 solam
505 828 724 856 emanationem.
748 827 859 855 Habere
876 826 912 855 ab
935 826 993 854 alio
1006 834 1059 863 per
1078 825 1243 862 participa-

399 877 501 905 tionem
523 875 615 903 minus
636 874 734 903 nobilis
756 873 853 902 modus
867 876 923 907 est;
947 872 1044 901 modus
1065 872 1137 900 enim
1160 871 1244 908 parti-

399 922 540 959 cipationis
560 921 641 949 modo
656 920 773 949 habendi
789 928 837 957 per
858 919 1004 948 essentiam
1023 927 1076 947 non
1099 921 1243 955 aequatur.

398 970 455 998 Alio
468 968 549 997 modo
570 971 611 997 est
626 967 729 996 habere
750 966 786 995 ab
801 966 859 995 atio
882 969 996 994 tantam
1010 974 1062 1002 per
1083 965 1244 993 emanatio-

398 1025 476 1050 nem,
498 1016 535 1044 ita
549 1015 623 1053 quod
644 1015 688 1043 ille
703 1014 751 1051 qui
766 1016 886 1047 emanat,
909 1013 991 1041 habet
1007 1020 1056 1049 per
1077 1012 1244 1046 essentiam,

399 1063 469 1092 sicut
490 1062 534 1091 ille
555 1062 602 1099 qui
624 1062 685 1095 dat3
707 1064 734 1090 et
749 1062 800 1089 boc
822 1061 925 1089 nullam
942 1059 1053 1088 omnino
1075 1059 1151 1096 ponit
1170 1059 1244 1095 igno-

399 1110 546 1143 bilitatem,
575 1109 660 1138 immo
687 1108 871 1137 omnimodam
900 1108 1103 1144 aequalitatem.
1133 1106 1246 1135 Habere

399 1157 475 1186 enim
496 1166 514 1185 a
538 1157 627 1185 Patre
648 1157 684 1185 ita
708 1155 858 1185 nobilitatis
879 1158 920 1184 est
948 1155 975 1183 in
997 1155 1078 1188 Filio,
1100 1154 1172 1183 sicut
1199 1162 1245 1191 ye-

398 1212 505 1233 nerare
525 1204 551 1232 in
574 1204 660 1232 Patre.
685 1203 715 1232 Et
737 1203 775 1232 sic
798 1205 871 1239 patet
893 1202 962 1230 illud
976 1203 994 1230 ¹.

478 1251 524 1280 lili.
546 1251 656 1288 Quaest.
679 1251 708 1279 Il.
730 1251 794 1279 ltem
816 1249 961 1287 quaeritur
982 1249 1016 1278 de
1038 1249 1089 1277 boc
1115 1248 1189 1285 quod
1207 1248 1246 1276 di-

401 1298 452 1332 cit,
474 1297 547 1335 quod
569 1298 665 1326 Filias
679 1296 752 1326 nihil
770 1300 874 1334 potest,
896 1296 956 1325 nisi
970 1296 1047 1334 qaozl
1067 1295 1173 1324 viderit
1189 1295 1247 1323 Pa-

402 1349 473 1373 trem
493 1343 664 1381 facientem;
682 1347 709 1373 et
728 1344 843 1377 iterum,
859 1343 933 1381 quod
955 1343 1045 1371 Pater
1069 1342 1249 1370 demonstrat

402 1392 477 1420 Filio
498 1400 695 1430 quaecamque
715 1390 796 1428 facit.

483 1441 507 1467 fl.
530 1439 600 1475 Ergo
622 1439 643 1467 si
660 1446 707 1475 per
722 1441 849 1466 naturam
873 1437 952 1474 prius
966 1440 1007 1465 est
1028 1436 1147 1473 aliquid,
1163 1443 1245 1472 quam

402 1486 528 1515 videatur
540 1486 563 1519 2;
586 1485 664 1522 prius
690 1485 767 1513 Pater
794 1487 936 1520 operatur,
965 1486 993 1511 et
1015 1486 1074 1519 post
1101 1482 1185 1510 Filius
1214 1480 1247 1509 ad

403 1533 462 1562 eius
483 1532 669 1569 operationem
684 1534 815 1568 tanquam
836 1530 869 1558 ad
891 1530 1042 1566 exemplar.

482 1581 507 1607 2.
531 1579 611 1613 item,
634 1572 655 1607 si
678 1579 756 1606 Pater
777 1577 846 1606 nibil
867 1577 978 1605 omnino
993 1579 1081 1613 potest
1103 1576 1161 1604 sine
1182 1575 1248 1603 Filio

402 1626 527 1663 operari,
549 1625 686 1662 quomodo
705 1625 786 1659 dicit,
808 1624 881 1661 quod
903 1624 986 1652 Filius
1006 1625 1148 1660 operatur,
1177 1622 1249 1651 sicut

402 1673 475 1702 videt
496 1673 602 1701 Patrem
624 1674 805 1709 operantem?

480 1720 657 1748 Rnsrormeo:
683 1718 851 1751 Dicendum,
873 1717 947 1754 quod
962 1717 1033 1745 idem
1056 1716 1167 1750 dicitur,
1183 1724 1248 1745 cum

402 1767 518 1796 dicitur:
540 1766 619 1794 Pater
639 1765 809 1794 demonstrat
830 1764 912 1799 Filio,
934 1768 979 1793 et:
1002 1764 1085 1792 Filius
1106 1763 1179 1792 videt
1201 1763 1248 1792 Pa-

402 1817 473 1842 trem
495 1815 672 1850 operantem;
694 1812 784 1840 solum
805 1811 959 1840 differentia
980 1813 1021 1839 est
1042 1810 1133 1847 quoad
1154 1809 1249 1838 termi—

403 1869 460 1889 nos.
483 1859 690 1896 Intelligendum
712 1861 820 1892 autem,
842 1858 916 1895 quod
938 1858 990 1886 ista
1011 1857 1096 1886 verba
1117 1857 1250 1885 translata

403 1909 468 1935 sunt
488 1914 504 1934 a
518 1906 653 1941 creaturis
674 1905 708 1933 ad
722 1905 819 1933 Deum.
842 1903 984 1941 Duplicem
1004 1907 1098 1934 autem
1119 1903 1250 1940 importat

403 1953 519 1981 verbum
541 1951 762 1980 demonstrandi
783 1951 908 1979 similiter
933 1953 960 1979 et
981 1950 1101 1978 videndi
1124 1950 1248 1986 proprie-

405 2003 496 2028 tatem.
519 2000 575 2028 Una
602 1999 704 2028 scilicet
733 2001 773 2027 est
801 1998 947 2026 emanatio
969 1997 1159 2034 cogynitioniae
1184 1997 1250 2034 quia

404 2047 482 2075 video
503 2050 529 2075 te
550 2046 589 2075 sic
616 2048 792 2082 operantem,
820 2044 989 2081 relinquitur
1011 2044 1036 2072 in
1066 2052 1109 2073 me
1131 2044 1250 2081 cognitio

404 2094 549 2131 operandi,
571 2093 624 2121 alia
648 2095 689 2121 est
709 2091 916 2129 exemplaritas
944 2091 1166 2124 antecessionis,·
1188 2091 1248 2119 sic³

404 2141 526 2178 operatio
548 2143 595 2168 tua
616 2143 643 2168 et
663 2139 860 2168 demonstratio
881 2138 1020 2175 praecedit
1041 2146 1129 2166 meam
1158 2138 1250 2175 cogni-

403 2182 505 2216 tionem
528 2190 657 2224 tanquam
679 2186 830 2223 exemplar.
852 2186 918 2214 Dico
943 2193 1024 2222 ergo,
1046 2185 1119 2222 quod
1145 2185 1250 2214 ratione

1030 137 1199 166 COMMENT.
1222 138 1254 166 IN
1276 138 1421 166 lOANNEM
1443 138 1470 166 C.
1494 138 1523 166 V.

1298 215 1404 252 primae
1426 215 1588 244 conditionis
1611 215 1776 243 transfertur
1797 214 1830 242 ad
1849 214 1956 247 divina,
1978 214 2080 243 scilicet
2102 222 2144 243 ra-

1299 262 1371 290 tione
1393 262 1603 295 emanationis,
1626 261 1731 289 ratione
1752 260 1956 288 antecessionzc
1978 268 2040 288 non.
2070 260 2145 289 Unde

1300 308 1420 336 Patrem
1434 308 1635 336 demonstrare
1651 307 1725 336 Filio
1740 315 1793 335 non
1812 310 1865 341 est,
1881 307 1955 343 quod
1974 307 2052 335 Pater
2067 307 2145 344 prius

1299 358 1444 392 cognoscat
1465 363 1548 392 quam
1565 355 1664 389 Filius,
1686 353 1732 383 sed
1747 353 1821 390 quod
1843 353 1920 382 Pater
1942 353 1988 382 dat
2008 353 2088 388 Filio;
2110 354 2145 383 si-

1301 401 1401 430 militer
1423 401 1532 430 Filiam
1553 401 1649 430 villere
1676 401 1794 429 Patrem
1815 403 1982 437 operantem
2002 408 2056 428 nou
2085 403 2144 435 est,

1300 448 1373 485 quod
1397 448 1474 477 Pater
1496 448 1573 485 prius
1594 450 1741 485 operetur,
1763 447 1810 476 sed
1830 447 1904 484 quod
1923 447 2006 476 Filius
2026 447 2110 476 habet
2130 455 2146 476 a

1301 496 1379 524 Patre
1390 496 1409 523 ⁴.

1380 542 1424 570 [ιδ.
1448 542 1557 578 Quaest.
1581 542 1620 570 Ill.
1643 541 1792 578 Quaeritur
1820 540 1853 569 de
1880 541 1933 569 hoc
1960 540 2033 578 quod
2061 540 2144 570 dicit:

1302 590 1505 626 Quaecumque
1535 589 1624 617 Pater
1651 588 1741 626 facit,
1770 587 1839 616 llaec
1866 591 1890 616 et
1921 588 2015 616 Filias
2041 588 2145 617 simiti-

1302 640 1343 665 ter
1364 634 1445 673 facit.

1379 683 1508 711 CONTRA:
1533 683 1556 710 l.
1580 682 1658 710 Pater
1689 684 1802 719 generat
1833 682 1945 710 Filium:
1967 690 2034 719 ergo
2064 682 2147 712 Filius

1300 733 1414 766 generat
1434 729 1540 757 Filium.
1558 745 1593 748 —
1610 728 1643 757 Si
1662 729 1761 762 alicae,
1783 728 1857 766 quod
1874 737 2016 766 penei-are
2037 737 2091 758 non
2106 729 2147 758 di-

1301 776 1337 805 cit
1358 775 1559 812 operationem,
1574 775 1621 804 sed
1637 775 1810 808 relatione1n3
1832 775 1979 810 obiicitur,
1994 776 2068 813 quod
2082 776 2147 805 mit-

1302 828 1358 852 tere
1379 823 1490 852 Filiam
1511 823 1576 852 dicit
1603 823 1810 860 operationem:
1832 832 1898 861 ergo
1919 824 1957 859 si,
1985 833 2147 862 quamcum-

1301 878 1356 908 que
1377 870 1564 907 operationem
1586 870 1649 899 facit
1672 871 1758 904 Pater,
1781 871 1852 899 lianc
1872 871 1936 899 facit
1957 874 1984 900 et
2004 871 2102 906 Filius3
2125 872 2146 901 si

1301 917 1380 946 Pater
1401 917 1485 945 mittit
1506 917 1619 945 Filium:
1642 925 1708 954 ergo
1728 920 1755 946 et
1776 917 1859 946 Filius
1870 918 1890 946 ⁵.
2047 937 2049 939 ψ

1380 965 1406 992 ⁹2.
1430 964 1511 998 item,
1533 964 1554 992 si
1576 964 1696 992 Trinitas
1716 964 1827 992 omnino
1842 967 1883 993 est
1904 964 2020 993 indivisa
2034 965 2061 993 in
2083 965 2148 994 sub—

1301 1011 1401 1040 stantia
1422 1014 1448 1039 et
1469 1011 1643 1048 operatione;
1666 1019 1729 1040 cum
1750 1010 1950 1048 manifestatio
1971 1014 1999 1040 et
2025 1012 2148 1049 appari-

1302 1058 1339 1086 tio
1362 1058 1409 1086 fiat
1430 1066 1479 1094 per
1506 1057 1707 1094 operationem,
1730 1057 1867 1094 quomodo
1895 1060 1983 1094 potest
2003 1065 2148 1094 apparere

1302 1105 1345 1134 vel
1366 1113 1395 1134 se
1416 1104 1592 1133 manifestare
1617 1105 1737 1133 Trinitas
1757 1105 1784 1133 in
1805 1104 1898 1141 aliqua
1918 1112 2033 1133 suarum
2061 1104 2148 1141 hypo-

1302 1155 1406 1181 stasum
1428 1152 1631 1180 determinate?
1653 1152 1732 1180 Nullo
1753 1151 1833 1180 modo
1854 1151 1972 1180 videtur.

1382 1199 1590 1236 Intelligendum
1622 1199 1655 1227 ad
1683 1199 1763 1233 haec,
1795 1198 1869 1236 quod
1899 1198 2035 1236 quaedam
2063 1199 2149 1228 verba

1303 1247 1375 1276 dicta
1395 1247 1428 1275 de
1450 1247 1505 1275 Deo
1526 1246 1622 1275 dicunt
1640 1255 1753 1283 param
1773 1246 1957 1280 relationem,
1977 1246 2048 1275 sicut
2067 1254 2149 1284 yene-

1303 1303 1391 1328 rare‚·
1413 1293 1548 1331 quaedam
1576 1294 1711 1331 param⁶
1743 1293 1901 1327 actionem,
1933 1293 2004 1322 sicut
2028 1301 2149 1328 creare,-

1304 1341 1439 1379 quaedam
1472 1340 1613 1369 actionem
1643 1344 1668 1369 et
1698 1340 1884 1374 relationem,
1916 1340 1988 1369 sicut
2017 1340 2149 1375 mittere,-

1304 1387 1438 1425 quaedam
1461 1387 1603 1416 actionem
1624 1390 1648 1416 et
1673 1387 1929 1425 siqnisicationem,
1958 1386 2030 1416 sicut
2056 1395 2150 1424 appa-

1304 1443 1376 1463 rere.
1402 1450 1440 1454 -
1465 1434 1530 1462 Dico
1551 1434 1645 1470 igitur,
1674 1434 1748 1471 quod
1775 1434 1886 1471 quando
1906 1434 2026 1463 dicitur:
2056 1434 2150 1470 Quae-

1304 1489 1426 1519 camqae
1450 1481 1539 1509 Patet·
1559 1479 1649 1517 facit,
1675 1480 1837 1517 intelligitur
1869 1483 2005 1518 quantum
2032 1480 2067 1509 ad
2087 1489 2150 1518 ope-

1304 1527 1464 1561 rationem,
1486 1535 1558 1564 quae
1579 1527 1735 1556 communis
1755 1530 1797 1556 est
1817 1530 1845 1556 et
1865 1527 2024 1556 essentialis.
2054 1528 2081 1556 Si
2101 1528 2151 1565 igi-

1305 1577 1351 1603 tur
1379 1574 1514 1602 inseratur
1545 1574 1663 1602 verbum
1695 1574 1852 1611 significans
1883 1582 1960 1602 mere
1991 1574 2150 1609 actionem,

1305 1621 1390 1649 illatio
1421 1620 1493 1649 bona
1513 1623 1569 1655 est;
1601 1621 1623 1649 si
1655 1628 1721 1649 vero
1752 1629 1829 1649 mere
1860 1620 2041 1655 relationem,
2067 1620 2151 1650 illatio

1305 1668 1416 1697 omnino
1438 1667 1586 1704 sophistica
1607 1675 1656 1704 per
1684 1667 1804 1705 figuram
1824 1667 1951 1696 dictionis
1966 1668 1985 1696 ⁷.
2007 1667 2034 1696 Si
2058 1671 2151 1697 autem

1305 1715 1422 1744 verbum
1444 1714 1601 1751 significans
1622 1714 1765 1743 actionem
1785 1718 1811 1743 et
1828 1714 2014 1749 relationem,·
2035 1715 2086 1745 etsi
2107 1723 2152 1744 ra-

1305 1761 1378 1790 tione
1399 1761 1524 1789 actionis
1545 1764 1652 1790 teneret
1666 1761 1766 1795 illatio,
1787 1761 1856 1790 fallit
1875 1761 1981 1790 ratione
2002 1761 2152 1790 relationis

1305 1808 1442 1842 inclusae,
1474 1808 1545 1837 sicut
1576 1808 1685 1837 mittere
1716 1810 1743 1837 et
1774 1808 1940 1837 incarnari.
1962 1808 2091 1837 Similiter
2118 1807 2153 1837 de

1305 1855 1391 1884 verbo
1412 1855 1577 1891 importante
1599 1855 1740 1884 actionem
1758 1859 1783 1884 et
1803 1855 2062 1893 siqnifz'cationem,
2084 1855 2153 1884 fallit

1306 1903 1411 1931 ratione
1432 1902 1665 1940 significationis.
1682 1903 1757 1932 Sicut
1778 1903 1851 1932 enim
1865 1902 1931 1932 dicit
1951 1902 2120 1940 Augustinus
2131 1901 2152 1937 Β,

1305 1949 1355 1978 etsi
1377 1949 1467 1978 omnis
1494 1950 1564 1978 actio
1586 1952 1613 1978 et
1640 1950 1744 1986 species
1766 1950 1801 1978 sit
1821 1958 1837 1978 a
1861 1949 1964 1984 tribus,
1986 1951 2078 1978 tamen
2100 1948 2153 1977 alia

1306 1997 1460 2034 specialiter
1475 1997 1610 2033 significat
1625 1997 1742 2031 Patrem,
1756 1997 1809 2025 alia
1823 1997 1929 2025 Filium.
1939 2012 1976 2017 —
1988 1996 2153 2033 Exemplum

1306 2046 1347 2072 est
1366 2043 1400 2072 de
1416 2044 1467 2072 boc
1490 2043 1600 2072 nomine
1615 2043 1816 2081 intelliyentia,
1838 2043 1913 2080 quod
1933 2042 2075 2080 profertur
2088 2050 2153 2079 ope-

1305 2090 1410 2119 ratione
1432 2090 1517 2118 trium
1539 2091 1741 2127 potentiarum,
1763 2090 1866 2119 scilicet
1886 2089 2051 2124 memoriae,
2072 2089 2152 2118 intel-

1306 2138 1432 2175 ligentiae
1464 2140 1491 2166 et
1521 2137 1685 2172 voluntatis,
1713 2140 1740 2166 et
1772 2140 1861 2166 tamen
1896 2137 2011 2166 alteram
2042 2137 2153 2166 illarum

1307 2184 1448 2221 significat.
1472 2184 1514 2212 Sic
1535 2187 1562 2212 et
1582 2187 1624 2212 est
1645 2184 1672 2212 in
1694 2184 1835 2221 proposito
1855 2187 1882 2213 et
1903 2183 1941 2212 sic
1962 2186 2036 2220 patet
2047 2183 2067 2211 ⁹.

469 2377 476 2389 ¹
495 2377 538 2400 Cfr.
558 2378 571 2399 l.
590 2378 650 2399 Sent.
668 2377 691 2399 d.
713 2377 744 2399 19.
764 2383 785 2405 p.
804 2377 817 2399 l.
834 2383 857 2405 q.
870 2377 892 2399 2.
905 2376 962 2398 Vide
974 2376 1043 2398 etiam
1056 2375 1111 2398 ibid.
1125 2376 1147 2398 d.
1159 2376 1180 2397 7.
1193 2382 1215 2404 q.
1229 2376 1250 2397 2.

469 2414 477 2428 ²
495 2416 567 2439 Codd.
584 2415 671 2444 videri,
690 2416 829 2443 incongrue,
841 2415 883 2437 nisi
896 2417 948 2443 post
956 2414 1027 2444 prius
1039 2416 1074 2437 est
1084 2414 1183 2436 addatur
1194 2419 1250 2436 esse.

468 2454 477 2467 ³
495 2456 572 2478 Plures
588 2455 656 2478 codd.
674 2458 696 2477 et
713 2455 749 2477 ed.
766 2454 835 2478 sicut.

468 2493 478 2506 ⁴
495 2494 539 2517 Csr.
556 2495 665 2522 August„
684 2494 705 2516 in
722 2495 782 2516 ioan.
801 2494 887 2521 Evang.
905 2496 931 2515 tr.
950 2493 986 2516 23.
1009 2500 1030 2515 n.
1054 2493 1076 2515 7.
1099 2493 1158 2515 Vide
1180 2493 1249 2514 etiam

407 2534 423 2555 l.
443 2534 503 2555 Sent.
521 2533 542 2555 d.
561 2534 581 2555 6.
599 2540 622 2562 q.
640 2534 662 2555 3.

469 2570 478 2583 ⁵
496 2572 536 2594 Ed.
556 2572 619 2594 addit
636 2571 706 2595 mitat
722 2571 819 2594 Filiam.
838 2572 880 2594 Pro
896 2571 919 2594 si
934 2572 1006 2594 Pater
1023 2578 1067 2594 non
1091 2571 1158 2599 pauci
1182 2572 1250 2594 codd.

406 2609 447 2633 sed
463 2610 541 2633 Pater.

469 2647 478 2660 θ
495 2649 542 2671 Non
561 2649 628 2677 pauci
646 2649 714 2672 codd.
729 2655 799 2679 parc.

468 2686 476 2699 ⁷
496 2689 527 2710 De
544 2695 588 2717 qua
606 2689 661 2711 vide
677 2688 782 2716 Aristot.‚
800 2689 813 2711 1.
833 2689 922 2711 Eleneb.
940 2695 960 2711 c.
978 2689 1000 2711 3.
1019 2689 1048 2717 (c.
1066 2688 1106 2718 4.).

470 2725 479 2739 ⁸
495 2727 543 2749 Lib.
556 2730 635 2750 contra
650 2728 785 2750 Sermonem
798 2728 875 2750 Arian.
888 2734 908 2750 c.
921 2727 957 2750 44.
969 2734 992 2750 n.
1004 2728 1026 2750 9.
1038 2734 1117 2756 seqq,
1129 2727 1170 2750 ubi
1182 2728 1251 2750 etiam

407 2766 438 2796 [c.
452 2766 501 2796 la]
513 2773 561 2795 seq.
573 2767 703 2794 exemplum
716 2767 751 2789 bis
762 2767 841 2790 verbis
853 2767 992 2795 proponitur
1003 2776 1008 2789 ι
1020 2767 1073 2789 'ri-ia
1086 2767 1163 2796 itaque
1176 2767 1215 2789 ista
1228 2767 1250 2789 in

407 2806 507 2829 hominis
519 2807 595 2828 anima
604 2806 744 2834 cogitemus:
755 2807 898 2833 memoriam,
909 2806 1087 2834 intelligentiam,
1096 2807 1251 2834 voluntatem3

407 2845 437 2868 ab
449 2846 483 2868 liis
494 2845 568 2868 tribus
584 2846 609 2867 fit
625 2851 706 2872 omne,
718 2845 781 2874 quod
795 2846 914 2867 facimus...
927 2845 982 2867 nibil
994 2845 1053 2867 enim
1070 2845 1174 2873 agimus,
1187 2845 1253 2874 quod

407 2890 453 2907 non
470 2886 526 2906 haec
544 2885 585 2906 tria
602 2884 670 2906 simul
687 2887 763 2912 agant.
782 2884 881 2912 Deinde,
899 2891 951 2907 cum
969 2884 999 2906 de
1016 2884 1112 2912 singulis
1123 2884 1252 2913 loquimur,

407 2924 476 2947 etiam
493 2924 555 2953 quod
574 2924 603 2946 ad
620 2924 711 2951 singula
729 2925 827 2952 pertinet
844 2923 872 2946 ab
885 2923 994 2946 omnibus
1005 2923 1088 2951 agitur.
1101 2924 1180 2952 Neque
1191 2924 1251 2946 enim

1307 2381 1437 2397 sermonem
1445 2391 1451 2402 ‚
1463 2380 1533 2403 quem
1545 2374 1575 2397 de
1586 2374 1633 2397 sola
1650 2374 1763 2396 memoria
1779 2374 1888 2401 facimus,
1901 2373 2013 2396 memoria
2024 2373 2071 2396 sola
2088 2373 2153 2401 facit,

1307 2414 1347 2436 sed
1364 2413 1510 2441 intelligentia
1528 2413 1681 2442 voluntasque
1698 2415 1853 2441 cooperantur
1869 2419 1935 2440 eum,
1948 2412 2056 2441 quamvis
2072 2412 2102 2435 ad
2118 2418 2153 2435 so-

1306 2453 1351 2475 lam
1370 2452 1506 2475 memoriam
1524 2453 1684 2480 pertinentem.
1702 2452 1750 2475 Hoc
1766 2455 1788 2475 ct
1805 2453 1835 2475 de
1854 2451 1947 2474 duobus
1969 2451 2051 2474 ceteris
2073 2451 2153 2474 videre

1308 2492 1437 2514 facillimum
1456 2494 1496 2514 est.
1515 2492 1571 2513 Nam
1589 2492 1703 2520 quidquid
1721 2492 1750 2514 de
1766 2498 1791 2514 se
1807 2491 1857 2519 ipsa
1875 2490 2022 2518 intelligentia
2039 2490 2152 2519 loquitur,

1306 2531 1355 2553 sine
1370 2531 1485 2562 memoria
1502 2534 1523 2553 et
1541 2532 1657 2553 voluntate
1674 2538 1721 2553 non
1738 2531 1851 2560 loquitur;
1864 2533 1886 2553 et
1896 2529 2010 2559 quidquid
2023 2529 2053 2552 de
2067 2536 2092 2552 se
2104 2529 2153 2558 ipsa

1307 2571 1412 2593 voluntas
1429 2571 1484 2593 dicit
1500 2573 1539 2593 aut
1556 2570 1646 2598 scribit,
1659 2571 1707 2596 sine
1720 2570 1865 2598 intelligentia
1884 2570 2042 2598 memoriaque
2058 2575 2104 2592 non
2121 2570 2153 2592 fa-

1307 2609 1336 2631 cit
1353 2612 1395 2631 etc.
1413 2609 1459 2632 Cl'r.
1476 2609 1524 2631 Lib.
1537 2610 1566 2632 de
1579 2610 1665 2637 Spiritu
1678 2612 1700 2632 et
1710 2610 1787 2632 anima
1800 2609 1868 2638 (inter
1880 2615 1950 2637 opera
1962 2607 2069 2637 August.)
2082 2614 2102 2631 c.
2114 2608 2152 2631 35.

1309 2649 1366 2671 Vide
1383 2649 1450 2670 etiam
1469 2649 1484 2671 l.
1501 2649 1562 2672 Sent.
1580 2649 1602 2671 d.
1620 2649 1641 2671 3.
1659 2655 1683 2677 p.
1700 2649 1722 2671 ll.
1741 2655 1761 2670 a.
1785 2649 1807 2671 l.
1831 2651 1854 2671 et
1876 2648 1905 2675 2;
1928 2647 2001 2670 itiner.
2025 2647 2108 2670 mentis
2130 2647 2152 2669 in

1308 2689 1381 2710 Deum
1400 2688 1464 2716 (tom.
1483 2688 1519 2717 V.)
1538 2694 1557 2710 c.
1576 2689 1596 2710 5.
1615 2701 1646 2705 —-
1662 2688 1702 2711 Ed.
1721 2688 1814 2710 inferius
1831 2690 1883 2716 post
1899 2686 1949 2710 alia
1966 2686 2055 2710 Filiam
2076 2692 2153 2715 prose-

1308 2727 1385 2756 quitur
1402 2726 1452 2750 alia
1469 2726 1587 2757 Spiritum
1603 2729 1722 2750 sanctum.
1738 2726 1884 2757 Exemplum
1900 2728 1933 2750 est
1950 2726 1978 2749 de
1988 2725 2090 2749 hominis
2101 2724 2153 2749 ani-

1307 2773 1359 2794 ma,
1373 2772 1433 2795 qaae
1449 2772 1499 2789 una
1516 2766 1619 2789 existens
1628 2766 1775 2796 principium
1789 2767 1823 2789 es!
1834 2766 1909 2789 triam
1921 2765 2099 2795 operationum,
2110 2764 2151 2788 sci-

1309 2805 1363 2829 licet
1379 2808 1422 2828 etc.
1434 2805 1572 2834 (Gorranus:
1585 2806 1719 2834 Exemplum
1731 2808 1765 2828 est
1777 2806 1806 2828 de
1818 2805 1911 2828 nomine
1922 2804 2082 2833 intelligentia,
2093 2810 2153 2833 quae

1309 2851 1353 2867 una
1372 2844 1469 2866 existens
1485 2845 1538 2873 etc.)
1557 2845 1599 2867 Pro
1617 2844 1681 2874 quod
1694 2844 1820 2874 profertur
1837 2845 1856 2866 D
1873 2850 1933 2874 quae
1949 2843 2081 2873 profertur.

1371 2882 1380 2895 ⁹
1397 2883 1441 2906 Cir.
1460 2884 1573 2913 Breviloq.
1592 2890 1614 2912 p.
1632 2884 1646 2906 l.
1664 2890 1684 2907 c.
1702 2884 1723 2906 5.
1741 2886 1764 2906 et
1781 2884 1803 2906 6.
1819 2896 1850 2900 -
1867 2883 1907 2905 Ed.
1922 2883 2006 2912 patent
2021 2881 2116 2905 obiecta.

2165 1247 2262 1291 {iiiiii
2288 1275 2296 1295 u

2169 2001 2266 2026 Exemplar·

2287 2817 2296 2891 «ΛΗ-...α
