2296 3316
46 181 51 211 χι
607 163 833 193 COLLATIONES
854 163 887 192 IN
907 163 1054 193 IOANNEM
1075 164 1143 193 CAP.
1166 164 1208 193 XI.
1230 164 1323 193 COLL.
1345 165 1432 194 XLIV.

45 251 129 275 Άωοαῑι.
145 249 193 271 sus
206 252 234 269 ιι.
255 253 300 263 -—
330 241 464 275 Accedit;
496 241 571 270 unde
598 242 740 279 sequitur:
775 242 934 271 «Fremens
963 242 992 270 in

44 289 129 321 {clamat
145 288 301 325 semetipso,
317 288 393 317 venit
405 287 439 316 ad
454 292 666 317 monumentum
680 301 707 317 n.
723 304 760 310 -
778 289 908 323 Clamat,·
919 289 993 318 unde

145 336 172 364 in
194 334 289 364 eodem
304 335 387 371 paulo
402 338 479 371 post:
499 346 512 360 α
527 335 596 364 llaec
617 343 681 364 cum
702 335 828 371 dixisset,
853 343 920 365 voce
934 344 991 364 ma-

145 390 198 419 gna
218 381 366 410 clamabat:
382 381 496 415 Lazare,
511 381 572 410 veni
588 381 663 410 foras
675 393 702 416 n;
717 390 767 419 per
783 383 835 411 hoc
851 382 992 411 instruens

40 417 130 468 lgcspiri-
145 436 208 462 nos,
223 427 298 465 quod
312 427 361 464 qui
381 428 443 456 vult
464 428 625 464 proximum
648 435 730 457 suum
753 429 889 457 suscitare
910 428 992 465 spiri-

26 456 129 509 ..ligerim-
145 474 257 504 tualiter
283 474 365 503 debet
395 474 486 511 ipsum
516 474 637 511 plorare
661 483 712 512 per
743 475 991 512 compassionem,

145 521 299 552 secundum
313 521 381 550 illud
396 521 577 550 Ecclesiastici
589 521 721 559 vigesimo
735 522 857 551 secundo
869 523 892 551 ²:
911 533 926 547 α
941 522 992 550 Su-

145 576 195 606 per
217 571 360 597 mortuum
392 568 487 605 plora,
508 567 607 597 defecit
628 568 701 597 enim
730 568 782 598 lux
809 568 884 603 eius;
906 576 992 605 super

144 616 252 645 fatuum
273 615 366 652 plora,
387 614 486 644 defecit
513 615 586 643 enim
613 623 711 644 sensus
728 626 755 643 n.
786 631 823 636 —
851 615 938 644 Debet
957 615 993 644 ad

144 662 237 699 ipsum
257 661 392 690 accedere
411 669 462 698 per
481 661 711 696 subventionem,
740 661 895 690 secundum
923 661 992 690 illud

33 714 37 755 g
144 707 357 738 proverbiorum
386 710 485 737 sexto:
521 719 533 733 α
560 708 710 742 Discurre,
739 708 857 742 festina,
889 708 993 737 suscita

143 754 264 784 amicum
283 757 365 784 tuum
383 766 410 783 n.
431 771 471 776 —
485 755 572 784 Debet
586 755 637 792 ipsi
652 754 821 784 acclamare
841 763 891 792 per
902 763 992 792 prae-

143 801 335 836 dicationem,
367 801 520 831 secundum
549 801 618 830 illud
649 801 733 831 Isaiae
760 801 992 839 quinquagesimo

142 851 256 877 octavo:
280 848 417 883 «Clama,
445 856 480 877 ne
507 856 613 883 cesses,
641 848 721 886 quasi
750 848 845 877 tuba»
873 851 925 878 etc.
954 864 991 869 —

142 896 212 925 Haec
233 903 300 933 ergo
319 898 452 924 notantur
472 903 509 924 ex
530 899 609 933 parte
629 895 811 924 suscita-ntis.

222 943 248 971 2.
270 942 312 971 Ex
333 945 412 980 parte
431 942 569 971 suscitati
589 945 669 977 nota,
684 942 758 980 quod
773 942 922 977 Dominus,
943 950 992 971 vo-

30 995 130 1026 fipnsqium-
142 989 201 1019 lens
215 989 350 1019 suscitare
364 992 508 1019 mortuum
519 1012 526 1024 ,
547 989 697 1027 aliquando
711 989 801 1023 iubet,
816 993 897 1018 stare
916 988 991 1027 fere-

29 1023 131 1065 &iiiiii-l?
143 1040 240 1071 tram,
262 1036 335 1066 sicut
354 1036 495 1073 praecepit
526 1036 615 1064 Lucae
640 1035 757 1072 septimo
769 1036 789 1069 ²,
811 1035 923 1072 quando
943 1044 991 1064 vo-

19 1068 195 1112 'liofssff-ifw'luit
215 1082 350 1112 suscitare
380 1081 590 1111 adolescentem.
619 1081 771 1119 Aliquando
798 1082 890 1116 iubet,
911 1082 992 1111 exire

143 1129 262 1159 turbam
269 1139 280 1163 ,·
300 1129 374 1158 unde
395 1129 484 1158 Lucae
505 1132 602 1157 octavo
629 1137 683 1157 non
705 1128 847 1166 permisit,
880 1129 990 1158 turbam

141 1177 246 1206 intrare
267 1184 378 1209 secum,
407 1175 517 1212 quando
548 1175 636 1204 voluit
667 1175 802 1204 suscitare
834 1175 918 1204 filiam
945 1184 992 1205 ar-

142 1222 328 1260 chisynagogi.
350 1221 502 1259 Aliquando
517 1221 608 1256 iubet,
623 1222 729 1259 deponi
748 1222 876 1259 lapidem
884 1233 895 1256 ,·
915 1223 990 1252 unde

142 1270 250 1299 loannis
270 1269 433 1303 undecimo,
455 1268 549 1297 volens
570 1269 706 1298 suscitare
727 1270 878 1304 Lazarum,
899 1270 989 1299 dixit:

19 1325 130 1353 »marisia
147 1328 161 1343 α
175 1317 273 1346 Tollite
294 1316 411 1353 lapidem
426 1328 453 1344 ».
476 1332 514 1337 —-
535 1316 605 1345 Haec
626 1319 692 1345 sunt
713 1316 780 1350 tria,
806 1324 878 1354 quae
898 1316 990 1354 dispo-

21 1354 63 1408 ?fflf
75 1355 130 1374 '⁹¹¹¹'
143 1366 214 1393 nunt
244 1365 388 1391 mortuum
423 1362 457 1391 ad
493 1362 577 1391 vitam
612 1362 785 1399 spiritualem
822 1370 990 1400 recuperan-

21 1417 22 1430 l
142 1409 221 1443 dam,
244 1408 349 1438 scilicet
368 1412 523 1445 peccatum
549 1408 711 1443 dimittere,
739 1409 919 1438 occasiovwm
940 1408 990 1446 sn-

20 1454 22 1485 l'
139 1464 207 1494 yere
227 1458 254 1485 et
271 1458 422 1493 peccatam
445 1455 474 1483 in
495 1455 665 1484 consessione
694 1455 830 1484 revelare.
854 1472 890 1476 —
912 1457 990 1485 Tunc

19 1492 21 1543 {
36 1513 124 1532 Primum.
141 1505 201 1531 stat
219 1501 378 1540 feretrum,
400 1509 464 1530 cum
486 1501 571 1530 homo
591 1501 699 1531 desistit
729 1510 746 1530 a
766 1502 870 1539 peccati
892 1510 990 1539 opera-

141 1549 231 1583 tione,
260 1548 413 1578 secundum
445 1548 514 1577 illud
542 1548 626 1577 Isaiae
657 1549 786 1585 primo³:
823 1548 990 1585 «Quiescite

21 1606 125 1626 meandum.
141 1604 223 1634 agere
243 1603 375 1633 perverse
388 1607 414 1624 n.
431 1611 468 1616 —-
483 1596 561 1624 Tunc
581 1604 640 1624 non
656 1595 748 1624 intrat
762 1595 861 1629 larba,
877 1595 990 1633 quando

141 1644 225 1673 homo
246 1646 324 1672 cavet
344 1642 396 1672 sibi
417 1651 434 1671 a
454 1642 558 1680 peccati
580 1642 739 1677 occasione;
761 1642 796 1671 de
817 1651 873 1680 quo
887 1642 990 1671 dicitur

140 1691 327 1720 Numerorum
347 1690 454 1719 decimo
474 1692 571 1719 sexto:
597 1700 611 1715 α
625 1689 752 1719 Recedite
772 1697 788 1718 a
803 1689 990 1718 tabernaculis

142 1737 287 1767 hominum
319 1737 486 1774 impiorum,
517 1740 544 1765 et
575 1744 610 1765 ne
638 1737 756 1774 tangatis
787 1744 859 1774 quae
887 1736 919 1765 ad
942 1744 989 1765 eos

141 1784 296 1821 pertinent,
317 1792 352 1813 ne
372 1783 548 1812 involvamini
578 1783 605 1812 in
637 1784 757 1820 peccatis
788 1791 885 1812 eorum
900 1795 927 1811 ι).
951 1799 987 1804 -

33 1840 124 1859 renium.
142 1832 220 1860 Tunc
241 1830 318 1868 lapis
339 1830 465 1865 tollitur,
488 1838 551 1859 cum
574 1831 656 1859 homo
677 1830 782 1860 revelat
802 1833 914 1868 peccata
938 1838 989 1859 sua

140 1878 169 1907 in
181 1877 366 1912 consessione;
381 1877 415 1906 de
429 1885 486 1914 quo
500 1877 715 1906 Proverbiorum
731 1877 863 1914 vigesimo
876 1881 987 1907 octavo:

145 1936 159 1950 α
174 1925 226 1961 Qui
246 1924 389 1953 abscondit
404 1925 508 1953 scelera
523 1932 574 1953 sua
589 1933 649 1953 non
663 1925 816 1962 dirigetur;
832 1925 879 1962 qui
894 1927 988 1953 autem

141 1971 283 2001 confessus
303 1971 388 2000 suerit
408 1974 436 2000 et
457 1971 602 2008 reliquerit
629 1979 662 2000 ea
681 1972 901 2001 misericordiam
923 1980 988 2001 con—

142 2020 276 2055 sequetur
298 2029 325 2046 ιι.
347 2034 384 2038 -
406 2018 476 2046 Haec
497 2026 564 2055 ergo
584 2018 751 2047 antecedunt
771 2018 987 2047 suscitationem.

220 2064 247 2093 3.
269 2064 331 2093 Post
346 2064 552 2093 suscitationem
567 2064 682 2098 dicitur,
697 2064 772 2102 quod
786 2065 906 2093 Lazarus
917 2073 989 2102 pro-

14 2120 54 2146 Post
67 2120 125 2139 snm-
140 2111 211 2145 diit,
225 2110 349 2139 solvitur
370 2113 398 2139 et
418 2110 499 2138 abiit.
517 2110 650 2144 Prodiit‚·
664 2110 738 2139 unde
756 2110 859 2139 dicitur
870 2111 897 2139 ⁴:
916 2111 988 2139 Pro-

11 2143 124 2186 fflsso‘nirffi
140 2157 208 2191 diit,
233 2156 285 2195 qui
306 2155 407 2193 fuerat
431 2160 576 2185 mortuus.
599 2157 729 2185 Solvitur
752 2160 780 2186 et
803 2157 894 2191 abiz·t;
914 2157 989 2186 unde

140 2203 206 2232 dicit
226 2203 317 2232 lesus:
340 2203 444 2232 Solvite
464 2212 531 2232 eam
560 2207 587 2232 ct
611 2204 699 2232 sinite
729 2203 820 2232 abire.
844 2220 881 2225 —
902 2204 987 2238 Nota,

9 2259 122 2284 4Αρριῑοειιῑο.
140 2250 215 2288 quod
228 2253 358 2279 mortuus
376 2250 528 2287 spiritualis
548 2250 607 2278 exit
627 2250 662 2279 de
683 2251 811 2287 sepulcro
832 2250 859 2279 in
881 2251 989 2280 contri-

141 2297 232 2331 tione‚·
252 2296 377 2326 solvitur
397 2297 425 2325 in
447 2296 641 2334 consessione,
663 2297 817 2327 secundum
838 2298 907 2327 illud
921 2299 988 2327 Mat-

140 2344 214 2374 thaei
244 2344 351 2373 decimo
381 2347 480 2373 sexto:
507 2355 520 2369 a
535 2344 735 2381 Quaecumque
763 2344 880 2374 solveris
903 2353 989 2382 super

140 2393 244 2419 terram
259 2402 273 2416 ι»
305 2393 374 2424 etc.;
403 2389 465 2418 abit
492 2390 519 2418 in
551 2389 753 2427 satisfactione
760 2401 771 2424 ;
799 2390 873 2420 unde
900 2391 989 2420 Lucae

140 2436 257 2473 quinto:
293 2448 307 2462 «
326 2436 400 2465 Vade
430 2436 458 2465 in
489 2436 603 2466 domum
635 2440 759 2472 tuam»;
789 2440 817 2466 et
847 2437 987 2467 Psalmus:

146 2483 285 2512 «Ibunt»
309 2483 400 2512 Sancti
426 2494 440 2508 «
454 2483 488 2512 de
508 2483 613 2513 virtute
634 2484 662 2512 in
683 2484 816 2513 virtutem
832 2495 859 2512 ιν.

0 2538 129 2567 ciream.
218 2530 246 2558 [ι.
268 2530 333 2559 Item
361 2530 530 2565 notandum,
561 2531 636 2568 quod
660 2531 796 2560 Dominus
823 2532 987 2561 suscitatum

21 2564 129 2607 ῧῖῗιῗωιῖἷὸ
140 2576 289 2614 aliquando
309 2577 456 2606 committit
485 2577 671 2612 solvendum,
699 2578 847 2616 aliquando
864 2587 987 2616 pascen-

1841 168 1894 196 591

1049 241 1134 276 dum,
1156 242 1305 280 aliquando
1325 243 1555 272 custodiendum.
1578 259 1616 264 -
1638 243 1798 273 Solvendus
1822 252 1897 274 com·
1909 252 1978 279 Eorum
1986 257 2046 280 οκρφ-

1049 288 1171 317 mittitur
1201 289 1384 326 spiritualiter
1414 290 1564 319 suscitatus
1595 290 1800 325 sacerdotibus;
1821 292 1896 328 quod
1929 277 2045 318 {musun-

1048 335 1200 372 figuratum
1222 338 1264 364 est
1284 335 1391 364 loannis
1412 336 1558 365 undecimo
1569 336 1590 371 ⁵,
1612 344 1677 365 cum
1697 337 1769 366 dixit
1789 337 1823 366 de
1847 338 1896 367 La-

1049 389 1128 410 zaro:
1158 381 1262 410 Solvite
1282 390 1348 410 eam
1378 385 1404 411 et
1433 382 1518 411 sinite
1548 382 1639 412 abire.
1663 400 1703 405 —
1724 384 1896 413 Pascendus

1048 428 1232 457 committitur
1252 428 1502 466 praedicatoribus;
1517 429 1591 467 quod
1607 429 1758 467 figuratum
1772 433 1828 466 est,
1842 431 1896 460 Lu-

1048 482 1096 504 cae
1117 477 1227 509 octavo,
1248 475 1282 504 de
1303 475 1359 504 filia
1379 475 1603 513 archisynagogi,
1624 476 1669 505 cui
1684 477 1824 514 praecepit
1845 478 1897 506 Do-

1048 520 1142 550 minus
1162 520 1221 550 dari
1242 521 1420 550 manducare.
1443 538 1480 543 —
1503 522 1717 551 Custodiendus
1747 524 1895 552 committi-

1048 570 1096 595 tur
1117 567 1262 604 praelatis;
1277 567 1352 605 quod
1366 568 1518 605 figuratum
1532 572 1583 603 est,
1599 569 1687 598 Lucae
1709 569 1840 607 septimo,
1861 570 1895 599 de

1048 613 1235 647 adolescente,
1256 621 1340 651 quem
1360 614 1435 643 dedit
1455 615 1590 644 Dominus
1610 616 1821 645 custodiendum
1836 625 1895 645 ma-

1049 659 1085 688 tri
1107 667 1182 688 suae.

1128 706 1263 744 Recollige
1283 715 1365 745 ergo,
1387 708 1461 745 quod
1483 708 1610 746 praelati,
1631 712 1664 738 ut
1684 710 1827 745 suscitent,
1847 710 1896 740 de-
1911 717 2011 742 Epssozus-

1048 753 1115 782 bent
1134 753 1268 791 plorare,
1289 754 1424 783 accedere
1444 757 1472 784 et
1492 755 1631 785 clamare.
1660 756 1806 794 Postquam
1828 765 1895 786 vero

1048 800 1199 829 suscitatus
1220 804 1262 830 est
1282 804 1427 836 mortuus,
1449 801 1550 831 debent
1578 802 1700 837 solvere,
1725 811 1847 840 pascere
1868 806 1896 833 et

1049 846 1203 875 custodire.
1227 863 1263 868 -—
1285 848 1385 877 Mortui
1406 856 1489 883 vero,
1518 852 1550 878 ut
1580 849 1767 884 suscitentur,
1794 850 1896 879 debent

1047 892 1190 931 feretrum
1209 895 1327 929 sistere,
1348 895 1468 924 turbam
1490 895 1639 932 repellere,
1661 896 1789 934 lapidem
1809 897 1894 934 depo-

1047 949 1123 969 nere.
1146 941 1293 979 Postquam
1314 950 1381 971 vero
1402 942 1526 972 suscitati
1547 946 1622 978 sunt,
1643 943 1745 973 debent
1761 944 1893 982 prodire,

1047 987 1218 1017 solutionem
1239 992 1427 1027 quaerere‘et
1447 989 1537 1018 abire.

1353 1091 1495 1115 COLLATIO
1514 1092 1592 1115 XLIV.

1126 1177 1216 1212 (Vers.
1239 1177 1306 1213 50).
1330 1177 1467 1214 Expedit,
1488 1181 1522 1206 at
1543 1186 1623 1206 tanus
1643 1178 1793 1207 moriatur
1807 1177 1892 1208 liomo

1044 1231 1102 1260 pro
1119 1223 1238 1260 populo,
1259 1227 1286 1252 et
1305 1232 1364 1252 non
1385 1227 1444 1252 tota
1463 1232 1534 1261 qens
1552 1228 1662 1262 pereat.

1129 1271 1153 1298 1.
1176 1270 1244 1299 Cum
1267 1270 1319 1299 hoc
1339 1270 1449 1300 dicatur
1469 1271 1503 1299 ad
1525 1271 1645 1300 litteram
1659 1271 1693 1301 de
1708 1274 1799 1301 morte
1813 1272 1893 1300 Chri-
1910 1278 1991 1298 Divisio.

1047 1317 1097 1351 sti,
1119 1317 1186 1346 hic⁰
1207 1317 1330 1354 tangitur
1351 1318 1524 1352 necessitas,
1539 1326 1604 1347 cum
1618 1318 1736 1347 dicitur:
1760 1319 1893 1356 Expedit,

1047 1367 1080 1391 ut
1099 1372 1180 1391 unas
1201 1364 1350 1392 moriatur
1370 1362 1455 1393 ltomo
1472 1373 1530 1402 pro
1558 1365 1682 1402 populo5
1703 1365 1782 1402 quasi
1803 1365 1892 1394 dIcat:

1046 1410 1114 1439 allas
1137 1414 1297 1439 moreretur
1324 1411 1453 1448 populus.
1475 1411 1561 1440 Cuius
1587 1412 1670 1440 etiam
1691 1412 1815 1448 tangitur
1837 1412 1894 1440 uti-

1047 1456 1131 1491 litas,
1154 1465 1217 1486 cum
1240 1457 1358 1486 dicitur:
1381 1458 1417 1486 Et
1435 1466 1495 1486 non
1526 1461 1586 1486 tota
1614 1466 1685 1495 yens
1709 1461 1818 1495 pereat.
1842 1458 1894 1487 No-

1047 1503 1161 1532 tandum
1184 1503 1282 1541 igitur,
1303 1503 1369 1541 quid
1392 1512 1469 1533 mors
1489 1504 1590 1533 Christi
1611 1504 1710 1533 debeat
1729 1504 1820 1534 facere
1838 1513 1895 1543 pro

1046 1549 1129 1578 nobis
1151 1566 1188 1570 —
1208 1552 1237 1578 et
1257 1550 1325 1587 quid
1344 1550 1442 1579 debeat
1462 1550 1552 1579 facere
1573 1550 1606 1579 in
1625 1550 1716 1579 nobis.

1125 1596 1204 1625 Circa
1225 1596 1348 1633 primum
1369 1600 1447 1631 nota,
1469 1597 1543 1634 quod
1564 1605 1640 1626 mors
1660 1597 1763 1627 Christi
1785 1601 1828 1627 est
1845 1606 1895 1627 no-
1919 1605 1993 1646 rrimg.
2006 1605 2043 1624 ‹iu-

1046 1642 1089 1671 bis
1109 1642 1270 1671 remedium
1291 1646 1388 1672 contra
1408 1643 1513 1672 malum
1528 1660 1565 1664 —
1580 1646 1607 1673 et
1621 1646 1663 1673 est
1683 1644 1763 1673 nobis
1783 1643 1894 1683 saffra·
1904 1628 1972 1694 Ξξῖιῑξ
1986 1631 2043 1671 ἓῗιιῗῑῗ

1044 1690 1129 1728 qiam
1149 1690 1183 1719 ad
1204 1690 1317 1719 bonum.
1931 1689 1936 1694 '

1125 1739 1151 1766 2.
1175 1737 1221 1766 Est
1247 1745 1314 1775 ergo
1342 1738 1422 1767 nobis
1446 1738 1608 1767 remedium
1632 1742 1736 1767 contra
1760 1739 1893 1773 malam,·
1927 1745 2039 1765 Remedium

1045 1787 1073 1814 et
1093 1785 1121 1813 in
1151 1785 1237 1819 malo,
1269 1784 1418 1822 praecipue
1449 1793 1501 1822 pro
1528 1793 1584 1822 quo
1611 1785 1733 1814 sanando
1763 1785 1892 1815 Christus
1907 1771 2044 1835 Ξὲιῗνῑρῖῗεῗῖ

1044 1835 1174 1861 mortuus
1195 1835 1253 1866 est,
1275 1832 1329 1860 tria
1349 1835 1430 1861 sunt:
1452 1832 1556 1861 scilicet
1583 1833 1720 1867 macula,
1741 1837 1843 1861 reatus
1864 1836 1892 1862 et
1939 1830 1944 1834 '

1045 1878 1163 1917 offensa.
1186 1878 1341 1907 Notandum
1362 1881 1419 1913 est,
1440 1879 1516 1916 quod
1529 1887 1604 1908 mors
1618 1879 1720 1908 Christi
1742 1879 1813 1908 delet
1826 1888 1891 1908 ma-

1045 1925 1158 1960 culam,
1180 1925 1251 1954 tollit
1269 1934 1409 1963 poenam,
1431 1925 1567 1955 conciliat
1588 1925 1738 1964 offensam.
1761 1942 1797 1947 —
1819 1927 1893 1956 Mors
1910 1933 1982 1952 Primo-

1044 1980 1111 2010 ergo
1131 1972 1234 2001 Christi
1248 1972 1319 2001 delet
1332 1972 1469 2009 culpmi,-
1484 1973 1658 2010 Apocalypsis
1672 1973 1763 2010 primo
1774 1974 1800 2002 ⁷.-
1818 1985 1832 1999 «ι
1844 1974 1893 2002 La-

1044 2019 1085 2047 vit
1105 2027 1155 2048 nos
1176 2027 1192 2047 a
1212 2019 1332 2056 peccatis
1352 2019 1455 2048 nostris
1476 2020 1504 2048 in
1525 2020 1659 2057 sanguine
1680 2028 1770 2055 suom
1791 2020 1826 2049 ad
1841 2021 1893 2049 Ro-

1044 2073 1141 2094 manos
1159 2069 1255 2094 sexto:
1268 2077 1282 2091 «1
1294 2065 1468 2103 Quicumque
1483 2066 1612 2103 baptizati
1627 2074 1726 2096 sumus
1741 2067 1769 2096 in
1783 2067 1893 2096 Christo

1046 2112 1120 2146 Iesu,
1136 2112 1163 2140 in
1178 2115 1269 2140 morte
1283 2112 1371 2149 ipsius
1384 2112 1514 2149 baptizati
1536 2120 1634 2141 sumus
1648 2124 1676 2147 »,
1691 2112 1851 2150 baptizati,
1866 2113 1894 2142 id

1045 2161 1087 2187 est
1108 2158 1164 2186 loti.
1183 2175 1218 2178 —
1234 2159 1307 2187 Mors
1326 2158 1429 2187 Christi
1450 2158 1535 2195 igitur
1557 2158 1628 2187 tollit
1645 2168 1788 2197 poenam;
1809 2160 1893 2189 Isaiae
1909 2167 2006 2186 secunao.

1045 2204 1276 2242 quinquagesimo
1291 2205 1372 2234 tertio
1383 2204 1410 2233 ⁸:
1430 2216 1444 2230 α
1455 2205 1578 2234 Tradidit
1592 2206 1620 2234 in
1634 2209 1751 2235 mortem
1773 2207 1892 2236 animam

1045 2259 1124 2280 suam
1145 2254 1173 2280 et.
1194 2259 1258 2280 cum
1279 2252 1420 2281 sceleratis
1448 2255 1595 2289 reputatus
1619 2255 1676 2287 est,
1701 2256 1729 2282 et
1749 2253 1807 2290 ipse
1828 2261 1892 2291 pec-

1045 2301 1106 2327 cata
1125 2298 1276 2327 multorum
1299 2298 1400 2327 tulit».
1423 2314 1460 2320 —
1482 2299 1555 2327 Mors
1575 2299 1676 2328 Christi
1698 2299 1834 2328 conciliat
1847 2299 1891 2337 of·
1908 2307 1981 2327 Tereo.

1044 2344 1161 2382 sensam
1168 2355 1179 2378 ;
1199 2344 1233 2373 ad
1255 2345 1390 2374 Romanos
1418 2345 1570 2382 quinto:,«
1585 2345 1655 2374 Cum
1675 2346 1768 2375 adhuc
1788 2346 1892 2375 inimici

1044 2399 1187 2426 essemus,
1209 2391 1376 2421 reconciliati
1398 2399 1497 2421 sumus
1528 2392 1585 2421 Deo
1615 2400 1666 2429 per
1693 2396 1812 2422 mortem
1833 2393 1893 2422 Filii

1044 2438 1105 2467 eius
1119 2450 1146 2466 2».
1168 2454 1206 2459 —
1227 2438 1270 2466 Sic
1291 2446 1357 2475 ergo
1378 2446 1454 2467 mors
1473 2438 1576 2468 Christi
1596 2442 1639 2468 est
1652 2439 1813 2468 remedium
1827 2448 1893 2469 con-

1046 2489 1095 2513 tra
1115 2484 1237 2513 malum.

1124 2532 1151 2561 3.
1174 2532 1219 2560 Est
1239 2532 1321 2561 etiam
1342 2540 1419 2560 mors
1446 2532 1548 2561 Christi
1575 2532 1756 2571 suffragium
1784 2534 1825 2562 ad
1846 2533 1893 2562 bo·
1925 2542 2037 2566 Sum-agium

1044 2587 1125 2607 nam.
1147 2579 1321 2616 Suffragatur
1342 2579 1415 2608 enim
1436 2579 1471 2608 ad
1491 2579 1595 2609 bonum
1609 2580 1724 2614 veniae,
1739 2580 1773 2609 ad
1788 2580 1892 2610 bonum
1900 2565 2044 2613 {fflissssmm'

204 2756 213 2770 ¹
231 2758 297 2780 Vers.
314 2758 351 2781 to.
367 2770 399 2775 —
415 2759 548 2788 Sequuntur
564 2760 630 2782 Prov.
649 2760 676 2788 6,
694 2760 722 2789 3;
740 2760 791 2783 lsai.
808 2760 849 2788 58,
868 2761 890 2783 t.

205 2795 214 2809 ²
232 2797 298 2819 Vers.
310 2796 348 2819 ⁴4.
358 2809 390 2814 —
401 2797 452 2820 Duo
463 2804 529 2827 seqq.
541 2798 583 2821 loci
596 2801 649 2821 sunt
660 2798 714 2821 Luc.
724 2799 746 2826 Β,
755 2799 793 2821 54.
802 2802 825 2822 et
833 2799 894 2822 loau.
904 2800 941 2827 tl,
950 2800 989 2822 39.

141 2835 187 2859 Cir.
205 2842 276 2864 supra
293 2836 366 2859 collat.
384 2837 455 2859 XXII.
473 2843 496 2860 n.
512 2838 535 2859 2.
551 2840 573 2859 et
589 2837 611 2859 3.

204 2873 213 2888 ³
230 2876 296 2898 Vers.
314 2875 351 2898 ⁴6.
367 2888 399 2893 -
415 2875 519 2898 Subinde
536 2877 664 2904 allegantur
681 2877 748 2900 Num.
767 2878 809 2905 ⁴6,
826 2878 865 2900 26.
881 2881 903 2901 et
920 2879 987 2901 Prov.

141 2914 184 2943 28,
203 2914 241 2937 13.

203 2952 213 2965 *¹
230 2954 292 2976 loan.
314 2954 350 2981 ll,
369 2953 411 2981 44,
429 2953 469 2977 ubi
486 2954 554 2977 etiam
572 2961 621 2984 seq.
638 2955 709 2978 locus.
724 2968 753 2972 -
765 2956 899 2985 Sequuntur
911 2957 987 2979 Matth.

1047 2761 1090 2788 ⁴6,
1111 2761 1149 2789 19;
1166 2761 1221 2784 Luc.
1238 2761 1265 2789 ὅ,
1283 2760 1320 2783 24.
1337 2764 1359 2783 et
1376 2761 1411 2783 Ps.
1430 2761 1473 2788 83,
1491 2761 1511 2783 8.
1524 2773 1555 2778 —
1571 2761 1614 2784 Pro
1631 2762 1742 2785 mortuus
1759 2761 1893 2792 spiritualis

1045 2799 1062 2823 C
1079 2801 1190 2823 mortuus
1206 2799 1373 2830 spiritualiter.

1108 2837 1118 2850 ⁵
1136 2839 1201 2861 Vers.
1219 2838 1257 2861 44.
1273 2851 1304 2855 —
1321 2838 1371 2861 Duo
1387 2845 1453 2868 seqq.
1469 2839 1513 2862 loci
1529 2842 1582 2862 sunt
1598 2840 1652 2862 Luc.
1670 2841 1698 2867 8,
1715 2840 1753 2863 55.
1770 2843 1792 2863 et
1808 2840 1835 2868 7,
1854 2840 1891 2863 ⁴5.

1107 2876 1118 2890 ⁶
1134 2877 1190 2901 Cod.
1208 2879 1225 2901 A
1243 2878 1311 2901 cuius
1328 2877 1374 2900 hic.

1107 2915 1117 2929 ⁷
1135 2917 1201 2940 vers.
1218 2917 1240 2939 5.
1257 2930 1288 2934 —
1304 2917 1412 2946 Sequitur
1428 2918 1495 2941 Rom.
1513 2918 1540 2945 6,
1558 2918 1581 2941 3.

1107 2954 1117 2968 ⁸
1136 2957 1199 2979 vers.
1218 2957 1253 2979 ⁴2.
1272 2969 1302 2973 —
1319 2955 1423 2979 Subinde
1439 2957 1550 2985 allegatur
1567 2958 1635 2981 Rom.
1651 2958 1678 2985 ὅ,
1698 2958 1734 2981 to.
