2296 3316
419 186 475 215 588

419 263 474 296 nis,
495 260 642 298 aliquando
658 259 749 297 pulsa
773 257 881 287 divinae
904 254 1095 289 correctionis,
1116 253 1264 290 aliquando

419 309 546 338 clamore
566 310 675 336 sanctae
696 303 914 342 praedicationis.
936 319 975 323 —
995 302 1065 330 Haec
1087 300 1140 329 tria
1161 300 1264 336 signifi-

420 358 480 384 cata
508 356 574 383 sunt
600 354 714 381 Actuum
744 349 906 379 duodecimo
919 349 928 366 ²
949 348 977 377 in
1005 347 1171 376 excitatione
1192 346 1264 375 Petri

420 400 596 433 dormientis,
617 398 650 427 de
671 405 727 435 quo
748 396 869 425 dicitur:
891 406 904 421 ι(
919 395 1002 428 Ecce,
1023 393 1142 430 Angelus
1155 392 1263 421 Domini

420 447 521 480 astitit,
542 449 570 475 et
590 446 682 474 lumen
704 443 813 473 refulsit
832 442 861 470 in
882 440 1040 471 habitaculo
1054 450 1086 474 »;
1107 446 1186 472 ecce,
1207 438 1264 475 pri-

421 500 513 526 mum;
539 497 752 528 «percussoque
766 490 852 518 latere
866 487 938 516 Petri
950 498 977 521 ›1;
998 494 1078 520 ecce,
1093 484 1265 518 seeundum

425 538 578 567 «excitavit
588 545 652 566 eum
664 537 772 565 dicens:
785 536 873 572 Surge
884 533 1014 562 velociter
1022 543 1049 566 »;
1061 539 1134 566 ecce,
1142 530 1264 560 tertium.

730 635 873 660 COLLATlO
891 635 957 658 xLll.

500 725 589 761 (Vers.
618 725 685 758 at).
716 722 853 755 Domine,
883 721 911 749 si
940 718 1049 757 fuisses
1080 717 1143 752 lzz‘e,
1171 717 1268 755 frater

423 780 503 802 meas
523 780 583 800 non
602 769 707 808 fuisset
728 773 872 798 mortuus.

503 820 527 848 1.
550 819 579 847 ln
600 817 692 847 verbis
713 816 772 845 istis
793 816 960 844 lamentatur
981 813 1088 842 Martha
1108 812 1161 841 sub
1179 812 1270 849 figura

424 866 559 896 Ecclesiae
579 865 650 898 du0,
672 863 776 893 scilicet
795 861 959 891 absentiam
980 860 1085 889 medici
1099 876 1137 881 —
1151 861 1178 888 et
1191 867 1269 887 mor—

425 917 476 943 tem
493 912 623 949 infirmi:
638 910 800 940 absentiam
814 908 936 942 medici,
951 915 1015 936 cum
1031 906 1110 935 dicit:
1132 906 1269 938 Domine,

424 960 451 988 si
463 958 572 997 fuisses
592 957 657 991 ltic;
678 956 757 994 quasi
778 956 866 985 dicat:
885 954 951 991 quia
964 962 1020 983 non
1034 953 1109 982 fuisti
1124 952 1177 982 hic.
1194 952 1270 980 Mor-

425 1010 479 1035 tem
509 1004 639 1041 infirmi,
671 1011 735 1033 cum
767 1001 929 1039 subiungit:
962 1001 1069 1029 Frater
1100 1008 1182 1028 mens
1213 1007 1271 1026 non

424 1051 530 1089 fuisset
549 1054 703 1084 mortuus,
724 1049 773 1087 qui
794 1049 898 1078 scilicet
912 1050 954 1077 est
967 1050 1112 1080 mortuus;
1134 1049 1162 1075 et
1184 1048 1272 1082 potest

426 1100 477 1128 hoc
497 1097 612 1134 intelligi
633 1096 667 1126 de
688 1099 777 1125 morte
798 1099 943 1129 naturae,
964 1094 1008 1123 vel
1036 1094 1069 1123 de
1097 1096 1187 1122 morte
1211 1092 1271 1120 eul—

423 1154 495 1183 pae,
517 1148 549 1174 ut
569 1145 708 1174 dicamus:
730 1143 861 1176 Domine,
882 1142 904 1171 si
926 1142 1025 1170 fuisses
1052 1141 1098 1169 hic
1122 1138 1273 1176 corporali-

428 1196 484 1227 ter,
505 1192 591 1221 srater
612 1199 692 1220 meus
713 1198 768 1219 non
789 1189 886 1219 fuisset
907 1191 1037 1217 mortuus
1058 1186 1272 1224 temporaliter,-

427 1240 469 1269 vel
490 1239 629 1268 dicamus:
652 1238 678 1267 Si
699 1237 799 1266 fuisses
819 1236 864 1265 hic
882 1243 932 1272 per
947 1234 1080 1272 gratiam,
1095 1234 1181 1262 frater
1196 1240 1274 1261 meus

428 1295 482 1316 non
502 1286 599 1315 fuisset
620 1288 750 1314 mortuus
770 1291 820 1320 per
842 1283 969 1320 culpam.

506 1334 531 1362 2.
554 1332 699 1369 Distingue
719 1330 901 1367 multiplicem
927 1332 1062 1362 mortem,
1090 1331 1118 1356 et
1148 1326 1274 1359 attende,

304 1387 354 1405 Mors
361 1391 412 1428 qua-
428 1380 502 1418 quod
523 1383 564 1409 est
585 1387 661 1408 mors
681 1382 826 1411 naturae,
842 1385 918 1406 mors
932 1376 1048 1413 eulpae,
1063 1382 1139 1403 mors
1150 1381 1274 1411 poenae,

303 1409 367 1457 1)ᾱὲΠὲ
367 1414 404 1451 fma
428 1435 504 1457 mors
521 1427 648 1465 qratiae.
671 1442 707 1447 —
729 1426 801 1454 Mors
822 1428 938 1453 naturae
953 1422 1101 1452 horrenda
1119 1424 1160 1450 est
1180 1420 1275 1453 malis,

296 1456 411 1476 mmm
429 1474 559 1512 optanda
586 1473 681 1507 iustis,
700 1471 907 1509 praecavenda
938 1469 1053 1499 cunctis.
1077 1484 1113 1490 --
1136 1468 1182 1496 Est
1209 1465 1276 1495 hor-

286 1527 393 1546 Esthorren
395 1521 523 1553 datenda
543 1520 648 1554 malis,
669 1519 735 1556 quia
756 1519 829 1555 ipsos
849 1517 973 1555 spehat:
988 1515 1168 1545 Ecclesiastici
1190 1513 1277 1543 unde-

301 1550 579 1599 ll⁵¹1¹2²⁴⁰³1¹i⁵23aqumcimo²³:<1
594 1567 641 1597 Est
661 1566 708 1604 qui
732 1565 916 1602 locupletatur
940 1571 1023 1601 parce
1047 1562 1198 1602 agendo».
1205 1563 1277 1594 etc.;

430 1620 458 1646 et
479 1615 622 1652 sequitur:
648 1625 662 1639 «
677 1614 708 1643 Et
729 1613 831 1646 nescit,
846 1611 921 1649 quod
942 1614 1052 1647 tempus
1065 1598 1236 1646 praetereat,
1251 1611 1279 1637 et

431 1670 507 1691 mors
527 1660 746 1698 appropinquet,
768 1662 795 1688 et
816 1658 956 1695 relinquat
975 1657 1068 1686 omnia
1091 1656 1152 1685 aliis
1172 1658 1200 1684 et
1221 1663 1279 1683 mo-

434 1708 523 1737 riatur
538 1718 565 1742 »3
594 1707 639 1736 lob
667 1706 799 1743 vigesimo
827 1705 961 1742 septimo:
988 1715 1002 1729 α
1017 1703 1085 1732 Cum
1112 1702 1189 1731 dives
1215 1700 1280 1730 dor-

435 1754 543 1788 mierit,
564 1754 634 1783 nihil
649 1761 742 1782 secum
757 1752 864 1781 auferet
878 1762 906 1785 »;
925 1751 1064 1780 psalmus:
1083 1761 1097 1775 u
1112 1749 1181 1777 Cum
1195 1748 1281 1777 inter-

291 1802 512 1836 Quiacruciat-ierit,
530 1809 586 1830 non
607 1803 698 1829 sumet
712 1799 804 1828 omnia
814 1810 841 1827 υ.
857 1815 895 1819 -
910 1798 993 1831 Item,
1008 1797 1075 1834 quia
1088 1804 1135 1825 eos
1149 1795 1281 1827 muciam

437 1847 616 1877 Ecclesiastici
637 1845 850 1884 quadragesimo
871 1844 998 1881 primo⁸:
1026 1843 1073 1873 «O
1091 1850 1183 1877 mors,
1197 1849 1281 1879 quam

433 1903 528 1924 amara
548 1896 590 1924 est
610 1893 745 1922 memoria
767 1895 814 1921 tua
835 1891 939 1920 homini
960 1890 1063 1919 iniusto
1077 1893 1105 1919 et
1122 1897 1218 1926 pacem
1233 1889 1282 1917 ha-

435 1942 511 1972 benti
531 1941 559 1970 in
580 1940 742 1970 substantiis
763 1939 822 1968 suis
835 1941 862 1966 n!
885 1938 912 1966 Si
939 1945 1036 1967 amara
1062 1939 1105 1966 est
1131 1936 1281 1969 memoria,

437 1989 525 2019 multo
546 1988 634 2025 magis
654 1986 826 2024 praesentia;
841 1986 931 2014 Lucae
944 1984 1051 2013 decimo
1071 1986 1167 2013 sexto·
1186 1995 1199 2009 «
1211 1984 1282 2012 Mor-

291 2040 422 2084 Quiahasmssfl-
435 2039 502 2065 tuus
522 2038 564 2064 est
584 2034 661 2063 dives
675 2037 702 2062 et
717 2032 844 2070 sepultus
863 2034 905 2060 est
926 2031 954 2060 in
971 2030 1120 2059 inferno».
1143 2047 1179 2051 —
1201 2029 1282 2063 Item,

437 2083 503 2120 quia
523 2089 570 2110 eos
594 2079 759 2111 αητιίήῑίαις
780 2079 826 2107 101)
853 2078 960 2107 decimo
987 2077 1126 2114 quarto4:
1152 2087 1166 2101 α
1181 2077 1282 2110 Homo,

437 2137 500 2159 cum
514 2128 599 2157 fuerit
612 2130 742 2156 mortuus
755 2129 784 2155 et
797 2125 918 2155 nudatus
931 2127 1016 2161 atque
1030 2126 1208 2157 consumtus,
1223 2123 1282 2157 ubi,

437 2183 555 2213 quaeso,
577 2178 618 2204 est
633 2177 666 2202 n?
687 2173 766 2211 quasi
793 2173 880 2201 dicat:
903 2179 1041 2208 nusquam
1068 2173 1118 2200 est.
1140 2170 1282 2199 Psalmus:

293 2230 423 2274 ιιὲιὲὴῗερῐευ
441 2235 455 2248 <1
470 2222 611 2256 Transivi,
634 2225 661 2250 et
682 2229 760 2255 ecce,
782 2228 836 2249 non
858 2222 958 2248 erat».

517 2270 543 2299 3.
565 2270 638 2298 Mors
658 2268 711 2297 ista
731 2270 773 2296 est
793 2266 923 2304 optanda
944 2265 1048 2298 iusta,
1069 2264 1135 2301 quia
1159 2264 1220 2293 illos
1240 2263 1283 2292 dz'-

308 2277 353 2301 quia
366 2266 421 2294 ‹ina’t

438 2321 497 2350 tac,-
518 2316 564 2346 Iob
586 2315 706 2346 tertio⁶:
732 2325 746 2339 «
760 2314 928 2350 Exspectant
955 2314 1090 2345 mortem,
1111 2314 1138 2340 et
1162 2318 1216 2339 non
1238 2318 1284 2339 ve-

328 871 405 891 Divisio.

502 2497 510 2510 ¹
530 2498 593 2520 Vers.
611 2497 633 2519 7.

502 2535 511 2549 2
530 2537 594 2559 Vers.
615 2537 649 2558 18.
666 2538 688 2558 et
705 2536 742 2557 20.
758 2547 789 2552 -
806 2535 856 2557 Duo
873 2540 938 2563 seqq.
955 2533 1000 2556 loci
1016 2535 1069 2555 sunt
1090 2532 1129 2554 lob
1147 2532 1190 2558 27,
1210 2532 1246 2553 19.
1263 2533 1285 2553 et

442 2577 476 2599 Ps.
494 2576 535 2603 48,
554 2576 590 2598 18.

502 2613 512 2627 ²
530 2615 595 2637 Vers.
613 2615 634 2637 1.
651 2627 679 2630 -
698 2614 806 2643 Sequitur
823 2614 878 2636 Luc.
895 2613 937 2640 16,
954 2613 993 2635 22.

502 2653 513 2666 ⁴
531 2654 595 2676 Vers.
614 2654 651 2675 lo.
667 2665 697 2670 -
714 2652 819 2676 Subinde
835 2652 946 2680 allegatur
963 2651 999 2673 Ps.
1015 2650 1058 2677 36,
1075 2650 1114 2672 36.

503 2691 513 2705 ⁵
531 2693 596 2715 Vers.
613 2693 651 2715 21.
668 2698 716 2720 seq.
734 2703 765 2708 —
781 2692 915 2719 Sequuntur
931 2689 971 2713 lob
988 2689 1016 2717 5,
1033 2689 1071 2712 26.
1087 2692 1110 2712 et
1130 2688 1186 2712 Phil.
1206 2688 1231 2715 l,
1248 2687 1285 2709 2⁴.

504 2730 513 2743 ¹³
530 2731 596 2754 Vers.
614 2731 650 2753 43.
666 2742 698 2747 —
715 2730 819 2753 Subinde
834 2730 944 2757 allegatur
960 2729 1015 2751 Luc.
1032 2728 1074 2756 16,
1091 2728 1129 2751 22.

504 2768 513 2781 '¹
532 2770 597 2792 Vers.
614 2769 650 2791 ¹14.
667 2781 699 2786 —
715 2769 823 2797 Sequitur
840 2768 876 2791 Ps.
893 2768 936 2795 88,
954 2767 992 2791 49.
1006 2779 1038 2784 —
1056 2767 1143 2789 Versus
1163 2765 1217 2788 dein
1236 2764 1280 2787 alle

442 2810 489 2838 gati
505 2809 654 2831 inveniuntur
669 2808 692 2830 in
710 2808 847 2831 Meditation.
865 2806 973 2835 piissimis
983 2806 1014 2830 de
1024 2805 1156 2833 cognitione
1172 2805 1287 2827 humanae

442 2848 581 2872 conditionis
597 2847 664 2876 (inter
680 2853 750 2875 opera
767 2846 898 2875 Bernardi),
915 2852 934 2868 c.
952 2846 973 2868 3.
990 2852 1012 2868 11.
1030 2846 1052 2868 8.

505 2886 515 2899 ⁸
533 2888 598 2910 Vers.
617 2887 654 2910 12.
674 2899 700 2902 -
717 2887 818 2912 Seneca,
835 2886 905 2913 Epist.
923 2886 943 2907 1.
961 2891 983 2906 11.
1001 2885 1027 2907 2:
1044 2884 1118 2912 Quem
1136 2882 1192 2906 mihi
1209 2881 1288 2908 dabis,

444 2927 483 2956 qui
500 2926 594 2955 aliquod
616 2926 715 2954 prelium
738 2925 837 2953 tempori
858 2925 947 2953 ponat?
968 2924 1008 2953 qui
1026 2923 1088 2946 diem
1105 2922 1227 2946 aestimet?
1249 2921 1289 2950 qui

445 2965 566 2994 intelligat,
577 2970 602 2988 se
613 2964 717 2994 quotidie
727 2964 803 2987 mori?
819 2965 842 2987 ln
860 2965 903 2987 hoc
919 2963 980 2986 enim
998 2962 1103 2990 fallimur,
1115 2961 1179 2990 quod
1190 2962 1290 2983 mortem

889 177 1113 208 COLLATIONES
1135 177 1166 205 IN
1188 176 1333 205 lOANNEM
1354 175 1422 204 CAP.
1445 175 1486 203 xl.
1508 174 1601 204 COLL.
1624 174 1697 204 XLlI.

1321 252 1377 285 nit,
1397 251 1477 288 quasi
1498 251 1657 281 effodientes
1678 252 1857 286 thesaurum,
1878 251 2054 289 gaudentque
2081 252 2164 281 vehe-

1320 301 1444 332 menter,
1465 306 1529 327 cum
1552 298 1708 328 invenerint
1727 298 1888 335 sepulcrum
1902 308 1930 333 »;
1951 298 2025 328 unde
2045 298 2079 328 de
2092 298 2165 328 iusto

1320 345 1423 374 dicitur
1445 345 1491 373 lob
1511 345 1628 382 quinto:
1654 356 1668 370 a
1684 344 1847 383 lngredieris
1874 345 1902 373 in
1928 345 2097 374 abundantia
2124 352 2166 374 56-

1321 392 1452 428 pulcrum
1467 402 1496 425 »;
1525 391 1559 421 ad
1589 392 1778 428 Philippenses
1806 391 1916 428 primo:
1950 403 1964 417 «r
1978 391 2043 420 Mihi
2073 391 2167 421 vivere

1321 438 1449 468 Christus
1469 441 1526 472 est,
1547 438 1585 468 ait
1606 438 1766 474 Apostolus,
1794 441 1822 468 et
1852 438 1922 467 111011
1954 438 2064 467 lucrum
2079 449 2105 468 1».
2128 454 2165 461 -—

1323 484 1404 518 ltem,
1418 484 1485 522 quia
1505 484 1566 514 illos
1579 485 1707 523 quietam
1720 484 1896 521 Apocalypsis
1909 484 2015 514 decimo
2029 485 2296 534 0111111011(1110111111Ἰ

1327 542 1340 556 α
1356 531 1445 565 Beati,
1467 531 1514 568 qni
1536 531 1565 560 in
1585 531 1701 561 Domino
1722 531 1890 561 moriuntur.
1912 530 2014 561 Amodo
2034 531 2088 561 iam
2102 531 2169 561 dicit
2239 515 2252 534 ¹
2284 517 2296 564 l¹

1323 577 1457 614 Spiritus,
1472 580 1505 607 ut
1519 578 1693 615 requiescant
1707 586 1724 606 a
1745 577 1887 607 laboribus
1907 577 1966 607 suis
1979 589 2006 606 n.
2028 594 2067 599 -—
2088 578 2167 612 ltem,
2184 566 2289 607 Quinem-¹

1323 625 1389 661 quia
1415 624 1477 654 illos
1503 623 1631 658 eaeatcat,·
1652 625 1741 653 Lucae
1770 624 1877 654 decimo
1907 627 2002 653 sexto:
2028 636 2042 650 ιι
2056 625 2169 655 Factum

1323 674 1381 705 est,
1401 673 1434 701 ut
1454 673 1613 700 moreretur
1634 670 1777 701 mendicus
1798 674 1825 701 et
1845 671 2040 708 deportaretur
2061 671 2096 701 ab
2117 672 2168 701 An-

1324 718 1392 755 gelis
1413 718 1440 747 in
1462 718 1554 747 sinum
1574 718 1699 748 Abrabae
1713 729 1740 747 1»

1404 765 1430 793 [1.
1453 765 1526 794 Mors
1547 764 1727 794 nihilominus
1740 764 1793 794 ista
1813 767 1854 793 est
1872 765 2079 802 praecavenda
2099 774 2170 796 cun·
2182 769 2234 792 uem·
2246 774 2286 791 uu

1325 812 1396 845 ctis,
1417 811 1483 848 quia
1504 811 1689 844 necessarz'a,·
1709 811 1821 840 secundi
1843 811 1947 849 Regum
1968 811 2074 840 decimo
2088 819 2172 849 quar·
2199 783 2287 844 ἷίιῗῖῑῖῗῖωἸ

1326 859 1391 888 to⁷:
1418 857 1549 887 «Omnes
1569 858 1706 887 morimur
1727 861 1754 887 et
1772 858 1851 895 quasi
1865 865 1954 895 aquae
1974 857 2123 887 dilabimur
2143 859 2171 888 in
2199 843 2252 860 ’Μ

1327 909 1447 939 terram,
1463 912 1535 941 quae
1549 912 1603 933 non
1618 907 1800 934 revertuntur
1812 915 1839 938 »;
1854 904 1994 934 Psalmus:
2017 916 2031 929 «
2044 905 2113 941 Quis
2130 907 2172 934 est

1328 953 1427 986 1101110,
1449 951 1497 989 qui
1519 951 1593 981 vivet
1612 954 1640 980 et
1660 959 1715 981 non
1736 951 1839 981 videbit
1860 954 1978 980 mortem
1993 953 2028 980 n?
2049 951 2170 981 Versus:

1449 1029 1513 1052 Unde
1529 1028 1635 1058 superbit
1651 1030 1733 1056 homo,
1751 1029 1817 1052 cuius
1834 1029 1954 1058 conceptio
1971 1029 2053 1057 culpa,

1449 1069 1515 1091 Nasci
1534 1074 1620 1097 poena,
1637 1067 1702 1090 laho1
1719 1068 1778 1095 vita,
1795 1074 1890 1091 necesse
1907 1068 1985 1090 mori?
2294 1070 2296 1112 1

1409 1139 1484 1173 ltem,
1499 1138 1565 1176 quia
1577 1139 1764 1176 propinqum
1780 1138 1959 1167 Ecclesiastici
1973 1138 2080 1170 decimo
2091 1146 2175 1175 quar·
2191 1141 2239 1169 Quin
2251 1136 2296 1172 ¹³¹⁰·-

1330 1186 1398 1214 to⁸:
1425 1186 1557 1215 «Memor
1578 1188 1651 1219 esto,
1673 1185 1804 1222 quoniam
1832 1193 1908 1214 mors
1935 1193 1990 1214 non
2014 1184 2174 1214 tardabit».
2206 1165 2277 1189 mm*

1330 1233 1448 1262 Seneca:
1475 1243 1488 1257 «
1507 1232 1648 1269 Quidquid
1675 1232 1772 1261 aetatis
1800 1235 1877 1261 retro
1904 1235 1961 1266 est,
1982 1239 2059 1260 mors
2086 1234 2176 1266 tenet,

1331 1279 1466 1317 quidquid
1491 1282 1587 1313 restat,
1609 1279 1748 1307 incertum
1762 1290 1788 1306 ».
1811 1278 1989 1309 Ecclesiastici
2011 1278 2176 1312 undecimo:

1335 1338 1349 1352 «ι
1364 1327 1455 1356 Nescit
1469 1327 1568 1360 homo,
1589 1325 1664 1363 quod
1686 1329 1797 1362 tempus
1811 1327 1983 1362 praetereat,
1998 1327 2026 1354 et
2040 1333 2117 1354 mors
2130 1333 2178 1362 ap-

1332 1374 1527 1411 propinquet»
1552 1376 1604 1401 etc.
1626 1389 1665 1393 —
1686 1372 1765 1406 Item,
1787 1372 1853 1409 quia
1873 1372 2025 1409 repentina
2032 1382 2042 1405 ,·
2066 1371 2179 1401 Genesis
2195 1374 2296 1418 ⁰⁰¹},Jssffl'

1332 1420 1464 1457 vigesimo
1485 1419 1602 1456 septimo
1613 1419 1642 1447 ⁹:
1669 1431 1683 1444 «
1698 1419 1779 1447 Vides
1793 1430 1821 1452 »,
1836 1418 1874 1448 ait
1901 1419 1984 1453 lsaac,
2009 1429 2023 1443 α
2038 1418 2113 1456 quod
2136 1426 2179 1447 se·
2270 1411 2274 1417 '

1332 1467 1442 1496 nuerirn
1464 1469 1492 1496 et
1519 1466 1643 1503 ignorem
1666 1465 1739 1494 diem
1761 1466 1861 1494 mortis
1882 1473 1958 1495 meae
1976 1460 2010 1500 »3'
2026 1465 2131 1502 primae
2145 1465 2180 1494 ad

1333 1513 1591 1544 Thessalonicenses
1612 1512 1709 1549 quinto
1722 1523 1728 1540 :
1754 1523 1768 1536 «
1783 1512 1852 1541 Cum
1866 1512 2009 1541 dixerint:
2025 1512 2082 1541 Pax
2096 1513 2124 1540 et
2138 1519 2180 1540 se-

1334 1560 1454 1594 curitas,
1477 1563 1543 1589 tunc
1564 1559 1727 1596 repentinus
1750 1559 1791 1588 eis
1811 1559 1989 1596 superveniet
2008 1558 2139 1589 interitus
2152 1569 2179 1593 »;

1335 1607 1409 1636 unde
1434 1617 1447 1632 (ι
1462 1606 1531 1635 1111111
1552 1609 1594 1635 est
1614 1606 1748 1635 incertius
1769 1605 1839 1634 hora
1860 1605 1975 1640 mortis,
1995 1607 2086 1635 morte
2112 1598 2181 1635 nihil

1335 1654 1440 1685 certius
1454 1666 1481 1682 »‚

1415 1701 1487 1730 Mors
1507 1708 1574 1737 ergo
1598 1703 1716 1729 naturae
1742 1702 1784 1729 est
1811 1699 1961 1728 horrenda
1987 1699 2092 1733 malis,
2117 1698 2183 1735 quia
2198 1701 2291 1725 Emmaus-1

1337 1749 1411 1786 ipsos
1431 1747 1554 1785 spoliat,
1575 1747 1691 1776 cruciat
1711 1750 1738 1776 et
1757 1745 1922 1780 annihilat,-
1936 1745 2068 1783 optanda
2080 1748 2123 1775 est
2136 1745 2182 1774 iu-

1337 1796 1408 1830 stis,
1433 1795 1500 1832 quia
1527 1795 1601 1832 ipsos
1622 1794 1713 1828 (litat,
1735 1794 1845 1832 quietat
1864 1796 1892 1824 et
1912 1793 2040 1827 emanat,-
2057 1801 2183 1830 praeea-

1337 1842 1432 1877 venda
1451 1841 1581 1875 cunetis,
1610 1841 1676 1878 quia
1696 1840 1881 1874 necessaria,
1900 1840 2071 1879 propinqua
2092 1842 2120 1869 et
2139 1848 2183 1869 re-

1335 1889 1456 1926 pentina
1467 1899 1478 1923 ,·
1498 1888 1532 1918 de
1553 1896 1609 1925 qua
1630 1888 1675 1916 hic
1689 1888 1711 1904 ¹⁰
1732 1887 1854 1916 dicitur:
1871 1887 2008 1921 Domine,
2028 1887 2057 1915 si
2075 1886 2184 1924 fuisses

1338 1935 1401 1969 hic,
1416 1934 1513 1973 frater
1526 1943 1609 1964 meus
1622 1943 1682 1963 non
1694 1933 1800 1971 fuisset
1812 1937 1960 1968 mortuus,
1974 1934 2078 1963 scilicet
2095 1936 2184 1963 morte

1338 1986 1463 2011 naturae.

1418 2029 1443 2057 5.
1460 2028 1591 2061 Domine,
1602 2028 1630 2056 si
1642 2026 1751 2064 fuisses
1763 2026 1819 2060 lcz'c,
1832 2025 1929 2064 frater
1942 2035 2024 2055 meus
2037 2034 2097 2056 non
2110 2024 2186 2063 fuis·
2217 2026 2296 2070 Secta?

1338 2079 1380 2104 sec
1400 2079 1536 2104 mortuas
1556 2077 1646 2104 morte
1667 2074 1786 2111 culpae,
1808 2081 1880 2111 quae
1900 2073 2048 2110 multiplex
2068 2075 2119 2102 est.
2140 2072 2187 2102 Est
2199 2055 2296 2099 ωἶῖῗινῐπῗ

1338 2122 1413 2151 6111111
1427 2130 1503 2151 mors
1515 2120 1688 2158 supermae,-
1703 2120 1749 2149 lob
1762 2120 1869 2149 decimo
1887 2123 1984 2151 octavo
1996 2120 2034 2148 1¹:
2053 2130 2068 2144 «ι
2081 2119 2187 2150 Consu·
2202 2121 2273 2141 Prima.

1340 2172 1396 2198 mat
1409 2169 1524 2198 brachia
1537 2168 1598 2197 eius
1612 2167 1795 2204 primogenita
1809 2175 1885 2196 mors
1898 2177 1925 2201 »ς
1940 2166 1987 2196 lob
2000 2166 2106 2203 primo:
2122 2177 2136 2191 α
2149 2165 2186 2194 lr-

1341 2216 1398 2245 ruit
1420 2219 1519 2246 ventus
1541 2215 1688 2244 vehemens
1709 2223 1726 2244 a
1747 2214 1859 2251 regione
1876 2213 1977 2243 deserti
1999 2216 2027 2242 et
2047 2213 2187 2243 concussit

1340 2266 1462 2300 quatuor
1475 2262 1592 2299 angulos
1613 2262 1727 2295 domus,
1749 2269 1821 2298 quae
1841 2268 1977 2290 corruens
1996 2260 2135 2299 oppressit
2155 2259 2187 2289 li-

1341 2310 1423 2340 beros
1452 2313 1529 2343 tuos,
1557 2312 1585 2339 et
1613 2309 1717 2338 mortui
1745 2311 1851 2337 sunt».
1874 2324 1912 2329 —-
1934 2308 1980 2338 Est
2005 2315 2081 2337 mors
2102 2307 2187 2341 irae;
2203 2307 2294 2329 Secunda-

1340 2491 1508 2519 prospicimus,
1527 2496 1611 2518 magna
1629 2496 1681 2518 pars
1699 2490 1748 2511 eius
1764 2489 1810 2511 iam
1828 2488 1957 2517 praeteriit,
1973 2488 2089 2517 quidquid
2110 2488 2190 2510 aetatis

1340 2532 1401 2552 retro
1418 2532 1465 2556 est,
1482 2535 1545 2551 mors
1561 2531 1630 2551 tenet.
1646 2529 1690 2550 Fac
1707 2534 1775 2556 ergo,
1795 2528 1824 2550 mi
1842 2528 1927 2555 Lucili,
1939 2527 2004 2556 quod
2016 2528 2091 2550 facere
2103 2530 2125 2549 te
2136 2526 2189 2549 scri-

1341 2569 1389 2592 bis:
1406 2575 1488 2592 omnes
1504 2569 1573 2591 horas
1589 2568 1754 2595 complectere,
1771 2567 1803 2590 sic
1825 2567 1877 2593 fiet,
1895 2570 1920 2589 ut
1942 2566 2019 2589 miuus
2040 2572 2068 2590 ex
2090 2566 2189 2588 crastino

1342 2608 1457 2637 pendeas,
1469 2608 1488 2630 si
1500 2607 1611 2630 hodierno
1625 2613 1719 2630 manum
1733 2606 1845 2630 inieceris.
1863 2606 1922 2628 Dum
1934 2605 2049 2633 differtur,
2061 2605 2107 2627 vita
2119 2607 2190 2627 wans-

1343 2647 1422 2671 currit.
1439 2647 1534 2674 Omnia,
1551 2647 1583 2669 mi
1600 2646 1684 2673 Lucili,
1701 2646 1774 2669 aliena
1790 2648 1856 2672 sunt,
1869 2648 1961 2673 tempus
1978 2647 2067 2668 tantum
2084 2646 2190 2668 nostrum

1343 2689 1378 2709 est
1393 2689 1436 2710 etc.
1453 2698 1484 2703 —
1501 2686 1610 2714 Sequitur
1628 2685 1694 2708 Eccli.
1712 2685 1752 2712 ll,
1770 2685 1807 2708 20.

1405 2723 1416 2737 ⁹
1433 2725 1498 2748 Vei-s.
1515 2725 1537 2747 2.
1554 2737 1585 2741 —
1602 2724 1706 2747 Subinde
1720 2724 1832 2752 allegatur
1845 2724 1859 2746 l.
1872 2724 1952 2746 Thess,
1964 2722 1991 2751 ὅ,
2003 2723 2025 2746 3.
2036 2734 2068 2739 -
2077 2722 2190 2749 Ansam„

1343 2764 1443 2788 meditat.
1459 2763 1481 2787 7.
1499 2769 1518 2786 c.
1538 2764 1564 2786 l:
1584 2771 1596 2783 a
1608 2763 1666 2786 Nihil
1681 2763 1766 2786 certius
1783 2765 1870 2789 morte,
1886 2762 1942 2786 nibil
1959 2762 2015 2784 hora
2027 2761 2107 2784 mortis
2117 2761 2192 2785 incer-

1345 2804 1389 2827 tius
1400 2812 1422 2825 ι).
1443 2803 1528 2830 (licen,
1544 2803 1575 2826 de
1597 2803 1718 2826 Senectute
1740 2801 1806 2830 (Cato
1828 2801 1923 2830 maior),
1945 2807 1965 2823 c.
1982 2801 2025 2824 20:
2047 2800 2190 2824 Moriendum

1344 2842 1406 2866 enim
1424 2845 1486 2865 certe
1501 2844 1547 2869 est,
1563 2844 1587 2864 et
1602 2841 1625 2864 id
1643 2841 1771 2868 incertum,
1787 2847 1817 2864 an
1832 2846 1861 2863 eo
1878 2840 1929 2868 ipso
1945 2839 1991 2863 die.

1408 2879 1428 2893 ¹⁰
1446 2881 1509 2904 Vers,
1528 2881 1566 2903 2l.

1407 2919 1427 2933 ¹¹
1447 2920 1510 2943 Vers.
1530 2920 1567 2942 13.
1582 2931 1614 2936 -
1629 2919 1688 2943 Tres
1710 2925 1775 2948 seqq.
1798 2918 1841 2942 loci
1858 2920 1911 2942 sunt
1927 2916 1967 2941 lob
1985 2917 2010 2945 sl,
2028 2917 2064 2940 19.
2081 2919 2104 2939 et
2121 2916 2146 2945 5,
2164 2917 2190 2938 2:

1350 2959 1408 2983 Vere
1423 2958 1525 2983 stultum
1540 2961 1597 2985 ete.;
1614 2959 1630 2981 l.
1647 2959 1708 2981 loen.
1721 2958 1751 2986 3,
1770 2957 1806 2981 ⁴4.
