<?xml version="1.0" encoding="UTF-8"?>
<!DOCTYPE html PUBLIC "-//W3C//DTD XHTML 1.0 Transitional//EN"
    "http://www.w3.org/TR/xhtml1/DTD/xhtml1-transitional.dtd">
<html xmlns="http://www.w3.org/1999/xhtml" xml:lang="en" lang="en">
 <head>
  <title>
</title>
<meta http-equiv="Content-Type" content="text/html;charset=utf-8" />
  <meta name='ocr-system' content='tesseract 3.04.00' />
  <meta name='ocr-capabilities' content='ocr_page ocr_carea ocr_par ocr_line ocrx_word'/>
</head>
<body>
  <div class='ocr_page' id='page_1' title='image "./doctorisseraphic06bona_0649.png"; bbox 0 0 2296 3316; ppageno 0'>
   <div class='ocr_carea' id='block_1_1' title="bbox 10 1188 114 1231">
    <p class='ocr_par' dir='ltr' id='par_1_1' title="bbox 10 1188 114 1231">
     <span class='ocr_line' id='line_1_1' title="bbox 10 1188 114 1216; baseline -0.01 -8"><span class='ocrx_word' id='word_1_1' title='bbox 10 1189 62 1216; x_wconf 52' lang='lat' dir='ltr'>hle}</span> <span class='ocrx_word' id='word_1_2' title='bbox 77 1188 114 1207; x_wconf 82' lang='lat' dir='ltr'>ele-</span> 
     </span>
     <span class='ocr_line' id='line_1_2' title="bbox 36 1214 78 1231; baseline 0 0"><span class='ocrx_word' id='word_1_3' title='bbox 36 1214 78 1231; x_wconf 78' lang='lat' dir='ltr'>ctio.</span> 
     </span>
    </p>
   </div>
   <div class='ocr_carea' id='block_1_2' title="bbox 17 793 37 1583">
    <p class='ocr_par' dir='ltr' id='par_1_2' title="bbox 17 793 37 1583">
     <span class='ocr_line' id='line_1_3' title="bbox 17 793 37 1583; baseline 0 0"><span class='ocrx_word' id='word_1_4' title='bbox 17 793 37 1583; x_wconf 95' lang='lat' dir='ltr'> </span> 
     </span>
    </p>
   </div>
   <div class='ocr_carea' id='block_1_3' title="bbox 16 1935 118 1978">
    <p class='ocr_par' dir='ltr' id='par_1_3' title="bbox 16 1935 118 1978">
     <span class='ocr_line' id='line_1_4' title="bbox 17 1935 118 1955; baseline -0.01 0"><span class='ocrx_word' id='word_1_5' title='bbox 17 1935 79 1955; x_wconf 66' lang='lat' dir='ltr'>(onitin</span> <span class='ocrx_word' id='word_1_6' title='bbox 87 1941 118 1954; x_wconf 81' lang='lat' dir='ltr'>va—</span> 
     </span>
     <span class='ocr_line' id='line_1_5' title="bbox 16 1959 110 1978; baseline 0 0"><span class='ocrx_word' id='word_1_7' title='bbox 16 1961 33 1978; x_wconf 76' lang='lat'>³2</span> <span class='ocrx_word' id='word_1_8' title='bbox 38 1959 62 1978; x_wconf 82' lang='lat' dir='ltr'>ad</span> <span class='ocrx_word' id='word_1_9' title='bbox 68 1959 110 1978; x_wconf 82' lang='lat' dir='ltr'>tria.</span> 
     </span>
    </p>
   </div>
   <div class='ocr_carea' id='block_1_4' title="bbox 598 169 1407 199">
    <p class='ocr_par' dir='ltr' id='par_1_4' title="bbox 598 169 1407 199">
     <span class='ocr_line' id='line_1_6' title="bbox 598 169 1407 199; baseline 0.001 -1"><span class='ocrx_word' id='word_1_10' title='bbox 598 169 823 198; x_wconf 72' lang='lat' dir='ltr'>COLLATIONES</span> <span class='ocrx_word' id='word_1_11' title='bbox 843 170 875 198; x_wconf 89' lang='lat' dir='ltr'>IN</span> <span class='ocrx_word' id='word_1_12' title='bbox 897 169 1042 198; x_wconf 82' lang='lat' dir='ltr'><strong>IOANNEM</strong></span> <span class='ocrx_word' id='word_1_13' title='bbox 1063 169 1131 198; x_wconf 84' lang='lat' dir='ltr'>CAP.</span> <span class='ocrx_word' id='word_1_14' title='bbox 1154 170 1219 198; x_wconf 90' lang='lat' dir='ltr'>XVI.</span> <span class='ocrx_word' id='word_1_15' title='bbox 1241 170 1334 199; x_wconf 90' lang='lat' dir='ltr'>COLL.</span> <span class='ocrx_word' id='word_1_16' title='bbox 1357 171 1407 199; x_wconf 92' lang='lat' dir='ltr'>LV.</span> 
     </span>
    </p>
   </div>
   <div class='ocr_carea' id='block_1_5' title="bbox 130 245 977 697">
    <p class='ocr_par' dir='ltr' id='par_1_5' title="bbox 130 245 977 697">
     <span class='ocr_line' id='line_1_7' title="bbox 130 245 975 284; baseline 0 -8"><span class='ocrx_word' id='word_1_17' title='bbox 130 248 217 276; x_wconf 88' lang='lat' dir='ltr'>Deum</span> <span class='ocrx_word' id='word_1_18' title='bbox 228 269 235 280; x_wconf 91' lang='lat'><strong><em>‚</em></strong></span> <span class='ocrx_word' id='word_1_19' title='bbox 257 248 289 275; x_wconf 85' lang='lat' dir='ltr'>ut</span> <span class='ocrx_word' id='word_1_20' title='bbox 308 245 444 283; x_wconf 88' lang='lat' dir='ltr'>quidquid</span> <span class='ocrx_word' id='word_1_21' title='bbox 464 246 626 283; x_wconf 86' lang='lat' dir='ltr'>petierimus</span> <span class='ocrx_word' id='word_1_22' title='bbox 646 247 813 284; x_wconf 79' lang='lat' dir='ltr'>accipiamus</span> <span class='ocrx_word' id='word_1_23' title='bbox 827 259 854 275; x_wconf 89' lang='lat'>».</span> <span class='ocrx_word' id='word_1_24' title='bbox 871 263 908 268; x_wconf 91' lang='lat'>—</span> <span class='ocrx_word' id='word_1_25' title='bbox 923 247 975 276; x_wconf 77' lang='lat' dir='ltr'>Ali-</span> 
     </span>
     <span class='ocr_line' id='line_1_8' title="bbox 131 293 975 332; baseline 0 -9"><span class='ocrx_word' id='word_1_26' title='bbox 131 293 241 332; x_wconf 83' lang='lat' dir='ltr'>quando</span> <span class='ocrx_word' id='word_1_27' title='bbox 261 294 375 330; x_wconf 87' lang='lat' dir='ltr'>propter</span> <span class='ocrx_word' id='word_1_28' title='bbox 402 293 541 322; x_wconf 84' lang='lat' dir='ltr'>meritum</span> <span class='ocrx_word' id='word_1_29' title='bbox 569 294 707 331; x_wconf 66' lang='lat' dir='ltr'>petentia,-</span> <span class='ocrx_word' id='word_1_30' title='bbox 734 294 808 323; x_wconf 89' lang='lat' dir='ltr'>unde</span> <span class='ocrx_word' id='word_1_31' title='bbox 835 294 880 323; x_wconf 87' lang='lat' dir='ltr'>hic</span> <span class='ocrx_word' id='word_1_32' title='bbox 908 293 975 323; x_wconf 87' lang='lat' dir='ltr'>dici—</span> 
     </span>
     <span class='ocr_line' id='line_1_9' title="bbox 132 339 976 378; baseline -0.001 -8"><span class='ocrx_word' id='word_1_33' title='bbox 132 344 194 370; x_wconf 86' lang='lat' dir='ltr'>tur:</span> <span class='ocrx_word' id='word_1_34' title='bbox 209 339 242 369; x_wconf 87' lang='lat' dir='ltr'>Si</span> <span class='ocrx_word' id='word_1_35' title='bbox 261 339 431 368; x_wconf 76' lang='lat' dir='ltr'><em>manseritis</em></span> <span class='ocrx_word' id='word_1_36' title='bbox 452 339 484 368; x_wconf 91' lang='lat' dir='ltr'>in</span> <span class='ocrx_word' id='word_1_37' title='bbox 504 348 548 369; x_wconf 85' lang='lat' dir='ltr'>me</span> <span class='ocrx_word' id='word_1_38' title='bbox 569 343 620 369; x_wconf 88' lang='lat' dir='ltr'>etc.</span> <span class='ocrx_word' id='word_1_39' title='bbox 636 357 676 362; x_wconf 90' lang='lat'>—-</span> <span class='ocrx_word' id='word_1_40' title='bbox 689 340 840 378; x_wconf 81' lang='lat' dir='ltr'>Aliquando</span> <span class='ocrx_word' id='word_1_41' title='bbox 861 343 976 378; x_wconf 89' lang='lat' dir='ltr'>propter</span> 
     </span>
     <span class='ocr_line' id='line_1_10' title="bbox 130 386 975 424; baseline -0.001 -7"><span class='ocrx_word' id='word_1_42' title='bbox 130 386 304 417; x_wconf 69' lang='lat' dir='ltr'>ins-tantiam</span> <span class='ocrx_word' id='word_1_43' title='bbox 328 387 468 424; x_wconf 77' lang='lat' dir='ltr'>petentis,-</span> <span class='ocrx_word' id='word_1_44' title='bbox 496 390 610 424; x_wconf 89' lang='lat' dir='ltr'>propter</span> <span class='ocrx_word' id='word_1_45' title='bbox 631 387 704 424; x_wconf 92' lang='lat' dir='ltr'>quod</span> <span class='ocrx_word' id='word_1_46' title='bbox 725 387 827 416; x_wconf 85' lang='lat' dir='ltr'>dicitur</span> <span class='ocrx_word' id='word_1_47' title='bbox 847 387 975 416; x_wconf 80' lang='lat' dir='ltr'><strong>Matthaei</strong></span> 
     </span>
     <span class='ocr_line' id='line_1_11' title="bbox 130 433 975 472; baseline 0 -9"><span class='ocrx_word' id='word_1_48' title='bbox 130 434 246 472; x_wconf 88' lang='lat' dir='ltr'>septimo</span> <span class='ocrx_word' id='word_1_49' title='bbox 258 434 283 462; x_wconf 83' lang='lat'>¹:</span> <span class='ocrx_word' id='word_1_50' title='bbox 310 433 439 468; x_wconf 86' lang='lat' dir='ltr'>«Petite,</span> <span class='ocrx_word' id='word_1_51' title='bbox 460 436 487 462; x_wconf 91' lang='lat' dir='ltr'>et</span> <span class='ocrx_word' id='word_1_52' title='bbox 507 434 661 470; x_wconf 80' lang='lat' dir='ltr'>accipietis3</span> <span class='ocrx_word' id='word_1_53' title='bbox 690 434 831 471; x_wconf 83' lang='lat' dir='ltr'>quaerite,</span> <span class='ocrx_word' id='word_1_54' title='bbox 852 437 880 463; x_wconf 86' lang='lat' dir='ltr'>et</span> <span class='ocrx_word' id='word_1_55' title='bbox 899 434 975 463; x_wconf 88' lang='lat' dir='ltr'>inve-</span> 
     </span>
     <span class='ocr_line' id='line_1_12' title="bbox 130 480 976 518; baseline -0.001 -8"><span class='ocrx_word' id='word_1_56' title='bbox 130 481 226 515; x_wconf 85' lang='lat' dir='ltr'>nietis;</span> <span class='ocrx_word' id='word_1_57' title='bbox 248 480 372 517; x_wconf 86' lang='lat' dir='ltr'>pulsate,</span> <span class='ocrx_word' id='word_1_58' title='bbox 393 484 421 510; x_wconf 91' lang='lat' dir='ltr'>et</span> <span class='ocrx_word' id='word_1_59' title='bbox 441 481 582 518; x_wconf 88' lang='lat' dir='ltr'>aperietur</span> <span class='ocrx_word' id='word_1_60' title='bbox 604 480 681 509; x_wconf 88' lang='lat' dir='ltr'>vobis</span> <span class='ocrx_word' id='word_1_61' title='bbox 693 491 720 515; x_wconf 72' lang='grc' dir='ltr'>»ς</span> <span class='ocrx_word' id='word_1_62' title='bbox 734 483 763 509; x_wconf 86' lang='lat' dir='ltr'>et</span> <span class='ocrx_word' id='word_1_63' title='bbox 780 481 869 509; x_wconf 90' lang='lat' dir='ltr'>Lucae</span> <span class='ocrx_word' id='word_1_64' title='bbox 888 480 976 509; x_wconf 89' lang='lat' dir='ltr'>unde-</span> 
     </span>
     <span class='ocr_line' id='line_1_13' title="bbox 131 526 977 564; baseline -0.001 -8"><span class='ocrx_word' id='word_1_65' title='bbox 131 527 216 556; x_wconf 88' lang='lat' dir='ltr'>cimo:</span> <span class='ocrx_word' id='word_1_66' title='bbox 250 538 263 552; x_wconf 72' lang='grc' dir='ltr'>ιι</span> <span class='ocrx_word' id='word_1_67' title='bbox 277 527 361 555; x_wconf 78' lang='lat' dir='ltr'>Amen</span> <span class='ocrx_word' id='word_1_68' title='bbox 389 527 450 556; x_wconf 89' lang='lat' dir='ltr'>dico</span> <span class='ocrx_word' id='word_1_69' title='bbox 476 527 570 561; x_wconf 82' lang='lat' dir='ltr'>vobis,</span> <span class='ocrx_word' id='word_1_70' title='bbox 598 527 678 564; x_wconf 86' lang='lat' dir='ltr'>quia,</span> <span class='ocrx_word' id='word_1_71' title='bbox 706 527 729 555; x_wconf 86' lang='lat' dir='ltr'>si</span> <span class='ocrx_word' id='word_1_72' title='bbox 753 526 977 563; x_wconf 75' lang='lat' dir='ltr'>perseveraverit</span> 
     </span>
     <span class='ocr_line' id='line_1_14' title="bbox 130 572 976 611; baseline 0 -9"><span class='ocrx_word' id='word_1_73' title='bbox 130 573 257 611; x_wconf 88' lang='lat' dir='ltr'>pulsans,</span> <span class='ocrx_word' id='word_1_74' title='bbox 278 576 306 602; x_wconf 92' lang='lat' dir='ltr'>et</span> <span class='ocrx_word' id='word_1_75' title='bbox 326 573 347 602; x_wconf 90' lang='lat' dir='ltr'>si</span> <span class='ocrx_word' id='word_1_76' title='bbox 369 581 424 602; x_wconf 92' lang='lat' dir='ltr'>non</span> <span class='ocrx_word' id='word_1_77' title='bbox 444 572 521 602; x_wconf 89' lang='lat' dir='ltr'>dabit</span> <span class='ocrx_word' id='word_1_78' title='bbox 541 573 579 602; x_wconf 94' lang='lat' dir='ltr'>illi</span> <span class='ocrx_word' id='word_1_79' title='bbox 601 581 734 610; x_wconf 84' lang='lat' dir='ltr'>surgens,</span> <span class='ocrx_word' id='word_1_80' title='bbox 756 581 789 602; x_wconf 90' lang='lat' dir='ltr'>eo</span> <span class='ocrx_word' id='word_1_81' title='bbox 809 572 883 610; x_wconf 91' lang='lat' dir='ltr'>quod</span> <span class='ocrx_word' id='word_1_82' title='bbox 908 573 976 602; x_wconf 88' lang='lat' dir='ltr'>ami-</span> 
     </span>
     <span class='ocr_line' id='line_1_15' title="bbox 130 620 977 657; baseline -0.001 -8"><span class='ocrx_word' id='word_1_83' title='bbox 130 628 179 650; x_wconf 91' lang='lat' dir='ltr'>cus</span> <span class='ocrx_word' id='word_1_84' title='bbox 199 620 260 649; x_wconf 88' lang='lat' dir='ltr'>eius</span> <span class='ocrx_word' id='word_1_85' title='bbox 273 620 321 654; x_wconf 81' lang='lat' dir='ltr'>sit,</span> <span class='ocrx_word' id='word_1_86' title='bbox 336 623 450 657; x_wconf 89' lang='lat' dir='ltr'>propter</span> <span class='ocrx_word' id='word_1_87' title='bbox 470 620 673 657; x_wconf 80' lang='lat' dir='ltr'>improbitatem</span> <span class='ocrx_word' id='word_1_88' title='bbox 695 623 787 649; x_wconf 87' lang='lat' dir='ltr'>tamen</span> <span class='ocrx_word' id='word_1_89' title='bbox 802 620 862 649; x_wconf 87' lang='lat' dir='ltr'>eius</span> <span class='ocrx_word' id='word_1_90' title='bbox 880 622 977 657; x_wconf 85' lang='lat' dir='ltr'>surget</span> 
     </span>
     <span class='ocr_line' id='line_1_16' title="bbox 130 666 354 697; baseline -0.009 0"><span class='ocrx_word' id='word_1_91' title='bbox 130 668 159 697; x_wconf 90' lang='lat' dir='ltr'>et</span> <span class='ocrx_word' id='word_1_92' title='bbox 177 666 254 696; x_wconf 87' lang='lat' dir='ltr'>dabit</span> <span class='ocrx_word' id='word_1_93' title='bbox 273 666 311 695; x_wconf 93' lang='lat' dir='ltr'>illi</span> <span class='ocrx_word' id='word_1_94' title='bbox 328 678 354 695; x_wconf 90' lang='lat'>».</span> 
     </span>
    </p>
   </div>
   <div class='ocr_carea' id='block_1_6' title="bbox 459 752 642 776">
    <p class='ocr_par' dir='ltr' id='par_1_6' title="bbox 459 752 642 776">
     <span class='ocr_line' id='line_1_17' title="bbox 459 752 642 776; baseline 0 -1"><span class='ocrx_word' id='word_1_95' title='bbox 459 753 586 776; x_wconf 78' lang='grc' dir='ltr'>ΑΝΝοτΛτιο</span> <span class='ocrx_word' id='word_1_96' title='bbox 603 752 642 775; x_wconf 84' lang='grc'>63.</span> 
     </span>
    </p>
   </div>
   <div class='ocr_carea' id='block_1_7' title="bbox 208 829 974 915">
    <p class='ocr_par' dir='ltr' id='par_1_7' title="bbox 208 829 974 915">
     <span class='ocr_line' id='line_1_18' title="bbox 208 829 868 867; baseline -0.003 -8"><span class='ocrx_word' id='word_1_97' title='bbox 208 830 297 867; x_wconf 90' lang='lat' dir='ltr'>(Vers.</span> <span class='ocrx_word' id='word_1_98' title='bbox 322 830 388 866; x_wconf 78' lang='lat'>15.).</span> <span class='ocrx_word' id='word_1_99' title='bbox 411 830 476 858; x_wconf 85' lang='lat' dir='ltr'>Iam</span> <span class='ocrx_word' id='word_1_100' title='bbox 497 838 556 859; x_wconf 89' lang='lat' dir='ltr'>non</span> <span class='ocrx_word' id='word_1_101' title='bbox 573 829 672 858; x_wconf 86' lang='lat' dir='ltr'>dicam</span> <span class='ocrx_word' id='word_1_102' title='bbox 692 837 742 858; x_wconf 79' lang='lat' dir='ltr'>vos</span> <span class='ocrx_word' id='word_1_103' title='bbox 762 837 868 858; x_wconf 79' lang='lat' dir='ltr'>servos.</span> 
     </span>
     <span class='ocr_line' id='line_1_19' title="bbox 208 875 974 915; baseline -0.003 -9"><span class='ocrx_word' id='word_1_104' title='bbox 208 876 327 915; x_wconf 86' lang='lat' dir='ltr'>Require</span> <span class='ocrx_word' id='word_1_105' title='bbox 342 884 427 913; x_wconf 88' lang='lat' dir='ltr'>supra</span> <span class='ocrx_word' id='word_1_106' title='bbox 441 880 537 906; x_wconf 79' lang='lat' dir='ltr'>octavo</span> <span class='ocrx_word' id='word_1_107' title='bbox 552 876 691 913; x_wconf 75' lang='lat' dir='ltr'>capitulo²</span> <span class='ocrx_word' id='word_1_108' title='bbox 705 875 739 905; x_wconf 92' lang='lat' dir='ltr'>de</span> <span class='ocrx_word' id='word_1_109' title='bbox 750 875 884 905; x_wconf 87' lang='lat' dir='ltr'>servitute</span> <span class='ocrx_word' id='word_1_110' title='bbox 894 875 974 904; x_wconf 90' lang='lat' dir='ltr'>mala.</span> 
     </span>
    </p>
   </div>
   <div class='ocr_carea' id='block_1_8' title="bbox 461 961 646 985">
    <p class='ocr_par' dir='ltr' id='par_1_8' title="bbox 461 961 646 985">
     <span class='ocr_line' id='line_1_20' title="bbox 461 961 646 985; baseline -0.005 0"><span class='ocrx_word' id='word_1_111' title='bbox 461 963 591 985; x_wconf 77' lang='grc' dir='ltr'>ΑΝΝοτΑτιο</span> <span class='ocrx_word' id='word_1_112' title='bbox 607 961 646 984; x_wconf 78' lang='grc'>64.</span> 
     </span>
    </p>
   </div>
   <div class='ocr_carea' id='block_1_9' title="bbox 130 1039 977 1406">
    <p class='ocr_par' dir='ltr' id='par_1_9' title="bbox 130 1039 977 1406">
     <span class='ocr_line' id='line_1_21' title="bbox 210 1039 977 1078; baseline -0.001 -9"><span class='ocrx_word' id='word_1_113' title='bbox 210 1041 298 1078; x_wconf 82' lang='lat' dir='ltr'>(Vers.</span> <span class='ocrx_word' id='word_1_114' title='bbox 333 1041 398 1078; x_wconf 87' lang='lat'>16.).</span> <span class='ocrx_word' id='word_1_115' title='bbox 429 1040 494 1069; x_wconf 88' lang='lat' dir='ltr'>Non</span> <span class='ocrx_word' id='word_1_116' title='bbox 525 1048 574 1069; x_wconf 76' lang='lat' dir='ltr'>vos</span> <span class='ocrx_word' id='word_1_117' title='bbox 604 1048 649 1068; x_wconf 88' lang='lat' dir='ltr'>me</span> <span class='ocrx_word' id='word_1_118' title='bbox 679 1039 818 1077; x_wconf 65' lang='lat' dir='ltr'>elegistis,</span> <span class='ocrx_word' id='word_1_119' title='bbox 846 1039 896 1068; x_wconf 78' lang='lat' dir='ltr'>sed</span> <span class='ocrx_word' id='word_1_120' title='bbox 926 1047 977 1077; x_wconf 76' lang='lat' dir='ltr'>eye</span> 
     </span>
     <span class='ocr_line' id='line_1_22' title="bbox 130 1089 276 1127; baseline -0.007 -9"><span class='ocrx_word' id='word_1_121' title='bbox 130 1089 200 1127; x_wconf 74' lang='lat' dir='ltr'>eleyi</span> <span class='ocrx_word' id='word_1_122' title='bbox 218 1097 276 1117; x_wconf 73' lang='lat' dir='ltr'>vos.</span> 
     </span>
     <span class='ocr_line' id='line_1_23' title="bbox 159 1133 977 1172; baseline -0.002 -8"><span class='ocrx_word' id='word_1_123' title='bbox 159 1153 160 1156; x_wconf 62' lang='lat'><em>=</em></span> <span class='ocrx_word' id='word_1_124' title='bbox 209 1136 292 1170; x_wconf 85' lang='lat' dir='ltr'>Nota,</span> <span class='ocrx_word' id='word_1_125' title='bbox 314 1135 389 1172; x_wconf 90' lang='lat' dir='ltr'>quod</span> <span class='ocrx_word' id='word_1_126' title='bbox 410 1143 510 1163; x_wconf 77' lang='lat' dir='ltr'>omnes</span> <span class='ocrx_word' id='word_1_127' title='bbox 530 1133 628 1172; x_wconf 74' lang='lat' dir='ltr'>fideles·</span> <span class='ocrx_word' id='word_1_128' title='bbox 653 1133 733 1163; x_wconf 87' lang='lat' dir='ltr'>electi</span> <span class='ocrx_word' id='word_1_129' title='bbox 761 1136 827 1163; x_wconf 88' lang='lat' dir='ltr'>sunt</span> <span class='ocrx_word' id='word_1_130' title='bbox 851 1133 886 1162; x_wconf 87' lang='lat' dir='ltr'>ad</span> <span class='ocrx_word' id='word_1_131' title='bbox 904 1142 977 1171; x_wconf 71' lang='lat' dir='ltr'>yra—</span> 
     </span>
     <span class='ocr_line' id='line_1_24' title="bbox 132 1180 976 1218; baseline -0.002 -7"><span class='ocrx_word' id='word_1_132' title='bbox 132 1182 221 1216; x_wconf 86' lang='lat' dir='ltr'>tiam‚·</span> <span class='ocrx_word' id='word_1_133' title='bbox 241 1182 276 1210; x_wconf 91' lang='lat' dir='ltr'>ad</span> <span class='ocrx_word' id='word_1_134' title='bbox 296 1181 428 1218; x_wconf 86' lang='lat' dir='ltr'>Ephesios</span> <span class='ocrx_word' id='word_1_135' title='bbox 449 1181 578 1218; x_wconf 75' lang='lat' dir='ltr'>primo⁵z</span> <span class='ocrx_word' id='word_1_136' title='bbox 605 1192 618 1206; x_wconf 73' lang='lat' dir='ltr'>&lt;x</span> <span class='ocrx_word' id='word_1_137' title='bbox 632 1181 719 1218; x_wconf 85' lang='lat' dir='ltr'>Elegit</span> <span class='ocrx_word' id='word_1_138' title='bbox 732 1188 782 1209; x_wconf 90' lang='lat' dir='ltr'>nos</span> <span class='ocrx_word' id='word_1_139' title='bbox 802 1183 866 1209; x_wconf 87' lang='lat' dir='ltr'>ante</span> <span class='ocrx_word' id='word_1_140' title='bbox 880 1180 976 1209; x_wconf 89' lang='lat' dir='ltr'>mundi</span> 
     </span>
     <span class='ocr_line' id='line_1_25' title="bbox 131 1228 976 1266; baseline -0.004 -8"><span class='ocrx_word' id='word_1_141' title='bbox 131 1228 356 1266; x_wconf 86' lang='lat' dir='ltr'>constitutionem</span> <span class='ocrx_word' id='word_1_142' title='bbox 371 1240 398 1256; x_wconf 89' lang='lat'>».</span> <span class='ocrx_word' id='word_1_143' title='bbox 413 1245 451 1249; x_wconf 95' lang='lat'>—</span> <span class='ocrx_word' id='word_1_144' title='bbox 466 1228 597 1265; x_wconf 78' lang='lat' dir='ltr'>Apostoli</span> <span class='ocrx_word' id='word_1_145' title='bbox 617 1228 644 1256; x_wconf 83' lang='lat' dir='ltr'>in</span> <span class='ocrx_word' id='word_1_146' title='bbox 666 1228 771 1265; x_wconf 82' lang='lat' dir='ltr'>gratiae</span> <span class='ocrx_word' id='word_1_147' title='bbox 789 1228 976 1265; x_wconf 65' lang='lat' dir='ltr'>praerogati-</span> 
     </span>
     <span class='ocr_line' id='line_1_26' title="bbox 131 1274 977 1312; baseline -0.002 -7"><span class='ocrx_word' id='word_1_148' title='bbox 131 1284 199 1305; x_wconf 81' lang='lat' dir='ltr'>vam</span> <span class='ocrx_word' id='word_1_149' title='bbox 206 1286 217 1310; x_wconf 89' lang='lat'>,·</span> <span class='ocrx_word' id='word_1_150' title='bbox 238 1283 323 1312; x_wconf 88' lang='lat' dir='ltr'>supra</span> <span class='ocrx_word' id='word_1_151' title='bbox 345 1278 440 1304; x_wconf 82' lang='lat' dir='ltr'>sexto:</span> <span class='ocrx_word' id='word_1_152' title='bbox 460 1286 474 1300; x_wconf 86' lang='lat'>«</span> <span class='ocrx_word' id='word_1_153' title='bbox 489 1275 543 1312; x_wconf 85' lang='lat' dir='ltr'>Ego</span> <span class='ocrx_word' id='word_1_154' title='bbox 565 1274 709 1303; x_wconf 84' lang='lat' dir='ltr'>duodecim</span> <span class='ocrx_word' id='word_1_155' title='bbox 736 1282 785 1303; x_wconf 90' lang='lat' dir='ltr'>vos</span> <span class='ocrx_word' id='word_1_156' title='bbox 809 1275 916 1312; x_wconf 77' lang='lat' dir='ltr'>elegi».</span> <span class='ocrx_word' id='word_1_157' title='bbox 939 1291 977 1296; x_wconf 92' lang='lat'>——</span> 
     </span>
     <span class='ocr_line' id='line_1_27' title="bbox 133 1321 976 1359; baseline -0.001 -7"><span class='ocrx_word' id='word_1_158' title='bbox 133 1322 267 1352; x_wconf 80' lang='lat' dir='ltr'>Christus</span> <span class='ocrx_word' id='word_1_159' title='bbox 294 1322 321 1351; x_wconf 91' lang='lat' dir='ltr'>in</span> <span class='ocrx_word' id='word_1_160' title='bbox 350 1322 520 1359; x_wconf 81' lang='lat' dir='ltr'>singularem</span> <span class='ocrx_word' id='word_1_161' title='bbox 544 1321 772 1359; x_wconf 79' lang='lat' dir='ltr'>plenitztdinem;</span> <span class='ocrx_word' id='word_1_162' title='bbox 800 1322 976 1351; x_wconf 86' lang='lat' dir='ltr'>Canticorum</span> 
     </span>
     <span class='ocr_line' id='line_1_28' title="bbox 131 1368 886 1406; baseline -0.003 -8"><span class='ocrx_word' id='word_1_163' title='bbox 131 1369 244 1406; x_wconf 90' lang='lat' dir='ltr'>quinto:</span> <span class='ocrx_word' id='word_1_164' title='bbox 271 1380 283 1393; x_wconf 73' lang='lat' dir='ltr'>a</span> <span class='ocrx_word' id='word_1_165' title='bbox 298 1368 420 1397; x_wconf 83' lang='lat' dir='ltr'>Dilectus</span> <span class='ocrx_word' id='word_1_166' title='bbox 441 1376 520 1397; x_wconf 90' lang='lat' dir='ltr'>meus</span> <span class='ocrx_word' id='word_1_167' title='bbox 540 1368 645 1397; x_wconf 86' lang='lat' dir='ltr'>electus</span> <span class='ocrx_word' id='word_1_168' title='bbox 665 1376 702 1397; x_wconf 82' lang='lat' dir='ltr'>ex</span> <span class='ocrx_word' id='word_1_169' title='bbox 724 1368 845 1397; x_wconf 90' lang='lat' dir='ltr'>millibus</span> <span class='ocrx_word' id='word_1_170' title='bbox 860 1380 886 1396; x_wconf 68' lang='lat' dir='ltr'>n.</span> 
     </span>
    </p>
   </div>
   <div class='ocr_carea' id='block_1_10' title="bbox 666 1510 1017 1539">
    <p class='ocr_par' dir='ltr' id='par_1_10' title="bbox 666 1510 1017 1539">
     <span class='ocr_line' id='line_1_29' title="bbox 666 1510 1017 1539; baseline 0.003 -1"><span class='ocrx_word' id='word_1_171' title='bbox 666 1510 828 1539; x_wconf 63' lang='lat' dir='ltr'>Citriruum</span> <span class='ocrx_word' id='word_1_172' title='bbox 850 1510 915 1539; x_wconf 87' lang='lat' dir='ltr'>XVI.</span> <span class='ocrx_word' id='word_1_173' title='bbox 938 1510 1017 1539; x_wconf 80' lang='lat' dir='ltr'>Haec</span> 
     </span>
    </p>
   </div>
   <div class='ocr_carea' id='block_1_11' title="bbox 464 1645 645 1667">
    <p class='ocr_par' dir='ltr' id='par_1_11' title="bbox 464 1645 645 1667">
     <span class='ocr_line' id='line_1_30' title="bbox 464 1645 645 1667; baseline 0 0"><span class='ocrx_word' id='word_1_174' title='bbox 464 1645 590 1667; x_wconf 69' lang='grc' dir='ltr'>ΑΝΝοτΑτιο</span> <span class='ocrx_word' id='word_1_175' title='bbox 608 1645 645 1667; x_wconf 86' lang='grc'>66.</span> 
     </span>
    </p>
   </div>
   <div class='ocr_carea' id='block_1_12' title="bbox 133 1739 982 2469">
    <p class='ocr_par' dir='ltr' id='par_1_12' title="bbox 133 1739 977 1871">
     <span class='ocr_line' id='line_1_31' title="bbox 212 1739 977 1775; baseline -0.001 -7"><span class='ocrx_word' id='word_1_176' title='bbox 212 1739 300 1775; x_wconf 84' lang='lat' dir='ltr'>(Vers.</span> <span class='ocrx_word' id='word_1_177' title='bbox 323 1739 371 1775; x_wconf 71' lang='grc'>4.).</span> <span class='ocrx_word' id='word_1_178' title='bbox 395 1739 494 1767; x_wconf 87' lang='lat' dir='ltr'>Parum</span> <span class='ocrx_word' id='word_1_179' title='bbox 516 1739 603 1767; x_wconf 85' lang='lat' dir='ltr'>infra:</span> <span class='ocrx_word' id='word_1_180' title='bbox 626 1739 705 1767; x_wconf 88' lang='lat' dir='ltr'>Haec</span> <span class='ocrx_word' id='word_1_181' title='bbox 721 1739 834 1767; x_wconf 78' lang='lat' dir='ltr'>locutus</span> <span class='ocrx_word' id='word_1_182' title='bbox 847 1747 914 1767; x_wconf 75' lang='lat' dir='ltr'>sum</span> <span class='ocrx_word' id='word_1_183' title='bbox 929 1747 977 1767; x_wconf 87' lang='lat' dir='ltr'>vo-</span> 
     </span>
     <span class='ocr_line' id='line_1_32' title="bbox 133 1784 976 1821; baseline -0.001 -6"><span class='ocrx_word' id='word_1_184' title='bbox 133 1786 193 1821; x_wconf 75' lang='lat' dir='ltr'>bis,</span> <span class='ocrx_word' id='word_1_185' title='bbox 215 1790 257 1820; x_wconf 84' lang='lat' dir='ltr'>ut,</span> <span class='ocrx_word' id='word_1_186' title='bbox 279 1794 347 1814; x_wconf 86' lang='lat' dir='ltr'>cum</span> <span class='ocrx_word' id='word_1_187' title='bbox 367 1786 477 1814; x_wconf 82' lang='lat' dir='ltr'>venerit</span> <span class='ocrx_word' id='word_1_188' title='bbox 497 1784 589 1820; x_wconf 73' lang='lat' dir='ltr'>liora,</span> <span class='ocrx_word' id='word_1_189' title='bbox 604 1794 704 1814; x_wconf 82' lang='lat' dir='ltr'>eorum</span> <span class='ocrx_word' id='word_1_190' title='bbox 727 1785 976 1819; x_wconf 73' lang='lat' dir='ltr'>reminiscamini,</span> 
     </span>
     <span class='ocr_line' id='line_1_33' title="bbox 133 1832 467 1871; baseline -0.006 -9"><span class='ocrx_word' id='word_1_191' title='bbox 133 1833 205 1871; x_wconf 83' lang='lat' dir='ltr'>quia</span> <span class='ocrx_word' id='word_1_192' title='bbox 225 1842 274 1871; x_wconf 68' lang='lat' dir='ltr'>eqo</span> <span class='ocrx_word' id='word_1_193' title='bbox 296 1833 361 1861; x_wconf 70' lang='lat' dir='ltr'>dixi</span> <span class='ocrx_word' id='word_1_194' title='bbox 380 1832 467 1861; x_wconf 79' lang='lat' dir='ltr'>vobis.</span> 
     </span>
    </p>

    <p class='ocr_par' dir='ltr' id='par_1_13' title="bbox 134 1878 982 2469">
     <span class='ocr_line' id='line_1_34' title="bbox 211 1878 978 1916; baseline 0 -9"><span class='ocrx_word' id='word_1_195' title='bbox 211 1879 292 1913; x_wconf 89' lang='lat' dir='ltr'>Nota,</span> <span class='ocrx_word' id='word_1_196' title='bbox 314 1879 387 1916; x_wconf 90' lang='lat' dir='ltr'>quod</span> <span class='ocrx_word' id='word_1_197' title='bbox 410 1879 564 1908; x_wconf 82' lang='lat' dir='ltr'>recordatio</span> <span class='ocrx_word' id='word_1_198' title='bbox 586 1878 736 1907; x_wconf 89' lang='lat' dir='ltr'>verborum</span> <span class='ocrx_word' id='word_1_199' title='bbox 751 1878 852 1907; x_wconf 88' lang='lat' dir='ltr'>Christi</span> <span class='ocrx_word' id='word_1_200' title='bbox 875 1878 909 1907; x_wconf 93' lang='lat' dir='ltr'>ad</span> <span class='ocrx_word' id='word_1_201' title='bbox 924 1878 978 1907; x_wconf 86' lang='lat' dir='ltr'>tria</span> 
     </span>
     <span class='ocr_line' id='line_1_35' title="bbox 134 1924 976 1959; baseline -0.001 -5"><span class='ocrx_word' id='word_1_202' title='bbox 134 1925 221 1954; x_wconf 88' lang='lat' dir='ltr'>valet:</span> <span class='ocrx_word' id='word_1_203' title='bbox 243 1925 277 1954; x_wconf 87' lang='lat' dir='ltr'>ad</span> <span class='ocrx_word' id='word_1_204' title='bbox 298 1926 520 1954; x_wconf 84' lang='lat' dir='ltr'>convertendum</span> <span class='ocrx_word' id='word_1_205' title='bbox 541 1934 557 1954; x_wconf 90' lang='lat' dir='ltr'>a</span> <span class='ocrx_word' id='word_1_206' title='bbox 578 1925 666 1959; x_wconf 88' lang='lat' dir='ltr'>malo;</span> <span class='ocrx_word' id='word_1_207' title='bbox 689 1925 762 1954; x_wconf 91' lang='lat' dir='ltr'>unde</span> <span class='ocrx_word' id='word_1_208' title='bbox 783 1925 810 1953; x_wconf 94' lang='lat' dir='ltr'>in</span> <span class='ocrx_word' id='word_1_209' title='bbox 833 1924 976 1954; x_wconf 63' lang='lat' dir='ltr'>psalmos:</span> 
     </span>
     <span class='ocr_line' id='line_1_36' title="bbox 137 1971 978 2001; baseline -0.001 0"><span class='ocrx_word' id='word_1_210' title='bbox 137 1983 152 1997; x_wconf 92' lang='lat'>«</span> <span class='ocrx_word' id='word_1_211' title='bbox 160 1972 379 2001; x_wconf 88' lang='lat' dir='ltr'>Reminiscentur</span> <span class='ocrx_word' id='word_1_212' title='bbox 391 1975 418 2000; x_wconf 89' lang='lat' dir='ltr'>et</span> <span class='ocrx_word' id='word_1_213' title='bbox 429 1974 626 2001; x_wconf 82' lang='lat' dir='ltr'>convertentur</span> <span class='ocrx_word' id='word_1_214' title='bbox 637 1971 671 2000; x_wconf 84' lang='lat' dir='ltr'>ad</span> <span class='ocrx_word' id='word_1_215' title='bbox 682 1972 830 2000; x_wconf 88' lang='lat' dir='ltr'>Dominum</span> <span class='ocrx_word' id='word_1_216' title='bbox 839 1983 865 2000; x_wconf 70' lang='lat' dir='ltr'>a»,</span> <span class='ocrx_word' id='word_1_217' title='bbox 877 1972 978 2000; x_wconf 86' lang='lat' dir='ltr'>Exem-</span> 
     </span>
     <span class='ocr_line' id='line_1_37' title="bbox 135 2018 979 2056; baseline -0.002 -8"><span class='ocrx_word' id='word_1_218' title='bbox 135 2019 212 2056; x_wconf 84' lang='lat' dir='ltr'>plum</span> <span class='ocrx_word' id='word_1_219' title='bbox 233 2019 318 2047; x_wconf 90' lang='lat' dir='ltr'>huius</span> <span class='ocrx_word' id='word_1_220' title='bbox 338 2018 466 2047; x_wconf 83' lang='lat' dir='ltr'>Matthaei</span> <span class='ocrx_word' id='word_1_221' title='bbox 489 2018 620 2055; x_wconf 85' lang='lat' dir='ltr'>vigesimo</span> <span class='ocrx_word' id='word_1_222' title='bbox 641 2021 722 2047; x_wconf 82' lang='lat' dir='ltr'>sexto</span> <span class='ocrx_word' id='word_1_223' title='bbox 735 2018 769 2047; x_wconf 90' lang='lat' dir='ltr'>de</span> <span class='ocrx_word' id='word_1_224' title='bbox 785 2018 876 2047; x_wconf 87' lang='lat' dir='ltr'>Petro:</span> <span class='ocrx_word' id='word_1_225' title='bbox 903 2030 917 2043; x_wconf 76' lang='grc' dir='ltr'>«ι</span> <span class='ocrx_word' id='word_1_226' title='bbox 929 2019 979 2047; x_wconf 87' lang='lat' dir='ltr'>Re—</span> 
     </span>
     <span class='ocr_line' id='line_1_38' title="bbox 135 2064 978 2102; baseline -0.002 -7"><span class='ocrx_word' id='word_1_227' title='bbox 135 2066 265 2095; x_wconf 85' lang='lat' dir='ltr'>cordatus</span> <span class='ocrx_word' id='word_1_228' title='bbox 285 2068 327 2094; x_wconf 92' lang='lat' dir='ltr'>est</span> <span class='ocrx_word' id='word_1_229' title='bbox 344 2066 442 2094; x_wconf 87' lang='lat' dir='ltr'>Petrus</span> <span class='ocrx_word' id='word_1_230' title='bbox 463 2065 557 2099; x_wconf 85' lang='lat' dir='ltr'>verbi,</span> <span class='ocrx_word' id='word_1_231' title='bbox 578 2064 652 2102; x_wconf 89' lang='lat' dir='ltr'>quod</span> <span class='ocrx_word' id='word_1_232' title='bbox 673 2065 784 2093; x_wconf 85' lang='lat' dir='ltr'>dixerat</span> <span class='ocrx_word' id='word_1_233' title='bbox 805 2065 880 2094; x_wconf 89' lang='lat' dir='ltr'>lesus</span> <span class='ocrx_word' id='word_1_234' title='bbox 893 2077 907 2090; x_wconf 80' lang='lat'>»</span> <span class='ocrx_word' id='word_1_235' title='bbox 926 2068 978 2093; x_wconf 89' lang='lat' dir='ltr'>etc.</span> 
     </span>
     <span class='ocr_line' id='line_1_39' title="bbox 136 2111 979 2149; baseline -0.001 -8"><span class='ocrx_word' id='word_1_236' title='bbox 136 2128 172 2133; x_wconf 89' lang='lat'>—-</span> <span class='ocrx_word' id='word_1_237' title='bbox 187 2112 265 2141; x_wconf 84' lang='lat' dir='ltr'>Valet</span> <span class='ocrx_word' id='word_1_238' title='bbox 286 2112 368 2141; x_wconf 89' lang='lat' dir='ltr'>etiam</span> <span class='ocrx_word' id='word_1_239' title='bbox 383 2111 417 2140; x_wconf 86' lang='lat' dir='ltr'>ad</span> <span class='ocrx_word' id='word_1_240' title='bbox 429 2111 659 2149; x_wconf 70' lang='lat' dir='ltr'>promovendum</span> <span class='ocrx_word' id='word_1_241' title='bbox 674 2111 700 2139; x_wconf 92' lang='lat' dir='ltr'>in</span> <span class='ocrx_word' id='word_1_242' title='bbox 716 2111 803 2146; x_wconf 86' lang='lat' dir='ltr'>bono;</span> <span class='ocrx_word' id='word_1_243' title='bbox 818 2111 892 2142; x_wconf 85' lang='lat' dir='ltr'>unde</span> <span class='ocrx_word' id='word_1_244' title='bbox 906 2112 979 2140; x_wconf 90' lang='lat' dir='ltr'>Deu-</span> 
     </span>
     <span class='ocr_line' id='line_1_40' title="bbox 136 2157 980 2196; baseline 0 -9"><span class='ocrx_word' id='word_1_245' title='bbox 136 2159 279 2187; x_wconf 86' lang='lat' dir='ltr'>teronomii</span> <span class='ocrx_word' id='word_1_246' title='bbox 302 2158 437 2188; x_wconf 78' lang='lat' dir='ltr'>octavo⁹:</span> <span class='ocrx_word' id='word_1_247' title='bbox 464 2169 477 2183; x_wconf 69' lang='grc' dir='ltr'>(ι</span> <span class='ocrx_word' id='word_1_248' title='bbox 492 2157 616 2187; x_wconf 87' lang='lat' dir='ltr'>Observa</span> <span class='ocrx_word' id='word_1_249' title='bbox 646 2161 673 2187; x_wconf 87' lang='lat' dir='ltr'>et</span> <span class='ocrx_word' id='word_1_250' title='bbox 700 2166 782 2192; x_wconf 88' lang='lat' dir='ltr'>cave,</span> <span class='ocrx_word' id='word_1_251' title='bbox 813 2166 848 2187; x_wconf 89' lang='lat' dir='ltr'>ne</span> <span class='ocrx_word' id='word_1_252' title='bbox 869 2159 980 2196; x_wconf 88' lang='lat' dir='ltr'>quando</span> 
     </span>
     <span class='ocr_line' id='line_1_41' title="bbox 135 2205 981 2245; baseline -0.001 -10"><span class='ocrx_word' id='word_1_253' title='bbox 135 2206 306 2236; x_wconf 88' lang='lat' dir='ltr'>obliviscaris</span> <span class='ocrx_word' id='word_1_254' title='bbox 334 2205 443 2245; x_wconf 81' lang='lat' dir='ltr'>Domini</span> <span class='ocrx_word' id='word_1_255' title='bbox 474 2205 522 2234; x_wconf 91' lang='lat' dir='ltr'>Dei</span> <span class='ocrx_word' id='word_1_256' title='bbox 558 2205 598 2234; x_wconf 90' lang='lat' dir='ltr'>tui</span> <span class='ocrx_word' id='word_1_257' title='bbox 633 2208 660 2234; x_wconf 88' lang='lat' dir='ltr'>et</span> <span class='ocrx_word' id='word_1_258' title='bbox 694 2205 816 2242; x_wconf 82' lang='lat' dir='ltr'>negligas</span> <span class='ocrx_word' id='word_1_259' title='bbox 852 2205 981 2234; x_wconf 87' lang='lat' dir='ltr'>mandata</span> 
     </span>
     <span class='ocr_line' id='line_1_42' title="bbox 135 2252 979 2288; baseline -0.001 -6"><span class='ocrx_word' id='word_1_260' title='bbox 135 2253 195 2282; x_wconf 90' lang='lat' dir='ltr'>eius</span> <span class='ocrx_word' id='word_1_261' title='bbox 209 2264 237 2288; x_wconf 88' lang='lat'>»;</span> <span class='ocrx_word' id='word_1_262' title='bbox 259 2257 286 2282; x_wconf 87' lang='lat' dir='ltr'>et</span> <span class='ocrx_word' id='word_1_263' title='bbox 307 2253 334 2281; x_wconf 92' lang='lat' dir='ltr'>in</span> <span class='ocrx_word' id='word_1_264' title='bbox 357 2253 477 2281; x_wconf 85' lang='lat' dir='ltr'>Psalmo:</span> <span class='ocrx_word' id='word_1_265' title='bbox 504 2264 517 2277; x_wconf 70' lang='grc' dir='ltr'>«ι</span> <span class='ocrx_word' id='word_1_266' title='bbox 529 2253 632 2281; x_wconf 90' lang='lat' dir='ltr'>Memor</span> <span class='ocrx_word' id='word_1_267' title='bbox 646 2252 685 2280; x_wconf 85' lang='lat' dir='ltr'>fui</span> <span class='ocrx_word' id='word_1_268' title='bbox 700 2254 780 2281; x_wconf 88' lang='lat' dir='ltr'>nocte</span> <span class='ocrx_word' id='word_1_269' title='bbox 795 2252 914 2281; x_wconf 89' lang='lat' dir='ltr'>nominis</span> <span class='ocrx_word' id='word_1_270' title='bbox 928 2252 979 2287; x_wconf 89' lang='lat' dir='ltr'>tui,</span> 
     </span>
     <span class='ocr_line' id='line_1_43' title="bbox 135 2298 979 2336; baseline 0 -9"><span class='ocrx_word' id='word_1_271' title='bbox 135 2300 259 2334; x_wconf 85' lang='lat' dir='ltr'>Domine,</span> <span class='ocrx_word' id='word_1_272' title='bbox 281 2302 308 2328; x_wconf 87' lang='lat' dir='ltr'>et</span> <span class='ocrx_word' id='word_1_273' title='bbox 329 2299 463 2328; x_wconf 88' lang='lat' dir='ltr'>custodivi</span> <span class='ocrx_word' id='word_1_274' title='bbox 493 2299 579 2336; x_wconf 80' lang='lat' dir='ltr'>legem</span> <span class='ocrx_word' id='word_1_275' title='bbox 606 2302 682 2327; x_wconf 87' lang='lat' dir='ltr'>tuam</span> <span class='ocrx_word' id='word_1_276' title='bbox 695 2311 721 2326; x_wconf 55' lang='lat' dir='ltr'>n.</span> <span class='ocrx_word' id='word_1_277' title='bbox 737 2314 774 2319; x_wconf 86' lang='lat'>—-</span> <span class='ocrx_word' id='word_1_278' title='bbox 797 2298 874 2328; x_wconf 90' lang='lat' dir='ltr'>Valet</span> <span class='ocrx_word' id='word_1_279' title='bbox 898 2299 979 2328; x_wconf 88' lang='lat' dir='ltr'>etiam</span> 
     </span>
     <span class='ocr_line' id='line_1_44' title="bbox 135 2345 980 2383; baseline -0.001 -8"><span class='ocrx_word' id='word_1_280' title='bbox 135 2346 169 2375; x_wconf 87' lang='lat' dir='ltr'>ad</span> <span class='ocrx_word' id='word_1_281' title='bbox 188 2346 442 2383; x_wconf 66' lang='lat' dir='ltr'>praeservandam</span> <span class='ocrx_word' id='word_1_282' title='bbox 464 2346 491 2374; x_wconf 94' lang='lat' dir='ltr'>in</span> <span class='ocrx_word' id='word_1_283' title='bbox 513 2345 652 2383; x_wconf 80' lang='lat' dir='ltr'>pericu103</span> <span class='ocrx_word' id='word_1_284' title='bbox 668 2345 742 2374; x_wconf 86' lang='lat' dir='ltr'>unde</span> <span class='ocrx_word' id='word_1_285' title='bbox 757 2345 817 2374; x_wconf 91' lang='lat' dir='ltr'>hic:</span> <span class='ocrx_word' id='word_1_286' title='bbox 842 2345 919 2374; x_wconf 86' lang='lat' dir='ltr'>Haec</span> <span class='ocrx_word' id='word_1_287' title='bbox 941 2346 980 2374; x_wconf 89' lang='lat' dir='ltr'>lo-</span> 
     </span>
     <span class='ocr_line' id='line_1_45' title="bbox 136 2391 982 2428; baseline -0.001 -6"><span class='ocrx_word' id='word_1_288' title='bbox 136 2396 220 2422; x_wconf 78' lang='lat' dir='ltr'>cutus</span> <span class='ocrx_word' id='word_1_289' title='bbox 245 2402 312 2422; x_wconf 76' lang='lat' dir='ltr'>sum</span> <span class='ocrx_word' id='word_1_290' title='bbox 333 2393 428 2428; x_wconf 79' lang='lat' dir='ltr'>vobis,</span> <span class='ocrx_word' id='word_1_291' title='bbox 450 2398 499 2427; x_wconf 84' lang='lat' dir='ltr'>ut,</span> <span class='ocrx_word' id='word_1_292' title='bbox 528 2401 596 2422; x_wconf 85' lang='lat' dir='ltr'>cum</span> <span class='ocrx_word' id='word_1_293' title='bbox 624 2393 732 2421; x_wconf 83' lang='lat' dir='ltr'>venerit</span> <span class='ocrx_word' id='word_1_294' title='bbox 759 2391 851 2427; x_wconf 76' lang='lat' dir='ltr'>liora,</span> <span class='ocrx_word' id='word_1_295' title='bbox 879 2401 982 2422; x_wconf 89' lang='lat' dir='ltr'>eorum</span> 
     </span>
     <span class='ocr_line' id='line_1_46' title="bbox 136 2440 441 2469; baseline 0 0"><span class='ocrx_word' id='word_1_296' title='bbox 136 2440 371 2469; x_wconf 80' lang='lat' dir='ltr'>reminiscamini</span> <span class='ocrx_word' id='word_1_297' title='bbox 390 2444 441 2469; x_wconf 89' lang='lat' dir='ltr'>etc.</span> 
     </span>
    </p>
   </div>
   <div class='ocr_carea' id='block_1_13' title="bbox 137 2609 983 2989">
    <p class='ocr_par' dir='ltr' id='par_1_14' title="bbox 137 2609 983 2989">
     <span class='ocr_line' id='line_1_47' title="bbox 200 2609 934 2639; baseline 0.001 -7"><span class='ocrx_word' id='word_1_298' title='bbox 200 2609 207 2622; x_wconf 88' lang='lat'>¹</span> <span class='ocrx_word' id='word_1_299' title='bbox 227 2610 293 2632; x_wconf 91' lang='lat' dir='ltr'>Vers.</span> <span class='ocrx_word' id='word_1_300' title='bbox 310 2610 339 2637; x_wconf 87' lang='lat'>7;</span> <span class='ocrx_word' id='word_1_301' title='bbox 357 2611 398 2632; x_wconf 85' lang='lat' dir='ltr'>csr.</span> <span class='ocrx_word' id='word_1_302' title='bbox 416 2610 473 2632; x_wconf 87' lang='lat' dir='ltr'>loan.</span> <span class='ocrx_word' id='word_1_303' title='bbox 494 2610 536 2637; x_wconf 69' lang='lat'>⁴6,</span> <span class='ocrx_word' id='word_1_304' title='bbox 554 2610 592 2632; x_wconf 82' lang='lat'>24.</span> <span class='ocrx_word' id='word_1_305' title='bbox 609 2622 640 2627; x_wconf 91' lang='lat'>--</span> <span class='ocrx_word' id='word_1_306' title='bbox 658 2610 766 2639; x_wconf 82' lang='lat' dir='ltr'>Sequitur</span> <span class='ocrx_word' id='word_1_307' title='bbox 782 2611 836 2633; x_wconf 89' lang='lat' dir='ltr'>Luc.</span> <span class='ocrx_word' id='word_1_308' title='bbox 855 2611 895 2638; x_wconf 80' lang='grc' dir='ltr'>Μ,</span> <span class='ocrx_word' id='word_1_309' title='bbox 914 2611 934 2633; x_wconf 81' lang='lat' dir='ltr'>S.</span> 
     </span>
     <span class='ocr_line' id='line_1_48' title="bbox 199 2648 537 2672; baseline -0.003 0"><span class='ocrx_word' id='word_1_310' title='bbox 199 2648 207 2662; x_wconf 75' lang='lat'>²</span> <span class='ocrx_word' id='word_1_311' title='bbox 225 2649 304 2672; x_wconf 86' lang='lat' dir='ltr'>Collat.</span> <span class='ocrx_word' id='word_1_312' title='bbox 322 2649 420 2672; x_wconf 85' lang='lat' dir='ltr'>XXXV.</span> <span class='ocrx_word' id='word_1_313' title='bbox 436 2656 459 2671; x_wconf 93' lang='lat' dir='ltr'>n.</span> <span class='ocrx_word' id='word_1_314' title='bbox 476 2650 498 2672; x_wconf 90' lang='lat'>2.</span> <span class='ocrx_word' id='word_1_315' title='bbox 516 2650 537 2672; x_wconf 86' lang='lat'>3.</span> 
     </span>
     <span class='ocr_line' id='line_1_49' title="bbox 199 2686 982 2717; baseline 0.003 -7"><span class='ocrx_word' id='word_1_316' title='bbox 199 2686 208 2700; x_wconf 82' lang='lat'>⁸</span> <span class='ocrx_word' id='word_1_317' title='bbox 227 2689 292 2711; x_wconf 88' lang='lat' dir='ltr'>Vers.</span> <span class='ocrx_word' id='word_1_318' title='bbox 312 2688 333 2710; x_wconf 77' lang='lat'>4.</span> <span class='ocrx_word' id='word_1_319' title='bbox 350 2700 382 2705; x_wconf 96' lang='lat'><strong>—</strong></span> <span class='ocrx_word' id='word_1_320' title='bbox 398 2688 449 2711; x_wconf 91' lang='lat' dir='ltr'>Duo</span> <span class='ocrx_word' id='word_1_321' title='bbox 465 2695 530 2717; x_wconf 83' lang='lat' dir='ltr'>seqq.</span> <span class='ocrx_word' id='word_1_322' title='bbox 548 2688 592 2711; x_wconf 85' lang='lat' dir='ltr'>loci</span> <span class='ocrx_word' id='word_1_323' title='bbox 608 2691 662 2711; x_wconf 86' lang='lat' dir='ltr'>sunt</span> <span class='ocrx_word' id='word_1_324' title='bbox 679 2690 739 2711; x_wconf 90' lang='lat' dir='ltr'>loan.</span> <span class='ocrx_word' id='word_1_325' title='bbox 758 2689 784 2716; x_wconf 82' lang='lat'>6,</span> <span class='ocrx_word' id='word_1_326' title='bbox 801 2689 840 2711; x_wconf 87' lang='grc'>71.</span> <span class='ocrx_word' id='word_1_327' title='bbox 856 2692 878 2712; x_wconf 86' lang='lat' dir='ltr'>et</span> <span class='ocrx_word' id='word_1_328' title='bbox 895 2689 982 2712; x_wconf 85' lang='lat' dir='ltr'>cantic.</span> 
     </span>
     <span class='ocr_line' id='line_1_50' title="bbox 137 2727 939 2754; baseline 0.001 -5"><span class='ocrx_word' id='word_1_329' title='bbox 137 2727 164 2754; x_wconf 82' lang='lat'>5,</span> <span class='ocrx_word' id='word_1_330' title='bbox 182 2727 218 2749; x_wconf 79' lang='lat' dir='ltr'>lo.</span> <span class='ocrx_word' id='word_1_331' title='bbox 936 2730 939 2731; x_wconf 72' lang='grc'>’</span> 
     </span>
     <span class='ocr_line' id='line_1_51' title="bbox 199 2765 700 2795; baseline 0 -7"><span class='ocrx_word' id='word_1_332' title='bbox 199 2765 209 2778; x_wconf 78' lang='lat'><strong>⁴</strong></span> <span class='ocrx_word' id='word_1_333' title='bbox 228 2766 293 2788; x_wconf 76' lang='lat' dir='ltr'>Vers.</span> <span class='ocrx_word' id='word_1_334' title='bbox 311 2767 347 2788; x_wconf 77' lang='lat'>40.</span> <span class='ocrx_word' id='word_1_335' title='bbox 364 2778 395 2783; x_wconf 97' lang='lat'><strong>—</strong></span> <span class='ocrx_word' id='word_1_336' title='bbox 412 2766 520 2795; x_wconf 83' lang='lat' dir='ltr'>Sequitur</span> <span class='ocrx_word' id='word_1_337' title='bbox 541 2767 602 2789; x_wconf 91' lang='lat' dir='ltr'>loan.</span> <span class='ocrx_word' id='word_1_338' title='bbox 620 2767 644 2793; x_wconf 82' lang='grc'>3,</span> <span class='ocrx_word' id='word_1_339' title='bbox 663 2767 700 2789; x_wconf 72' lang='grc'>46.</span> 
     </span>
     <span class='ocr_line' id='line_1_52' title="bbox 199 2804 396 2828; baseline 0 -1"><span class='ocrx_word' id='word_1_340' title='bbox 199 2804 209 2817; x_wconf 81' lang='lat'>⁵</span> <span class='ocrx_word' id='word_1_341' title='bbox 226 2805 303 2828; x_wconf 90' lang='lat' dir='ltr'>Collat.</span> <span class='ocrx_word' id='word_1_342' title='bbox 323 2805 396 2827; x_wconf 78' lang='lat' dir='ltr'>XXX.</span> 
     </span>
     <span class='ocr_line' id='line_1_53' title="bbox 200 2842 982 2873; baseline 0.001 -7"><span class='ocrx_word' id='word_1_343' title='bbox 200 2842 210 2856; x_wconf 60' lang='grc' dir='ltr'><strong><em>ὃ</em></strong></span> <span class='ocrx_word' id='word_1_344' title='bbox 228 2844 293 2866; x_wconf 87' lang='lat' dir='ltr'>Vers.</span> <span class='ocrx_word' id='word_1_345' title='bbox 312 2844 347 2866; x_wconf 70' lang='lat'>45.</span> <span class='ocrx_word' id='word_1_346' title='bbox 366 2856 396 2860; x_wconf 97' lang='lat'>—</span> <span class='ocrx_word' id='word_1_347' title='bbox 414 2844 464 2867; x_wconf 92' lang='lat' dir='ltr'>Duo</span> <span class='ocrx_word' id='word_1_348' title='bbox 481 2851 546 2873; x_wconf 81' lang='lat' dir='ltr'>seqq.</span> <span class='ocrx_word' id='word_1_349' title='bbox 565 2845 608 2867; x_wconf 92' lang='lat' dir='ltr'>loci</span> <span class='ocrx_word' id='word_1_350' title='bbox 625 2847 679 2867; x_wconf 88' lang='lat' dir='ltr'>sunt</span> <span class='ocrx_word' id='word_1_351' title='bbox 695 2845 732 2867; x_wconf 83' lang='lat' dir='ltr'>Ps.</span> <span class='ocrx_word' id='word_1_352' title='bbox 750 2845 791 2873; x_wconf 69' lang='lat' dir='ltr'>v10,</span> <span class='ocrx_word' id='word_1_353' title='bbox 808 2845 829 2867; x_wconf 78' lang='lat'>6.</span> <span class='ocrx_word' id='word_1_354' title='bbox 842 2848 864 2867; x_wconf 86' lang='lat' dir='ltr'>et</span> <span class='ocrx_word' id='word_1_355' title='bbox 876 2846 944 2867; x_wconf 83' lang='lat' dir='ltr'>Prov.</span> <span class='ocrx_word' id='word_1_356' title='bbox 960 2846 982 2872; x_wconf 92' lang='lat' dir='ltr'>l,</span> 
     </span>
     <span class='ocr_line' id='line_1_54' title="bbox 138 2883 983 2911; baseline 0.001 -6"><span class='ocrx_word' id='word_1_357' title='bbox 138 2883 177 2905; x_wconf 88' lang='lat'>28.</span> <span class='ocrx_word' id='word_1_358' title='bbox 196 2888 243 2911; x_wconf 87' lang='lat' dir='ltr'>seq.</span> <span class='ocrx_word' id='word_1_359' title='bbox 253 2900 257 2911; x_wconf 84' lang='lat'>‚</span> <span class='ocrx_word' id='word_1_360' title='bbox 269 2883 397 2905; x_wconf 83' lang='lat' dir='ltr'>secundum</span> <span class='ocrx_word' id='word_1_361' title='bbox 411 2883 583 2905; x_wconf 80' lang='lat' dir='ltr'>translationem</span> <span class='ocrx_word' id='word_1_362' title='bbox 596 2883 740 2911; x_wconf 81' lang='lat' dir='ltr'>septuaginta</span> <span class='ocrx_word' id='word_1_363' title='bbox 752 2884 904 2911; x_wconf 84' lang='lat' dir='ltr'>interpretum</span> <span class='ocrx_word' id='word_1_364' title='bbox 911 2892 918 2911; x_wconf 83' lang='lat'>;</span> <span class='ocrx_word' id='word_1_365' title='bbox 930 2884 983 2906; x_wconf 90' lang='lat' dir='ltr'>Vul-</span> 
     </span>
     <span class='ocr_line' id='line_1_55' title="bbox 138 2922 982 2951; baseline 0.002 -8"><span class='ocrx_word' id='word_1_366' title='bbox 138 2923 191 2949; x_wconf 82' lang='lat' dir='ltr'>gata</span> <span class='ocrx_word' id='word_1_367' title='bbox 208 2922 277 2949; x_wconf 86' lang='lat' dir='ltr'>legit:</span> <span class='ocrx_word' id='word_1_368' title='bbox 296 2922 360 2944; x_wconf 85' lang='lat' dir='ltr'>Mane</span> <span class='ocrx_word' id='word_1_369' title='bbox 377 2924 517 2949; x_wconf 82' lang='lat' dir='ltr'>consurgent</span> <span class='ocrx_word' id='word_1_370' title='bbox 541 2924 564 2944; x_wconf 90' lang='lat' dir='ltr'>et</span> <span class='ocrx_word' id='word_1_371' title='bbox 588 2928 633 2944; x_wconf 93' lang='lat' dir='ltr'>non</span> <span class='ocrx_word' id='word_1_372' title='bbox 659 2922 775 2944; x_wconf 89' lang='lat' dir='ltr'>invenient</span> <span class='ocrx_word' id='word_1_373' title='bbox 800 2928 853 2950; x_wconf 81' lang='lat' dir='ltr'>rne3</span> <span class='ocrx_word' id='word_1_374' title='bbox 874 2928 902 2945; x_wconf 90' lang='lat' dir='ltr'>eo</span> <span class='ocrx_word' id='word_1_375' title='bbox 918 2923 982 2951; x_wconf 87' lang='lat' dir='ltr'>quod</span> 
     </span>
     <span class='ocr_line' id='line_1_56' title="bbox 138 2960 592 2989; baseline 0 -6"><span class='ocrx_word' id='word_1_376' title='bbox 138 2966 230 2983; x_wconf 82' lang='lat' dir='ltr'>exosam</span> <span class='ocrx_word' id='word_1_377' title='bbox 249 2960 370 2983; x_wconf 84' lang='lat' dir='ltr'>habuerint</span> <span class='ocrx_word' id='word_1_378' title='bbox 387 2961 532 2989; x_wconf 84' lang='lat' dir='ltr'>disciplinam</span> <span class='ocrx_word' id='word_1_379' title='bbox 550 2963 592 2983; x_wconf 88' lang='lat' dir='ltr'>etc.</span> 
     </span>
    </p>
   </div>
   <div class='ocr_carea' id='block_1_14' title="bbox 1005 1652 1011 2435">
    <p class='ocr_par' dir='ltr' id='par_1_15' title="bbox 1005 1652 1011 2435">
     <span class='ocr_line' id='line_1_57' title="bbox 1005 1652 1011 2435; baseline 0 0"><span class='ocrx_word' id='word_1_380' title='bbox 1005 1652 1011 2435; x_wconf 95' lang='lat' dir='ltr'> </span> 
     </span>
    </p>
   </div>
   <div class='ocr_carea' id='block_1_15' title="bbox 1363 248 1546 271">
    <p class='ocr_par' dir='ltr' id='par_1_16' title="bbox 1363 248 1546 271">
     <span class='ocr_line' id='line_1_58' title="bbox 1363 248 1546 271; baseline 0.005 -1"><span class='ocrx_word' id='word_1_381' title='bbox 1363 249 1490 271; x_wconf 77' lang='grc' dir='ltr'>ΑΝΝοτΛτιο</span> <span class='ocrx_word' id='word_1_382' title='bbox 1508 248 1546 271; x_wconf 83' lang='grc'>65.</span> 
     </span>
    </p>
   </div>
   <div class='ocr_carea' id='block_1_16' title="bbox 1031 341 2024 1312">
    <p class='ocr_par' dir='ltr' id='par_1_17' title="bbox 1031 341 1873 425">
     <span class='ocr_line' id='line_1_59' title="bbox 1112 341 1873 382; baseline 0.001 -12"><span class='ocrx_word' id='word_1_383' title='bbox 1112 341 1200 378; x_wconf 87' lang='lat' dir='ltr'>(Vers.</span> <span class='ocrx_word' id='word_1_384' title='bbox 1225 342 1291 378; x_wconf 87' lang='lat'>18.).</span> <span class='ocrx_word' id='word_1_385' title='bbox 1314 342 1347 371; x_wconf 90' lang='lat' dir='ltr'>Si</span> <span class='ocrx_word' id='word_1_386' title='bbox 1366 343 1496 371; x_wconf 78' lang='lat' dir='ltr'>mundus</span> <span class='ocrx_word' id='word_1_387' title='bbox 1517 351 1567 371; x_wconf 78' lang='lat' dir='ltr'>vos</span> <span class='ocrx_word' id='word_1_388' title='bbox 1587 344 1657 377; x_wconf 82' lang='lat' dir='ltr'>odit,</span> <span class='ocrx_word' id='word_1_389' title='bbox 1678 344 1784 377; x_wconf 76' lang='lat' dir='ltr'>scitote,</span> <span class='ocrx_word' id='word_1_390' title='bbox 1801 344 1873 382; x_wconf 82' lang='lat' dir='ltr'>quia</span> 
     </span>
     <span class='ocr_line' id='line_1_60' title="bbox 1031 388 1543 425; baseline 0.004 -9"><span class='ocrx_word' id='word_1_391' title='bbox 1031 396 1077 416; x_wconf 83' lang='lat' dir='ltr'>mc</span> <span class='ocrx_word' id='word_1_392' title='bbox 1094 388 1225 425; x_wconf 83' lang='lat' dir='ltr'>priorem</span> <span class='ocrx_word' id='word_1_393' title='bbox 1245 389 1326 417; x_wconf 78' lang='lat' dir='ltr'>vobis</span> <span class='ocrx_word' id='word_1_394' title='bbox 1346 389 1412 417; x_wconf 78' lang='lat' dir='ltr'>odio</span> <span class='ocrx_word' id='word_1_395' title='bbox 1433 388 1543 418; x_wconf 77' lang='lat' dir='ltr'>habuit.</span> 
     </span>
    </p>

    <p class='ocr_par' dir='ltr' id='par_1_18' title="bbox 1032 435 2024 846">
     <span class='ocr_line' id='line_1_61' title="bbox 1114 435 2024 484; baseline 0.002 -21"><span class='ocrx_word' id='word_1_396' title='bbox 1114 435 1138 463; x_wconf 88' lang='lat'>1.</span> <span class='ocrx_word' id='word_1_397' title='bbox 1154 435 1237 469; x_wconf 89' lang='lat' dir='ltr'>Nota,</span> <span class='ocrx_word' id='word_1_398' title='bbox 1248 435 1322 472; x_wconf 91' lang='lat' dir='ltr'>quod</span> <span class='ocrx_word' id='word_1_399' title='bbox 1336 435 1484 472; x_wconf 89' lang='lat' dir='ltr'>aliquando</span> <span class='ocrx_word' id='word_1_400' title='bbox 1498 436 1628 464; x_wconf 78' lang='lat' dir='ltr'>mundus</span> <span class='ocrx_word' id='word_1_401' title='bbox 1643 436 1744 464; x_wconf 91' lang='lat' dir='ltr'>dicitur</span> <span class='ocrx_word' id='word_1_402' title='bbox 1759 436 1876 465; x_wconf 80' lang='lat' dir='ltr'>univer·</span> <span class='ocrx_word' id='word_1_403' title='bbox 1893 442 1979 484; x_wconf 51' lang='grc' dir='ltr'>ἕψῑιᾱυε</span> <span class='ocrx_word' id='word_1_404' title='bbox 1991 447 2024 484; x_wconf 54' lang='lat' dir='ltr'>2ar&lt;-</span> 
     </span>
     <span class='ocr_line' id='line_1_62' title="bbox 1032 471 2024 520; baseline 0.003 -11"><span class='ocrx_word' id='word_1_405' title='bbox 1032 481 1107 510; x_wconf 75' lang='lat' dir='ltr'>sitas</span> <span class='ocrx_word' id='word_1_406' title='bbox 1137 485 1309 515; x_wconf 82' lang='lat' dir='ltr'>creaturae;</span> <span class='ocrx_word' id='word_1_407' title='bbox 1341 482 1447 511; x_wconf 87' lang='lat' dir='ltr'>loannis</span> <span class='ocrx_word' id='word_1_408' title='bbox 1478 483 1607 519; x_wconf 66' lang='lat' dir='ltr'>primo4:</span> <span class='ocrx_word' id='word_1_409' title='bbox 1645 483 1795 511; x_wconf 79' lang='lat' dir='ltr'>«Mundus</span> <span class='ocrx_word' id='word_1_410' title='bbox 1826 490 1875 520; x_wconf 86' lang='lat' dir='ltr'>per</span> <span class='ocrx_word' id='word_1_411' title='bbox 1893 471 1975 513; x_wconf 56' lang='lat' dir='ltr'>pffssffffi.</span> <span class='ocrx_word' id='word_1_412' title='bbox 1999 471 2024 484; x_wconf 61' lang='grc' dir='ltr'>η’</span> 
     </span>
     <span class='ocr_line' id='line_1_63' title="bbox 1033 527 1875 567; baseline 0.004 -12"><span class='ocrx_word' id='word_1_413' title='bbox 1033 527 1124 564; x_wconf 88' lang='lat' dir='ltr'>ipsum</span> <span class='ocrx_word' id='word_1_414' title='bbox 1152 527 1241 557; x_wconf 83' lang='lat' dir='ltr'>factus</span> <span class='ocrx_word' id='word_1_415' title='bbox 1261 530 1344 557; x_wconf 85' lang='lat' dir='ltr'>est».</span> <span class='ocrx_word' id='word_1_416' title='bbox 1368 545 1404 549; x_wconf 97' lang='lat'><strong>—</strong></span> <span class='ocrx_word' id='word_1_417' title='bbox 1426 529 1593 566; x_wconf 81' lang='lat' dir='ltr'>Aliquando,</span> <span class='ocrx_word' id='word_1_418' title='bbox 1615 530 1801 567; x_wconf 62' lang='lat' dir='ltr'>congregatio</span> <span class='ocrx_word' id='word_1_419' title='bbox 1824 531 1875 559; x_wconf 84' lang='lat' dir='ltr'>Ec-</span> 
     </span>
     <span class='ocr_line' id='line_1_64' title="bbox 1033 573 1876 607; baseline 0.006 -6"><span class='ocrx_word' id='word_1_420' title='bbox 1033 573 1152 607; x_wconf 81' lang='lat' dir='ltr'>clesiae;</span> <span class='ocrx_word' id='word_1_421' title='bbox 1184 574 1291 603; x_wconf 89' lang='lat' dir='ltr'>loannis</span> <span class='ocrx_word' id='word_1_422' title='bbox 1322 575 1419 603; x_wconf 90' lang='lat' dir='ltr'>tertio:</span> <span class='ocrx_word' id='word_1_423' title='bbox 1452 587 1466 601; x_wconf 86' lang='lat'>«</span> <span class='ocrx_word' id='word_1_424' title='bbox 1481 576 1523 604; x_wconf 91' lang='lat' dir='ltr'>Sic</span> <span class='ocrx_word' id='word_1_425' title='bbox 1558 576 1632 605; x_wconf 91' lang='lat' dir='ltr'>Deus</span> <span class='ocrx_word' id='word_1_426' title='bbox 1665 576 1763 605; x_wconf 85' lang='lat' dir='ltr'>dilexit</span> <span class='ocrx_word' id='word_1_427' title='bbox 1794 584 1876 605; x_wconf 90' lang='lat' dir='ltr'>mun-</span> 
     </span>
     <span class='ocr_line' id='line_1_65' title="bbox 1032 619 1874 658; baseline 0.005 -10"><span class='ocrx_word' id='word_1_428' title='bbox 1032 619 1098 648; x_wconf 90' lang='lat' dir='ltr'>dum</span> <span class='ocrx_word' id='word_1_429' title='bbox 1111 631 1125 645; x_wconf 73' lang='grc' dir='ltr'>ι)</span> <span class='ocrx_word' id='word_1_430' title='bbox 1150 623 1201 649; x_wconf 87' lang='lat' dir='ltr'>etc.</span> <span class='ocrx_word' id='word_1_431' title='bbox 1224 637 1260 641; x_wconf 97' lang='lat'><strong>—</strong></span> <span class='ocrx_word' id='word_1_432' title='bbox 1282 621 1447 658; x_wconf 82' lang='lat' dir='ltr'>Aliquando,</span> <span class='ocrx_word' id='word_1_433' title='bbox 1469 626 1617 651; x_wconf 81' lang='lat' dir='ltr'>amatores</span> <span class='ocrx_word' id='word_1_434' title='bbox 1637 623 1779 652; x_wconf 78' lang='lat' dir='ltr'>vanitatis</span> <span class='ocrx_word' id='word_1_435' title='bbox 1793 631 1874 652; x_wconf 92' lang='lat' dir='ltr'>mun-</span> 
     </span>
     <span class='ocr_line' id='line_1_66' title="bbox 1032 665 1876 705; baseline 0.005 -11"><span class='ocrx_word' id='word_1_436' title='bbox 1032 665 1134 700; x_wconf 85' lang='lat' dir='ltr'>danae;</span> <span class='ocrx_word' id='word_1_437' title='bbox 1156 670 1183 695; x_wconf 91' lang='lat' dir='ltr'>et</span> <span class='ocrx_word' id='word_1_438' title='bbox 1205 667 1249 696; x_wconf 88' lang='lat' dir='ltr'>hic</span> <span class='ocrx_word' id='word_1_439' title='bbox 1270 670 1327 701; x_wconf 84' lang='lat' dir='ltr'>est,</span> <span class='ocrx_word' id='word_1_440' title='bbox 1348 668 1381 696; x_wconf 88' lang='lat' dir='ltr'>de</span> <span class='ocrx_word' id='word_1_441' title='bbox 1402 676 1458 705; x_wconf 88' lang='lat' dir='ltr'>quo</span> <span class='ocrx_word' id='word_1_442' title='bbox 1480 668 1524 697; x_wconf 87' lang='lat' dir='ltr'>hic</span> <span class='ocrx_word' id='word_1_443' title='bbox 1552 669 1668 698; x_wconf 92' lang='lat' dir='ltr'>dicitur:</span> <span class='ocrx_word' id='word_1_444' title='bbox 1695 669 1728 698; x_wconf 83' lang='lat' dir='ltr'>Si</span> <span class='ocrx_word' id='word_1_445' title='bbox 1746 670 1876 698; x_wconf 82' lang='lat' dir='ltr'>mundus</span> 
     </span>
     <span class='ocr_line' id='line_1_67' title="bbox 1034 713 1876 754; baseline 0.006 -14"><span class='ocrx_word' id='word_1_446' title='bbox 1034 720 1083 740; x_wconf 76' lang='lat' dir='ltr'>vos</span> <span class='ocrx_word' id='word_1_447' title='bbox 1103 713 1164 741; x_wconf 84' lang='lat' dir='ltr'>odit</span> <span class='ocrx_word' id='word_1_448' title='bbox 1184 717 1234 742; x_wconf 89' lang='lat' dir='ltr'>etc.</span> <span class='ocrx_word' id='word_1_449' title='bbox 1256 714 1303 743; x_wconf 87' lang='lat' dir='ltr'>Hic</span> <span class='ocrx_word' id='word_1_450' title='bbox 1324 717 1365 743; x_wconf 90' lang='lat' dir='ltr'>est</span> <span class='ocrx_word' id='word_1_451' title='bbox 1385 714 1525 749; x_wconf 88' lang='lat' dir='ltr'>mundus,</span> <span class='ocrx_word' id='word_1_452' title='bbox 1554 716 1602 753; x_wconf 88' lang='lat' dir='ltr'>qui</span> <span class='ocrx_word' id='word_1_453' title='bbox 1626 716 1767 745; x_wconf 89' lang='lat' dir='ltr'>Christum</span> <span class='ocrx_word' id='word_1_454' title='bbox 1796 716 1876 754; x_wconf 64' lang='grc' dir='ltr'><em>29ηο-</em></span> 
     </span>
     <span class='ocr_line' id='line_1_68' title="bbox 1033 759 1876 799; baseline 0.007 -13"><span class='ocrx_word' id='word_1_455' title='bbox 1033 759 1112 787; x_wconf 81' lang='lat' dir='ltr'>ravit</span> <span class='ocrx_word' id='word_1_456' title='bbox 1132 763 1164 788; x_wconf 92' lang='lat' dir='ltr'>ut</span> <span class='ocrx_word' id='word_1_457' title='bbox 1185 768 1298 795; x_wconf 87' lang='lat' dir='ltr'>caecus,</span> <span class='ocrx_word' id='word_1_458' title='bbox 1320 761 1409 790; x_wconf 82' lang='lat' dir='ltr'>odivit</span> <span class='ocrx_word' id='word_1_459' title='bbox 1430 765 1461 790; x_wconf 91' lang='lat' dir='ltr'>ut</span> <span class='ocrx_word' id='word_1_460' title='bbox 1481 761 1627 799; x_wconf 84' lang='lat' dir='ltr'>malignus,</span> <span class='ocrx_word' id='word_1_461' title='bbox 1658 762 1761 791; x_wconf 87' lang='lat' dir='ltr'>occidit</span> <span class='ocrx_word' id='word_1_462' title='bbox 1782 766 1814 791; x_wconf 93' lang='lat' dir='ltr'>ut</span> <span class='ocrx_word' id='word_1_463' title='bbox 1833 771 1876 792; x_wconf 79' lang='lat' dir='ltr'>sa-</span> 
     </span>
     <span class='ocr_line' id='line_1_69' title="bbox 1032 806 1842 846; baseline 0.004 -11"><span class='ocrx_word' id='word_1_464' title='bbox 1032 806 1160 843; x_wconf 84' lang='lat' dir='ltr'>crilegus.</span> <span class='ocrx_word' id='word_1_465' title='bbox 1183 807 1302 845; x_wconf 83' lang='lat' dir='ltr'>Require</span> <span class='ocrx_word' id='word_1_466' title='bbox 1321 808 1355 837; x_wconf 90' lang='lat' dir='ltr'>de</span> <span class='ocrx_word' id='word_1_467' title='bbox 1376 808 1428 837; x_wconf 89' lang='lat' dir='ltr'>hoc</span> <span class='ocrx_word' id='word_1_468' title='bbox 1449 816 1534 845; x_wconf 88' lang='lat' dir='ltr'>supra</span> <span class='ocrx_word' id='word_1_469' title='bbox 1554 809 1671 846; x_wconf 88' lang='lat' dir='ltr'>septimo</span> <span class='ocrx_word' id='word_1_470' title='bbox 1692 809 1812 846; x_wconf 81' lang='lat' dir='ltr'>capitulo</span> <span class='ocrx_word' id='word_1_471' title='bbox 1823 809 1842 837; x_wconf 87' lang='lat'>⁵.</span> 
     </span>
    </p>

    <p class='ocr_par' dir='ltr' id='par_1_19' title="bbox 1111 853 1503 884">
     <span class='ocr_line' id='line_1_70' title="bbox 1111 853 1503 884; baseline 0.005 -2"><span class='ocrx_word' id='word_1_472' title='bbox 1111 855 1139 882; x_wconf 86' lang='lat'>2.</span> <span class='ocrx_word' id='word_1_473' title='bbox 1162 853 1195 882; x_wconf 88' lang='lat' dir='ltr'>Si</span> <span class='ocrx_word' id='word_1_474' title='bbox 1214 854 1344 883; x_wconf 75' lang='lat' dir='ltr'>mundus</span> <span class='ocrx_word' id='word_1_475' title='bbox 1364 864 1414 884; x_wconf 79' lang='lat' dir='ltr'>vos</span> <span class='ocrx_word' id='word_1_476' title='bbox 1435 855 1503 884; x_wconf 84' lang='lat' dir='ltr'>odit.</span> 
     </span>
    </p>

    <p class='ocr_par' dir='ltr' id='par_1_20' title="bbox 1032 900 2009 1312">
     <span class='ocr_line' id='line_1_71' title="bbox 1111 900 2009 950; baseline 0.003 -21"><span class='ocrx_word' id='word_1_477' title='bbox 1111 900 1194 935; x_wconf 88' lang='lat' dir='ltr'>Nota,</span> <span class='ocrx_word' id='word_1_478' title='bbox 1222 901 1295 938; x_wconf 89' lang='lat' dir='ltr'>quod</span> <span class='ocrx_word' id='word_1_479' title='bbox 1322 904 1364 930; x_wconf 90' lang='lat' dir='ltr'>est</span> <span class='ocrx_word' id='word_1_480' title='bbox 1398 902 1479 930; x_wconf 87' lang='lat' dir='ltr'>odire</span> <span class='ocrx_word' id='word_1_481' title='bbox 1507 910 1556 939; x_wconf 89' lang='lat' dir='ltr'>per</span> <span class='ocrx_word' id='word_1_482' title='bbox 1587 901 1740 940; x_wconf 84' lang='lat' dir='ltr'>affectum;</span> <span class='ocrx_word' id='word_1_483' title='bbox 1771 902 1877 940; x_wconf 84' lang='lat' dir='ltr'>primae</span> <span class='ocrx_word' id='word_1_484' title='bbox 1897 907 1973 950; x_wconf 41' lang='lat' dir='ltr'>&#39;1132&#39;ss</span> <span class='ocrx_word' id='word_1_485' title='bbox 1987 913 2009 927; x_wconf 84' lang='grc' dir='ltr'>ο-</span> 
     </span>
     <span class='ocr_line' id='line_1_72' title="bbox 1034 945 1981 985; baseline 0.004 -10"><span class='ocrx_word' id='word_1_486' title='bbox 1034 947 1140 976; x_wconf 87' lang='lat' dir='ltr'>loannis</span> <span class='ocrx_word' id='word_1_487' title='bbox 1161 947 1280 976; x_wconf 61' lang='lat' dir='ltr'>tertioss:</span> <span class='ocrx_word' id='word_1_488' title='bbox 1308 959 1321 973; x_wconf 81' lang='grc' dir='ltr'><strong>α</strong></span> <span class='ocrx_word' id='word_1_489' title='bbox 1335 948 1387 985; x_wconf 87' lang='lat' dir='ltr'>Qui</span> <span class='ocrx_word' id='word_1_490' title='bbox 1408 948 1466 978; x_wconf 89' lang='lat' dir='ltr'>odit</span> <span class='ocrx_word' id='word_1_491' title='bbox 1493 948 1608 978; x_wconf 87' lang='lat' dir='ltr'>fratrem</span> <span class='ocrx_word' id='word_1_492' title='bbox 1636 957 1719 978; x_wconf 87' lang='lat' dir='ltr'>suum</span> <span class='ocrx_word' id='word_1_493' title='bbox 1741 949 1878 978; x_wconf 89' lang='lat' dir='ltr'>homicida</span> <span class='ocrx_word' id='word_1_494' title='bbox 1976 945 1981 950; x_wconf 81' lang='grc'><strong>”</strong></span> 
     </span>
     <span class='ocr_line' id='line_1_73' title="bbox 1033 994 1874 1033; baseline 0.002 -10"><span class='ocrx_word' id='word_1_495' title='bbox 1033 997 1112 1023; x_wconf 88' lang='lat' dir='ltr'>est».</span> <span class='ocrx_word' id='word_1_496' title='bbox 1134 1011 1171 1015; x_wconf 97' lang='lat'><strong>—</strong></span> <span class='ocrx_word' id='word_1_497' title='bbox 1194 995 1239 1023; x_wconf 88' lang='lat' dir='ltr'>Est</span> <span class='ocrx_word' id='word_1_498' title='bbox 1259 995 1340 1024; x_wconf 84' lang='lat' dir='ltr'>odire</span> <span class='ocrx_word' id='word_1_499' title='bbox 1370 1003 1420 1032; x_wconf 92' lang='lat' dir='ltr'>per</span> <span class='ocrx_word' id='word_1_500' title='bbox 1449 994 1597 1033; x_wconf 81' lang='lat' dir='ltr'>effectum,-</span> <span class='ocrx_word' id='word_1_501' title='bbox 1627 996 1766 1025; x_wconf 85' lang='lat' dir='ltr'>Psalmus:</span> <span class='ocrx_word' id='word_1_502' title='bbox 1793 1007 1806 1022; x_wconf 75' lang='grc' dir='ltr'><strong>α</strong></span> <span class='ocrx_word' id='word_1_503' title='bbox 1821 997 1874 1033; x_wconf 88' lang='lat' dir='ltr'>Qui</span> 
     </span>
     <span class='ocr_line' id='line_1_74' title="bbox 1032 1041 1877 1078; baseline 0.004 -9"><span class='ocrx_word' id='word_1_504' title='bbox 1032 1041 1120 1078; x_wconf 83' lang='lat' dir='ltr'>diligit</span> <span class='ocrx_word' id='word_1_505' title='bbox 1141 1041 1314 1078; x_wconf 84' lang='lat' dir='ltr'>iniquitatem</span> <span class='ocrx_word' id='word_1_506' title='bbox 1336 1042 1393 1071; x_wconf 88' lang='lat' dir='ltr'>odit</span> <span class='ocrx_word' id='word_1_507' title='bbox 1413 1042 1531 1071; x_wconf 86' lang='lat' dir='ltr'>animam</span> <span class='ocrx_word' id='word_1_508' title='bbox 1547 1050 1625 1071; x_wconf 88' lang='lat' dir='ltr'>suam</span> <span class='ocrx_word' id='word_1_509' title='bbox 1641 1055 1667 1071; x_wconf 80' lang='lat'>».</span> <span class='ocrx_word' id='word_1_510' title='bbox 1684 1059 1720 1064; x_wconf 97' lang='lat'><strong>—</strong></span> <span class='ocrx_word' id='word_1_511' title='bbox 1736 1043 1782 1072; x_wconf 88' lang='lat' dir='ltr'>Est</span> <span class='ocrx_word' id='word_1_512' title='bbox 1796 1043 1877 1073; x_wconf 85' lang='lat' dir='ltr'>odire</span> 
     </span>
     <span class='ocr_line' id='line_1_75' title="bbox 1033 1087 1878 1125; baseline 0.004 -10"><span class='ocrx_word' id='word_1_513' title='bbox 1033 1095 1083 1124; x_wconf 90' lang='lat' dir='ltr'>per</span> <span class='ocrx_word' id='word_1_514' title='bbox 1103 1087 1325 1125; x_wconf 72' lang='lat' dir='ltr'>neqlz&#39;yentiam,</span> <span class='ocrx_word' id='word_1_515' title='bbox 1347 1088 1420 1117; x_wconf 87' lang='lat' dir='ltr'>sicut</span> <span class='ocrx_word' id='word_1_516' title='bbox 1439 1088 1541 1117; x_wconf 89' lang='lat' dir='ltr'>dicitur</span> <span class='ocrx_word' id='word_1_517' title='bbox 1561 1089 1595 1118; x_wconf 87' lang='lat' dir='ltr'>de</span> <span class='ocrx_word' id='word_1_518' title='bbox 1615 1089 1695 1118; x_wconf 85' lang='lat' dir='ltr'>malis</span> <span class='ocrx_word' id='word_1_519' title='bbox 1715 1090 1878 1119; x_wconf 87' lang='lat' dir='ltr'>Proverbio-</span> 
     </span>
     <span class='ocr_line' id='line_1_76' title="bbox 1034 1134 1878 1172; baseline 0.002 -9"><span class='ocrx_word' id='word_1_520' title='bbox 1034 1142 1097 1163; x_wconf 90' lang='lat' dir='ltr'>rum</span> <span class='ocrx_word' id='word_1_521' title='bbox 1117 1134 1208 1171; x_wconf 93' lang='lat' dir='ltr'>primo</span> <span class='ocrx_word' id='word_1_522' title='bbox 1229 1134 1381 1163; x_wconf 88' lang='lat' dir='ltr'>secundum</span> <span class='ocrx_word' id='word_1_523' title='bbox 1402 1135 1483 1164; x_wconf 89' lang='lat' dir='ltr'>aliam</span> <span class='ocrx_word' id='word_1_524' title='bbox 1498 1135 1633 1165; x_wconf 88' lang='lat' dir='ltr'>litteram:</span> <span class='ocrx_word' id='word_1_525' title='bbox 1652 1147 1666 1161; x_wconf 71' lang='lat' dir='ltr'>&lt;c</span> <span class='ocrx_word' id='word_1_526' title='bbox 1681 1136 1820 1172; x_wconf 85' lang='lat' dir='ltr'>Quaerent</span> <span class='ocrx_word' id='word_1_527' title='bbox 1834 1144 1878 1165; x_wconf 88' lang='lat' dir='ltr'>me</span> 
     </span>
     <span class='ocr_line' id='line_1_77' title="bbox 1033 1181 1879 1220; baseline 0.002 -11"><span class='ocrx_word' id='word_1_528' title='bbox 1033 1184 1061 1210; x_wconf 89' lang='lat' dir='ltr'>et</span> <span class='ocrx_word' id='word_1_529' title='bbox 1081 1189 1135 1210; x_wconf 92' lang='lat' dir='ltr'>non</span> <span class='ocrx_word' id='word_1_530' title='bbox 1157 1181 1311 1215; x_wconf 89' lang='lat' dir='ltr'>invenient,</span> <span class='ocrx_word' id='word_1_531' title='bbox 1333 1181 1452 1210; x_wconf 88' lang='lat' dir='ltr'>oderunt</span> <span class='ocrx_word' id='word_1_532' title='bbox 1472 1182 1546 1211; x_wconf 90' lang='lat' dir='ltr'>enim</span> <span class='ocrx_word' id='word_1_533' title='bbox 1561 1182 1722 1220; x_wconf 83' lang='lat' dir='ltr'>sapientiam</span> <span class='ocrx_word' id='word_1_534' title='bbox 1737 1194 1764 1210; x_wconf 86' lang='lat'>».</span> <span class='ocrx_word' id='word_1_535' title='bbox 1780 1198 1817 1203; x_wconf 91' lang='lat'>—</span> <span class='ocrx_word' id='word_1_536' title='bbox 1832 1183 1879 1212; x_wconf 90' lang='lat' dir='ltr'>Est</span> 
     </span>
     <span class='ocr_line' id='line_1_78' title="bbox 1033 1228 1876 1266; baseline 0.002 -10"><span class='ocrx_word' id='word_1_537' title='bbox 1033 1228 1115 1257; x_wconf 86' lang='lat' dir='ltr'>odire</span> <span class='ocrx_word' id='word_1_538' title='bbox 1136 1236 1185 1265; x_wconf 91' lang='lat' dir='ltr'>per</span> <span class='ocrx_word' id='word_1_539' title='bbox 1200 1228 1465 1262; x_wconf 79' lang='lat' dir='ltr'>concomitantiam,</span> <span class='ocrx_word' id='word_1_540' title='bbox 1486 1229 1558 1258; x_wconf 87' lang='lat' dir='ltr'>sicut</span> <span class='ocrx_word' id='word_1_541' title='bbox 1578 1229 1696 1263; x_wconf 82' lang='lat' dir='ltr'>dicitur,</span> <span class='ocrx_word' id='word_1_542' title='bbox 1711 1228 1786 1266; x_wconf 81' lang='lat' dir='ltr'>quod</span> <span class='ocrx_word' id='word_1_543' title='bbox 1804 1240 1817 1254; x_wconf 79' lang='grc' dir='ltr'>α</span> <span class='ocrx_word' id='word_1_544' title='bbox 1829 1229 1876 1266; x_wconf 90' lang='lat' dir='ltr'>qui</span> 
     </span>
     <span class='ocr_line' id='line_1_79' title="bbox 1033 1275 1878 1312; baseline 0.001 -9"><span class='ocrx_word' id='word_1_545' title='bbox 1033 1275 1090 1304; x_wconf 87' lang='lat' dir='ltr'>odit</span> <span class='ocrx_word' id='word_1_546' title='bbox 1110 1275 1198 1312; x_wconf 85' lang='lat' dir='ltr'>legem</span> <span class='ocrx_word' id='word_1_547' title='bbox 1219 1275 1276 1303; x_wconf 92' lang='lat' dir='ltr'>odit</span> <span class='ocrx_word' id='word_1_548' title='bbox 1296 1282 1389 1312; x_wconf 84' lang='lat' dir='ltr'>regem</span> <span class='ocrx_word' id='word_1_549' title='bbox 1405 1286 1432 1310; x_wconf 89' lang='lat'>»;</span> <span class='ocrx_word' id='word_1_550' title='bbox 1448 1275 1601 1304; x_wconf 89' lang='lat' dir='ltr'>secundum</span> <span class='ocrx_word' id='word_1_551' title='bbox 1616 1276 1669 1305; x_wconf 89' lang='lat' dir='ltr'>hoc</span> <span class='ocrx_word' id='word_1_552' title='bbox 1683 1276 1786 1305; x_wconf 86' lang='lat' dir='ltr'>dicitur</span> <span class='ocrx_word' id='word_1_553' title='bbox 1802 1276 1878 1305; x_wconf 87' lang='lat' dir='ltr'>loan-</span> 
     </span>
    </p>
   </div>
   <div class='ocr_carea' id='block_1_17' title="bbox 1032 1322 1876 1397">
    <p class='ocr_par' dir='ltr' id='par_1_21' title="bbox 1032 1322 1876 1397">
     <span class='ocr_line' id='line_1_80' title="bbox 1032 1322 1876 1359; baseline 0.002 -9"><span class='ocrx_word' id='word_1_554' title='bbox 1032 1322 1076 1350; x_wconf 88' lang='lat' dir='ltr'>nis</span> <span class='ocrx_word' id='word_1_555' title='bbox 1096 1322 1202 1350; x_wconf 79' lang='lat' dir='ltr'>decitno</span> <span class='ocrx_word' id='word_1_556' title='bbox 1223 1322 1358 1359; x_wconf 89' lang='lat' dir='ltr'>quinto⁷:</span> <span class='ocrx_word' id='word_1_557' title='bbox 1385 1333 1399 1347; x_wconf 83' lang='lat'>«</span> <span class='ocrx_word' id='word_1_558' title='bbox 1414 1322 1465 1358; x_wconf 89' lang='lat' dir='ltr'>Qui</span> <span class='ocrx_word' id='word_1_559' title='bbox 1481 1330 1525 1351; x_wconf 92' lang='lat' dir='ltr'>me</span> <span class='ocrx_word' id='word_1_560' title='bbox 1539 1322 1596 1351; x_wconf 88' lang='lat' dir='ltr'>odit</span> <span class='ocrx_word' id='word_1_561' title='bbox 1610 1326 1638 1351; x_wconf 89' lang='lat' dir='ltr'>et</span> <span class='ocrx_word' id='word_1_562' title='bbox 1661 1322 1766 1351; x_wconf 82' lang='lat' dir='ltr'>Patrem</span> <span class='ocrx_word' id='word_1_563' title='bbox 1784 1330 1876 1352; x_wconf 87' lang='lat' dir='ltr'>meum</span> 
     </span>
     <span class='ocr_line' id='line_1_81' title="bbox 1033 1368 1130 1397; baseline -0.01 0"><span class='ocrx_word' id='word_1_564' title='bbox 1033 1368 1090 1397; x_wconf 73' lang='lat' dir='ltr'>Odit</span> <span class='ocrx_word' id='word_1_565' title='bbox 1104 1380 1130 1396; x_wconf 78' lang='grc' dir='ltr'>ι).</span> 
     </span>
    </p>
   </div>
   <div class='ocr_carea' id='block_1_18' title="bbox 1039 1510 1346 1539">
    <p class='ocr_par' dir='ltr' id='par_1_22' title="bbox 1039 1510 1346 1539">
     <span class='ocr_line' id='line_1_82' title="bbox 1039 1510 1346 1539; baseline 0 -1"><span class='ocrx_word' id='word_1_566' title='bbox 1039 1510 1151 1539; x_wconf 82' lang='lat' dir='ltr'>locutus</span> <span class='ocrx_word' id='word_1_567' title='bbox 1171 1519 1239 1539; x_wconf 77' lang='lat' dir='ltr'>sum</span> <span class='ocrx_word' id='word_1_568' title='bbox 1259 1510 1346 1539; x_wconf 78' lang='lat' dir='ltr'>vobis.</span> 
     </span>
    </p>
   </div>
   <div class='ocr_carea' id='block_1_19' title="bbox 1357 1644 1563 1668">
    <p class='ocr_par' dir='ltr' id='par_1_23' title="bbox 1357 1644 1563 1668">
     <span class='ocr_line' id='line_1_83' title="bbox 1357 1644 1563 1668; baseline -0.01 0"><span class='ocrx_word' id='word_1_569' title='bbox 1357 1644 1500 1668; x_wconf 84' lang='lat' dir='ltr'>COLLATlO</span> <span class='ocrx_word' id='word_1_570' title='bbox 1518 1644 1563 1667; x_wconf 84' lang='lat' dir='ltr'>LV.</span> 
     </span>
    </p>
   </div>
   <div class='ocr_carea' id='block_1_20' title="bbox 1033 1739 2029 2477">
    <p class='ocr_par' dir='ltr' id='par_1_24' title="bbox 1113 1739 1799 1777">
     <span class='ocr_line' id='line_1_84' title="bbox 1113 1739 1799 1777; baseline 0 -10"><span class='ocrx_word' id='word_1_571' title='bbox 1113 1739 1202 1775; x_wconf 72' lang='lat' dir='ltr'>(Vers.</span> <span class='ocrx_word' id='word_1_572' title='bbox 1226 1741 1273 1771; x_wconf 77' lang='grc'>7.).</span> <span class='ocrx_word' id='word_1_573' title='bbox 1299 1739 1418 1777; x_wconf 68' lang='lat' dir='ltr'>Expedit</span> <span class='ocrx_word' id='word_1_574' title='bbox 1438 1739 1535 1773; x_wconf 79' lang='lat' dir='ltr'>vobis,</span> <span class='ocrx_word' id='word_1_575' title='bbox 1557 1742 1590 1767; x_wconf 84' lang='lat' dir='ltr'>ut</span> <span class='ocrx_word' id='word_1_576' title='bbox 1611 1747 1660 1776; x_wconf 69' lang='grc'>(390</span> <span class='ocrx_word' id='word_1_577' title='bbox 1681 1739 1799 1768; x_wconf 83' lang='lat' dir='ltr'>vadam.</span> 
     </span>
    </p>

    <p class='ocr_par' dir='ltr' id='par_1_25' title="bbox 1033 1786 2027 2151">
     <span class='ocr_line' id='line_1_85' title="bbox 1115 1786 1992 1823; baseline 0 -9"><span class='ocrx_word' id='word_1_578' title='bbox 1115 1787 1139 1814; x_wconf 82' lang='grc'>1.</span> <span class='ocrx_word' id='word_1_579' title='bbox 1163 1786 1224 1814; x_wconf 87' lang='lat' dir='ltr'>[deo</span> <span class='ocrx_word' id='word_1_580' title='bbox 1243 1786 1369 1822; x_wconf 79' lang='lat' dir='ltr'>expedit,</span> <span class='ocrx_word' id='word_1_581' title='bbox 1391 1786 1456 1823; x_wconf 89' lang='lat' dir='ltr'>quia</span> <span class='ocrx_word' id='word_1_582' title='bbox 1485 1786 1554 1815; x_wconf 89' lang='lat' dir='ltr'>vado</span> <span class='ocrx_word' id='word_1_583' title='bbox 1581 1786 1616 1815; x_wconf 89' lang='lat' dir='ltr'>ad</span> <span class='ocrx_word' id='word_1_584' title='bbox 1643 1786 1697 1814; x_wconf 85' lang='lat' dir='ltr'>iter</span> <span class='ocrx_word' id='word_1_585' title='bbox 1727 1786 1877 1823; x_wconf 69' lang='lat' dir='ltr'>expeclien-</span> <span class='ocrx_word' id='word_1_586' title='bbox 1922 1796 1992 1823; x_wconf 60' lang='lat' dir='ltr'>Primo,</span> 
     </span>
     <span class='ocr_line' id='line_1_86' title="bbox 1034 1819 2027 1870; baseline 0.001 -9"><span class='ocrx_word' id='word_1_587' title='bbox 1034 1833 1122 1866; x_wconf 82' lang='lat' dir='ltr'>dum,</span> <span class='ocrx_word' id='word_1_588' title='bbox 1144 1833 1214 1861; x_wconf 90' lang='lat' dir='ltr'>vado</span> <span class='ocrx_word' id='word_1_589' title='bbox 1235 1833 1268 1861; x_wconf 93' lang='lat' dir='ltr'>ad</span> <span class='ocrx_word' id='word_1_590' title='bbox 1290 1832 1448 1869; x_wconf 72' lang='lat' dir='ltr'>hospitium</span> <span class='ocrx_word' id='word_1_591' title='bbox 1470 1833 1734 1870; x_wconf 83' lang='lat' dir='ltr'>praeparandum,</span> <span class='ocrx_word' id='word_1_592' title='bbox 1756 1833 1825 1862; x_wconf 88' lang='lat' dir='ltr'>vado</span> <span class='ocrx_word' id='word_1_593' title='bbox 1845 1833 1880 1862; x_wconf 89' lang='lat' dir='ltr'>ad</span> <span class='ocrx_word' id='word_1_594' title='bbox 1896 1819 2027 1862; x_wconf 50' lang='lat' dir='ltr'>ffii‘ffliuirivf</span> 
     </span>
     <span class='ocr_line' id='line_1_87' title="bbox 1034 1879 1989 1917; baseline 0.001 -10"><span class='ocrx_word' id='word_1_595' title='bbox 1034 1880 1179 1916; x_wconf 70' lang='lat' dir='ltr'>neyotium</span> <span class='ocrx_word' id='word_1_596' title='bbox 1197 1879 1433 1916; x_wconf 83' lang='lat' dir='ltr'>procurandum.</span> <span class='ocrx_word' id='word_1_597' title='bbox 1450 1896 1486 1900; x_wconf 97' lang='lat'><strong>—</strong></span> <span class='ocrx_word' id='word_1_598' title='bbox 1506 1880 1581 1908; x_wconf 87' lang='lat' dir='ltr'>Vado</span> <span class='ocrx_word' id='word_1_599' title='bbox 1601 1880 1635 1909; x_wconf 92' lang='lat' dir='ltr'>ad</span> <span class='ocrx_word' id='word_1_600' title='bbox 1657 1880 1711 1908; x_wconf 86' lang='lat' dir='ltr'>iter</span> <span class='ocrx_word' id='word_1_601' title='bbox 1729 1881 1880 1917; x_wconf 75' lang='lat' dir='ltr'>expedien-</span> <span class='ocrx_word' id='word_1_602' title='bbox 1899 1890 1989 1908; x_wconf 80' lang='lat' dir='ltr'>Primum.</span> 
     </span>
     <span class='ocr_line' id='line_1_88' title="bbox 1035 1926 1881 1963; baseline 0.002 -9"><span class='ocrx_word' id='word_1_603' title='bbox 1035 1926 1123 1960; x_wconf 84' lang='lat' dir='ltr'>dum;</span> <span class='ocrx_word' id='word_1_604' title='bbox 1138 1926 1171 1955; x_wconf 89' lang='lat' dir='ltr'>de</span> <span class='ocrx_word' id='word_1_605' title='bbox 1182 1934 1238 1963; x_wconf 92' lang='lat' dir='ltr'>quo</span> <span class='ocrx_word' id='word_1_606' title='bbox 1249 1926 1352 1955; x_wconf 87' lang='lat' dir='ltr'>dictum</span> <span class='ocrx_word' id='word_1_607' title='bbox 1367 1929 1408 1955; x_wconf 89' lang='lat' dir='ltr'>est</span> <span class='ocrx_word' id='word_1_608' title='bbox 1422 1927 1558 1956; x_wconf 88' lang='lat' dir='ltr'>Michaeae</span> <span class='ocrx_word' id='word_1_609' title='bbox 1573 1927 1693 1956; x_wconf 88' lang='lat' dir='ltr'>secundo</span> <span class='ocrx_word' id='word_1_610' title='bbox 1702 1928 1741 1956; x_wconf 81' lang='lat'>1⁰:</span> <span class='ocrx_word' id='word_1_611' title='bbox 1758 1939 1772 1953; x_wconf 69' lang='grc' dir='ltr'>«ι</span> <span class='ocrx_word' id='word_1_612' title='bbox 1782 1930 1881 1956; x_wconf 80' lang='lat' dir='ltr'>Ascen-</span> 
     </span>
     <span class='ocr_line' id='line_1_89' title="bbox 1035 1973 2015 2011; baseline 0.001 -10"><span class='ocrx_word' id='word_1_613' title='bbox 1035 1973 1080 2002; x_wconf 90' lang='lat' dir='ltr'>det</span> <span class='ocrx_word' id='word_1_614' title='bbox 1101 1973 1223 2009; x_wconf 88' lang='lat' dir='ltr'>pandens</span> <span class='ocrx_word' id='word_1_615' title='bbox 1244 1973 1296 2002; x_wconf 88' lang='lat' dir='ltr'>iter</span> <span class='ocrx_word' id='word_1_616' title='bbox 1317 1977 1380 2002; x_wconf 82' lang='lat' dir='ltr'>ante</span> <span class='ocrx_word' id='word_1_617' title='bbox 1401 1981 1447 2002; x_wconf 90' lang='lat' dir='ltr'>eos</span> <span class='ocrx_word' id='word_1_618' title='bbox 1462 1985 1488 2002; x_wconf 67' lang='grc' dir='ltr'>ι).</span> <span class='ocrx_word' id='word_1_619' title='bbox 1512 1990 1548 1995; x_wconf 90' lang='lat'>—-</span> <span class='ocrx_word' id='word_1_620' title='bbox 1572 1974 1648 2003; x_wconf 88' lang='lat' dir='ltr'>Vado</span> <span class='ocrx_word' id='word_1_621' title='bbox 1668 1974 1701 2003; x_wconf 86' lang='lat' dir='ltr'>ad</span> <span class='ocrx_word' id='word_1_622' title='bbox 1722 1973 1880 2011; x_wconf 77' lang='lat' dir='ltr'>hospitium</span> <span class='ocrx_word' id='word_1_623' title='bbox 1899 1983 2015 2002; x_wconf 63' lang='lat' dir='ltr'>secunaum.</span> 
     </span>
     <span class='ocr_line' id='line_1_90' title="bbox 1033 2020 1879 2058; baseline 0.002 -11"><span class='ocrx_word' id='word_1_624' title='bbox 1033 2020 1281 2057; x_wconf 80' lang='lat' dir='ltr'>praeparandum</span> <span class='ocrx_word' id='word_1_625' title='bbox 1289 2030 1299 2053; x_wconf 91' lang='lat'><em>;</em></span> <span class='ocrx_word' id='word_1_626' title='bbox 1314 2020 1387 2048; x_wconf 89' lang='lat' dir='ltr'>unde</span> <span class='ocrx_word' id='word_1_627' title='bbox 1403 2020 1509 2049; x_wconf 86' lang='lat' dir='ltr'>loannis</span> <span class='ocrx_word' id='word_1_628' title='bbox 1522 2020 1628 2049; x_wconf 86' lang='lat' dir='ltr'>decimo</span> <span class='ocrx_word' id='word_1_629' title='bbox 1639 2024 1753 2058; x_wconf 84' lang='lat' dir='ltr'>quarto:</span> <span class='ocrx_word' id='word_1_630' title='bbox 1770 2032 1784 2045; x_wconf 87' lang='lat'><strong><em>«</em></strong></span> <span class='ocrx_word' id='word_1_631' title='bbox 1796 2020 1879 2056; x_wconf 89' lang='lat' dir='ltr'>Vado,</span> 
     </span>
     <span class='ocr_line' id='line_1_91' title="bbox 1036 2066 1990 2105; baseline 0.001 -11"><span class='ocrx_word' id='word_1_632' title='bbox 1036 2066 1115 2095; x_wconf 90' lang='lat' dir='ltr'>vobis</span> <span class='ocrx_word' id='word_1_633' title='bbox 1134 2074 1233 2102; x_wconf 88' lang='lat' dir='ltr'>parare</span> <span class='ocrx_word' id='word_1_634' title='bbox 1255 2066 1346 2095; x_wconf 88' lang='lat' dir='ltr'>locum</span> <span class='ocrx_word' id='word_1_635' title='bbox 1361 2078 1388 2094; x_wconf 71' lang='lat' dir='ltr'>n.</span> <span class='ocrx_word' id='word_1_636' title='bbox 1405 2083 1441 2087; x_wconf 97' lang='lat'><strong>—</strong></span> <span class='ocrx_word' id='word_1_637' title='bbox 1457 2067 1531 2095; x_wconf 80' lang='lat' dir='ltr'>Vado</span> <span class='ocrx_word' id='word_1_638' title='bbox 1551 2067 1585 2096; x_wconf 89' lang='lat' dir='ltr'>ad</span> <span class='ocrx_word' id='word_1_639' title='bbox 1606 2067 1753 2105; x_wconf 68' lang='lat' dir='ltr'>neqotium</span> <span class='ocrx_word' id='word_1_640' title='bbox 1771 2076 1880 2104; x_wconf 86' lang='lat' dir='ltr'>procu-</span> <span class='ocrx_word' id='word_1_641' title='bbox 1897 2077 1990 2097; x_wconf 73' lang='lat' dir='ltr'>Tertium.</span> 
     </span>
     <span class='ocr_line' id='line_1_92' title="bbox 1037 2112 1879 2151; baseline 0.001 -10"><span class='ocrx_word' id='word_1_642' title='bbox 1037 2112 1184 2146; x_wconf 76' lang='lat' dir='ltr'>randum,-</span> <span class='ocrx_word' id='word_1_643' title='bbox 1205 2113 1279 2141; x_wconf 86' lang='lat' dir='ltr'>unde</span> <span class='ocrx_word' id='word_1_644' title='bbox 1300 2113 1360 2141; x_wconf 86' lang='lat' dir='ltr'>hic:</span> <span class='ocrx_word' id='word_1_645' title='bbox 1385 2113 1507 2150; x_wconf 70' lang='lat' dir='ltr'>Empedit</span> <span class='ocrx_word' id='word_1_646' title='bbox 1526 2113 1619 2147; x_wconf 74' lang='lat' dir='ltr'>vobis,</span> <span class='ocrx_word' id='word_1_647' title='bbox 1641 2117 1674 2142; x_wconf 83' lang='lat' dir='ltr'>ut</span> <span class='ocrx_word' id='word_1_648' title='bbox 1694 2122 1744 2151; x_wconf 73' lang='lat' dir='ltr'>eyo</span> <span class='ocrx_word' id='word_1_649' title='bbox 1758 2114 1879 2142; x_wconf 84' lang='lat' dir='ltr'>vadam.-</span> 
     </span>
    </p>

    <p class='ocr_par' dir='ltr' id='par_1_26' title="bbox 1036 2159 1880 2240">
     <span class='ocr_line' id='line_1_93' title="bbox 1038 2159 1880 2194; baseline 0.001 -6"><span class='ocrx_word' id='word_1_650' title='bbox 1038 2159 1071 2188; x_wconf 83' lang='lat' dir='ltr'>Sz·</span> <span class='ocrx_word' id='word_1_651' title='bbox 1090 2160 1167 2188; x_wconf 83' lang='lat' dir='ltr'>enim</span> <span class='ocrx_word' id='word_1_652' title='bbox 1187 2168 1245 2188; x_wconf 82' lang='lat' dir='ltr'>non</span> <span class='ocrx_word' id='word_1_653' title='bbox 1266 2159 1381 2194; x_wconf 82' lang='lat' dir='ltr'>abiero,</span> <span class='ocrx_word' id='word_1_654' title='bbox 1398 2160 1571 2189; x_wconf 76' lang='lat' dir='ltr'>Paracletus</span> <span class='ocrx_word' id='word_1_655' title='bbox 1585 2168 1643 2189; x_wconf 87' lang='lat' dir='ltr'>non</span> <span class='ocrx_word' id='word_1_656' title='bbox 1657 2160 1748 2189; x_wconf 87' lang='lat' dir='ltr'>veniet</span> <span class='ocrx_word' id='word_1_657' title='bbox 1761 2161 1801 2189; x_wconf 85' lang='lat' dir='ltr'>ad</span> <span class='ocrx_word' id='word_1_658' title='bbox 1816 2168 1880 2194; x_wconf 77' lang='lat' dir='ltr'>vos,-</span> 
     </span>
     <span class='ocr_line' id='line_1_94' title="bbox 1036 2205 1675 2240; baseline 0.002 -6"><span class='ocrx_word' id='word_1_659' title='bbox 1036 2206 1065 2235; x_wconf 68' lang='grc' dir='ltr'>εἰ</span> <span class='ocrx_word' id='word_1_660' title='bbox 1084 2209 1181 2234; x_wconf 85' lang='lat' dir='ltr'>autem</span> <span class='ocrx_word' id='word_1_661' title='bbox 1202 2205 1315 2240; x_wconf 85' lang='lat' dir='ltr'>abiero,</span> <span class='ocrx_word' id='word_1_662' title='bbox 1336 2207 1450 2235; x_wconf 86' lang='lat' dir='ltr'>mittam.</span> <span class='ocrx_word' id='word_1_663' title='bbox 1471 2215 1537 2235; x_wconf 84' lang='lat' dir='ltr'>eum</span> <span class='ocrx_word' id='word_1_664' title='bbox 1557 2207 1597 2236; x_wconf 75' lang='lat' dir='ltr'>acl</span> <span class='ocrx_word' id='word_1_665' title='bbox 1617 2215 1675 2236; x_wconf 81' lang='lat' dir='ltr'>vos.</span> 
     </span>
    </p>

    <p class='ocr_par' dir='ltr' id='par_1_27' title="bbox 1038 2253 2029 2477">
     <span class='ocr_line' id='line_1_95' title="bbox 1117 2253 2028 2292; baseline 0.002 -11"><span class='ocrx_word' id='word_1_666' title='bbox 1117 2254 1143 2281; x_wconf 83' lang='lat'>2.</span> <span class='ocrx_word' id='word_1_667' title='bbox 1167 2253 1249 2287; x_wconf 82' lang='lat' dir='ltr'>Ecce,</span> <span class='ocrx_word' id='word_1_668' title='bbox 1271 2253 1312 2281; x_wconf 82' lang='lat' dir='ltr'>ad</span> <span class='ocrx_word' id='word_1_669' title='bbox 1331 2253 1403 2291; x_wconf 76' lang='lat' dir='ltr'>quia</span> <span class='ocrx_word' id='word_1_670' title='bbox 1433 2253 1518 2288; x_wconf 88' lang='lat' dir='ltr'>vado,</span> <span class='ocrx_word' id='word_1_671' title='bbox 1546 2253 1592 2282; x_wconf 88' lang='lat' dir='ltr'>sed</span> <span class='ocrx_word' id='word_1_672' title='bbox 1618 2253 1726 2288; x_wconf 88' lang='lat' dir='ltr'>discite,</span> <span class='ocrx_word' id='word_1_673' title='bbox 1755 2254 1880 2292; x_wconf 82' lang='lat' dir='ltr'>qualiter</span> <span class='ocrx_word' id='word_1_674' title='bbox 1932 2264 2028 2292; x_wconf 56' lang='lat' dir='ltr'>semaa,</span> 
     </span>
     <span class='ocr_line' id='line_1_96' title="bbox 1038 2287 2029 2338; baseline 0.002 -10"><span class='ocrx_word' id='word_1_675' title='bbox 1038 2300 1116 2329; x_wconf 89' lang='lat' dir='ltr'>vado.</span> <span class='ocrx_word' id='word_1_676' title='bbox 1137 2299 1211 2328; x_wconf 88' lang='lat' dir='ltr'>Vado</span> <span class='ocrx_word' id='word_1_677' title='bbox 1231 2300 1305 2328; x_wconf 88' lang='lat' dir='ltr'>enim</span> <span class='ocrx_word' id='word_1_678' title='bbox 1326 2300 1472 2329; x_wconf 83' lang='lat' dir='ltr'>mundum</span> <span class='ocrx_word' id='word_1_679' title='bbox 1492 2300 1693 2338; x_wconf 81' lang='lat' dir='ltr'>relinquendo;</span> <span class='ocrx_word' id='word_1_680' title='bbox 1715 2300 1821 2329; x_wconf 88' lang='lat' dir='ltr'>loannis</span> <span class='ocrx_word' id='word_1_681' title='bbox 1835 2300 1882 2329; x_wconf 90' lang='lat' dir='ltr'>de·</span> <span class='ocrx_word' id='word_1_682' title='bbox 1898 2287 2029 2338; x_wconf 41' lang='grc' dir='ltr'>ἶῗῇὲζιῖἑῖρω</span> 
     </span>
     <span class='ocr_line' id='line_1_97' title="bbox 1040 2335 1970 2383; baseline 0 -8"><span class='ocrx_word' id='word_1_683' title='bbox 1040 2347 1110 2375; x_wconf 88' lang='lat' dir='ltr'>cimo</span> <span class='ocrx_word' id='word_1_684' title='bbox 1132 2349 1211 2375; x_wconf 85' lang='lat' dir='ltr'>sexto</span> <span class='ocrx_word' id='word_1_685' title='bbox 1224 2348 1261 2374; x_wconf 87' lang='lat'>¹¹:</span> <span class='ocrx_word' id='word_1_686' title='bbox 1289 2358 1301 2371; x_wconf 75' lang='grc' dir='ltr'><em>α</em></span> <span class='ocrx_word' id='word_1_687' title='bbox 1316 2346 1451 2383; x_wconf 82' lang='lat' dir='ltr'>Relinque</span> <span class='ocrx_word' id='word_1_688' title='bbox 1478 2347 1614 2375; x_wconf 92' lang='lat' dir='ltr'>mundum</span> <span class='ocrx_word' id='word_1_689' title='bbox 1642 2350 1670 2376; x_wconf 90' lang='lat' dir='ltr'>et</span> <span class='ocrx_word' id='word_1_690' title='bbox 1690 2347 1759 2375; x_wconf 82' lang='lat' dir='ltr'>vado</span> <span class='ocrx_word' id='word_1_691' title='bbox 1779 2346 1814 2375; x_wconf 90' lang='lat' dir='ltr'>ad</span> <span class='ocrx_word' id='word_1_692' title='bbox 1834 2347 1883 2375; x_wconf 88' lang='lat' dir='ltr'>Pa·</span> <span class='ocrx_word' id='word_1_693' title='bbox 1899 2335 1970 2353; x_wconf 63' lang='lat' dir='ltr'><strong>an</strong></span> 
     </span>
     <span class='ocr_line' id='line_1_98' title="bbox 1039 2388 1995 2431; baseline 0.002 -10"><span class='ocrx_word' id='word_1_694' title='bbox 1039 2397 1110 2422; x_wconf 88' lang='lat' dir='ltr'>trem</span> <span class='ocrx_word' id='word_1_695' title='bbox 1126 2405 1152 2421; x_wconf 77' lang='lat'>».</span> <span class='ocrx_word' id='word_1_696' title='bbox 1176 2410 1211 2414; x_wconf 91' lang='lat'>—-</span> <span class='ocrx_word' id='word_1_697' title='bbox 1227 2388 1309 2422; x_wconf 60' lang='lat' dir='ltr'>&#39;Vado</span> <span class='ocrx_word' id='word_1_698' title='bbox 1333 2394 1452 2421; x_wconf 69' lang='lat' dir='ltr'>virtutis</span> <span class='ocrx_word' id='word_1_699' title='bbox 1479 2394 1609 2431; x_wconf 71' lang='lat' dir='ltr'>escempla</span> <span class='ocrx_word' id='word_1_700' title='bbox 1626 2393 1810 2431; x_wconf 57' lang='lat' dir='ltr'>praebentia,-</span> <span class='ocrx_word' id='word_1_701' title='bbox 1830 2401 1881 2431; x_wconf 86' lang='lat' dir='ltr'>ego</span> <span class='ocrx_word' id='word_1_702' title='bbox 1901 2404 1995 2424; x_wconf 70' lang='lat' dir='ltr'>secunao.</span> 
     </span>
     <span class='ocr_line' id='line_1_99' title="bbox 1039 2440 1879 2477; baseline 0 -8"><span class='ocrx_word' id='word_1_703' title='bbox 1039 2440 1111 2469; x_wconf 90' lang='lat' dir='ltr'>enim</span> <span class='ocrx_word' id='word_1_704' title='bbox 1133 2448 1196 2469; x_wconf 89' lang='lat' dir='ltr'>sum</span> <span class='ocrx_word' id='word_1_705' title='bbox 1217 2440 1262 2469; x_wconf 88' lang='lat' dir='ltr'>ille</span> <span class='ocrx_word' id='word_1_706' title='bbox 1283 2443 1392 2477; x_wconf 85' lang='lat' dir='ltr'>pastor,</span> <span class='ocrx_word' id='word_1_707' title='bbox 1407 2440 1440 2470; x_wconf 90' lang='lat' dir='ltr'>de</span> <span class='ocrx_word' id='word_1_708' title='bbox 1455 2448 1511 2477; x_wconf 90' lang='lat' dir='ltr'>quo</span> <span class='ocrx_word' id='word_1_709' title='bbox 1526 2440 1632 2469; x_wconf 88' lang='lat' dir='ltr'>loannis</span> <span class='ocrx_word' id='word_1_710' title='bbox 1647 2440 1765 2469; x_wconf 91' lang='lat' dir='ltr'>decimo:</span> <span class='ocrx_word' id='word_1_711' title='bbox 1786 2453 1799 2466; x_wconf 74' lang='grc' dir='ltr'>«ι</span> <span class='ocrx_word' id='word_1_712' title='bbox 1810 2441 1879 2470; x_wconf 89' lang='lat' dir='ltr'>Cum</span> 
     </span>
    </p>
   </div>
   <div class='ocr_carea' id='block_1_21' title="bbox 1039 2609 1885 2757">
    <p class='ocr_par' dir='ltr' id='par_1_28' title="bbox 1039 2609 1885 2678">
     <span class='ocr_line' id='line_1_100' title="bbox 1101 2609 1885 2639; baseline 0 -6"><span class='ocrx_word' id='word_1_713' title='bbox 1101 2609 1110 2622; x_wconf 86' lang='lat'>&#39;¹</span> <span class='ocrx_word' id='word_1_714' title='bbox 1130 2611 1194 2633; x_wconf 88' lang='lat' dir='ltr'>Vers.</span> <span class='ocrx_word' id='word_1_715' title='bbox 1212 2611 1250 2633; x_wconf 88' lang='lat'>23.</span> <span class='ocrx_word' id='word_1_716' title='bbox 1267 2622 1298 2627; x_wconf 89' lang='lat'>—-</span> <span class='ocrx_word' id='word_1_717' title='bbox 1315 2610 1420 2637; x_wconf 76' lang='lat' dir='ltr'>Aristot.,</span> <span class='ocrx_word' id='word_1_718' title='bbox 1438 2610 1464 2632; x_wconf 94' lang='lat' dir='ltr'>V.</span> <span class='ocrx_word' id='word_1_719' title='bbox 1483 2610 1546 2633; x_wconf 78' lang='lat' dir='ltr'>Polit.</span> <span class='ocrx_word' id='word_1_720' title='bbox 1562 2616 1581 2633; x_wconf 87' lang='lat' dir='ltr'>c.</span> <span class='ocrx_word' id='word_1_721' title='bbox 1594 2610 1616 2632; x_wconf 82' lang='lat'>9.</span> <span class='ocrx_word' id='word_1_722' title='bbox 1630 2611 1659 2639; x_wconf 89' lang='lat' dir='ltr'>(c.</span> <span class='ocrx_word' id='word_1_723' title='bbox 1671 2610 1716 2639; x_wconf 81' lang='lat'>7.):</span> <span class='ocrx_word' id='word_1_724' title='bbox 1729 2610 1885 2634; x_wconf 89' lang='lat' dir='ltr'>Dissolventes</span> 
     </span>
     <span class='ocr_line' id='line_1_101' title="bbox 1039 2649 1437 2678; baseline -0.005 -5"><span class='ocrx_word' id='word_1_725' title='bbox 1039 2651 1124 2678; x_wconf 79' lang='lat' dir='ltr'>leges...</span> <span class='ocrx_word' id='word_1_726' title='bbox 1142 2650 1271 2672; x_wconf 84' lang='lat' dir='ltr'>dissolvunt</span> <span class='ocrx_word' id='word_1_727' title='bbox 1287 2649 1437 2677; x_wconf 87' lang='lat' dir='ltr'>respublicas.</span> 
     </span>
    </p>

    <p class='ocr_par' dir='ltr' id='par_1_29' title="bbox 1102 2687 1709 2717">
     <span class='ocr_line' id='line_1_102' title="bbox 1102 2687 1709 2717; baseline 0 -6"><span class='ocrx_word' id='word_1_728' title='bbox 1102 2687 1111 2700; x_wconf 63' lang='grc' dir='ltr'>Β</span> <span class='ocrx_word' id='word_1_729' title='bbox 1129 2690 1212 2711; x_wconf 82' lang='lat' dir='ltr'>Psalm.</span> <span class='ocrx_word' id='word_1_730' title='bbox 1229 2690 1254 2711; x_wconf 84' lang='grc'>21</span> <span class='ocrx_word' id='word_1_731' title='bbox 1265 2706 1271 2716; x_wconf 89' lang='lat'>,</span> <span class='ocrx_word' id='word_1_732' title='bbox 1289 2689 1326 2710; x_wconf 86' lang='grc'>28.</span> <span class='ocrx_word' id='word_1_733' title='bbox 1343 2700 1375 2705; x_wconf 85' lang='grc'>-·</span> <span class='ocrx_word' id='word_1_734' title='bbox 1392 2688 1500 2717; x_wconf 84' lang='lat' dir='ltr'>Sequitur</span> <span class='ocrx_word' id='word_1_735' title='bbox 1517 2689 1592 2712; x_wconf 85' lang='lat' dir='ltr'>Matth.</span> <span class='ocrx_word' id='word_1_736' title='bbox 1610 2689 1654 2716; x_wconf 83' lang='lat'>26,</span> <span class='ocrx_word' id='word_1_737' title='bbox 1671 2689 1709 2712; x_wconf 74' lang='lat'>75.</span> 
     </span>
    </p>

    <p class='ocr_par' dir='ltr' id='par_1_30' title="bbox 1101 2727 1885 2757">
     <span class='ocr_line' id='line_1_103' title="bbox 1101 2727 1885 2757; baseline 0.001 -6"><span class='ocrx_word' id='word_1_738' title='bbox 1101 2727 1111 2740; x_wconf 79' lang='lat'>⁹</span> <span class='ocrx_word' id='word_1_739' title='bbox 1128 2729 1194 2751; x_wconf 85' lang='lat' dir='ltr'>Vers.</span> <span class='ocrx_word' id='word_1_740' title='bbox 1213 2729 1249 2750; x_wconf 78' lang='lat' dir='ltr'>tt.</span> <span class='ocrx_word' id='word_1_741' title='bbox 1261 2741 1291 2745; x_wconf 95' lang='lat'>—</span> <span class='ocrx_word' id='word_1_742' title='bbox 1303 2728 1407 2750; x_wconf 87' lang='lat' dir='ltr'>Subinde</span> <span class='ocrx_word' id='word_1_743' title='bbox 1424 2729 1535 2757; x_wconf 82' lang='lat' dir='ltr'>allegatur</span> <span class='ocrx_word' id='word_1_744' title='bbox 1552 2729 1588 2751; x_wconf 63' lang='grc' dir='ltr'>ΡΒ.</span> <span class='ocrx_word' id='word_1_745' title='bbox 1606 2729 1663 2756; x_wconf 65' lang='lat'>⁴¹8,</span> <span class='ocrx_word' id='word_1_746' title='bbox 1678 2729 1714 2751; x_wconf 83' lang='lat'>55.</span> <span class='ocrx_word' id='word_1_747' title='bbox 1727 2728 1773 2752; x_wconf 82' lang='lat' dir='ltr'>Csr.</span> <span class='ocrx_word' id='word_1_748' title='bbox 1788 2729 1885 2757; x_wconf 82' lang='lat' dir='ltr'>August.</span> 
     </span>
    </p>
   </div>
   <div class='ocr_carea' id='block_1_22' title="bbox 1039 2767 1885 2913">
    <p class='ocr_par' dir='ltr' id='par_1_31' title="bbox 1039 2767 1885 2835">
     <span class='ocr_line' id='line_1_104' title="bbox 1040 2767 1885 2796; baseline 0.001 -7"><span class='ocrx_word' id='word_1_749' title='bbox 1040 2767 1061 2789; x_wconf 92' lang='lat' dir='ltr'>in</span> <span class='ocrx_word' id='word_1_750' title='bbox 1080 2768 1142 2789; x_wconf 86' lang='lat' dir='ltr'>hune</span> <span class='ocrx_word' id='word_1_751' title='bbox 1159 2767 1235 2789; x_wconf 88' lang='lat' dir='ltr'>locum</span> <span class='ocrx_word' id='word_1_752' title='bbox 1254 2767 1332 2795; x_wconf 85' lang='lat' dir='ltr'>(serm.</span> <span class='ocrx_word' id='word_1_753' title='bbox 1352 2767 1388 2789; x_wconf 73' lang='lat'>15.</span> <span class='ocrx_word' id='word_1_754' title='bbox 1405 2773 1426 2789; x_wconf 91' lang='lat' dir='ltr'>n.</span> <span class='ocrx_word' id='word_1_755' title='bbox 1444 2767 1485 2795; x_wconf 74' lang='grc'>7.),</span> <span class='ocrx_word' id='word_1_756' title='bbox 1502 2779 1533 2784; x_wconf 91' lang='lat'>-</span> <span class='ocrx_word' id='word_1_757' title='bbox 1551 2767 1645 2790; x_wconf 84' lang='lat' dir='ltr'>luserius</span> <span class='ocrx_word' id='word_1_758' title='bbox 1667 2773 1710 2795; x_wconf 91' lang='lat' dir='ltr'>pro</span> <span class='ocrx_word' id='word_1_759' title='bbox 1729 2773 1885 2796; x_wconf 80' lang='lat' dir='ltr'>praeservan-</span> 
     </span>
     <span class='ocr_line' id='line_1_105' title="bbox 1039 2805 1356 2835; baseline 0 -7"><span class='ocrx_word' id='word_1_760' title='bbox 1039 2805 1097 2829; x_wconf 84' lang='lat' dir='ltr'>dum</span> <span class='ocrx_word' id='word_1_761' title='bbox 1115 2807 1131 2828; x_wconf 88' lang='lat' dir='ltr'><strong>B</strong></span> <span class='ocrx_word' id='word_1_762' title='bbox 1145 2805 1356 2835; x_wconf 77' lang='lat' dir='ltr'>perseverandum.</span> 
     </span>
    </p>

    <p class='ocr_par' dir='ltr' id='par_1_32' title="bbox 1103 2844 1610 2873">
     <span class='ocr_line' id='line_1_106' title="bbox 1103 2844 1610 2873; baseline 0.002 -7"><span class='ocrx_word' id='word_1_763' title='bbox 1103 2844 1122 2857; x_wconf 89' lang='lat'>¹⁰</span> <span class='ocrx_word' id='word_1_764' title='bbox 1143 2846 1205 2867; x_wconf 67' lang='lat' dir='ltr'>Vers.</span> <span class='ocrx_word' id='word_1_765' title='bbox 1224 2845 1261 2866; x_wconf 72' lang='grc'>13.</span> <span class='ocrx_word' id='word_1_766' title='bbox 1278 2857 1308 2861; x_wconf 94' lang='grc'><strong>-</strong></span> <span class='ocrx_word' id='word_1_767' title='bbox 1325 2844 1432 2873; x_wconf 81' lang='lat' dir='ltr'>Sequitur</span> <span class='ocrx_word' id='word_1_768' title='bbox 1450 2845 1510 2867; x_wconf 88' lang='lat' dir='ltr'>loan.</span> <span class='ocrx_word' id='word_1_769' title='bbox 1530 2845 1571 2872; x_wconf 71' lang='lat' dir='ltr'>tt,</span> <span class='ocrx_word' id='word_1_770' title='bbox 1588 2846 1610 2867; x_wconf 88' lang='grc'>2.</span> 
     </span>
    </p>

    <p class='ocr_par' dir='ltr' id='par_1_33' title="bbox 1102 2884 1884 2913">
     <span class='ocr_line' id='line_1_107' title="bbox 1102 2884 1884 2913; baseline 0.003 -8"><span class='ocrx_word' id='word_1_771' title='bbox 1102 2884 1120 2896; x_wconf 85' lang='lat'>¹¹</span> <span class='ocrx_word' id='word_1_772' title='bbox 1142 2885 1204 2906; x_wconf 81' lang='lat' dir='ltr'>Vers.</span> <span class='ocrx_word' id='word_1_773' title='bbox 1223 2885 1260 2906; x_wconf 79' lang='lat'>28.</span> <span class='ocrx_word' id='word_1_774' title='bbox 1277 2896 1308 2901; x_wconf 93' lang='lat'>--</span> <span class='ocrx_word' id='word_1_775' title='bbox 1326 2884 1376 2907; x_wconf 86' lang='lat' dir='ltr'>Duo</span> <span class='ocrx_word' id='word_1_776' title='bbox 1400 2891 1465 2913; x_wconf 88' lang='lat' dir='ltr'>seqq.</span> <span class='ocrx_word' id='word_1_777' title='bbox 1491 2885 1533 2907; x_wconf 89' lang='lat' dir='ltr'>loci</span> <span class='ocrx_word' id='word_1_778' title='bbox 1559 2888 1611 2907; x_wconf 86' lang='lat' dir='ltr'>sunt</span> <span class='ocrx_word' id='word_1_779' title='bbox 1629 2885 1690 2907; x_wconf 83' lang='lat' dir='ltr'>loan.</span> <span class='ocrx_word' id='word_1_780' title='bbox 1707 2885 1749 2912; x_wconf 77' lang='grc'>40,</span> <span class='ocrx_word' id='word_1_781' title='bbox 1767 2884 1787 2907; x_wconf 75' lang='grc'>4.</span> <span class='ocrx_word' id='word_1_782' title='bbox 1805 2888 1827 2907; x_wconf 87' lang='lat' dir='ltr'>et</span> <span class='ocrx_word' id='word_1_783' title='bbox 1848 2885 1884 2910; x_wconf 77' lang='grc'>13,</span> 
     </span>
    </p>
   </div>
   <div class='ocr_carea' id='block_1_23' title="bbox 1040 2922 1771 2953">
    <p class='ocr_par' dir='ltr' id='par_1_34' title="bbox 1040 2922 1771 2953">
     <span class='ocr_line' id='line_1_108' title="bbox 1040 2922 1771 2953; baseline 0 -8"><span class='ocrx_word' id='word_1_784' title='bbox 1040 2924 1076 2945; x_wconf 87' lang='grc'>36.</span> <span class='ocrx_word' id='word_1_785' title='bbox 1096 2936 1124 2939; x_wconf 91' lang='lat'>-—</span> <span class='ocrx_word' id='word_1_786' title='bbox 1142 2923 1255 2951; x_wconf 82' lang='lat' dir='ltr'>Superius</span> <span class='ocrx_word' id='word_1_787' title='bbox 1272 2929 1314 2951; x_wconf 88' lang='lat' dir='ltr'>pro</span> <span class='ocrx_word' id='word_1_788' title='bbox 1332 2923 1401 2951; x_wconf 82' lang='lat' dir='ltr'>Ecce,</span> <span class='ocrx_word' id='word_1_789' title='bbox 1418 2922 1450 2946; x_wconf 82' lang='lat' dir='ltr'>ad</span> <span class='ocrx_word' id='word_1_790' title='bbox 1465 2922 1523 2952; x_wconf 76' lang='lat' dir='ltr'>quid</span> <span class='ocrx_word' id='word_1_791' title='bbox 1540 2923 1581 2946; x_wconf 87' lang='lat' dir='ltr'>BC</span> <span class='ocrx_word' id='word_1_792' title='bbox 1601 2924 1672 2951; x_wconf 81' lang='lat' dir='ltr'>Ecce,</span> <span class='ocrx_word' id='word_1_793' title='bbox 1689 2929 1771 2953; x_wconf 67' lang='lat' dir='ltr'>quare.</span> 
     </span>
    </p>
   </div>
  </div>
 </body>
</html>
