2296 3316
285 1392 398 1412 Secundum.

419 184 474 211 508

415 260 487 288 unde
508 259 592 287 dicit:
617 258 693 286 Dum
714 265 782 293 (Ji-90
803 256 898 292 fleret,
921 255 1000 292 quasi
1021 254 1157 288 desolata,
1180 254 1263 282 ineli-

416 306 498 335 navit
518 314 548 333 se
572 309 597 333 et
614 303 764 341 prospexit
794 303 824 330 in
845 305 1082 334 monumentum,
1112 303 1144 329 ut
1165 300 1262 329 saltem

414 361 450 382 ex
472 354 584 388 aspectu
600 351 651 379 loci
673 349 887 378 consolationem
903 348 1026 385 aliquam
1047 347 1199 384 reciperet;
1216 346 1263 375 sed

415 399 546 428 maiorem
565 397 677 433 recepit.
694 395 851 425 Ineliuavit
871 404 914 429 se,
930 402 979 431 per
994 394 1195 428 humilitatem;
1218 393 1264 422 lob

416 446 547 482 vigesimo
568 443 727 473 secundol:
754 454 768 468 «
783 442 835 479 Qui
857 442 1021 471 humiliatus
1048 441 1133 470 fuerit
1154 440 1208 469 erit
1236 440 1263 468 in

414 492 513 529 gloria,
535 494 562 520 et
583 490 630 527 qui
653 489 827 518 inclinaverit
847 488 959 522 oculos,
981 488 1039 525 ipse
1061 487 1214 516 salvabitur
1235 498 1263 515 ».

415 539 504 568 Unde:

492 586 538 614 120.
562 585 651 621 (Vers.
677 584 742 618 12).
767 585 802 612 Et
828 583 900 612 vidit
920 583 995 611 duos
1017 581 1141 619 Anyelos
1169 581 1202 610 in
1222 580 1265 609 al-

415 633 458 661 bis
477 632 612 661 sedentes.
629 631 690 660 Ideo
712 631 743 660 in
758 631 835 659 albis
854 630 968 664 sedent,
987 629 1054 666 quia
1075 628 1205 658 nuntiare
1218 636 1265 657 ve-

414 682 513 709 nerant
537 678 712 716 splendorem
741 681 852 707 nostrae
877 676 1075 711 solemnitatis,
1097 676 1201 705 scilicet
1222 683 1267 704 re-

414 727 603 756 surrectionis.
631 725 727 754 Unum
748 726 788 754 acl
809 728 898 762 eaput
919 727 945 753 et
966 724 1083 753 alium²
1104 722 1146 751 ad
1162 722 1265 760 pedes,

416 773 466 802 ubi
483 774 613 810 positum
640 771 743 810 fuerat
770 780 879 809 eorpus
900 771 974 799 Iesu.
1001 769 1153 807 Gregorius
1179 777 1262 806 expo—

414 821 466 855 nit,
488 828 576 858 quare
607 820 646 849 sic
667 820 748 857 positi
780 822 867 848 erant.
895 814 982 852 «lile,
1004 817 1110 854 inquit,
1136 824 1173 845 ex
1204 823 1266 853 pas-

414 868 490 897 sione
511 867 718 896 annuntiandus
740 869 815 900 erat,
837 865 884 902 qui
907 866 981 894 Deus
1002 867 1044 893 est
1071 866 1134 892 ante
1156 862 1267 892 saecula

415 919 442 944 et
463 915 546 943 homo
567 915 596 943 in
623 914 678 943 fine
699 913 888 946 saeculorum
911 911 990 949 quasi
1019 911 1059 940 ud
1080 914 1169 947 eaput
1191 910 1267 939 sedet

415 962 548 999 Angelus,
570 961 637 990 dum
662 968 712 997 per
740 960 900 996 Apostolum
922 959 1050 987 Ioannem
1080 957 1266 994 praedicatur,

416 1008 482 1045 quia
502 1008 533 1036 in
561 1007 711 1044 principio
732 1009 796 1034 erat
824 1005 948 1034 Verbum
969 1008 1038 1038 etc.;
1060 1007 1087 1032 et
1119 1003 1198 1040 quasi
1228 1003 1267 1031 ad

414 1056 512 1092 pedes,
535 1063 598 1083 cum
620 1054 735 1084 dicitur:
763 1052 886 1081 Verbum
902 1060 973 1080 curo
993 1050 1109 1089 suetum
1130 1055 1211 1079 est».
1235 1050 1268 1078 Et

416 1103 455 1131 sio
476 1102 547 1130 faeta
567 1104 609 1130 est
628 1101 652 1130 ei
674 1100 824 1129 consolatio
844 1108 879 1128 esu
900 1100 985 1133 visu;
1007 1100 1096 1128 Lucae
1122 1098 1221 1127 ultimo
1236 1098 1266 1125 8:

421 1161 434 1175 α
449 1149 578 1178 Mulieres
599 1148 735 1186 quaedam
750 1155 786 1176 ex
807 1147 911 1176 nostris
926 1148 1091 1175 terruerunt
1111 1153 1174 1179 nos,
1196 1152 1268 1182 quae

415 1200 478 1226 ante
510 1197 600 1225 lucem
632 1196 747 1224 fuerunt
777 1195 811 1223 ad
842 1197 1069 1228 monumentum,
1094 1196 1122 1223 et
1143 1201 1198 1221 non
1227 1193 1268 1221 in-

416 1247 498 1273 vento
518 1251 635 1280 corpore
656 1243 730 1277 eius,
752 1245 891 1271 venerunt
911 1241 1046 1276 dicentes,
1068 1249 1097 1270 se
1123 1240 1205 1269 etiam
1228 1240 1268 1268 vi-

416 1292 521 1320 sionem
542 1290 708 1328 Angelorum
730 1289 843 1323 vidisse,
865 1289 913 1326 qui
928 1289 1037 1323 dicunt,
1053 1296 1117 1317 eum
1132 1288 1226 1317 vivere
1241 1299 1267 1315 ».

495 1340 541 1367 ⁹2¹1.
565 1338 654 1374 (Vers.
686 1337 752 1373 13.).
775 1337 833 1365 Non
848 1336 938 1365 solum
960 1336 1119 1365 consolatur
1140 1342 1201 1364 eam
1215 1334 1270 1362 Do-

417 1386 509 1415 minus
530 1386 558 1414 in
573 1386 651 1420 visu,
673 1385 721 1414 sed
735 1385 817 1413 etiam
840 1384 867 1412 in
887 1383 982 1421 affatu
997 1383 1177 1420 Angelorum;
1196 1381 1269 1411 unde

417 1433 500 1462 dicit:
523 1433 632 1461 Dicunt
664 1432 690 1461 ei
711 1431 770 1460 illi:
803 1431 919 1465 Mulier,
941 1430 1013 1469 quid
1040 1429 1168 1467 ploras?
1190 1428 1269 1466 quasi

417 1481 524 1510 dicant:
546 1480 601 1509 noli
624 1480 700 1508 flere.
716 1480 774 1508 Non
795 1479 868 1508 enim
883 1481 943 1507 erat
965 1478 1019 1506 iam
1038 1480 1149 1514 tempus
1170 1476 1269 1510 ssetus,

419 1528 466 1557 sed
487 1527 596 1565 gaudii,
624 1526 741 1555 Domino
763 1529 934 1563 resurgente.
964 1525 1016 1554 Sed
1047 1524 1094 1553 illa
1122 1522 1271 1553 consolari

418 1575 533 1609 renuit,
549 1582 660 1603 causam
675 1574 717 1602 sui
739 1573 842 1602 doloris
855 1573 994 1601 recolens:
1019 1572 1097 1607 Quia
1108 1572 1120 1588 4
1141 1571 1271 1600 tulerunt

423 1621 580 1650 Dominum
594 1629 705 1655 meum,
727 1620 755 1648 id
769 1622 810 1648 est
825 1627 940 1656 corpus,
957 1627 1006 1656 per
1023 1618 1213 1655 synecdochen
1229 1617 1269 1646 di-

419 1669 507 1703 citur;
529 1672 554 1696 et
574 1668 688 1702 nescio,
709 1667 761 1695 ubi
781 1669 945 1704 posueruut
977 1674 1051 1694 eum.
1079 1664 1268 1702 Augustinus:

423 1727 436 1740 <t
451 1716 521 1744 Haec
542 1718 601 1744 erat
615 1715 703 1743 maior
724 1722 808 1743 causa
828 1713 944 1747 doloris,
960 1713 1026 1750 quia
1047 1712 1198 1746 nesciebat,
1214 1720 1270 1748 quo

418 1763 470 1791 iret
491 1762 525 1791 ad
546 1762 742 1791 consolandum
765 1761 929 1789 dolorem».
952 1760 1028 1789 Unde
1049 1762 1157 1796 poterat
1177 1759 1270 1787 dicere

418 1809 487 1838 illud
508 1809 642 1838 Psalmi5:
670 1820 683 1833 «
698 1809 798 1837 Renuit
819 1808 954 1837 consolari
975 1807 1067 1836 anima
1088 1814 1175 1835 mea»
1201 1809 1268 1840 etc.;

420 1856 596 1884 Threnorum
617 1855 724 1892 primo:
745 1855 877 1883 «Idcirco
897 1854 996 1883 oculus
1017 1861 1096 1882 meus
1117 1853 1229 1890 plorans
1243 1855 1271 1881 et

419 1902 558 1931 deducens
586 1902 739 1938 lacrymas,
770 1901 836 1939 quia
857 1901 972 1930 recessit
992 1909 1008 1929 a
1039 1908 1083 1929 me
1114 1900 1270 1929 consolator

420 1957 513 1984 meus,
535 1952 647 1978 vertens
668 1949 789 1977 animam
810 1956 900 1977 meam
915 1960 942 1976 n.

1030 177 1201 205 COMMENT.
1225 176 1257 205 ΙΝ
1279 176 1424 204 IOANNEM
1447 176 1475 203 C.
1498 175 1552 203 XX.

1399 255 1445 282 22.
1468 253 1558 289 (Vers.
1587 253 1652 290 lla).
1669 253 1748 282 Haeo
1769 261 1834 282 eum
1850 254 1988 287 dimissu„
2001 254 2048 284 llic
2066 254 2170 285 nolenti
2189 260 2271 304 nodarat

1320 300 1456 329 consolari
1477 300 1510 328 fit
1532 298 1642 328 Clzristi
1661 298 1877 337 manifestatio,-
1898 303 1925 330 et
1946 301 2038 337 primo
2063 309 2092 331 se
2115 308 2172 330 ma·
2227 289 2254 306 ⁸¹⁰¹
2271 307 2296 341 tt

1320 346 1431 375 nisestat
1451 346 1579 375 sensibus
1606 346 1722 381 caruis,
1744 346 1843 376 deinde
1869 348 1974 377 mentis
1988 348 2017 377 ⁶:
2046 348 2174 378 sensibus

1320 393 1468 431 corporis,
1489 393 1570 422 visui
1590 393 1694 423 scilicet
1714 401 1765 430 per
1785 397 1929 431 aspectum
1944 397 1972 424 et
1986 395 2107 424 auditui
2123 402 2173 431 per
2186 387 2279 450 primm*

1321 441 1499 478 colloquium.
1516 458 1553 462 —
1569 441 1683 478 Aspicit
1703 449 1770 478 ergo
1782 441 1882 478 ,primo
1904 442 2011 476 lesum,
2039 441 2113 471 unde
2133 441 2174 471 di·
2189 427 2240 475 9331
2260 456 2272 471 ψ

1322 488 1373 518 cit:
1396 488 1476 517 Haec
1506 496 1572 517 eum
1594 487 1732 522 dimisset,
1761 495 1811 525 per
1843 495 1915 525 quae
1939 488 2116 523 ostendebat,
2144 495 2174 517 se
2221 479 2242 495 ⁸⁰
2260 489 2269 497 '¹

1322 535 1395 564 nolle
1415 534 1567 569 consolari;
1589 543 1731 564 conversa
1751 538 1793 563 est
1813 537 1979 564 retrorsum
1997 538 2024 564 et
2043 535 2117 564 vidit
2132 535 2173 564 Ie-

1322 590 1390 610 sum
1410 584 1543 610 stantem.
1567 581 1628 611 ldeo
1646 589 1788 611 conversa
1809 584 1867 615 est,
1888 581 1955 618 quia
1968 589 2047 611 amor
2067 589 2123 612 non
2137 581 2174 611 si-

1322 629 1406 658 nebat
1426 636 1486 658 eam
1508 629 1622 663 sistere,
1643 628 1729 657 immo
1749 628 1831 657 modo
1849 628 1921 663 huc,
1942 628 2024 658 modo
2044 628 2111 658 illuc
2130 635 2174 657 re-

1323 675 1464 713 spiciebat.
1488 676 1549 710 Vel,
1564 675 1636 705 sicut
1656 675 1723 704 dicit
1737 675 1951 712 Chrysostomus
1962 675 1984 709 ⁷,
2002 686 2016 701 α
2031 675 2174 710 Christus,

1323 723 1436 752 silenter
1458 726 1520 760 post
1540 723 1628 760 ipsam
1643 730 1793 760 apparens,
1814 722 1985 760 obstupescit
2005 722 2133 760 Angelos,
2148 725 2176 752 et

1323 770 1361 798 illi
1384 773 1461 799 motu
1483 773 1510 799 et
1540 770 1619 807 signo
1640 769 1835 804 ostenderunt,
1857 777 1887 799 se
1907 769 2012 807 aliquid
2042 777 2175 806 magnum

1323 816 1440 851 vidisse;
1462 819 1489 845 et
1510 817 1563 846 hoc
1584 817 1730 846 mulierem
1756 816 1893 847 convertit
1913 819 2070 846 retrorsum
2090 827 2118 844 ».
2143 816 2176 844 Et

1322 864 1397 893 vidit
1417 864 1531 898 lesum,
1553 864 1641 893 oculis
1662 864 1803 901 corporis,
1825 872 1880 893 non
1902 863 2008 898 cordis3
2030 863 2118 894 unde:
2141 863 2176 893 Et

1323 911 1482 945 nesciebat,
1504 911 1576 949 quia
1600 911 1679 939 [esus
1700 914 1770 939 esset
1781 910 1801 939 ⁸.

1403 958 1450 987 23.
1466 958 1555 995 (Vers.
1571 958 1637 994 15.).
1654 957 1697 986 Sic
1712 957 1897 987 manifestavit
1912 965 1941 986 se
1956 965 2005 994 per
2019 959 2176 994 aspectum,
2193 965 2271 991 Qunam,

1323 1005 1481 1034 manifestat
1501 1005 1583 1034 etiam
1600 1012 1650 1041 per
1664 1004 1858 1042 colloquium,·
1879 1004 1968 1033 unde:
1991 1004 2070 1033 Dicit
2089 1004 2116 1033 ei
2135 1004 2178 1033 Je-

1323 1060 1390 1080 sus:
1413 1051 1528 1086 Mulier,
1549 1051 1621 1089 quid
1632 1051 1758 1088 ploras?
1779 1050 1859 1088 quasi
1873 1050 1961 1080 dicat:
1981 1050 2035 1080 noli
2057 1051 2176 1088 plorare.

1326 1100 1417 1135 Quem
1443 1098 1584 1137 quaeris?
1613 1098 1692 1127 lllum
1720 1098 1891 1135 quaerebat,
1918 1105 2002 1135 quem
2023 1101 2051 1127 et
2078 1105 2179 1135 sponsa

1325 1146 1501 1175 Canticorum
1519 1145 1600 1174 tertio
1611 1145 1635 1174 ⁹:
1655 1157 1669 1171 α
1681 1146 1709 1174 ln
1725 1145 1827 1174 lectulo
1844 1152 1906 1174 meo
1919 1152 1970 1182 per
1984 1148 2079 1174 noctes
2093 1152 2178 1182 quae-

1325 1193 1376 1222 sivi
1398 1200 1482 1230 quem
1504 1192 1593 1230 diligit
1614 1192 1706 1221 anima
1726 1200 1787 1221 mea
1801 1203 1833 1227 »;
1855 1191 1934 1229 quasi
1948 1191 2036 1221 dicat:
2057 1200 2113 1221 non
2131 1191 2178 1220 de-

1325 1241 1374 1270 bes
1395 1248 1460 1269 eum
1483 1248 1547 1269 cum
1562 1240 1681 1269 mortuis
1702 1247 1854 1277 quaerere,
1876 1239 1942 1276 quia
1966 1250 1980 1264 «
1996 1246 2146 1277 resurgens
2162 1247 2179 1268 a

1325 1287 1445 1316 mortuis
1466 1287 1521 1316 iam
1543 1295 1598 1316 non
1618 1287 1748 1321 moritur,
1769 1292 1846 1316 mors
1867 1286 1906 1316 illi
1921 1286 1996 1316 ultra
2016 1294 2072 1315 non
2091 1285 2179 1316 domi-

1326 1334 1439 1363 nabitur
1454 1346 1482 1368 »,
1513 1334 1548 1363 ad
1580 1335 1717 1363 Romanos
1738 1337 1827 1363 sexto.
1850 1334 1902 1363 Sed
1932 1341 1984 1363 nec
2011 1333 2104 1363 adhuc
2128 1341 2179 1371 per

1326 1382 1496 1419 colloquium
1522 1382 1708 1419 recognoscit;
1730 1381 1804 1411 unde
1824 1381 1906 1410 dicit:
1928 1381 1984 1410 Illa
2002 1381 2179 1416 aestimans,

1326 1429 1404 1467 quod
1416 1429 1439 1446 ¹⁰
1457 1428 1635 1458 hortulanus
1648 1432 1735 1463 esset,
1751 1429 1818 1466 quia
1832 1429 1871 1458 sic
1885 1428 2009 1458 diluculo
2023 1431 2137 1457 venerat
2151 1428 2180 1458 in

1327 1477 1456 1510 hortum;
1479 1476 1550 1505 dicit
1571 1476 1613 1505 ei:
1631 1476 1767 1510 Domine,
1788 1476 1817 1505 si
1830 1479 1861 1505 tu
1882 1475 2031 1505 sustulisti
2050 1484 2133 1510 eum,
2152 1475 2179 1504 id

1326 1527 1368 1553 est
1390 1524 1487 1553 lesum.
1510 1524 1568 1552 Non
1583 1523 1687 1552 fecerat
1706 1523 1875 1552 mentionem
1890 1523 1924 1552 de
1945 1523 2007 1552 lesu
2027 1523 2092 1560 ipsi,
2114 1530 2179 1552 cum

1326 1579 1383 1608 quo
1404 1570 1585 1608 loquebatur,
1607 1573 1635 1599 et
1656 1573 1765 1599 tantum
1787 1570 1895 1599 dicebat
1908 1578 1990 1604 eum;
2011 1569 2092 1607 quia,
2107 1569 2180 1599 sicut

1326 1618 1392 1646 dicit
1423 1617 1573 1654 Gregorius
1585 1618 1625 1652 ¹¹,
1652 1628 1665 1642 «
1681 1617 1733 1646 hoc
1761 1625 1844 1655 agere
1865 1617 1934 1646 solet
1954 1617 1982 1645 in
2013 1617 2106 1646 animo
2137 1617 2180 1646 vis

1326 1665 1444 1698 amoris,
1466 1667 1498 1693 ut
1519 1672 1603 1701 quem
1624 1664 1670 1693 ille
1691 1672 1801 1701 semper
1823 1664 1939 1701 cogitat,
1961 1663 2070 1692 nullum
2092 1664 2178 1693 alium

1327 1712 1456 1748 ignorare
1478 1711 1572 1740 credat
1587 1723 1613 1739 ».
1631 1711 1724 1739 Dicito
1740 1710 1814 1740 mihi
1820 1734 1829 1745 ,
1845 1710 1898 1739 ubi·
1912 1710 2041 1748 posuisti
2060 1719 2127 1740 eum
2139 1711 2179 1745 ¹2,-

1326 1762 1352 1786 et
1373 1766 1423 1795 eqo
1444 1767 1511 1786 eum
1542 1758 1650 1786 tollam.
1672 1758 1730 1787 Non
1752 1758 1776 1786 ei
1805 1757 1961 1787 sufficiebat
1988 1757 2098 1792 videre,
2126 1757 2178 1786 nisi

1326 1813 1391 1834 eum
1423 1805 1547 1839 tolleret,
1579 1805 1735 1834 secundum
1765 1805 1834 1834 illud
1868 1804 2045 1834 Canticorum
2077 1804 2178 1834 tertio:

1332 1865 1343 1878 ι.
1360 1853 1446 1881 Tenui
1469 1860 1534 1882 eum
1555 1860 1606 1881 nec
1626 1852 1777 1887 dimittam,
1799 1852 1886 1881 donec
1906 1852 2081 1881 introducam
2099 1852 2179 1881 illum

1327 1900 1355 1928 in
1376 1900 1489 1928 domum
1518 1900 1616 1929 matris
1643 1908 1720 1928 meae
1741 1902 1768 1928 et
1795 1899 1823 1928 in
1844 1899 2006 1929 cubiculum
2037 1893 2179 1937 genitricis

1326 1955 1403 1976 meae
1415 1958 1447 1982 »;
1470 1947 1530 1976 ideo
1551 1947 1649 1976 tollere
1664 1947 1781 1976 volebat.

480 2191 489 2204 ¹
507 2193 574 2215 Vers.
591 2193 628 2215 29.
646 2205 677 2209 —
694 2192 735 2215 Ed.
752 2191 880 2215 lnclinavit
906 2198 943 2219 se,
961 2191 1019 2221 quia
1036 2191 1124 2214 ostium
1141 2191 1202 2214 illud
1218 2193 1272 2215 erat

419 2232 516 2256 humile.
534 2231 659 2255 inelinavit
675 2238 700 2255 se
716 2238 758 2261 per
776 2231 950 2260 humilitatem,·
966 2230 1007 2254 lob
1023 2234 1067 2254 ete.
1084 2232 1181 2254 Econtra
1199 2230 1215 2254 C
1226 2232 1242 2253 Ε
1252 2231 1268 2253 N

419 2272 526 2294 omittunt
543 2271 669 2295 [reclinavit
684 2277 733 2294 se...
751 2271 799 2301 ipse
815 2270 957 2294 salvabitur.

481 2309 490 2323 ²
508 2311 607 2339 Vulgata
633 2316 718 2333 uuum.
736 2323 767 2327 —
785 2311 900 2333 Sententia
924 2310 1031 2338 Gregorii
1053 2309 1105 2339 [cfr.
1123 2310 1229 2338 August„
1247 2310 1269 2332 111

419 2351 480 2373 loan.
498 2351 586 2378 Evang.
605 2354 632 2373 tr.
651 2350 702 2372 121.
720 2357 742 2372 11.
762 2349 792 2379 1.]
816 2349 915 2374 habetur
937 2350 961 2372 ll.
983 2349 1066 2372 Homil.
1086 2350 1108 2371 in
1126 2350 1213 2377 Evang.
1232 2350 1269 2371 lio-

421 2390 466 2412 mil.
485 2390 522 2412 25.
540 2396 563 2412 n.
582 2391 611 2418 33
628 2390 650 2412 in
669 2390 718 2418 ipsa
735 2390 846 2418 allegatur
863 2390 924 2412 loan.
944 2390 964 2417 1,
984 2390 1005 2412 1.
1022 2392 1045 2411 et
1062 2389 1103 2416 lt,
1121 2394 1148 2411 ex
1171 2395 1216 2418 qua
1241 2389 1270 2410 al-

420 2429 534 2457 legatione
551 2432 573 2452 et
590 2436 616 2452 ex
633 2433 694 2452 textu
717 2429 823 2457 originali
849 2429 925 2451 minu-s
950 2428 1077 2457 probabilis
1093 2428 1185 2451 videtur
1203 2429 1268 2451 lectio

420 2468 489 2491 codd.
515 2471 537 2491 et
562 2469 659 2491 Gorrani
686 2470 717 2496 (et
734 2470 756 2491 S.
775 2469 892 2497 Thornae,
909 2469 932 2491 in
954 2468 1040 2491 Catena
1065 2473 1134 2490 aurea
1159 2467 1182 2489 in
1208 2468 1268 2489 loon.

421 2514 441 2530 c.
459 2508 496 2530 20.
514 2514 538 2530 n.
557 2509 601 2537 2.),
619 2509 641 2530 111
658 2515 706 2537 qua
722 2515 764 2536 pro
778 2514 823 2538 per
835 2507 976 2537 Apostolum
992 2508 1106 2530 loannem
1123 2506 1268 2529 substituitur

418 2552 462 2576 per
479 2547 612 2576 Apostolos.
630 2547 686 2570 lbid.
704 2548 783 2570 homil.
801 2548 837 2570 21.
856 2554 877 2570 11.
895 2548 924 2569 2:
940 2546 983 2575 Qui
1001 2545 1127 2576 [Angelus]
1144 2546 1200 2568 stola
1218 2551 1268 2567 can-

422 2586 475 2608 dida
494 2590 616 2614 coopertus
633 2587 752 2615 apparuit,
770 2587 824 2615 quia
843 2586 969 2609 festivitatis
991 2589 1082 2608 nostrae
1106 2586 1190 2613 gaudia
1213 2591 1268 2607 nun-

422 2625 492 2647 tiavit.
511 2625 602 2648 Candor
627 2626 712 2648 etenim
735 2626 805 2648 vestis
822 2625 971 2654 splendorem
989 2628 1079 2647 nostrae
1095 2624 1215 2647 denuntiat
1232 2630 1268 2646 so-

421 2665 552 2687 lemnitatis.
566 2665 659 2687 Nostrae
676 2665 794 2692 dicamus,
812 2671 841 2687 an
857 2666 929 2688 suae?
942 2665 987 2687 Sed
1005 2667 1030 2687 ut
1047 2665 1159 2686 fateamur
1176 2663 1267 2690 verius,

422 2707 443 2726 et
461 2710 516 2727 suae
533 2705 638 2727 dicamus
655 2708 677 2727 et
693 2708 791 2728 nostrae.
811 2706 846 2727 llla
863 2705 952 2734 quippe
968 2704 1131 2732 Redemptoris
1147 2703 1219 2725 nostri
1236 2708 1268 2724 re-

422 2744 533 2766 surrectio
551 2746 573 2766 et
589 2747 666 2766 nostra
685 2744 795 2767 festivitas
812 2744 865 2771 fuit,
883 2744 936 2773 quia
956 2750 999 2766 nos
1021 2743 1050 2766 ad
1073 2742 1268 2765 immortalitatem

422 2783 526 2810 reduxit3
544 2786 566 2805 et
586 2783 726 2811 Angelorum
752 2783 862 2806 festivitas
886 2783 981 2810 exstitit,
997 2782 1051 2812 quia
1074 2788 1115 2805 nos
1137 2781 1268 2804 revocando

422 2822 452 2844 ad
469 2822 574 2844 caelestia
592 2828 674 2844 eorum
691 2829 814 2845 numerum
833 2823 937 2850 implevit
954 2825 997 2845 etc.

485 2859 495 2872 ⁵
512 2861 579 2883 Vers.
596 2862 633 2883 22.
654 2864 676 2884 et
698 2862 741 2889 23,
758 2868 817 2891 quos
842 2863 910 2885 codd.
932 2869 980 2885 non
1003 2862 1092 2890 integre
1116 2862 1220 2883 afferunt.
1238 2873 1268 2876 —

422 2898 468 2922 Csr.
486 2900 542 2922 infra
560 2907 583 2923 n.
601 2901 638 2923 31.
656 2904 678 2923 et
695 2902 733 2923 32.

484 2938 495 2951 ⁴
512 2939 624 2967 Vulgata,
636 2946 707 2968 quarn
719 2941 823 2969 sequitur
835 2941 879 2969 ed,
896 2940 957 2964 Dicit
968 2940 1014 2964 eis:
1029 2940 1097 2968 Quia.
1109 2953 1141 2957 —
1152 2940 1269 2963 Sententia

423 2979 519 3006 August.
537 2979 635 3002 habetur
653 2980 674 3002 in
691 2981 751 3003 loan.
768 2981 857 3008 Evang.
869 2983 896 3003 tr.
912 2981 961 3003 121.
979 2987 1001 3002 n.
1021 2981 1040 3007 1,
1058 2979 1099 3003 ubi
1115 2980 1184 3002 etiam
1202 2979 1269 3002 dicit:

1311 2621 1402 2649 dicut:
1420 2625 1471 2648 noli
1482 2625 1590 2655 plorare.
1611 2625 1685 2653 Quem
1703 2625 1817 2655 quoeris?

1328 2191 1391 2220 Quia
1408 2192 1527 2220 tulerunt,
1548 2192 1634 2221 inquit,
1655 2191 1783 2215 Dominum
1799 2198 1887 2215 meum.
1903 2191 2029 2215 Dominum
2051 2197 2121 2214 suum
2139 2192 2178 2214 vo'

1327 2237 1382 2254 cans
1407 2237 1495 2261 corpus
1520 2232 1625 2254 exanime
1650 2232 1740 2255 Domini
1765 2232 1814 2259 sui,
1832 2238 1845 2254 a
1867 2234 1914 2254 toto
1937 2234 2027 2260 partem
2044 2231 2178 2259 significans

1327 2270 1357 2300 [i.
1376 2277 1396 2293 e.
1413 2277 1455 2299 per
1472 2271 1650 2299 ‚synecdochem
1668 2272 1707 2293 cfr.
1725 2277 1796 2299 supra
1814 2277 1868 2299 pag.
1887 2270 1944 2299 405,
1961 2273 2017 2293 nota
2034 2270 2077 2300 8.].

1390 2309 1399 2322 ⁶
1417 2311 1500 2333 Psalm.
1517 2310 1560 2339 76,
1579 2311 1601 2333 3.
1618 2323 1648 2327 -
1666 2310 1770 2333 Subinde
1787 2310 1898 2339 allegatur
1915 2311 2001 2333 Thi-en.
2018 2311 2039 2339 17
2057 2310 2094 2332 16.

1389 2348 1399 2361 ⁶
1417 2350 1456 2373 Ed.
1479 2349 1561 2373 deinde
1584 2350 1668 2373 mentis
1692 2349 1814 2373 sensibus:
1840 2349 1888 2373 sive
1909 2349 1991 2379 primo
2013 2348 2122 2380 corporis
2144 2348 2178 2372 vi-

1326 2395 1365 2412 sui
1381 2392 1425 2412 etc.

1388 2427 1397 2440 ⁷
1416 2430 1439 2451 ln
1457 2429 1516 2452 loan.
1534 2429 1613 2451 homil.
1631 2430 1667 2451 86.
1686 2429 1751 2457 (alias
1774 2428 1821 2458 85.)
1839 2435 1862 2451 11.
1879 2429 1902 2451 1.
1918 2428 1963 2451 Csr.
1981 2428 2038 2451 intra
2060 2434 2083 2451 n.
2100 2428 2139 2451 30.
2155 2430 2178 2451 et

1326 2469 1364 2491 33.
1381 2481 1412 2485 —
1429 2469 1472 2491 l‘ro
1493 2468 1545 2496 Vel,
1563 2468 1625 2491 sicut
1641 2468 1705 2491 multi
1723 2468 1791 2490 codd.
1808 2470 1831 2490 et
1847 2468 1966 2490 Gorranus
1983 2466 2049 2491 Unde
2065 2467 2135 2491 sicut.

1390 2506 1399 2519 Β
1418 2508 1515 2536 Vulgata
1541 2507 1571 2531 Et
1596 2507 1652 2531 vidit
1669 2508 1747 2530 lesum
1763 2508 1879 2536 stantem,
1896 2508 1918 2531 et
1933 2513 1983 2531 nou
2000 2506 2100 2536 sciebat,
2118 2506 2177 2537 quia

1325 2548 1392 2570 Iesus
1408 2548 1451 2570 est.

1389 2585 1398 2598 ⁹
1417 2587 1482 2609 Vers.
1503 2587 1522 2608 1.
1538 2598 1570 2603 —-
1587 2586 1695 2615 Sequitur
1712 2587 1779 2609 Rom.
1798 2587 1825 2614 6,
1851 2587 1873 2609 9.
1889 2598 1920 2603 -
1937 2586 1978 2609 Ed.
1997 2586 2083 2609 omittit
2106 2585 2178 2616 quasi

1389 2664 1408 2677 ¹⁰
1426 2665 1525 2693 Vulgata
1543 2664 1589 2688 Illa
1605 2664 1758 2693 emistimaus,
1776 2664 1840 2695 quia.

1389 2704 1407 2716 ¹¹
1426 2704 1487 2727 Libr.
1505 2705 1529 2727 ll.
1547 2704 1629 2727 Homil.
1649 2704 1670 2726 in
1688 2705 1776 2732 Evang.
1794 2704 1874 2727 homil.
1891 2704 1928 2727 25.
1946 2711 1967 2727 n.
1986 2705 2007 2727 5.

1388 2742 1408 2755 ¹²
1425 2742 1498 2766 Codd.
1521 2743 1596 2767 Dicito
1613 2743 1684 2771 mihi,
1701 2743 1724 2766 si
1739 2745 1764 2766 tu
1781 2742 1906 2766 sustulisti.
1918 2755 1950 2760 —
1964 2743 2072 2772 Sequitur
2088 2742 2176 2766 Cantic.

1326 2783 1353 2810 3,
1372 2783 1394 2805 4.
1410 2782 1536 2811 Chrysost.,
1553 2783 1575 2805 in
1598 2784 1659 2806 loan.
1677 2784 1756 2806 homil.
1773 2784 1811 2805 86.
1834 2782 1898 2812 (alias
1921 2782 1968 2812 85.)
1990 2789 2014 2805 n.
2032 2783 2056 2805 t:
2073 2783 2174 2805 Rursum

1326 2823 1381 2845 dicit
1405 2822 1520 2851 positum,
1538 2822 1667 2851 sublatum,
1685 2829 1712 2845 ac
1736 2823 1755 2846 si
1782 2826 1888 2845 mortuus
1912 2824 1979 2845 esset.
1997 2822 2045 2845 Hoc
2061 2828 2131 2850 porro
2148 2821 2176 2844 si-

1326 2862 1434 2890 gnificat:
1452 2862 1475 2884 Si
1493 2864 1587 2890 propter
1604 2862 1742 2885 ludaeorum
1766 2863 1872 2884 timorem
1891 2862 1944 2884 hinc
1959 2860 2090 2885 sustulistis
2107 2867 2174 2889 eum,

1326 2900 1395 2923 dicito
1413 2900 1484 2929 mihi,
1501 2902 1523 2924 et
1539 2907 1581 2930 eye
1599 2907 1653 2924 eum
1670 2901 1761 2925 tollam..
1778 2902 1859 2929 Magna
1885 2900 2057 2928 benevolentia,
2075 2906 2175 2928 magnus

1326 2946 1392 2962 amor
1418 2940 1535 2967 mulieris;
1552 2941 1593 2963 sed
1617 2941 1673 2963 nibil
1698 2940 1798 2963 sublime
1822 2940 1889 2969 sapit.
1907 2940 1960 2963 ldeo
1982 2940 2029 2962 iam
2046 2945 2092 2962 uon
2108 2939 2174 2966 visu,

1326 2979 1368 3002 sed
1385 2985 1443 3002 voce
1459 2985 1484 3002 se
1501 2982 1581 3002 notum
1600 2980 1643 3008 ipsi
1663 2980 1721 3003 facit.
