2296 3316
326 740 382 763 Resp.

326 1206 383 1230 Resp.

265 1862 323 1886 Resp.
336 1867 379 1881 cum

258 1885 385 1905 distinctione.

400 144 456 172 386

400 223 447 250 tur
468 221 556 249 Lucae
583 222 679 248 sexto:
706 231 719 245 «
740 220 896 248 Mensuram
918 219 1019 247 bonam
1047 220 1075 247 et
1095 218 1246 247 confertam

400 270 427 296 et
447 266 608 303 coagitatam
639 269 666 295 et
694 265 938 302 supereffluentem
969 265 1075 294 dabunt
1100 265 1127 294 in
1155 265 1246 294 sinum

401 315 525 342 vestrum
540 324 566 340 ι).

720 405 920 441 Quaem-ionas.

481 499 523 528 13.
547 499 656 535 Quaest.
680 499 697 526 Ι.
720 498 771 527 Sed
792 498 938 535 quaeritur
957 498 1002 527 hic
1023 498 1113 535 primo
1134 498 1167 527 de
1182 499 1247 533 hoc,

399 546 474 583 quod
494 545 629 574 Dominus
649 553 678 574 se
700 548 843 582 comparat
864 545 908 574 hic
929 545 1018 580 ostio,
1046 545 1113 582 quia
1140 553 1226 582 supra
1239 547 1247 562 ¹

400 601 429 622 se
449 592 619 630 comparavit
637 592 777 625 ostiario,-
792 592 930 629 quomodo
950 592 1023 621 idem
1038 595 1079 621 est
1100 592 1207 620 ostium
1221 596 1248 621 et

400 639 541 668 ostiarius
562 642 589 667 et
608 638 736 676 pastor?

479 686 656 714 Resposnsso:
672 685 841 719 Dicendum,
860 685 947 722 quod,
969 685 1041 714 sicut
1055 685 1157 714 dicitur
1178 684 1249 712 infra

399 733 505 762 decimo
525 735 626 770 quarto
641 733 661 766 ³,
683 732 811 761 Christus
839 735 880 761 est
900 733 967 766 via,
988 732 1097 760 veritas
1125 736 1149 760 et
1170 732 1247 760 vita.-

400 780 465 817 quia
486 779 535 808 via
559 779 593 807 ad
614 779 737 812 Patrem,
766 778 826 807 ideo
847 779 972 812 ostium5
994 779 1060 815 quia
1087 787 1153 807 vero
1174 778 1249 806 veri*

400 831 463 861 tas,
485 834 556 863 quae
583 826 662 855 docet
687 826 773 859 viam,
802 825 863 854 ideo
890 825 1051 858 ostiarius;
1076 825 1142 862 quia
1169 826 1248 859 vita,

399 873 461 902 ideo
478 877 599 910 pastor,
621 873 669 910 qui
691 873 778 909 pascit
798 876 825 901 et
846 875 991 901 conservat
1012 872 1096 901 vitam
1109 872 1129 900 ⁸.

481 920 524 949 14.
548 920 657 956 Quaest.
673 920 702 948 il.
719 920 785 948 Item
799 919 945 956 quaeritur
959 919 993 948 de
1008 919 1060 948 hoe
1080 919 1155 956 quod
1170 919 1247 948 dicit:

402 968 544 1005 Quotquot
564 969 720 999 venerunt,
740 964 825 1002 fures
844 968 922 993 sunt.

479 1013 607 1042 CONTRA:
629 1013 772 1041 Venerunt
793 1012 944 1048 Prophetae
965 1014 993 1041 et
1020 1012 1195 1041 Patriarcliae
1222 1014 1250 1041 et

400 1061 513 1089 loannes
528 1059 659 1096 Baptista:
681 1067 747 1095 ergo
761 1058 914 1087 secundum
930 1059 982 1087 hoc
997 1066 1093 1087 omnes
1115 1058 1177 1086 mali
1190 1081 1195 1092 ‚
1218 1061 1250 1086 ut

401 1107 496 1135 dicunt
517 1106 647 1135 haeretici
662 1106 682 1134 ¹¹.

480 1152 669 1189 Respondetur
690 1152 725 1181 ad
753 1152 821 1186 hoc,
843 1156 874 1181 ut
896 1152 943 1181 siat
968 1152 1010 1180 vis
1041 1152 1068 1180 in
1097 1152 1148 1180 hoc
1176 1152 1249 1189 quod

400 1200 501 1229 dicitur
528 1203 683 1233 venerunt,
712 1199 815 1228 scilicet
844 1199 956 1236 propria
983 1199 1163 1233 auctoritate,
1196 1207 1249 1227 non

400 1247 505 1281 divina,
526 1246 598 1275 sicut
626 1246 899 1283 pseudoprophetae,
925 1246 958 1275 de
989 1246 1092 1283 quibus
1121 1245 1251 1274 Ieremiae

401 1294 532 1331 vigesimo
554 1293 672 1322 tertio⁵x
695 1293 760 1321 Non
780 1293 926 1322 mittebam
948 1302 1010 1326 (eos,
1032 1297 1056 1321 et
1071 1293 1129 1330 ipsi
1149 1301 1251 1321 curre-

402 1340 488 1374 bant,·
510 1340 574 1369 boni
601 1343 695 1369 autem
720 1348 774 1368 non
802 1344 958 1373 venerunt,
987 1340 1034 1368 sed
1062 1340 1147 1368 missi
1172 1343 1249 1367 sunt.

402 1387 477 1416 Unde
498 1387 683 1424 Augustinus:
703 1387 786 1415 «Non
807 1390 917 1423 praeter
932 1387 1009 1415 illum
1032 1389 1182 1420 venerunt,
1204 1386 1251 1415 sed

402 1443 466 1463 cum
489 1434 535 1463 illo
555 1437 733 1463 venerunt».
757 1434 815 1471 lpse
836 1434 909 1462 enim
934 1437 975 1462 est
996 1434 1113 1467 veritas;
1136 1436 1162 1461 et
1191 1433 1251 1461 ideo

403 1488 466 1509 cum
495 1480 541 1509 illo
569 1483 721 1514 venerunt,
742 1480 912 1517 quicumque
941 1480 1084 1508 veritatem
1111 1479 1251 1516 praedica-

403 1531 513 1556 verunt.

485 1575 527 1602 15.
550 1574 659 1610 Quaest.
683 1573 721 1601 111.
741 1574 806 1602 item
828 1573 974 1610 quaeritur
994 1573 1028 1601 de
1050 1573 1102 1601 hoc
1116 1572 1190 1610 quod
1211 1572 1251 1601 di-

403 1621 455 1655 cit,
477 1621 551 1658 quod
572 1621 734 1658 egredietur
754 1624 779 1648 et
796 1629 913 1657 pascua
935 1620 1065 1648 inveniet.

481 1668 609 1696 CONTRA:
632 1666 738 1695 Nullus
758 1667 872 1695 mittens
899 1675 1022 1695 manum
1043 1666 1083 1694 ad
1111 1670 1251 1694 aratrum

403 1714 480 1743 debet
501 1718 581 1742 retro
599 1714 729 1751 aspicere
743 1713 771 1742 ⁶:
792 1722 858 1750 ergo
879 1714 974 1742 nullus
994 1713 1152 1750 ingrediens
1174 1721 1252 1750 egre-

403 1761 503 1790 dictur.

482 1809 661 1837 Respounsso:
681 1808 848 1842 Dicendum,
873 1808 947 1844 quod
971 1807 1076 1844 duplex
1098 1810 1139 1836 est
1160 1815 1252 1844 egres-

403 1863 466 1884 sus:
488 1863 562 1883 unus
583 1855 754 1883 contrarius
769 1855 933 1892 inyresszti,
948 1857 976 1883 et
996 1854 1047 1883 iste
1062 1857 1104 1882 est
1124 1861 1253 1891 egressus

402 1902 436 1931 de
459 1901 577 1930 Ecclesia
604 1909 654 1938 per
674 1901 880 1935 infidelitatem;
902 1904 930 1929 et
957 1901 991 1930 de
1013 1901 1065 1929 hoc
1089 1900 1197 1934 obiicit,
1226 1903 1253 1929 et

402 1949 436 1978 de
457 1949 509 1978 hoc
523 1949 589 1977 dicit
609 1948 778 1986 Augustinus
790 1948 816 1976 ⁷:
836 1948 967 1985 «ingredi
990 1948 1017 1976 in
1040 1948 1186 1977 Ecclesiam
1205 1948 1252 1976 bo-

1027 140 1197 169 COMMENT.
1220 140 1252 169 IN
1274 140 1419 170 IOANNEM
1441 141 1468 170 C.
1492 142 1521 170 X.

1303 227 1370 247 num
1392 221 1449 253 est,
1470 219 1518 248 sed
1538 219 1631 256 egredi
1654 219 1802 256 pessimum
1819 230 1849 253 »3
1871 223 1898 248 et
1918 220 1952 250 de
1973 221 2025 250 hoc
2046 222 2151 259 primae

1303 266 1410 294 Ioannis
1431 266 1566 295 secundo:
1591 267 1635 294 Ex
1655 265 1737 294 nobis
1763 266 1915 300 exierunt,
1935 267 1986 295 sed
2006 276 2041 296 ex
2068 269 2151 298 nobis

1302 321 1362 341 non
1381 316 1474 341 erant.
1491 313 1565 342 Alius
1585 316 1626 342 est
1641 321 1660 342 α
1681 312 1917 350 contemplatione
1931 314 1972 342 ad
1991 315 2151 349 actionem,-

1303 361 1331 388 et
1351 359 1402 388 iste
1423 368 1477 388 non
1498 363 1540 389 est
1561 359 1784 394 retrocessionis,
1806 359 1854 388 sed
1873 360 2089 390 exercitationis.
2112 362 2150 391 De

1305 406 1356 434 hoc
1378 406 1404 434 in
1427 406 1547 435 Psalmo:
1574 418 1587 431 «ε
1604 406 1695 434 Exibit
1716 406 1799 434 homo
1819 406 1853 434 ad
1874 414 1944 443 opus
1965 414 2049 436 suum
2070 410 2097 436 et
2118 407 2152 436 ad

1304 452 1490 488 operationem
1513 461 1590 481 suam
1614 461 1703 490 usque
1723 452 1758 481 ad
1778 460 1964 489 vesperam».

1386 500 1429 528 16.
1454 501 1512 537 Eyo
1533 508 1600 528 sum
1619 504 1723 537 pastor
1745 499 1844 528 bonuS.
1866 499 1992 529 Ostendit
2013 508 2042 530 se
2060 501 2151 530 Domi-

1305 553 1358 574 nus
1378 546 1481 574 bonum
1504 549 1642 582 pastorem
1657 546 1747 583 quoad
1769 545 1832 574 boni
1847 546 1965 583 pastoris
1983 547 2152 584 ingressum,

1305 592 1350 621 hic
1370 592 1489 621 ostendit
1510 593 1630 621 secundo
1648 593 1746 630 quoad
1768 592 1835 621 boni
1849 593 1980 630 pastoris
2000 592 2152 631 affectum;

1304 641 1331 666 et
1352 638 1404 667 hoc
1425 638 1537 675 quidem
1559 638 1622 667 facit
1644 647 1693 675 per
1715 639 1790 667 hunc
1812 638 1934 667 modum.
1950 639 2041 667 Primo
2061 642 2152 668 osten-

1304 684 1380 713 ditur
1401 684 1502 713 Christi
1524 684 1558 713 ad
1579 693 1644 714 suas
1664 693 1730 714 oves
1754 685 1906 719 amicitiai,-
1926 685 2065 720 secundo,
2087 684 2152 714 dili-

1303 731 1416 768 9entia,·
1442 732 1538 766 tertio,
1567 732 1771 769 providentia,-
1791 735 1910 770 quarto,
1933 732 2153 770 mzmilz'centia;

1305 778 1415 815 quinto,
1437 787 1473 807 ex
1495 779 1547 807 hoc
1570 779 1750 808 ludaeorum
1770 780 1929 809 discordia.

1384 825 1472 861 (Vers.
1498 826 1563 861 tr).
1587 826 1677 854 Primo
1707 834 1774 863 ergo
1801 826 1957 856 ostenditur
1987 826 2087 856 Christi
2119 826 2151 855 ad

1304 879 1370 900 oves
1385 880 1451 900 vera
1471 872 1605 900 amicitia
1620 872 1647 900 in
1669 873 1874 909 comparatione
1886 873 1920 901 ad
1941 881 2063 902 amorem
2080 881 2154 902 mer-

1305 919 1496 953 cenariorum,
1518 919 1566 955 qui
1588 927 1642 947 non
1667 922 1709 947 est
1729 927 1807 947 amor
1831 927 1924 948 verus.
1946 920 2094 956 Propterea
2113 919 2155 948 di-

1305 965 1356 993 cit:
1380 966 1439 1002 Ego
1460 973 1526 993 sum
1545 969 1650 1002 pastor
1675 965 1783 999 bonus,
1805 968 1833 994 et
1853 966 1906 994 hoc
1928 969 2079 1000 monstrat;
2108 966 2154 995 bo-

1305 1020 1362 1040 nus
1380 1015 1485 1048 pastor
1507 1012 1640 1040 animam
1654 1020 1742 1040 suam
1763 1012 1815 1040 dat
1832 1020 1889 1049 pro
1904 1012 2005 1041 ouibus
2025 1012 2103 1047 suis,
2118 1020 2154 1041 ex

1306 1058 1461 1088 vehementi
1490 1058 1651 1093 dilectione,
1672 1067 1756 1095 quam
1786 1059 1869 1087 habet
1890 1059 1964 1087 circa
1991 1066 2052 1093 eas;
2081 1059 2154 1088 unde

1306 1106 1364 1142 ipse
1385 1105 1458 1134 dixit
1479 1105 1550 1134 infra
1570 1105 1677 1134 decimo
1690 1105 1826 1142 quinto⁸z
1852 1116 1866 1130 «τ
1881 1105 2012 1134 Maiorem
2033 1104 2155 1134 dilectio-

1306 1160 1369 1180 nem
1391 1160 1471 1180 nemo
1493 1151 1590 1185 habet,
1613 1155 1644 1180 ut
1664 1151 1783 1180 animam
1806 1159 1884 1180 suam
1907 1153 1990 1188 ponat
2017 1151 2081 1188 quis
2104 1159 2156 1188 pro

1306 1199 1401 1228 amicis
1422 1199 1480 1228 suis
1501 1211 1527 1227 ».
1553 1199 1626 1227 Talis
1654 1201 1747 1235 pastor
1775 1201 1834 1227 erat
1860 1198 1977 1232 Paulus,
2005 1198 2054 1235 qui
2082 1198 2155 1227 dice-

1307 1245 1353 1274 bat
1375 1245 1510 1274 secundae
1532 1245 1565 1273 ad
1590 1245 1747 1273 Corinthios
1773 1244 1956 1273 duodecimo:
1990 1256 2003 1270 «
2023 1244 2156 1273 Libentis-

1307 1293 1375 1321 sime
1396 1292 1552 1329 impendam
1574 1295 1601 1321 et
1629 1292 1859 1329 superimpendar
1888 1292 1946 1329 ipse
1972 1300 2023 1328 pro
2050 1291 2155 1320 anima—

1307 1340 1360 1369 bus
1388 1340 1487 1368 vestris
1506 1352 1531 1367 ».
1554 1340 1611 1367 Non
1641 1339 1679 1368 sic
1707 1339 1912 1374 mercenarius3
1941 1341 2055 1376 propter
2082 1339 2156 1376 quod

1307 1386 1372 1415 dir-it
1385 1397 1390 1414 :

1389 1434 1431 1461 17.
1455 1433 1543 1468 (Vers.
1566 1434 1631 1468 12).
1654 1433 1853 1461 Mercenarius
1868 1437 1965 1462 autem
1986 1436 2012 1462 et
2032 1433 2084 1471 qui
2099 1441 2157 1461 non

1307 1483 1347 1508 est
1365 1483 1479 1516 pastor,
1501 1479 1587 1507 euius
1607 1488 1666 1507 tion
1686 1482 1755 1507 sunt
1776 1488 1840 1508 oves
1852 1479 2009 1517 propriae,
2031 1479 2098 1516 quia
2111 1487 2157 1508 eas

1308 1534 1362 1555 non
1383 1529 1470 1560 amat,
1492 1526 1539 1554 sed
1560 1526 1684 1558 lucrum,
1706 1534 1757 1562 pro
1772 1534 1828 1563 quo
1849 1526 1942 1555 servit.
1964 1527 2003 1555 De
2019 1527 2071 1555 hoc
2091 1526 2158 1555 Gre-

1307 1573 1403 1610 gorius
1414 1572 1438 1601 ⁰:
1465 1584 1478 1597 «
1490 1572 1676 1601 Mercenarius
1690 1575 1744 1607 est,
1766 1572 1814 1609 qui
1831 1573 1921 1601 locum
1940 1573 2051 1609 quidem
2066 1577 2158 1610 pasto-

1308 1620 1347 1649 ris
1368 1622 1455 1653 tenet,
1477 1619 1524 1649 sed
1546 1619 1624 1648 lucra
1644 1619 1801 1649 animarum
1815 1627 1869 1647 non
1892 1619 2017 1656 quaerit,
2039 1620 2158 1649 terrenis

1308 1667 1458 1696 commodis
1488 1666 1591 1700 inhiat,
1624 1666 1729 1694 honore
1760 1665 1936 1702 praelationis
1966 1665 2082 1702 gaudet,
2107 1666 2158 1695 im—

1308 1721 1393 1751 pensa
1414 1713 1464 1742 sibi
1495 1713 1530 1741 ab
1552 1713 1711 1742 hominibus
1742 1712 1898 1742 reverentia
1929 1712 2047 1741 laetatur
2065 1723 2096 1747 »ς
2124 1713 2158 1742 de

1307 1768 1364 1797 quo
1386 1762 1475 1797 potest
1495 1759 1547 1788 dici
1577 1759 1645 1788 illud
1676 1759 1804 1788 Matthaei
1832 1761 1928 1788 sexto:
1953 1770 1968 1785 α
1988 1759 2073 1788 Amen
2097 1758 2158 1788 dico

1310 1807 1401 1841 vobis,
1423 1809 1591 1844 receperunt
1611 1806 1767 1835 mercedem
1789 1814 1868 1835 suam
1883 1818 1909 1834 ».
1931 1805 1978 1835 Hic
1993 1805 2096 1835 scilicet
2115 1805 2158 1834 vi-

1308 1854 1354 1882 det
1375 1853 1478 1890 lupum
1498 1853 1654 1882 venientem
1668 1856 1693 1881 et
1714 1853 1832 1881 dimittit
1853 1861 1917 1881 oves
1931 1856 1957 1882 et
1976 1852 2071 1891 fugit,
2093 1852 2158 1890 quia

1309 1900 1407 1937 lupum
1438 1900 1516 1929 timet
1537 1902 1564 1929 et
1594 1908 1659 1929 oves
1690 1908 1745 1928 non
1765 1902 1846 1928 amat.
1873 1900 2011 1937 «Lupus,
2040 1902 2072 1928 ut
2092 1899 2158 1928 dicit

1308 1947 1458 1984 Gregorius
1470 1947 1501 1981 ¹⁰,
1523 1955 1607 1984 super
1622 1954 1687 1975 oves
1702 1946 1790 1981 venit,
1812 1954 1876 1975 cum
1898 1947 2015 1984 quilibet
2036 1946 2157 1975 iniustus

467 2142 474 2154 ¹
493 2143 558 2164 Vers.
577 2142 599 2164 3.

466 2180 475 2193 ²
493 2181 558 2204 Vers.
576 2181 604 2209 ὃ,
620 2180 686 2203 cuius
702 2180 877 2209 explicationem
894 2180 948 2203 vide
966 2180 1032 2202 infra.

466 2218 475 2232 ³
493 2220 602 2248 August„
620 2220 642 2242 in
664 2221 725 2242 Ioan.
742 2220 830 2247 Evang.
853 2222 880 2242 tr.
898 2219 935 2241 46.
957 2226 980 2241 ιι.
998 2219 1024 2241 4:
1047 2219 1109 2248 Quid
1132 2221 1166 2241 est
1189 2219 1251 2240 enirn

404 2260 503 2283 ostium?
521 2261 571 2289 Qua
583 2260 704 2282 intramus.
721 2259 776 2288 Quis
788 2262 822 2282 est
833 2259 956 2281 ostiarius?
974 2259 1017 2287 Qui
1030 2259 1111 2286 aperit.
1124 2258 1180 2286 Quis
1194 2264 1251 2286 ergo

404 2304 429 2321 se
445 2299 530 2326 aperit,
552 2298 597 2321 nisi
613 2298 654 2327 qui
671 2304 695 2320 se
718 2298 796 2326 ipsum
816 2297 925 2325 exponit?
942 2298 1012 2325 Ecce,
1029 2297 1140 2319 Dominus
1162 2297 1251 2319 dixerat

404 2337 500 2365 ostium,
517 2344 564 2360 non
580 2337 775 2363 intellexeramus;
792 2336 886 2365 quando
902 2342 947 2358 non
965 2336 1129 2363 intelleximus,
1146 2336 1250 2358 clausum

404 2379 464 2403 erat;
481 2376 522 2405 qui
539 2376 641 2404 aperuit,
659 2376 708 2403 ipse
724 2378 759 2398 est
775 2375 891 2398 ostiarius.

466 2414 476 2427 *²
493 2415 538 2438 Csr.
554 2416 664 2443 August„
682 2415 743 2437 XVI.
759 2417 838 2437 contra
855 2415 979 2441 Faustum,
996 2420 1017 2436 c.
1034 2414 1079 2442 ⁴23
1098 2413 1202 2442 Hieron„
1225 2414 1250 2436 ll.

404 2453 492 2481 Dialog.
508 2453 621 2475 adversus
637 2453 783 2481 Pelagianos,
800 2460 822 2475 ιι.
842 2453 878 2475 ¹17.

466 2490 476 2504 ⁵
493 2493 559 2515 Vers.
576 2492 614 2514 24.
630 2504 662 2509 —
679 2492 795 2514 Sententia
811 2492 908 2519 August.
926 2491 1024 2514 habetur
1041 2491 1063 2513 in
1085 2492 1145 2513 toan.
1162 2492 1250 2519 Evang.

404 2534 431 2553 tr.
450 2531 486 2553 45.
503 2538 526 2553 ιι.
544 2532 570 2558 8,
588 2530 628 2553 ubi
650 2537 692 2559 pro
708 2530 750 2554 sed
766 2533 840 2553 textus
861 2531 978 2558 originalis
995 2530 1064 2553 habet
1080 2529 1147 2559 quia„
1160 2532 1182 2552 et
1198 2529 1251 2552 sub-

404 2570 459 2593 inde
480 2571 617 2597 ostenditur,
640 2570 704 2599 quod
724 2571 852 2598 Prophetae
874 2572 988 2592 venerunt
1009 2576 1063 2592 cum
1088 2569 1190 2597 Christo,
1210 2569 1249 2598 qui

404 2612 439 2632 est
455 2615 559 2637 semper,
571 2609 625 2638 quia
642 2608 747 2631 Verbum
759 2611 890 2631 aeternum:
910 2617 922 2628 (ι
934 2608 992 2631 Cum
1007 2609 1043 2631 illo
1056 2614 1112 2636 ergo
1124 2610 1249 2635 venerunt,

405 2648 446 2677 qui
461 2654 514 2671 cum
533 2647 610 2670 Verbo
629 2648 670 2670 Dei
688 2650 807 2670 venerunt.
820 2648 870 2677 qu
881 2654 950 2676 sum,
970 2648 1043 2676 inquit
1054 2647 1128 2677 [loan.
1147 2646 1189 2674 44,
1207 2646 1249 2676 6.],

405 2687 444 2710 via
460 2688 482 2710 et
497 2687 584 2710 veritas
601 2688 624 2710 et
639 2687 695 2710 vita.
717 2687 741 2709 Si
759 2687 808 2715 ipse
824 2690 859 2709 est
880 2687 976 2714 veritas,
994 2693 1047 2709 cum
1070 2687 1107 2709 illo
1124 2689 1249 2713 venerunt,

405 2726 446 2755 qui
458 2731 552 2748 veraces
570 2727 668 2748 suerunt,
687 2726 805 2755 Quotquot
822 2732 878 2754 ergo
896 2729 987 2754 praeter
1004 2725 1078 2753 illum,
1095 2725 1163 2755 fures
1178 2727 1200 2748 et
1215 2724 1250 2747 la-

405 2766 495 2792 trones,
516 2765 538 2787 id
555 2769 589 2788 est
605 2765 634 2788 ad
652 2765 775 2787 furandum
792 2768 814 2787 et
831 2765 984 2788 occidendum
996 2774 1019 2787 ».
1035 2764 1080 2788 Cfr.
1092 2765 1134 2787 loci
1153 2765 1249 2792 August.

405 2807 428 2827 et
443 2805 535 2827 Hieron.
552 2805 576 2826 in
593 2804 745 2832 praecedente
761 2808 815 2827 nota
832 2805 929 2833 allegati.

467 2842 477 2856 ὃ
494 2845 549 2867 Luc.
565 2844 591 2871 9,
609 2844 646 2866 62.

468 2881 476 2894 ⁷
494 2884 517 2906 ln
535 2884 595 2905 ioan.
612 2883 699 2910 Evang.
716 2885 743 2905 tr.
762 2883 798 2905 45,
816 2889 838 2905 ιι.
857 2883 896 2906 45ι
916 2883 1006 2911 lngredi
1027 2883 1115 2912 quippe
1132 2882 1155 2904 in
1176 2883 1249 2905 Eccle-

405 2922 463 2945 siam
480 2928 522 2950 per
538 2922 622 2944 ostium
647 2921 763 2944 Christum
785 2922 852 2944 valde
869 2921 957 2944 bonum
975 2924 1025 2950 cst3
1043 2921 1103 2943 exire
1124 2924 1201 2943 autem
1219 2921 1249 2943 de

1308 2141 1418 2169 Ecclesia,
1436 2141 1495 2163 sicut
1512 2140 1542 2163 ait
1559 2141 1600 2163 iste
1618 2140 1667 2168 ipse
1683 2140 1779 2162 loannes
1796 2140 1938 2167 evangelista
1955 2139 1979 2162 in
1996 2139 2097 2168 Epistola
2114 2146 2155 2162 sua

1307 2179 1336 2210 [1.
1354 2181 1381 2206 2,
1401 2180 1458 2208 19.]:
1476 2180 1516 2202 EOE
1532 2178 1599 2202 nobis
1616 2178 1740 2206 exierunt,
1756 2178 1797 2201 sed
1813 2184 1862 2201 non
1878 2179 1949 2201 erant
1964 2184 1995 2201 em
2011 2177 2091 2207 nobis,
2110 2184 2156 2201 non

1308 2221 1342 2241 est
1359 2219 1438 2247 utique
1456 2218 1551 2241 bonum.
1570 2218 1632 2240 Talis
1648 2224 1705 2246 ergo
1722 2224 1830 2246 egressus
1847 2224 1893 2240 non
1911 2219 1989 2246 posset
2005 2223 2019 2239 a
2035 2217 2098 2240 bono
2115 2223 2157 2246 pa-

1307 2260 1369 2280 store
1386 2257 1487 2286 laudari,
1504 2260 1529 2279 ut
1541 2257 1643 2280 diceret:
1661 2258 1683 2279 et
1699 2256 1845 2286 iiiyredz'etur
1857 2257 1879 2279 et
1889 2255 2023 2286 egredietur
2034 2257 2057 2280 et
2063 2262 2156 2286 pascua

1307 2295 1414 2319 inveniet.
1434 2297 1472 2319 Est
1491 2303 1547 2324 ergo
1564 2297 1647 2325 aliquis
1665 2303 1710 2318 ιιοιι
1731 2297 1806 2319 solum
1829 2296 1959 2324 ingressus,
1981 2301 2065 2318 verum
2086 2295 2155 2318 etiam

1307 2342 1415 2364 egressus
1427 2335 1503 2358 honus
1520 2342 1561 2363 per
1573 2336 1658 2358 ostium
1675 2335 1778 2363 honum,
1789 2335 1853 2364 quod
1871 2337 1905 2357 est
1916 2334 2027 2358 Christus.
2045 2335 2091 2357 Sed
2102 2335 2156 2364 quis

1307 2377 1341 2397 est
1358 2375 1400 2396 iste
1417 2373 1538 2397 laudabilis
1556 2377 1578 2396 et
1594 2373 1676 2396 beatus
1693 2375 1820 2402 egressus?
1838 2374 1932 2396 Possem
1949 2373 2045 2402 quidem
2065 2373 2154 2403 dicere,

1307 2413 1397 2441 ingredi
1416 2420 1468 2441 nos,
1494 2413 1588 2442 quando
1614 2412 1708 2435 interius
1729 2413 1816 2441 aliquid
1841 2413 1987 2441 cogitamus5
2011 2412 2091 2440 egredi
2116 2418 2156 2436 au-

1307 2455 1366 2479 tem,
1388 2452 1482 2481 quando
1507 2452 1605 2474 exterius
1630 2452 1716 2480 aliquid
1738 2457 1878 2480 operamur;
1904 2454 1927 2474 et
1950 2451 2073 2480 quoniam,
2096 2451 2156 2474 sicut

1307 2492 1362 2514 dicit
1378 2491 1502 2519 Apostolus
1524 2490 1591 2520 [Eph.
1608 2491 1633 2518 3,
1658 2490 1722 2520 47.],
1736 2497 1781 2520 pet·
1803 2490 1873 2521 fidem
1895 2490 1982 2514 habitat
2006 2490 2110 2514 Christus
2132 2491 2155 2514 in

1307 2530 1417 2553 cordibus
1433 2530 1528 2557 nostris,
1551 2530 1642 2558 ingredi
1658 2536 1700 2558 per
1722 2530 1838 2553 Chr1stum
1856 2536 1907 2552 esse
1928 2530 2057 2552 seeundum
2080 2529 2153 2558 ipsam

1307 2569 1377 2591 fidem
1394 2569 1508 2597 cogitare3
1532 2569 1612 2596 egredi
1629 2571 1706 2591 autem
1732 2575 1774 2596 per
1796 2568 1911 2591 Christum
1934 2568 2062 2591 secundum
2079 2568 2153 2596 ipsam

1307 2609 1377 2631 fidem
1394 2609 1463 2631 etiam
1481 2608 1548 2636 toris,
1564 2608 1587 2630 id
1604 2611 1638 2630 est
1655 2614 1732 2630 eoram
1746 2607 1892 2635 hominibus,
1910 2607 2010 2635 operari.
2022 2607 2087 2629 Unde
2098 2607 2153 2630 etin

1308 2647 1396 2670 Psalmo
1414 2646 1483 2676 [⁴03‚
1504 2646 1553 2677 23.]
1572 2647 1671 2675 legitur:
1690 2646 1760 2670 Eoeiet
1775 2646 1845 2669 homo
1862 2645 1894 2669 ad
1910 2652 1970 2675 opus
1986 2651 2059 2669 suum
2075 2649 2118 2668 etc.

1369 2684 1378 2698 ⁸
1396 2687 1462 2709 Vers.
1486 2687 1522 2708 ¹13.
1540 2699 1570 2703 —
1587 2686 1696 2715 Sequitur
1713 2687 1737 2708 ll.
1755 2685 1808 2708 Cor.
1826 2686 1867 2714 112,
1886 2686 1923 2708 15.

1369 2723 1379 2737 ⁹
1396 2725 1457 2747 Libr.
1474 2726 1489 2747 1.
1506 2725 1587 2747 Homil.
1606 2725 1627 2747 in
1648 2726 1735 2753 Evang.
1759 2725 1838 2747 homil.
1856 2724 1892 2747 ⁴4.
1916 2731 1938 2747 ιι.
1955 2725 1977 2746 2.
1994 2725 2047 2746 Post
2065 2723 2154 2753 =(laudet

1307 2764 1343 2786 ed.
1360 2770 1414 2786 eum
1432 2766 1492 2786 textu
1510 2764 1616 2792 originali
1634 2764 1698 2786 addit
1715 2762 1883 2794 temporalibus
1901 2762 1975 2786 lucris
1989 2762 2108 2792 pascitur.
2122 2774 2154 2779 —

1307 2803 1411 2826 Subinde
1427 2804 1538 2831 allegatur
1555 2804 1632 2825 Matth.
1650 2804 1676 2830 6,
1694 2804 1716 2825 2.

1370 2841 1389 2854 ¹⁰
1406 2843 1459 2865 Loc.
1477 2843 1527 2870 cit,
1545 2842 1583 2865 ubi
1607 2846 1660 2870 post
1684 2842 1787 2865 iniustus
1810 2844 1883 2864 textus
1906 2841 2022 2869 originalis
2044 2840 2107 2863 addit
2132 2842 2153 2863 et

1306 2883 1390 2911 ruptor
1409 2882 1451 2910 (ita
1468 2882 1536 2904 etiam
1559 2882 1605 2909 ed.)
1623 2884 1646 2903 et
1668 2887 1772 2910 quosque
1794 2883 1846 2909 post
1862 2880 1949 2911 fideles.
1965 2892 1996 2897 —
2013 2880 2063 2902 Duo
2085 2885 2151 2908 seqq.

1306 2921 1348 2943 loci
1366 2923 1419 2942 sunt
1436 2921 1485 2943 Act.
1503 2921 1545 2949 20,
1563 2921 1601 2943 29.
1618 2924 1640 2943 et
1656 2921 1724 2943 Zach.
1745 2920 1783 2949 tt,
1803 2919 1839 2942 ⁴7.

2167 507 2258 535 Secundo.

2181 531 2269 582 Βιῖᾞίῗέᾷ

2181 583 2273 610 (Ῑιιιιιιιιιειυι
2283 583 2290 606 ι

2167 834 2258 858 Expositio
2272 846 2273 853 ι

2190 858 2257 878 tei-altu.
2272 862 2273 866 ¹
2284 866 2289 876 ι

2173 881 2260 902 Primum.
2285 891 2290 899 -

2176 1441 2201 1460 De
2214 1446 2265 1468 mere«

2197 1470 2255 1484 nario.

2175 1907 2201 1927 De
2213 1908 2262 1932 lupo.
