2296 3316
10 1384 11 1389 ¹
16 1381 19 1398 1

14 1308 119 1328 <oum-matio

9 1332 119 1352 ionressionis

10 1361 34 1375 131-
40 1356 51 1375 t
58 1361 119 1375 exem-

20 1385 36 1399 a·

19 1922 111 1945 Quaestio.

741 146 910 176 COMMENT.
934 147 964 176 IN
986 147 1177 177 SAPIENTIAM
1199 149 1226 178 C.
1250 150 1280 178 V.

137 224 238 259 rando;
260 224 366 253 emissa
392 224 423 252 in
451 224 546 253 locum
567 224 759 258 destinatum,
788 233 804 252 a
825 225 982 262 sagittario3

137 271 351 301 Proverbiorum
379 271 534 308 septimo¹:
561 283 574 296 «
595 271 688 300 Donec
715 272 859 308 transfigat
886 272 984 309 sagitta

136 318 254 347 iecur».
279 318 397 347 Divisus
425 321 487 352 ae'r,
509 317 612 347 scilicet
640 325 690 354 per
717 321 823 346 motum
852 318 982 355 sagittae,

135 365 272 395 continuo
293 365 326 393 in
345 373 375 394 se
388 365 521 393 reclusus
536 368 592 399 est,
613 368 647 393 ut
665 365 817 402 ignoretur
838 365 983 394 transitus

135 411 230 446 illius‚·
250 411 359 441 Glossa:
386 423 400 437 «
414 411 484 448 Quia
505 411 581 439 nulla
599 411 642 440 sui
663 411 776 448 reliquit
791 411 942 448 vestigia».

213 459 302 496 (Vers.
327 458 392 495 13.).
409 458 457 487 Sic
478 461 503 486 et
516 466 569 486 nos
590 457 656 486 nati
669 458 806 486 continuo
824 458 983 486 desivimus

134 514 206 540 esse,
227 505 256 534 id
276 508 317 534 est
338 505 392 534 cito
413 508 475 542 post
495 500 681 539 nativitatem,
698 504 756 533 vel:
772 504 865 533 statim
879 505 982 534 desivi-

134 561 217 587 mus,
239 552 267 581 id
287 555 329 581 est
348 551 474 581 desinere
495 551 655 588 incipimus,
671 551 824 580 secundum
839 552 908 580 illud
929 552 982 581 Au-

133 599 275 636 gustini²z
301 610 315 625 α
330 599 401 636 Quid
422 601 463 628 est
484 598 540 626 vita
561 601 655 627 nostra
675 598 728 627 nisi
750 599 899 628 continuus
917 607 982 628 cur-

133 654 181 675 sus
201 646 236 675 ad
256 649 375 675 mortem
390 648 427 674 »?
455 645 567 674 Glossa:
594 656 607 670 «
623 645 666 673 Sic
686 645 769 674 etiam
798 646 870 674 vitae
897 646 982 675 huius

132 693 256 722 incertus
270 696 297 722 et
310 692 446 723 instabilis
460 695 501 721 est
522 700 623 721 cursus
634 703 665 727 »;
681 692 727 721 Iob
747 692 854 722 decimo
868 696 981 730 quarto:

137 740 250 768 «Homo
276 742 359 768 natus
379 739 412 768 de
434 739 552 768 muliere
572 741 638 773 etc.‚
663 742 690 768 et
717 739 787 776 fugit
815 740 892 769 velut
919 748 982 769 um-

132 786 184 815 bra
197 798 224 815 ».
246 786 310 815 Vel:
331 786 493 815 desinimus
514 794 573 815 esse
600 786 751 820 continue,
773 794 823 823 per
851 786 981 823 peccandi

132 834 358 863 accelerationem
369 834 389 862 ⁵.
407 834 442 861 Et
455 833 574 862 virtutis
595 833 710 871 quidem
725 833 840 862 nullum
860 834 979 871 sianum

131 880 281 910 valuimus
301 880 460 914 ostendere,
483 880 587 909 scilicet
606 880 635 909 in
656 880 713 908 vita
739 883 834 909 nostra
858 888 908 917 per
933 880 981 909 bo-

132 934 195 955 nam
222 927 478 961 conversationem;
508 926 590 955 Marci
619 926 759 955 ultimo4:
793 938 806 951 «
826 926 908 963 Signa
934 934 981 955 eos

133 973 180 1011 qui
202 973 384 1008 crediderint,
413 974 481 1003 haee
512 977 666 1011 sequentur
681 985 711 1008 »;
733 973 768 1002 ad
798 974 907 1003 Galatas
938 974 980 1002 ul-

131 1020 210 1049 timo:
231 1032 244 1046 «
259 1021 391 1058 Stigmata
412 1021 519 1049 Domini
535 1021 596 1050 Iesu
610 1021 638 1049 in
654 1029 770 1058 corpore
783 1029 845 1050 meo
860 1024 941 1058 porto
953 1033 979 1049 ».

131 1068 166 1096 In
186 1067 369 1105 maliynitate
389 1068 462 1097 enim
487 1072 591 1097 nostra
618 1068 765 1104 consumti
788 1077 907 1102 sumus,
929 1076 980 1105 per

130 1114 364 1151 impoenitentiam
396 1114 522 1150 finalem;
554 1115 600 1144 lob
630 1114 737 1144 decimo
768 1115 865 1144 tertio:
892 1126 905 1140 «
927 1115 979 1151 Qui

129 1162 207 1199 quasi
229 1162 348 1199 putredo
369 1161 574 1191 consumendus
602 1170 664 1191 sum
680 1173 710 1197 »ς
732 1162 840 1191 loannis
867 1165 978 1191 octavo:

134 1220 147 1234 «
162 1208 190 1237 In
211 1211 324 1246 peccato
345 1211 438 1238 vestro
458 1209 613 1238 moriemini
629 1219 655 1238 ι).

214 1256 300 1285 Talia
321 1256 460 1286 dixerunt
480 1260 531 1286 etc.
555 1257 635 1292 Ecce,
661 1256 846 1294 confirmatio
868 1256 978 1295 confes-

129 1303 221 1333 sionis
241 1312 340 1333 eorum
364 1312 414 1341 per
435 1305 564 1342 exempla
592 1305 794 1339 convenientia,
816 1305 907 1342 primo
929 1313 979 1342 per

129 1351 289 1389 exemplum
301 1351 471 1389 lanuginis,-
486 1352 616 1386 secundo,
631 1360 770 1390 spumae.-
787 1353 822 1381 Et
836 1356 978 1391 tanquam

129 1407 237 1436 spuma
243 1409 254 1433 ;
275 1399 369 1433 tertio,
392 1398 472 1437 fumi
479 1409 487 1428 .-
510 1400 546 1428 Et
560 1403 703 1438 tanquam
723 1399 842 1437 fumus;
863 1403 978 1437 quarto,

131 1444 268 1483 hospitis:
291 1446 327 1475 Et
347 1449 489 1485 tanquam
509 1447 653 1475 memoria
674 1445 804 1484 hospitis.

207 1493 296 1529 (Vers.
322 1493 387 1530 14).
417 1493 500 1523 Talia
523 1502 589 1532 ergo
610 1494 801 1523 dixerunt'in
816 1493 933 1532 inferno
948 1493 980 1523 ln·

129 1540 181 1579 qui
196 1536 413 1578 peceaverunt:
431 1541 585 1576 dixerunt,
614 1541 744 1579 inquam‘,
765 1541 885 1571 dictione
909 1542 978 1570 inte-

129 1587 196 1616 riori
222 1595 272 1625 per
293 1588 475 1618 conscientiae
496 1596 669 1623 remorsum,
691 1589 742 1618 etsi
770 1597 825 1618 non
846 1589 917 1618 forte
937 1588 978 1617 di-

129 1635 218 1676 ctione
239 1635 388 1670 exteriori,
410 1643 473 1665 cum
495 1636 550 1664 sint
570 1636 598 1664 in
618 1636 727 1665 interno
741 1636 799 1664 sine
814 1635 979 1673 corporibus

128 1689 218 1720 usque
238 1682 265 1710 in
287 1682 358 1711 diem
380 1682 472 1712 iudicii
494 1686 521 1711 et
543 1683 601 1712 sine
622 1683 733 1720 organis
747 1683 900 1719 corporeis,
916 1682 979 1711 licet

128 1737 184 1758 non
204 1729 263 1758 sine
283 1729 414 1766 potentiis
434 1738 619 1766 organorunn
636 1730 726 1758 Lucae*
738 1729 844 1758 decimo
863 1729 978 1758 sext05:

134 1776 276 1805 «Elevans
296 1776 391 1805 oculos
405 1788 433 1811 »,
455 1776 481 1805 id
503 1779 545 1805 est
572 1776 721 1813 potentiam
750 1776 878 1811 visivam,
907 1771 979 1813 quae

129 1824 240 1861 organis
260 1823 406 1852 oculorum
428 1832 479 1852 usa
499 1823 590 1852 fuerat
612 1823 638 1852 in
660 1824 807 1860 praesenti.

207 1870 243 1899 In
264 1869 380 1908 inferno
405 1873 456 1899 etc.
485 1870 628 1907 Quomodo
658 1870 762 1899 sciebat
789 1873 887 1899 auctor
912 1870 978 1905 iste,

130 1917 204 1954 quod
224 1917 262 1946 ita
283 1917 422 1946 dixerunt
448 1918 479 1946 in
507 1917 645 1955 inferno?
670 1926 733 1946 cum
765 1926 910 1955 nunquam
941 1918 977 1947 ibi

128 1964 238 1999 fuisset,
253 1972 304 1994 nec
317 1965 389 1994 alius
409 1965 472 1994 inde
486 1965 620 1999 venisset,
636 1965 683 2002 qui
698 1965 722 1993 ei
738 1965 890 1999 retulisset;
905 1964 979 1993 unde

129 2020 215 2049 supra
235 2012 355 2049 capitulo
375 2012 533 2041 secundo⁶z
561 2024 574 2037 «
589 2012 647 2041 Non
668 2015 710 2041 est
730 2012 840 2049 agnitus
865 2012 913 2049 qui
935 2019 979 2041 re-

130 2066 229 2087 versus
249 2058 284 2087 sit
304 2059 339 2087 ab
360 2059 455 2087 inseris
469 2070 496 2087 ».

193 2218 201 2233 ¹
219 2221 284 2243 Vers.
302 2221 339 2243 23.
358 2234 387 2236 —
404 2221 483 2243 Glossa
506 2221 600 2244 inferius
624 2222 724 2249 allegata
746 2224 781 2244 est
804 2221 976 2250 interlinearis,

130 2266 229 2289 eamque
245 2260 306 2288 edd,
323 2260 533 2283 contradicentibus
549 2261 626 2289 codd.,
643 2261 756 2283 omittunt.

192 2297 201 2311 ²
218 2299 280 2322 Libr.
297 2300 353 2322 Xlll.
369 2300 399 2322 de
415 2299 464 2323 Civ.
483 2300 535 2328 Dei,
553 2307 573 2323 c.
592 2300 632 2323 40:
650 2301 763 2329 Quoniam
786 2301 901 2330 quidquid
923 2304 978 2324 tem-

130 2338 194 2367 poris
209 2338 304 2366 vivitur,
321 2338 351 2361 de
367 2338 441 2367 spatio
458 2338 553 2361 vivendi
577 2339 684 2366 demitur,
702 2342 724 2361 et
740 2340 843 2368 quotidie
860 2340 885 2362 sit
901 2340 978 2362 minus

130 2378 254 2406 minusque
271 2378 335 2407 quod
352 2380 433 2405 restat,
451 2373 479 2401 ut
492 2379 587 2401 omnino
603 2379 659 2401 1111111
677 2379 705 2401 sit
722 2379 785 2402 aliud
807 2382 899 2407 tempus
915 2380 978 2402 vitae

130 2417 199 2439 liuius
215 2423 286 2446 quam
308 2424 390 2440 cursus
406 2418 436 2440 ad
453 2421 551 2440 mortem
563 2421 607 2441 etc.
618 2430 649 2435 —
662 2419 794 2447 Sequuntur
811 2419 891 2441 Glossa
909 2418 978 2442 inter-

131 2455 228 2479 linearis
246 2456 281 2485 (ex
298 2456 403 2485 Rabano)
422 2459 444 2479 et
460 2457 500 2479 lob
518 2457 558 2484 44,
576 2458 597 2479 4.
615 2464 665 2486 seq.

186 2493 202 2507 '⁸
218 2495 263 2518 cfr.
280 2502 349 2523 supra
366 2502 420 2524 pag.
439 2497 495 2524 130,
512 2499 565 2519 nota
587 2497 621 2519 12.

192 2532 202 2546 ⁴
220 2534 285 2557 Vers.
304 2534 341 2557 ⁴7.
353 2547 384 2551 —
396 2534 499 2558 Subinde
516 2535 643 2564 allegantur
660 2536 707 2558 Gal.
725 2536 749 2565 6,
768 2536 809 2564 17,
827 2536 867 2559 lob
885 2537 925 2564 ⁴3,
940 2537 977 2559 28.

130 2576 153 2596 et
169 2573 228 2596 loan.
247 2574 273 2600 8,
292 2574 330 2596 21.

192 2610 202 2624 ⁵
219 2612 284 2635 Vers.
301 2612 338 2634 23.
356 2612 401 2636 cfr.
418 2613 455 2635 lV.
473 2614 535 2635 Sent.
553 2613 575 2636 d.
593 2614 629 2636 50.
647 2620 671 2642 p.
688 2615 713 2637 11.
729 2621 750 2637 a.
768 2615 790 2637 i.
807 2621 829 2644 q.
849 2615 869 2637 l.

192 2650 202 2663 θ
219 2652 285 2674 Vers.
303 2652 323 2674 t.
341 2664 371 2668 —
389 2652 500 2681 Superius
517 2659 559 2681 pro
576 2659 618 2677 nec
635 2653 698 2677 alius
714 2653 768 2677 inde
789 2654 892 2678 venisset
906 2654 924 2677 A
941 2654 978 2678 vel

130 2689 205 2713 aliam
223 2690 355 2714 invenisset.
501 2693 503 2696 '

192 2727 201 2741 ‘¹
219 2730 241 2752 111
258 2730 330 2757 Epist.
340 2731 355 2753 l.
368 2730 398 2753 ad
410 2730 462 2753 Cor.
476 2730 548 2759 (inter
565 2737 634 2759 opera
653 2731 770 2761 Ambros.)
782 2738 803 2754 c.
815 2733 857 2759 12,
870 2733 896 2755 3;
909 2732 978 2761 Quid-

130 2768 187 2797 quid
204 2769 265 2791 enim
286 2775 371 2792 verum
393 2776 406 2792 a
428 2777 578 2799 quocumque
596 2771 687 2798 dicitur,
704 2777 716 2793 a
734 2775 812 2794 sancto
829 2772 913 2794 dicitur
929 2773 978 2800 Spi-

130 2807 182 2829 ritu.
200 2807 305 2836 August„
322 2808 392 2836 Epist.
413 2809 466 2831 166.
485 2809 548 2837 (alias
565 2809 611 2838 28.)
630 2816 650 2832 c.
668 2810 690 2832 4.
706 2817 729 2833 11.
747 2810 775 2832 9;
792 2811 810 2833 Α
828 2817 978 2840 quocumque

131 2846 191 2869 enim
206 2852 288 2869 verum
301 2847 392 2875 dicitur,
403 2848 441 2870 illo
454 2848 554 2871 donante
566 2849 656 2877 dicitur,
669 2850 708 2878 qui
721 2852 755 2872 est
771 2850 821 2878 ipsa
839 2850 936 2872 Veritas.
948 2862 976 2866 -

131 2885 184 2914 Seq.
201 2886 265 2908 locus
282 2887 316 2909 est
332 2887 357 2909 11.
374 2888 432 2909 Petr.
451 2887 471 2915 1,
488 2888 525 2909 21.

193 2922 203 2936 ⁸
220 2925 286 2948 Vers.
309 2926 347 2949 15.
365 2938 396 2943 -
417 2927 469 2955 Soq.
491 2927 569 2949 Glossa
595 2929 629 2950 est
654 2927 779 2951 ordinm-ia
802 2928 837 2957 (ex
859 2927 977 2956 Rabano):

130 2963 237 2993 Lanuqo,
255 2970 315 2992 quae
337 2971 363 2987 ex
384 2966 440 2987 flore
463 2965 587 2988 herbarum
610 2966 713 2989 marcido
731 2966 871 2996 [Rabanusz
889 2972 978 2989 marce-

1835 156 1885 186 141

1119 227 1209 256 Potest
1229 227 1295 263 dici,
1317 229 1390 266 quod
1412 230 1464 259 hoc
1486 231 1588 260 sciebat
1610 240 1659 269 per
1691 233 1887 263 revelationem

1040 272 1159 309 Spiritus
1180 275 1280 309 sancti,
1302 276 1379 312 quia,
1402 277 1556 307 secundum
1577 279 1751 308 Ambrosium
1765 280 1785 314 ⁷,
1806 289 1888 310 omne

1039 326 1156 354 verum,
1185 329 1200 349 a
1231 329 1409 359 quocumque
1436 323 1558 359 dIcatur,
1591 326 1695 362 Spiritu
1728 330 1822 356 sancto
1847 328 1887 356 di-

1040 369 1146 401 ctante,
1169 368 1326 404 profertur;
1349 369 1414 398 item
1430 371 1566 400 secundae
1582 372 1652 401 Petri
1674 373 1780 409 primo:
1801 386 1815 399 «
1829 375 1888 411 Spi-

1039 412 1096 441 ritu
1111 417 1205 442 sancto
1219 415 1358 452 inspirati,
1380 416 1462 446 locuti
1479 421 1544 446 sunt
1558 419 1643 448 sancti
1658 419 1706 448 Dei
1722 420 1848 450 homines
1860 433 1886 449 ».

1040 460 1100 488 Vel:
1123 460 1286 496 Dixeritne,
1308 462 1335 491 id
1357 466 1410 498 est,
1432 464 1524 493 dicere
1545 468 1705 501 potuerunt.

1119 507 1208 543 (Vers.
1234 508 1298 545 15).
1323 509 1469 545 Quoniam
1490 513 1555 545 etc,
1577 512 1655 548 quasi
1681 512 1769 541 dicat:
1795 516 1822 542 et
1842 521 1888 543 ve-

1040 562 1103 582 rum
1125 554 1274 589 disserunt,
1297 556 1437 594 quoniam
1457 566 1521 594 spes
1542 558 1640 595 impii,
1663 559 1690 587 id
1711 562 1768 594 est,
1783 562 1888 597 tempo-

1039 601 1105 630 ralis
1126 603 1310 639 prosperitas,
1332 603 1360 632 in
1382 612 1437 640 qua
1461 612 1538 640 spem
1553 608 1659 641 ponunt
1687 606 1775 643 impii,
1804 607 1888 637 Isaiae

1039 647 1171 684 vigesimo
1192 648 1327 677 octavoss:
1355 661 1368 674 «
1383 650 1527 679 Posuimus
1548 651 1721 681 mendacium
1744 661 1820 690 spem
1842 662 1888 682 no-

1039 696 1125 723 stram
1138 705 1165 729 »;
1188 698 1331 733 tanquam
1353 695 1479 733 lunayo,
1495 697 1522 725 id
1537 700 1578 726 est
1599 698 1650 726 ssos
1671 699 1780 734 cardui,
1795 700 1887 737 quoad

1038 741 1140 769 carnis
1160 740 1356 779 fragilitatem
1364 753 1374 776 ;
1395 752 1471 781 quae
1498 752 1517 772 a
1545 748 1625 773 vento
1648 745 1774 780 tollitur,
1797 747 1824 775 id
1845 750 1886 776 est

1038 788 1145 817 modico
1160 789 1242 823 flatu;
1257 788 1367 818 Glossa:
1388 802 1401 814 «
1414 791 1525 828 Lanugo
1540 792 1630 821 carnis
1645 793 1818 830 fragilitatem
1837 802 1895 823 ex-·

1038 835 1146 871 primit,
1162 843 1233 872 quae
1248 844 1263 864 a
1279 839 1360 865 vento
1374 837 1555 873 aegritudinis
1569 839 1611 867 vel
1626 840 1751 869 molestia
1769 841 1823 869 cito
1837 842 1888 870 tol-

1038 881 1105 910 litur
1120 893 1151 916 »;
1168 882 1251 911 Isaiae
1265 883 1489 920 quadragesimo:
1518 896 1530 909 «
1545 884 1641 915 Omnis
1656 894 1720 915 caro
1734 887 1844 916 foenum
1860 900 1886 916 ».

1039 928 1070 957 Et
1097 928 1167 957 bene
1193 933 1371 966 comparatur
1402 931 1494 961 carnis
1525 932 1658 969 fragilitas
1689 933 1750 962 ssori
1777 934 1886 969 cardui,

1037 975 1104 1012 quia
1135 983 1199 1005 caro
1227 976 1319 1013 spinas
1350 980 1377 1006 et
1408 978 1526 1007 tribulos
1555 979 1737 1008 tentationum
1758 984 1886 1017 generat;

1037 1022 1111 1051 unde
1133 1022 1245 1052 Genesis
1266 1023 1386 1052 tertio⁹z
1414 1036 1426 1049 «
1442 1025 1538 1061 Spinas
1559 1028 1586 1054 et
1608 1026 1725 1055 tribulos
1750 1028 1887 1063 germina-

1036 1069 1077 1098 bit
1098 1069 1146 1098 tibi
1161 1082 1188 1098 ».
1206 1071 1241 1099 Et
1255 1074 1397 1109 tanquam
1411 1080 1519 1109 spuma
1532 1073 1670 1110 macilis,
1686 1082 1721 1102 ex
1740 1075 1887 1111 agitatione

1036 1124 1175 1153 aquarum
1207 1121 1355 1154 generata,
1387 1127 1462 1156 quae
1492 1128 1512 1147 a
1536 1120 1666 1156 procella
1696 1121 1885 1158 disperyitur.

1044 1164 1199 1202 Tanquam
1219 1173 1328 1201 spuma
1349 1168 1415 1199 etc,
1437 1165 1502 1194 dicit
1524 1170 1659 1203 quantum
1681 1167 1715 1196 ad
1730 1168 1887 1196 iactantiae

1037 1211 1214 1245 vunitatmm
1237 1212 1310 1241 unde
1340 1213 1485 1242 Glossam:
1514 1226 1526 1239 «
1542 1214 1589 1243 Hic
1610 1218 1651 1242 est
1672 1215 1810 1251 appetitus
1835 1215 1887 1244 liu-

1036 1259 1109 1287 mani
1131 1258 1234 1288 favoris
1255 1262 1282 1288 et
1303 1260 1448 1289 iactantiae
1470 1260 1608 1297 vulgaris,
1638 1269 1709 1298 quae
1730 1270 1746 1290 a
1767 1262 1888 1298 procella

1035 1305 1205 1342 dispergitur
1227 1306 1413 1335 tribulationis
1434 1310 1461 1335 et
1481 1307 1654 1336 adversitatis
1675 1308 1793 1337 alicuius
1807 1316 1887 1344 prae-

1036 1352 1133 1387 sentis,
1156 1353 1199 1381 vel
1220 1357 1349 1382 aeternae
1363 1364 1390 1388 »;
1413 1353 1482 1382 Osee
1496 1354 1618 1382 decimo:
1646 1364 1659 1379 «
1674 1355 1803 1383 Transire
1824 1355 1888 1383 fecit

1036 1399 1158 1428 Samaria
1179 1408 1272 1437 legem
1296 1408 1395 1434 snum,
1417 1401 1489 1429 sicut
1510 1401 1610 1429 transit
1630 1409 1729 1438 spuma
1748 1409 1834 1439 super
1848 1402 1887 1430 sa-

1036 1447 1105 1475 013111
1128 1455 1217 1484 aquae
1231 1458 1258 1481 »3
1281 1447 1346 1476 item
1369 1448 1499 1477 leremiae
1520 1447 1652 1484 vigesimo
1668 1448 1764 1477 tertio:
1785 1449 1887 1483 «Ecce,

1036 1494 1119 1523 turbo
1141 1494 1294 1523 dominicae
1322 1494 1517 1532 indignationis
1538 1495 1713 1532 egredietur,
1735 1499 1762 1524 et
1783 1498 1887 1533 tempe-

1036 1545 1092 1570 stas
1113 1549 1263 1579 erumpens
1294 1550 1379 1579 super
1405 1546 1488 1579 caput
1520 1543 1671 1579 impiorum
1697 1543 1829 1572 veniet».
1852 1544 1888 1572 Et

1036 1592 1179 1627 tanquam
1200 1588 1320 1626 fumus,
1343 1589 1395 1628 qui
1415 1598 1434 1618 a
1455 1593 1536 1618 vento
1558 1589 1685 1628 diffusus
1717 1594 1773 1624 est,
1799 1599 1887 1628 quan-

1036 1638 1094 1664 tum
1110 1636 1144 1664 ad
1158 1636 1235 1665 vitae
1256 1636 1439 1670 brevitatum
1455 1637 1542 1665 Iacobi
1557 1640 1658 1674 quarto
1671 1638 1709 1665 ¹¹:
1731 1649 1743 1662 «
1755 1637 1831 1674 Quae
1845 1641 1887 1667 est

1036 1683 1092 1711 vita
1112 1686 1223 1712 vestra?
1245 1683 1336 1720 Vapor
1358 1686 1399 1712 est
1413 1683 1447 1712 ad
1463 1684 1602 1712 modicum
1617 1692 1718 1721 parens
1728 1696 1755 1719 »;
1771 1693 1791 1713 a
1805 1688 1886 1713 vento

1035 1729 1164 1767 diffusus
1185 1734 1242 1764 est;
1264 1730 1329 1767 quia
1350 1731 1466 1759 enimin
1484 1731 1572 1759 altum
1586 1731 1705 1766 tollitur,
1721 1739 1886 1761 evanescere

1036 1777 1160 1814 cogitur,
1183 1777 1264 1806 iuxta
1295 1777 1362 1806 illud
1394 1778 1509 1806 Psalmi:
1537 1779 1628 1806 «Mox
1660 1781 1691 1807 ut
1712 1778 1885 1807 honorificati

1035 1824 1140 1853 fuerint
1161 1827 1187 1853 et
1208 1824 1337 1858 exaltati,
1358 1824 1517 1853 deficientes
1535 1825 1769 1862 quemadmodum
1790 1825 1885 1854 fumus

1035 1871 1164 1900 deficient
1177 1882 1204 1905 »;
1227 1870 1333 1900 Glossa:
1361 1883 1374 1896 «
1389 1871 1465 1900 Sicut
1489 1872 1584 1900 fumus
1606 1875 1687 1900 vento
1707 1872 1884 1905 dissolvitur,

1036 1918 1074 1947 sic
1096 1918 1219 1946 humana
1240 1918 1296 1946 vita
1311 1921 1468 1955 temporum
1483 1918 1635 1947 mutatione
1649 1930 1676 1946 ».
1694 1919 1728 1947 Et
1742 1922 1885 1956 tanquam

1036 1965 1180 1993 memoria
1201 1964 1323 2002 hospitis
1343 1966 1435 1994 unius
1455 1965 1514 1994 diei
1541 1965 1774 2002 praetereuntis,
1796 1973 1884 2002 quan—

1036 2015 1095 2040 tum
1117 2012 1149 2040 ad
1172 2011 1273 2049 famae
1301 2012 1447 2040 modicam
1478 2012 1682 2045 durationem
1705 2012 1750 2040 lob
1777 2011 1885 2040 decimo

1037 2059 1118 2087 tertio
1130 2059 1168 2086 12’:
1186 2070 1198 2083 «
1210 2059 1341 2087 MemorIa
1355 2062 1448 2087 vestra
1462 2059 1669 2096 comparabitur
1684 2059 1768 2088 cineri
1784 2071 1810 2087 ».
1827 2059 1885 2088 Ho-

1034 2221 1123 2251 scente]
1146 2222 1234 2249 oriens,
1252 2221 1349 2244 carnis...
1373 2222 1409 2243 vel
1435 2221 1538 2244 molestia
1564 2222 1669 2249 corporis
1693 2221 1737 2244 cito
1760 2220 1886 2251 [Rabanus

1035 2261 1118 2283 omittit
1142 2260 1196 2290 cilo]
1220 2261 1304 2283 tollitur
1329 2259 1457 2290 [Rabanus
1482 2260 1561 2283 addit:
1583 2267 1626 2283 nec
1648 2260 1764 2283 diuturna
1788 2266 1886 2283 manere

1032 2300 1203 2330 permittam-L
1221 2300 1275 2329 quia
1293 2300 1370 2323 omnis
1388 2306 1445 2323 caro
1462 2300 1559 2330 foenum
1576 2303 1619 2322 etc.
1637 2300 1702 2330 [lsai.
1721 2300 1762 2328 40,
1780 2299 1822 2330 6.].

1096 2338 1106 2351 ⁹
1125 2340 1191 2362 Vers.
1209 2340 1246 2362 ⁴8.

1099 2377 1118 2390 ¹⁰
1135 2379 1223 2406 Nempe
1246 2377 1372 2401 ordinaria
1390 2379 1425 2407 (ex
1443 2378 1562 2407 Rabano):
1580 2379 1668 2407 Spuma
1686 2385 1711 2401 ex
1734 2378 1800 2407 aquis
1825 2378 1886 2401 edita

1035 2424 1105 2446 super
1123 2424 1207 2446 aquam
1226 2421 1308 2440 enatat.
1327 2418 1368 2440 Hic
1391 2420 1425 2440 est
1447 2418 1586 2446 appetitus...
1603 2424 1663 2446 quae
1680 2418 1779 2445 procella
1797 2417 1886 2447 [Raba-

1035 2464 1092 2480 nus:
1110 2464 1170 2487 quae
1186 2464 1202 2481 a
1216 2456 1333 2487 procella]
1352 2457 1482 2479 tentationis
1504 2457 1540 2479 vel
1563 2457 1707 2479 discussione
1729 2457 1808 2479 iudicii
1825 2456 1886 2486 [Ra-

1035 2496 1109 2519 banus
1134 2497 1199 2519 addit
1222 2496 1312 2526 futuri]
1331 2496 1465 2519 dissolvitur
1485 2497 1523 2519 vol
1545 2496 1693 2524 dispergitur,
1711 2496 1734 2518 id
1751 2499 1796 2525 est,
1814 2502 1884 2525 quam

1035 2542 1094 2558 vana
1112 2536 1164 2563 suit,
1178 2535 1290 2563 probatur
1303 2534 1438 2563 [Rabanus:
1451 2534 1507 2565 quia
1524 2541 1597 2564 quam
1611 2541 1672 2557 rana
1683 2534 1784 2564 sumini,
1801 2540 1885 2558 eorum

1035 2576 1125 2598 attactu
1144 2574 1282 2604 probatur}
1301 2586 1333 2590 -—
1353 2575 1485 2603 Sequuntur
1508 2575 1566 2597 Osee
1589 2574 1630 2603 10,
1652 2574 1675 2601 7,
1696 2573 1738 2596 ubi
1760 2580 1802 2602 pro
1824 2573 1887 2597 sicut

1036 2613 1124 2636 transit
1141 2619 1227 2642 spuma
1245 2614 1347 2641 Vulgata
1362 2612 1432 2643 quasi
1447 2619 1574 2642 spumum;
1592 2614 1633 2635 ler.
1651 2613 1693 2640 23,
1711 2613 1749 2635 ⁴9.

1098 2651 1116 2665 ²¹
1135 2653 1200 2675 Vers,
1220 2653 1256 2675 15.
1273 2665 1304 2669 —
1322 2652 1426 2675 Subinde
1443 2653 1569 2680 allegantur
1591 2653 1626 2674 Ps.
1645 2652 1686 2680 36,
1704 2652 1745 2679 20,
1763 2654 1785 2674 et
1806 2651 1885 2673 Glossa

1035 2692 1203 2715 interlinearis.
1221 2691 1345 2714 Rabanus:
1364 2692 1400 2714 sic
1417 2694 1440 2714 et
1455 2691 1537 2721 fumus
1555 2691 1679 2713 vanitatem
1702 2691 1804 2713 caducae
1824 2690 1885 2712 vitae

1035 2732 1189 2760 demonstrat,
1202 2732 1324 2760 quoniam,
1336 2732 1396 2754 sicut
1412 2732 1489 2754 furnus
1500 2733 1571 2753 vento
1583 2730 1726 2758 diffunditur,
1737 2730 1770 2752 sic
1784 2731 1883 2752 1111111333

1035 2772 1083 2794 vita
1099 2774 1233 2799 temporum
1251 2771 1377 2793 mutatione
1388 2770 1529 2793 dissolvitur.
1543 2770 1608 2793 Unde
1620 2773 1642 2792 et
1654 2776 1694 2798 per
1710 2769 1883 2792 similitudinem

1035 2809 1171 2833 transeunti
1186 2809 1273 2839 hospiti
1289 2812 1451 2838 comparatum
1468 2809 1522 2838 quia
1539 2815 1620 2831 omnes
1637 2809 1673 2830 nic
1690 2808 1792 2836 hospites
1808 2810 1831 2830 et
1847 2813 1884 2835 pe-

1035 2849 1121 2877 regrini
1138 2855 1231 2877 sumus,
1243 2849 1273 2871 de
1290 2855 1337 2877 quo
1354 2849 1501 2871 Ecclesiastes
1520 2848 1555 2877 [1,
1568 2847 1599 2877 4,]
1618 2848 1662 2870 ait:
1676 2846 1800 2870 Generatio
1814 2852 1884 2875 prae-

1035 2888 1089 2911 terit
1105 2891 1147 2911 etc.

1098 2926 1117 2939 ¹²
1135 2928 1201 2950 Vers.
1220 2928 1257 2949 lu.
1273 2939 1304 2944 —
1322 2927 1455 2956 Sequuntur
1473 2927 1508 2949 Ps.
1526 2927 1567 2955 38,
1588 2927 1623 2948 13.
1640 2929 1661 2948 et
1679 2925 1748 2948 liebr.
1768 2925 1801 2948 tl.
1822 2924 1856 2946 13.

1905 241 1963 266 Rosp.

1903 707 2013 735 Exemplum

1915 736 2002 755 primum.

1903 1082 2020 1102 Secundum.

1903 1551 1995 1570 Tertium.

1901 1927 1999 1951 Quartum.
