2296 3316
329 163 361 192 IV
1041 162 1285 192 PROLEGOMENA
1306 163 1333 191 C.
1357 163 1374 191 Ι.

329 241 351 263 in
369 240 482 269 superiori
500 240 617 269 margine,
642 241 722 263 litteris
739 240 858 263 coloratis:
875 240 994 270 Incipiunt
1018 240 1179 264 distinctiones

329 287 442 318 Magistri
457 287 580 311 Michaelis
596 287 722 312 Melitensis
738 294 811 318 super
829 287 980 311 Psalterium.
998 288 1109 311 Praefatio
1126 288 1179 311 inci-

329 335 375 364 pit:
394 334 507 365 Quisquis
523 334 556 358 ad
571 334 665 358 divinae
672 335 777 365 paqinae
789 335 911 359 lectionem
922 335 1066 359 erudiendus
1083 336 1178 360 accedit.

329 381 397 404 Primi
410 381 492 404 Psalmi
505 381 629 410 expositio:
642 382 729 405 Beatus
740 382 785 410 vir,
800 381 842 412 qui
852 388 900 405 non
911 381 975 406 abiit.
988 382 1070 410 Homo,
1083 383 1178 412 quando

328 428 487 458 coquitionem
502 434 574 452 suam
590 428 623 452 ad
638 430 734 452 terrena
751 428 835 458 flectit,
852 435 868 452 α
884 429 965 459 patria
981 429 1006 452 in
1023 429 1124 453 edilium
1140 436 1179 453 va-

328 475 368 499 dit.
386 476 474 498 Desinit
490 476 529 498 tol.
547 475 604 503 406,
620 476 662 498 col.
681 476 694 498 2
711 476 772 499 circa
784 476 866 498 tinem:
883 476 938 506 finis
949 476 1030 500 omnia
1047 476 1178 505 concludit,

329 510 501 550 omnia'locat,
522 522 603 545 omnia
616 522 718 553 perficit.
737 522 795 546 Sola
812 522 874 546 enim
892 523 1072 553 perseverantia
1095 523 1180 553 accipu

329 567 448 592 Manium.
465 569 532 596 Dein,
555 569 631 597 primo
648 569 763 592 viridibus
776 575 803 592 ac
820 572 900 598 postea
921 569 998 593 rubris
1014 570 1105 598 litteris,
1123 572 1180 593 haec

329 616 456 639 habentur:

454 696 538 718 Doctor
555 695 688 723 MeldensiS,
704 695 799 718 Michael
816 696 907 718 Praesul
926 696 1074 725 Senonensis,

454 734 496 757 Hic
513 734 572 757 bene
589 734 733 757 Psalmorum
752 735 856 763 pulixena
873 735 945 757 verba
962 735 1053 758 locavit.

393 806 415 828 3.
432 804 532 828 Parisiis
550 805 572 827 in
590 804 741 833 bibliotheca,
758 811 819 834 quae
836 805 906 828 modo
919 806 1051 832 Nationalis,
1066 806 1120 829 olim
1139 807 1179 829 Re-

330 852 368 880 gia
384 851 504 878 audiebat,
522 858 578 874 mss.
595 852 645 874 cod.
664 852 724 874 latin.
742 852 881 875 collectionis
897 853 976 881 regiae
994 853 1050 880 446,
1067 853 1121 875 olim
1133 853 1180 876 Col-

330 898 434 921 bertinus
452 899 510 925 246,
528 898 698 925 membranae„
712 899 734 921 in
747 898 780 925 4⁰,
796 899 881 924 saeculi
893 899 941 921 Xlll
959 899 1056 922 ineuntis
1072 900 1180 922 miscella-

330 952 380 968 nea.
398 946 444 968 Fol.
462 946 501 968 8l.
518 948 592 972 recto,
609 946 652 968 col.
671 946 678 967 4
690 964 695 973 ,
712 946 735 968 in
752 946 827 968 initio:
847 945 959 976 Quisquis
981 945 1013 969 ad
1029 946 1122 969 divinae
1137 952 1180 976 pa-

330 992 400 1022 ginae
417 991 547 1016 lectionem.
572 992 675 1015 Psalmus
692 992 794 1020 primus:
821 992 908 1015 Beatus
924 992 970 1020 vir,
988 992 1030 1022 qui
1045 999 1094 1016 non
1115 992 1179 1016 abiit.

329 1038 413 1067 Homo,
431 1038 526 1068 quando
537 1038 703 1068 copitationem
714 1045 786 1062 suam
802 1037 835 1061 ad
845 1039 941 1062 terrena
952 1038 1031 1068 flectit.
1044 1039 1131 1062 Desinit
1143 1040 1179 1061 sol.

332 1086 385 1108 432.
407 1092 485 1113 verso,
506 1086 670 1115 sequentibus:
687 1085 742 1116 finis
758 1085 840 1109 omnia
857 1086 988 1114 concludit,
1006 1086 1087 1109 omnia
1105 1086 1179 1115 locat,

332 1132 413 1156 omnia
421 1132 522 1163 perficit.
541 1132 599 1156 Sola
611 1132 673 1156 enim
682 1132 862 1163 perseverantia
879 1133 964 1163 accipit
981 1132 1099 1157 bravium.
1111 1133 1180 1161 Dein,

330 1183 383 1208 post
399 1180 499 1208 spatium
517 1186 618 1203 vacuum
636 1180 705 1203 unius
722 1180 807 1207 lineae,
824 1179 854 1202 ab
866 1180 948 1203 eadem
966 1187 1049 1203 manu:
1066 1180 1132 1204 Finis
1150 1179 1181 1203 di-

330 1226 483 1250 stinctionum
499 1228 553 1256 post
569 1226 712 1250 Melitensem
729 1226 891 1250 collectarum.
909 1228 991 1250 Amen.

394 1271 415 1294 4.
432 1271 531 1299 Ibidem,
552 1278 607 1295 mss.
618 1272 681 1295 latin.
694 1272 784 1300 44424,
801 1273 856 1295 olim
873 1273 1017 1300 Victorinus,
1034 1274 1127 1296 saeculo
1143 1279 1181 1296 xm

330 1318 422 1341 ineunte
439 1319 475 1341 vel
500 1319 590 1341 circiter
606 1322 724 1346 exaratus,
742 1319 814 1342 folior.
838 1320 882 1342 480
905 1320 1057 1343 miscellanea.
1080 1320 1128 1343 Fol.
1144 1319 1182 1343 49.

330 1368 404 1394 recto,
421 1366 463 1388 col.
480 1366 502 1388 l:
521 1365 633 1395 Quisquis
645 1365 677 1389 ad
693 1365 786 1389 divinae
799 1366 906 1397 paqinae
919 1367 1048 1391 lectionem.
1065 1368 1181 1390 Psalmus:

330 1412 417 1435 Beatus
428 1411 474 1435 vir.
485 1412 568 1441 Homo,
581 1412 677 1442 quando
692 1412 857 1443 cogitationem
867 1420 939 1437 suam
950 1414 983 1437 ad
994 1416 1091 1438 terrena
1103 1414 1181 1444 flectit.

330 1459 418 1481 Desinit
434 1459 471 1481 sol.
489 1459 527 1481 98.
547 1462 623 1489 recto,
640 1460 684 1482 col.
703 1461 717 1482 2
735 1460 757 1482 in
774 1460 863 1483 medio:
879 1460 933 1491 finis
950 1461 1032 1484 omnia
1049 1461 1181 1490 concludit,

331 1505 412 1529 omnia
429 1505 504 1534 locat,
522 1506 603 1529 omnia
624 1507 723 1537 perficit.
740 1507 799 1531 Sota
821 1507 884 1531 enim
898 1508 1079 1538 perseuerantia
1095 1509 1184 1539 accipit

331 1552 449 1576 bravium.
464 1553 533 1580 Dein,
546 1554 630 1576 codem
641 1560 689 1583 quo
700 1554 814 1584 reliquum
827 1555 904 1583 operis
921 1557 1066 1584 charactere,
1083 1556 1182 1584 legitur:

331 1599 397 1623 Finis
414 1599 591 1623 distinctionum
605 1602 662 1630 post
672 1600 813 1624 Meldensem
830 1601 993 1625 collectarum.

394 1648 415 1670 ὅ.
433 1641 533 1676 Ibidem,
552 1648 603 1670 cod.
616 1648 678 1671 latin.
690 1648 720 1671 ad
731 1648 829 1677 Regiam
841 1652 949 1677 spectans
966 1649 1124 1672 collectionem
1139 1650 1184 1673 sub

330 1700 428 1717 numero
447 1694 502 1722 44¹,
520 1695 575 1717 olim
593 1695 640 1718 DD.
657 1695 686 1718 de
697 1696 811 1724 Bethune,
829 1696 939 1725 membr.‚
957 1697 980 1718 in
993 1696 1025 1725 4⁰,
1044 1697 1118 1720 folior.
1131 1697 1184 1728 ll8·

331 1741 378 1764 Fol.
394 1742 416 1764 5.
433 1744 509 1769 recto,
525 1741 602 1764 rubris
619 1742 711 1765 litteris:
727 1742 830 1766 Notulae
846 1749 919 1773 super
936 1743 1053 1767 Psalmos.
1071 1743 1138 1772 Quae
1153 1743 1184 1767 sit

330 1788 433 1812 materia
455 1787 549 1811 divinae
569 1788 682 1812 lectionis.
699 1789 777 1818 Nigris
800 1796 856 1812 vero
874 1790 985 1818 praefatio
1008 1791 1101 1819 incipit:
1125 1790 1183 1819 Quis

331 1835 384 1865 quis
401 1835 434 1858 ad
449 1835 542 1859 divinae
566 1835 670 1866 paginae
691 1836 820 1859 lectionem.
846 1837 950 1860 Psalmus
967 1837 1072 1866 primus:
1097 1838 1184 1861 Beatus

333 1882 399 1905 cir...
417 1883 501 1911 Homo,
518 1882 614 1914 quando
631 1883 797 1913 copitationem
813 1890 885 1907 suam
901 1884 933 1907 ad
944 1886 1040 1908 terrena
1051 1884 1130 1914 flectit.
1141 1886 1185 1907 Au-

332 1930 402 1952 ctoris
418 1930 513 1952 nomine
525 1930 669 1958 destituitur,
683 1931 726 1953 sed
743 1931 851 1953 convenit
861 1937 915 1954 cum
927 1931 1042 1960 impressa
1053 1931 1097 1954 sub
1110 1933 1131 1954 S.
1144 1932 1185 1955 Bo-

331 1980 474 1999 naventurae
490 1977 585 2000 nomine
602 1978 747 2000 Psalmorum
763 1978 917 2006 Expositione.
935 1980 1026 2001 Etcum
1043 1979 1185 2008 praeceden-

331 2023 394 2046 tibus
411 2024 574 2052 manuscriptis
596 2024 669 2047 codex
686 2025 728 2047 iste
749 2025 865 2054 antiquior
882 2026 921 2052 sit,
939 2028 1019 2054 utpote
1038 2026 1105 2049 cuius
1121 2029 1184 2049 aetas

332 2071 390 2093 intra
408 2071 479 2094 finem
495 2072 580 2094 saeculi
598 2078 628 2094 xn
644 2074 667 2094 et
682 2072 772 2095 initium
784 2079 821 2095 xm
839 2073 960 2095 statuenda
977 2073 1097 2102 videatur,
1114 2073 1184 2096 maio-

331 2123 381 2140 rem
399 2124 470 2146 quam
488 2118 558 2141 ceteri
575 2118 644 2141 fldem
663 2119 725 2146 facit,
743 2119 920 2142 Bonaventurae
936 2119 1115 2143 abiudicandam
1133 2126 1185 2143 esse

333 2165 392 2186 hanc
408 2165 552 2187 Psalmorum
570 2165 749 2193 Expositionem.

395 2212 417 2234 6.
435 2211 536 2240 Ibidem,
555 2212 577 2234 in
595 2211 733 2235 bibliotheca
745 2213 885 2241 Mazarinea,
903 2220 958 2236 mss.
970 2214 1022 2236 cod.
1040 2214 1094 2241 684,
1112 2220 1185 2236 mem-

332 2259 475 2288 branaceus,
492 2260 516 2282 in
533 2260 567 2287 4⁰,
584 2266 597 2282 a
614 2261 713 2283 diversis
730 2261 838 2284 manibus
854 2263 966 2284 exaratus.
982 2261 1029 2284 Fol.
1048 2261 1092 2283 429
1109 2264 1184 2290 recto,

333 2307 376 2329 col.
396 2308 421 2330 fl:
440 2307 553 2337 Quisquis
570 2307 602 2331 ad
618 2307 712 2331 diuinae
725 2308 831 2338 payinae
848 2308 978 2332 tectionem.
991 2321 1022 2326 —
1035 2309 1122 2332 Beatus
1139 2308 1184 2338 vir,

333 2354 413 2384 qui...
432 2355 521 2383 Homo,
540 2355 635 2385 quando
659 2355 825 2386 cogitationem
849 2362 921 2379 suam
937 2356 969 2379 ad
985 2358 1082 2379 terrena
1103 2356 1184 2386 flectit.

333 2402 432 2429 Desinit,
450 2403 487 2425 sol.
505 2403 559 2425 222.
585 2409 666 2425 verso:
683 2403 739 2433 finis
756 2403 837 2426 omnia
854 2403 986 2432 concludit,
1011 2402 1093 2426 omnia
1110 2403 1184 2432 locat,

334 2447 416 2471 omnia
424 2448 525 2479 perficit.
537 2448 596 2472 Sola
604 2448 785 2478 pei-swerantia
796 2448 883 2479 accipit
894 2448 1012 2472 bravium.
1027 2449 1093 2473 Finis
1105 2449 1187 2472 distin-

334 2495 441 2519 ctionum
454 2497 510 2526 post
525 2495 667 2520 Meldensem
690 2496 853 2520 collectarum.
869 2497 944 2519 Huius
964 2497 1114 2525 expositionis
1130 2497 1186 2519 scri-

334 2546 402 2571 ptura
419 2546 454 2565 est
476 2543 561 2566 saeculi
578 2549 629 2571 xm,
646 2543 687 2566 sed
709 2543 759 2566 eius
773 2544 890 2572 quaedam
907 2550 961 2572 pars
978 2544 1063 2567 saeculi
1089 2551 1119 2567 xn
1137 2550 1186 2567 exe-

334 2590 401 2612 untis.

398 2636 460 2659 Alios
472 2636 546 2659 habeo
559 2637 651 2659 codices
663 2643 705 2665 pro
717 2636 838 2664 Meldensi,
849 2637 904 2659 alibi
918 2637 1085 2664 recensendos,
1097 2637 1186 2660 nullum

337 2689 380 2710 pro
397 2683 566 2706 Eonaventura.
584 2683 630 2706 Sed
652 2684 717 2706 relati
733 2683 851 2706 sufficiunt
874 2684 905 2706 ad
921 2683 1084 2712 probandum,
1101 2684 1186 2707 archie-

336 2730 458 2757 piscopum
472 2730 637 2757 senonensem,
646 2730 761 2752 Michaelis
770 2730 864 2753 nomine
873 2733 994 2758 vocatum,
1006 2733 1123 2753 auctorem
1136 2737 1187 2754 esse

335 2775 507 2803 praedictarum
525 2776 696 2798 distinctionum
718 2783 745 2799 ex
763 2776 837 2804 ipsius
858 2783 898 2800 ore
915 2777 1011 2800 dicentis
1027 2777 1186 2806 collectarum,

335 2822 463 2844 nullatenus
480 2828 536 2844 vero
554 2823 748 2845 Bonaventuram.

401 2869 435 2891 De
446 2870 549 2897 praefato
561 2870 676 2898 Michaele,
693 2870 735 2898 qui
745 2870 867 2893 Meldensis
877 2871 1014 2899 appellatur,
1025 2871 1080 2900 quia
1092 2871 1188 2894 Melden·

335 2915 368 2937 sis
379 2915 494 2938 Ecclesiae
507 2916 609 2938 decanus
620 2916 674 2943 ruit,
685 2916 725 2939 sed
738 2916 817 2939 verius
828 2922 842 2939 e
852 2916 960 2940 Corbolio
971 2917 1092 2947 dicendus,
1108 2917 1187 2941 Gallia

338 2961 484 2990 Christiana,
505 2965 562 2985 tom.
579 2964 605 2992 8,
623 2964 665 2986 col.
684 2963 757 2992 4665,
774 2963 828 2986 edit.
845 2964 917 2986 Paris.
939 2970 975 2987 an.
995 2964 1067 2992 4744,
1084 2965 1187 2988 Decanos

1237 241 1350 264 Ecclesiae
1367 241 1489 264 meldensis
1504 248 1641 270 recensens,
1658 243 1715 265 haec
1727 242 1810 265 habet:
1827 250 1836 263 ε
1850 243 1944 266 Michael
1962 243 1976 266 l.
1992 243 2022 266 'de
2034 243 2086 266 Cor-

1236 287 1309 316 bolio,
1327 289 1395 311 frater
1413 288 1532 316 Reginaldi
1550 289 1580 311 de
1596 288 1714 317 Corbolio,
1732 289 1838 317 Episcopi
1856 289 2000 317 Parisiensis,
2012 295 2040 312 ex
2052 295 2087 311 ca-

1236 335 1319 357 nonico
1335 337 1358 357 et
1375 334 1508 357 cancellario
1526 335 1639 358 Ecclesiae
1663 335 1797 358 Parisiensis
1813 336 1886 358 sactus
1909 336 2016 359 Decanus
2037 335 2086 358 Mel-

1236 382 1325 408 densis,
1343 381 1428 404 bullam
1442 382 1590 410 protectionis
1607 381 1637 404 ab
1648 382 1776 405 Alexandro
1792 382 1817 405 ΙΙΙ
1829 381 1940 410 obtinuit,
1958 382 1981 405 in
1993 388 2039 411 qua
2052 382 2087 405 ius

1236 428 1335 456 eligendi
1353 429 1436 451 decani
1452 429 1553 456 capitulo
1570 429 1727 452 confirmatur.
1748 429 1823 452 Testis
1839 429 1951 457 occurrit,
1962 435 1999 452 an.
2012 429 2086 458 4469,

1237 475 1259 498 in
1277 476 1347 498 literis
1363 476 1473 504 Stephani
1490 476 1607 505 episcopi,
1625 476 1773 499 medietatem
1790 476 1896 499 decimae
1914 476 1944 499 de
1961 476 2087 505 Quinciaco

1236 529 1280 551 pro
1297 523 1454 546 anniversario
1470 530 1514 546 suo
1530 524 1656 552 largientis.
1676 523 1817 552 Subscripsit
1833 529 1870 546 an.
1887 523 1948 546 4484
1960 523 2086 546 fundationi

1236 570 1332 592 Guliaci.
1349 569 1441 593 Arbiter
1457 570 1543 593 electus
1565 572 1600 593 est
1615 577 1670 593 cum
1686 571 1753 593 Petro
1770 570 1869 593 Cantore
1891 570 2010 593 Parisiensi
2028 570 2087 592 inter

1237 617 1426 639 archidiaconum
1449 617 1603 640 Soliacensem
1625 617 1647 640 in
1664 618 1764 640 Ecclesia
1786 617 1943 640 Aurelianensi
1960 619 1983 639 et
1999 617 2088 645 capitu-

1236 664 1286 686 lum
1303 664 1461 692 Jargogilense
1489 666 1565 687 motae
1582 664 1637 693 litis,
1649 670 1720 693 quam
1731 665 1800 693 Hugo
1817 664 1919 687 decanus
1941 664 2088 686 Aurelianen-

1236 710 1268 733 sis
1284 709 1359 732 flnivit
1376 716 1414 732 an.
1431 710 1499 733 4485.
1520 710 1572 733 Fuit
1588 713 1611 733 et
1632 710 1735 733 decanus
1752 710 1913 733 Laudunensis
1934 712 1957 733 et
1978 709 2088 733 Parisien-

1235 757 1281 784 sis}
1299 756 1400 786 denique
1417 756 1503 779 electus
1520 757 1542 779 in
1560 757 1715 780 patriarcham
1726 757 1951 786 ierosolymitanum,
1963 759 2088 786 antequam

1236 804 1289 827 illuc
1305 804 1348 826 iter
1365 805 1487 832 arriperet,
1505 805 1578 827 tactus
1589 807 1623 827 est
1635 805 1774 827 senonensis
1790 804 1988 833 archiepiscopus.
2006 803 2089 827 Obitus

1236 853 1256 879 ej
1261 858 1287 874 us
1296 854 1387 874 notatur
1397 852 1419 874 in
1429 852 1564 880 Necrologio
1573 852 1682 874 Moldensi
1694 852 1723 875 ad
1736 852 1798 874 diem
1810 852 1911 880 primam
1923 850 2055 874 decembris
2064 860 2075 872 »
2082 869 2087 874 .

1299 899 1374 921 Tomo
1390 901 1469 921 autem
1487 899 1530 926 42,
1547 899 1589 921 col.
1606 898 1637 922 55
1654 901 1676 921 et
1693 899 1722 921 56
1741 899 1846 922 eiusdem
1865 898 1957 922 Galliae
1975 897 2089 923 ahi-astia-

1236 952 1281 969 nae
1303 946 1413 974 traditur,
1428 946 1574 974 praedictum
1592 946 1739 973 Michaelem,
1756 946 1958 974 archiepiscopum
1975 947 2089 969 senonen-

1237 998 1286 1015 sem
1304 999 1363 1015 anno
1386 992 1442 1015 1494
1459 995 1576 1021 creatum,
1594 992 1680 1016 obiisse
1696 999 1732 1015 an.
1750 993 1818 1015 4499.

1300 1038 1470 1067 subiungimus
1486 1045 1556 1067 supra
1574 1039 1654 1067 positis
1671 1038 1791 1062 codicibus
1807 1040 1864 1062 alios
1881 1039 1911 1062 ab
1923 1040 2006 1062 eodem
2018 1040 2042 1062 P.
2053 1040 2086 1062 Fi-

1237 1085 1289 1108 dele
1305 1088 1408 1108 notatos:

1300 1131 1323 1154 7.
1341 1131 1436 1155 Graecii
1452 1132 1474 1154 in
1491 1132 1579 1160 Styria,
1597 1132 1735 1155 bibliotheca
1753 1132 1924 1161 Universitatis,
1947 1133 2000 1156 cod.
2019 1132 2087 1156 4049.

1238 1178 1337 1201 membr.
1355 1179 1377 1201 in
1395 1179 1433 1201 sol.
1449 1185 1510 1202 saec.
1527 1180 1585 1202 Xlll.
1601 1182 1692 1202 exeunt.
1709 1179 1894 1203 Commentarius
1904 1179 1927 1202 in
1938 1180 2041 1202 Psalmos
2052 1185 2090 1202 va-

1238 1228 1275 1249 cat
1291 1226 1356 1249 titulo
1373 1229 1396 1249 et
1412 1226 1506 1249 nomine
1523 1227 1636 1255 auctoris;
1648 1227 1784 1250 extremitati
1796 1227 1889 1249 additur
1901 1229 2002 1249 tantum:
2013 1226 2088 1250 Finis.

1302 1274 1324 1296 8.
1341 1273 1435 1303 Hispali
1451 1274 1474 1296 in
1492 1274 1614 1302 Hispania,
1632 1274 1770 1297 bibliotheca
1787 1273 1938 1302 Columbina,
1961 1274 2013 1297 cod.
2030 1274 2054 1296 13.
2063 1274 2089 1297 B.

1240 1320 1299 1343 Tab.
1317 1321 1370 1344 445.
1385 1328 1451 1344 num.
1470 1322 1507 1344 46.
1523 1323 1595 1344 chart.
1613 1322 1634 1344 in
1653 1322 1690 1345 sol.
1707 1328 1781 1350 parvo
1798 1328 1860 1345 saec.
1871 1322 1922 1345 XV.
1934 1322 1957 1344 ln
1970 1322 2090 1350 superiore

1239 1368 1343 1396 margine
1355 1368 1394 1390 sol.
1406 1368 1426 1390 4.
1438 1374 1456 1390 r.
1469 1371 1503 1391 est
1519 1368 1610 1391 titulus:
1627 1368 1705 1398 Super·
1723 1368 1832 1392 Psalmos
1848 1367 1957 1398 sinqulos
1974 1367 2092 1398 incipiunt

1239 1415 1328 1439 notule.
1346 1415 1445 1438 Deinde:
1463 1415 1635 1445 Eaeceiptiones
1658 1415 1831 1444 Demeldensis,
1852 1418 1875 1438 ct
1895 1415 1964 1438 etiam
1987 1415 2009 1437 in
2032 1415 2090 1437 tine:

1239 1462 1380 1492 Eoepliciunt
1396 1462 1568 1492 Excetptiones
1585 1462 1754 1486 Demeldensis.

1304 1510 1325 1532 9.
1342 1509 1456 1532 Lauduni
1467 1510 1490 1532 in
1501 1510 1579 1537 Gallia,
1588 1510 1641 1533 cod.
1654 1510 1708 1532 453.
1720 1510 1784 1540 (olim
1796 1510 1821 1533 N.
1833 1510 1906 1532 Dame
1918 1509 1948 1532 de
1955 1509 2018 1532 Laon
2028 1508 2089 1538 488.)

1240 1556 1340 1579 membr.
1358 1557 1380 1579 in
1397 1557 1435 1579 fol.
1452 1563 1513 1579 saec.
1530 1557 1586 1580 Xlll.
1604 1557 1663 1580 circa
1681 1557 1838 1580 medietatem.
1854 1557 1893 1579 Est
1904 1556 1995 1579 titulus:
2006 1554 2092 1579 Distin-

1240 1602 1328 1626 ctiones
1341 1604 1398 1632 post
1414 1602 1560 1631 Michaelem,
1573 1604 1630 1626 tunc
1641 1602 1784 1627 Melitensem
1801 1603 1935 1630 Decamm,
1950 1603 2006 1632 post
2016 1601 2090 1625 Seno-

1241 1656 1339 1673 ncnsem
1355 1649 1573 1680 Archiepiscopum.
1591 1650 1677 1673 Eadem
1696 1651 1742 1673 sere
1759 1649 1832 1673 verba
1848 1649 1989 1678 replicantur
2005 1649 2028 1672 in
2040 1649 2092 1671 tine.

1306 1698 1342 1720 40.
1359 1696 1460 1725 Ibidem,
1477 1698 1530 1720 eod.
1548 1698 1586 1720 32.
1603 1697 1651 1726 bis,
1668 1697 1769 1720 membr.
1791 1697 1813 1720 in
1835 1696 1858 1719 4.
1879 1702 1940 1719 saec.
1961 1697 2018 1719 Xlll.
2039 1698 2092 1719 ante

1240 1744 1398 1767 medietatem.
1420 1744 1501 1772 incipit
1523 1747 1546 1767 et
1567 1744 1652 1767 desinit
1673 1746 1699 1766 ut
1715 1743 1782 1772 editi,
1799 1743 1893 1766 additur
1909 1743 1932 1765 in
1949 1743 2006 1765 fine:
2023 1742 2090 1766 Finis

1240 1789 1424 1813 Distinctionum
1437 1791 1493 1820 post
1509 1789 1653 1814 Meldensem
1669 1789 1832 1813 collectarum.

1306 1837 1341 1859 44.
1358 1836 1462 1864 Man-itt.
1480 1836 1619 1860 bibliotheca
1641 1836 1812 1864 Universitatis,
1833 1841 1874 1859 seu
1890 1835 1928 1859 del
1943 1834 2086 1863 Noviziado,

1241 1883 1295 1905 cod.
1312 1883 1364 1905 448.
1382 1883 1404 1905 6.
1422 1882 1521 1905 membr.
1539 1883 1561 1905 in
1579 1883 1600 1906 4.
1617 1889 1679 1906 saec.
1690 1884 1746 1906 Xlll.
1759 1883 1844 1905 ineunt.
1855 1882 1902 1905 Fol.
1915 1882 1935 1904 4.
1953 1888 1975 1904 ν.
1993 1881 2092 1910 scriptor

1241 1936 1302 1953 saec.
1318 1930 1379 1953 XlV.
1396 1931 1452 1954 haec
1469 1931 1570 1954 notavit:
1587 1932 1672 1954 Annus
1688 1929 1861 1954 iucarnationis
1872 1929 1917 1953 Xti
1926 1929 1973 1960 fuit
1983 1929 2026 1954 M?
2038 1928 2091 1952 GC.⁰

1242 1976 1339 2001 LXJA'F
1356 1979 1472 2008 tempore,
1490 1984 1536 2008 quo
1552 1978 1599 2008 fuit
1615 1978 1685 2002 curia
1701 1977 1768 2008 apud
1780 1977 1899 2005 Toletum,
1912 1978 1933 2000 et
1943 1975 1991 2006 fuit
1999 1975 2091 2006 factum

1240 2024 1422 2048 matrimonium
1440 2025 1537 2048 Domini
1552 2024 1674 2048 Ferrandi
1689 2023 1790 2055 Infantis
1808 2023 1907 2047 Castelle
1923 2024 1945 2047 et
1960 2023 2008 2053 filie
2024 2021 2091 2053 Reqis

1240 2071 1351 2094 Francie.
1367 2071 1419 2094 Era
1435 2071 1479 2095 M.=
1496 2071 1557 2095 000.
1580 2072 1628 2095 Vll.
1645 2072 1832 2095 Commentarius
1848 2071 1870 2093 in
1889 2071 1991 2093 Psalmos
2012 2069 2092 2098 incipit

1241 2119 1279 2141 sol.
1296 2119 1318 2141 5.
1334 2125 1353 2141 r.
1370 2120 1412 2142 col.
1431 2120 1451 2141 4.
1469 2122 1492 2142 et
1508 2119 1591 2142 desinit
1607 2120 1645 2142 rol.
1662 2120 1700 2142 80.
1717 2126 1739 2142 v.
1758 2119 1801 2142 col.
1818 2119 1839 2141 -t.
1857 2121 1882 2140 ut
1897 2118 1921 2140 in
1938 2117 2012 2145 edito,
2028 2117 2092 2140 addi-

1241 2168 1290 2189 tur:
1307 2165 1375 2189 Finis
1392 2166 1576 2190 Distinctionum
1590 2168 1647 2196 post
1661 2166 1805 2190 Melitensem
1826 2164 1988 2189 collectarum.
2008 2165 2090 2188 Amen.

1305 2213 1343 2235 42.
1367 2213 1480 2241 Taurini,
1508 2213 1648 2236 bibliotheca
1676 2212 1848 2239 universitatis,
1876 2212 1929 2235 cod.
1954 2212 1980 2234 D.
1998 2212 2026 2234 V.
2051 2211 2089 2234 44.

1242 2259 1341 2282 membr.
1360 2260 1382 2282 in
1399 2260 1438 2282 fol.
1455 2266 1528 2288 parvo
1545 2266 1606 2282 saec.
1623 2260 1680 2283 Xlll.
1697 2260 1782 2282 ineunt.
1804 2259 1991 2282 Commentarius
2012 2258 2092 2286 incipit

1242 2306 1280 2328 tol.
1299 2306 1321 2328 4.
1338 2312 1368 2335 r.,
1386 2306 1469 2329 desinit
1485 2307 1521 2329 fol.
1539 2306 1577 2329 94.
1594 2313 1612 2328 r.
1634 2312 1676 2334 per
1698 2305 1783 2329 verba:
1806 2305 1873 2329 Finis
1895 2305 2092 2334 Discinctionum,

1242 2352 1292 2374 sine
1308 2352 1402 2375 nomine
1418 2352 1526 2375 auctoris.

1306 2399 1320 2428 S
1337 2399 1358 2422 4.
1375 2399 1405 2422 De
1421 2398 1569 2431 Expositione
1585 2399 1609 2422 in
1625 2398 1742 2423 Psalmum
1760 2399 1812 2422 118.

1307 2446 1537 2477 incipitffiAlleluuz,
1555 2446 1622 2476 laus,
1648 2446 1732 2470 honor.
1751 2440 1820 2470 Beati
1835 2445 1992 2469 immaculati.
2011 2445 2090 2469 Nota:

1243 2493 1268 2517 S.
1286 2492 1414 2522 Scriptura
1431 2492 1518 2517 dicitur
1530 2493 1669 2523 paradisus.

1305 2540 1367 2562 Haec
1383 2540 1498 2568 Expositio
1516 2541 1584 2563 valde
1600 2540 1684 2563 diffusa
1700 2543 1743 2563 est.
1760 2540 1825 2563 Edita
1842 2541 1877 2562 est
1888 2539 1964 2567 primo
1980 2547 1990 2559 α
2001 2538 2093 2561 Parisiis

1243 2588 1267 2611 in
1284 2587 1383 2610 aedibus
1399 2587 1486 2611 Claudii
1504 2587 1631 2610 Chevallon
1649 2587 1709 2610 4524
1728 2587 1750 2610 in
1768 2588 1789 2610 8.
1807 2588 1837 2610 ad
1854 2592 1961 2609 normam
1979 2586 2092 2614 exempla-

1243 2634 1275 2657 ris
1292 2640 1304 2656 a
1321 2633 1438 2657 Coenohio
1450 2635 1556 2657 Fratrum
1568 2634 1682 2657 Minorum
1695 2633 1877 2662 Castriradulphi
1889 2633 1988 2656 Parisios
2000 2632 2059 2655 allati
2072 2641 2094 2660 ι,

1243 2684 1278 2705 est
1293 2684 1387 2710 recepta
1398 2681 1423 2703 in
1436 2681 1569 2704 vaticanam
1587 2681 1654 2711 (tom.
1672 2682 1687 2704 l.
1699 2687 1759 2710 pag.
1775 2680 1884 2709 462-308)
1897 2683 1919 2703 et
1931 2680 1986 2703 alias
1997 2685 2093 2709 sequen-

1243 2732 1278 2752 tes
1295 2729 1446 2752 collect10nes.

1307 2776 1413 2798 Oudinus
1429 2781 1475 2798 non
1491 2778 1574 2805 negat,
1592 2776 1667 2804 ipsam
1684 2782 1736 2798 esse
1752 2776 1942 2801 Bonaventurae,
1959 2774 2001 2797 sed
2013 2774 2094 2797 Sbara-

1243 2823 1279 2845 lea
1296 2822 1349 2852 (loc.
1365 2823 1402 2846 cit.
1422 2823 1466 2845 456
1479 2822 1503 2851 b)
1516 2825 1539 2845 et
1550 2822 1651 2845 editores
1663 2822 1744 2845 Veneti
1757 2828 1809 2845 eam
1821 2822 1902 2844 volunt
1914 2827 1967 2844 esse
1976 2821 2092 2851 spuriam3

1243 2871 1308 2900 quod
1325 2871 1448 2894 confirmat
1464 2871 1552 2893 Bonelli
1568 2871 1658 2900 (Prodr.
1680 2871 1724 2893 col.
1742 2871 1812 2899 742),
1833 2870 1864 2892 ita
1881 2870 1976 2893 dicens:
1996 2878 2006 2890 «
2019 2858 2105 2893 Nihilo*

1244 2920 1322 2940 tamen
1339 2917 1414 2940 secius
1429 2917 1618 2940 animadvertens
1634 2918 1659 2941 Ρ.
1678 2918 1786 2946 Magister
1803 2916 1923 2946 Sbaralea,
1939 2916 2004 2946 quod
2019 2917 2094 2946 Expo-

1245 2965 1296 2988 sitio
1313 2967 1370 2988 haec
1387 2966 1458 2989 fusior
1475 2966 1551 2989 stilum
1563 2966 1790 2989 Bonaventurianum
1802 2966 1907 2989 redolere
1918 2972 1964 2989 non
1975 2965 2092 2994 videatur,
