2296 3316
416 176 472 204 598

417 255 515 281 cerunt
536 250 584 278 filii
606 249 688 277 lsrael
716 248 743 276 in
772 247 907 284 inpressa
935 249 1027 274 terrae
1052 243 1260 281 promissionis,

416 297 567 327 secundum
589 295 662 333 quod
684 295 802 323 liabetur
824 294 901 322 losue
916 293 1049 329 quinto¹:
1075 291 1261 319 «Manserunt

416 344 464 373 filii
480 343 560 372 lsrael
576 342 603 370 in
623 341 740 378 Galgalis
755 343 782 369 et
795 340 921 369 fecerunt
935 339 1021 375 phase
1042 340 1142 374 quarta
1155 336 1261 365 decima

416 391 459 420 die
473 391 506 419 ad
528 397 674 426 vesperum
696 388 723 416 in
746 386 947 424 campestribus
969 385 1073 414 iericho
1094 388 1121 413 et
1135 383 1261 412 comede-

416 440 483 466 runt
497 437 529 465 de
544 436 673 473 frugibus
688 438 778 463 terrae
789 446 802 459 ιι
819 436 886 467 etc.;
901 435 929 461 et
943 432 1078 469 significat
1093 431 1145 459 hoc
1159 430 1262 467 pascha

419 484 563 512 transitum
582 481 830 519 pervenienti-am,
853 479 919 516 quia
940 478 1044 507 sactum
1065 480 1122 511 est,
1145 476 1262 506 transito

417 530 545 563 Iordane,
567 529 594 557 in
618 532 692 557 terra
713 527 911 564 promissionis.
934 542 970 547 -—-
993 525 1036 554 Sic
1062 532 1129 561 ergo
1149 527 1191 553 est
1212 523 1262 552 tri-

416 577 481 614 plex
502 575 612 612 pascha,
634 575 662 603 in
683 582 739 611 quo
759 576 874 611 paratur
896 572 1024 601 fidelibus
1046 571 1148 608 triplex
1167 578 1261 599 coena.

720 674 860 697 COLLATlO
878 674 958 696 xmx.

495 761 585 797 (Vers.
606 760 655 794 4.).
680 761 714 788 Et
735 768 802 788 cum
823 758 978 796 accepisset
1009 758 1147 791 linteum,
1172 767 1262 794 pra„-

417 808 508 837 cinoez't
527 816 565 836 se.

500 857 521 884 l.
544 855 626 889 Nota,
648 854 738 891 quod,
761 861 810 890 per
830 852 1082 890 appropriationem
1108 851 1261 889 loquendo,

290 911 355 938 nodas
368 911 401 929 ui-
416 902 619 938 succinyimar
640 900 673 929 ad
694 900 816 929 eundum
834 915 870 919 ——
885 899 1073 935 accingimur
1087 898 1120 927 ad
1136 906 1261 935 pugnan—

272 936 401 985 fflfl'mf‘gen‘
417 949 482 978 dum
498 965 534 969 —
547 947 773 985 praecingyz‘mm·
794 946 826 974 ad
849 945 1072 974 ministrandum.
1089 961 1125 966 —-
1142 944 1262 973 Succin-

320 981 400 1000 P‘¹¹¹³”⁵‘
416 995 518 1032 yimur
538 994 578 1022 (td
599 994 745 1026 eandum,-
776 992 957 1021 Ecclesiastici
980 992 1120 1029 trigesimo
1142 991 1261 1020 sexto²t

421 1053 434 1066 «
449 1041 531 1077 Quasi
553 1040 711 1069 succinctus
726 1040 809 1073 latro,
825 1038 956 1067 exsiliens
970 1038 1003 1067 de
1018 1038 1128 1067 civitate
1139 1048 1170 1072 »;
1186 1038 1262 1066 loan-

416 1088 459 1116 nis
479 1087 610 1124 vigesimo
631 1087 721 1123 primo
741 1086 843 1114 dicitur
864 1085 897 1114 de
920 1085 1016 1113 Petro:
1050 1096 1063 1109 «
1078 1084 1146 1113 Cum
1169 1083 1262 1112 audis-

417 1137 466 1169 set,
489 1134 553 1171 quia
575 1134 709 1162 Dominus
729 1135 784 1167 est,
806 1132 900 1161 tunica
921 1131 1060 1161 succinxit
1082 1139 1110 1160 se
1135 1134 1162 1160 et
1186 1130 1262 1159 misit

294 1190 399 1210 Secundus.
417 1189 445 1210 se
477 1181 504 1210 in
535 1189 650 1209 mare».
679 1197 718 1201 -—-
749 1179 942 1217 Aecinyimar
975 1179 1015 1207 ad
1042 1178 1261 1216 pugynandam;

415 1227 489 1257 unde
510 1228 648 1256 Psalmus:
675 1238 687 1252 «
703 1226 850 1263 Accingere
877 1226 967 1263 gladio
994 1229 1043 1254 tuo
1064 1233 1149 1262 super
1170 1225 1262 1253 femur

417 1279 512 1309 tuum,
534 1274 722 1311 potentissime
733 1285 760 1307 »;
782 1276 809 1302 et
824 1273 905 1310 primi
921 1273 1150 1301 Macliabaeorum
1166 1272 1261 1301 tertio:

422 1334 435 1347 «
449 1321 642 1358 accingimini,
657 1321 728 1349 dixit
744 1321 835 1354 ludas,
851 1323 878 1349 et
892 1323 979 1349 estote
994 1322 1120 1356 potentes
1134 1323 1161 1348 et
1175 1322 1262 1348 estote

417 1369 504 1406 parati
526 1369 554 1397 in
575 1376 669 1402 mane,
691 1371 722 1396 ut
743 1367 872 1405 pugnetis
892 1367 1026 1395 adversus
1041 1366 1190 1395 nationes»
1209 1369 1260 1395 etc.

319 1423 401 1442 Tertius.
418 1433 454 1437 —
476 1416 706 1453 Praeeinqimzir
737 1415 777 1443 ad
808 1413 1058 1446 ministrandam,-
1078 1413 1152 1441 unde
1173 1413 1262 1441 Lucae

417 1463 618 1492 duodecimoss:
645 1473 658 1486 «
675 1461 832 1498 l’raecinget
853 1468 882 1489 se
909 1464 936 1489 et
957 1460 1038 1488 faciet
1059 1460 1120 1488 illos
1140 1459 1262 1488 discum-

418 1510 499 1544 bere,
519 1513 546 1538 et
576 1509 713 1538 transiens
740 1507 908 1536 ministrabit
930 1507 983 1535 illis
998 1517 1025 1540 »;
1047 1506 1081 1535 de
1102 1514 1158 1543 quo
1179 1506 1261 1534 etiam

417 1557 519 1586 dicitur
533 1556 593 1585 hic:
618 1555 687 1584 Cam
711 1554 864 1592 accepisset
886 1553 1021 1588 linteum,
1042 1552 1210 1590 praecinxit
1223 1561 1260 1580 se.

285 1609 400 1629 Notandum.
419 1620 454 1624 —-
477 1602 689 1639 Praecingamur
710 1609 776 1638 ergo
797 1600 880 1629 linteo
902 1600 1078 1634 munditiae,
1094 1602 1125 1628 ut
1140 1600 1196 1628 Deo
1211 1599 1262 1628 mi-

417 1650 581 1683 nistremus3
610 1652 637 1678 et
661 1648 837 1685 accingamur
863 1647 962 1685 ytaciio
984 1647 1130 1681 institiae,
1152 1650 1184 1675 ut
1205 1646 1262 1674 dia-

417 1697 511 1725 bolum
533 1703 741 1733 expugnemus,
763 1698 790 1724 et
811 1695 1006 1731 succingamur
1029 1694 1130 1722 tunica
1145 1694 1262 1731 passio-

417 1744 464 1772 nis
484 1742 652 1777 mundanae,
668 1745 699 1771 ut
719 1741 856 1770 mundum
871 1744 1096 1775 contemnamus,
1111 1743 1138 1770 et
1152 1740 1191 1770 sic
1205 1741 1262 1769 Deo

417 1790 596 1828 placebimus.

495 1838 522 1866 ἃ.
545 1837 579 1865 Et
604 1836 788 1873 praecinxit,
810 1835 913 1873 inquit,
941 1843 979 1863 se.
1001 1835 1084 1869 Nota,
1113 1834 1188 1872 quod
1209 1834 1263 1863 tria

288 1891 332 1917 'ssi-³
347 1895 401 1914 rrae-
417 1887 482 1913 sunt
503 1884 530 1912 in
545 1883 624 1912 nobis
638 1882 846 1920 praecingenda.
869 1881 1064 1918 Praecingendi
1086 1884 1151 1910 sunt
1165 1890 1262 1914 renes,-

297 1914 400 1956 Ε’Μῗιῗᾞεῗεῖ
417 1930 492 1968 quod
512 1930 663 1967 figuratum
685 1932 727 1958 est
753 1929 846 1966 quarti
878 1929 982 1965 Regum
1004 1928 1117 1964 primo4
1137 1928 1171 1957 de
1192 1928 1261 1962 Elia,

417 1977 451 2006 de
471 1985 527 2014 quo
548 1976 648 2005 ibidem
667 1976 778 2010 dicitur,
800 1975 922 2012 quierat
948 1986 961 2000 «
976 1974 1019 2003 vir
1033 1974 1139 2011 pilosus
1152 1977 1180 2003 et
1194 1982 1262 2003 zona

326 2031 399 2049 Lumbi.
417 2024 531 2061 pellicea
541 2023 680 2052 accinctus
695 2030 810 2051 renes».
823 2038 861 2043 —
873 2021 1066 2058 Praecingendi
1079 2023 1144 2049 sunt
1156 2020 1262 2054 lambi;

417 2071 505 2100 Lucae
520 2070 694 2099 duodecimo:
714 2081 728 2095 «
740 2069 798 2098 Sint
813 2069 899 2098 lumbi
915 2068 999 2097 vestri
1013 2068 1163 2105 praecincti
1175 2079 1189 2093 »
1209 2070 1260 2097 etc.

324 2124 400 2144 Pectus.
418 2134 455 2138 —
477 2116 710 2154 Praecingendum
731 2120 772 2145 est
790 2119 908 2153 peetus;
936 2115 1010 2152 quod
1030 2114 1182 2152 figuratum
1203 2118 1262 2149 est,

417 2164 591 2202 Apocalypsis
622 2164 725 2201 primo,
756 2171 807 2200 per
837 2163 915 2192 illum
947 2170 1031 2200 quem
1051 2162 1120 2191 vidit
1149 2162 1263 2191 loannes

287 2218 399 2242 Explicatin-
422 2223 435 2236 «
450 2211 637 2248 praecinctum
669 2210 703 2239 ad
731 2210 866 2239 mamillas
897 2218 966 2238 zona
995 2217 1081 2238 aurea
1096 2221 1123 2237 ».
1144 2225 1184 2229 —-
1212 2209 1262 2237 Per

414 2262 514 2296 peetus
534 2258 656 2295 intellige
684 2260 821 2291 mentem,
842 2265 893 2294 per
920 2265 1002 2286 renes
1015 2257 1174 2286 affectiones
1182 2276 1190 2291 -,
1212 2264 1262 2293 per

418 2305 528 2334 lambos
542 2305 663 2342 intellige
677 2312 804 2339 carnem;
827 2312 948 2342 quorum
970 2303 1137 2341 praecinctio
1158 2303 1263 2340 signifi-

418 2355 461 2381 cat
480 2352 617 2389 triplicem
637 2351 815 2381 munditiam:
836 2351 1004 2388 praecinctio
1022 2350 1161 2388 pectoris,
1183 2350 1263 2387 pudi-

418 2399 509 2428 citiam
537 2398 739 2436 coyitationisq
771 2397 937 2435 praecinctio
958 2406 1080 2432 renum,
1102 2397 1262 2434 pudicitiam

418 2444 594 2483 cl-ffeetionis;
605 2445 772 2482 praecinctio
787 2444 970 2478 lamborum,
985 2444 1181 2473 continentiam
1196 2452 1263 2472 car-

417 2492 473 2520 nis.
500 2503 513 2516 «
528 2492 647 2521 Lumbos
667 2492 739 2520 enim
754 2491 971 2528 praecingimus,
986 2494 1018 2520 ut
1031 2491 1069 2519 ait
1083 2490 1233 2526 Gregorius
1240 2490 1261 2525 ⁵,

482 2684 489 2696 ¹
507 2684 573 2707 Vers.
595 2685 628 2707 10.
645 2688 667 2707 et
685 2685 722 2708 ll.

481 2722 491 2735 ²
509 2723 574 2746 Vers.
591 2724 628 2746 28.
645 2736 677 2740 —
693 2724 750 2747 Tres
766 2730 831 2754 seqq.
846 2725 888 2747 loci
901 2727 953 2747 sunt
965 2725 1026 2747 ioan.
1039 2724 1082 2752 21,
1093 2724 1120 2753 7;
1136 2725 1171 2747 Ps.
1185 2724 1227 2753 44,
1239 2725 1262 2747 3.

420 2766 442 2785 et
457 2764 472 2785 1.
490 2762 593 2786 Machab.
610 2764 637 2792 3,
655 2763 692 2786 58.

481 2800 491 2813 3
508 2801 575 2824 Vers.
592 2802 628 2824 37.

481 2839 491 2852 ⁴³
508 2840 574 2863 Vers.
591 2841 618 2868 8,
635 2840 674 2863 ubi
692 2841 789 2869 Vulgata
806 2841 903 2865 renibus
920 2848 963 2870 pro
974 2848 1049 2866 renes.
1066 2855 1097 2859 —
1115 2841 1218 2865 Subinde
1230 2843 1262 2864 al-

419 2879 525 2907 legantur
541 2880 596 2902 Luc.
614 2880 655 2907 ⁴2,
673 2880 710 2903 35.
733 2883 755 2903 et
775 2881 847 2909 apoc.
866 2882 873 2903 vl
885 2898 891 2908 ,
910 2882 951 2910 13,
974 2882 996 2904 in
1019 2888 1089 2911 quern
1113 2882 1189 2904 locum
1207 2881 1262 2904 dicit

419 2917 498 2939 Glossa
521 2917 661 2941 ordinaria.-
682 2927 693 2938 α
706 2918 746 2941 Hic
771 2919 869 2947 legimus
891 2919 1057 2949 praecinctum
1076 2919 1108 2943 ad
1126 2919 1261 2948 mamillas,

419 2956 473 2985 quia
491 2957 513 2979 in
531 2957 556 2979 N.
574 2957 601 2979 T.
621 2958 688 2980 eliam
706 2958 856 2986 cogitationes
873 2959 1002 2982 iudicantur
1012 2968 1036 2982 n.

846 167 1070 197 COLLATIONES
1091 167 1123 196 lN
1145 166 1292 195 IOANNEM
1313 165 1381 193 CAP.
1404 164 1468 193 xm.
1490 164 1583 193 COLL.
1605 165 1691 193 XLIX.
1714 164 1741 193 L.

1318 250 1381 271 cum
1403 242 1495 271 carnis
1515 242 1658 271 luxuriam
1673 250 1723 279 per
1738 242 1933 271 continentiam
1954 245 2164 271 coarctamus».

1318 304 1355 310 —
1371 289 1413 318 Sic
1435 297 1501 325 ergo
1522 289 1672 325 praecincti
1693 289 1792 323 simus,
1812 291 1844 317 ut
1865 297 1919 317 non
1941 288 1976 317 sit
1996 288 2068 317 mala
2089 288 2165 326 eoyi-
2182 293 2274 319 Notandum

1319 334 1390 363 tatio
1410 335 1438 363 in
1461 337 1572 371 pectore
1599 342 1650 364 nec
1673 335 1746 363 mala
1767 334 1878 372 affectio
1899 334 1927 363 in
1953 334 2094 364 voluntate
2115 343 2165 364 nec

1318 381 1409 410 malus
1428 385 1524 410 motus
1545 381 1573 410 in
1596 389 1688 411 carne.

1398 427 1424 457 3.
1447 428 1635 462 Praeeinxit,
1657 428 1763 466 inquit,
1783 437 1821 457 se.
1844 429 1925 463 Nota,
1947 428 2021 466 quod
2048 428 2165 466 legimus
2182 418 2281 458 Quacum¹

1319 474 1346 503 in
1378 475 1522 512 Scriptura
1550 475 1671 512 aliquem
1693 475 1882 512 praecinctum
1907 475 1996 512 pelle;
2028 475 2164 513 aliquem,
2220 459 2288 515 Μ’]

1318 520 1407 558 fune;
1428 521 1566 558 aliquem,
1589 521 1672 550 linteo
1680 532 1690 555 ;
1711 522 1849 559 aliquem,
1871 530 1956 550 auro.
1978 538 2017 543 —
2039 522 2067 551 In
2093 522 2165 560 pelle
2182 526 2266 549 Primum.
2284 542 2289 563 ᾗ

1320 568 1491 605 significatur
1512 568 1687 597 mortificatio
1708 569 1811 603 carnis3
1834 569 1861 597 iu
1882 568 1968 606 fane,
1990 569 2166 599 observantia
2286 570 2289 576 ’

1320 615 1472 651 regularis;
1488 615 1515 643 in
1531 615 1626 650 linteo,
1649 615 1783 644 munditia
1804 616 1952 651 castitatis;
1968 616 1995 644 in
2016 624 2096 645 zona
2110 625 2165 645 att-

1320 669 1382 695 νεα,
1398 661 1540 690 vinculum
1555 662 1692 696 caritatis;
1708 662 1810 699 quibus
1824 662 1964 700 praecingi
1979 662 2060 692 debet
2074 663 2166 692 anima
2287 689 2290 700 ,

1320 708 1415 737 fidelis.
1432 724 1468 729 -
1491 708 1679 745 praecingitur
1700 716 1767 746 ergo
1788 709 1851 746 quis
1868 709 1959 746 μείζω
1978 709 2051 739 unde
2072 710 2165 747 quarti
2182 701 2293 747 secunaum}

1321 755 1424 791 Regum
1452 755 1564 792 primo⁶
1592 755 1695 784 dicitur
1726 755 1760 784 de
1791 756 1862 790 Elia,
1884 755 1959 793 quod
1979 759 2040 785 erat
2068 764 2166 786 «zona
2289 757 2293 794 ῑ

1319 801 1433 837 pellicea
1453 801 1594 830 accinctus
1615 809 1697 830 renes
1711 812 1738 836 »;
1760 804 1788 830 et
1802 801 1873 831 idem
1889 801 1992 831 dicitur
2012 802 2046 831 de
2066 802 2165 831 Ioanne

1319 848 1448 884 Baptista,
1464 848 1545 877 Marci
1568 849 1666 885 primo.
1680 861 1717 869 -ι
1730 848 1920 886 Praecingitur
1940 849 2004 886 quis
2016 847 2104 886 sime,-
2119 849 2165 878 Iob
2182 854 2268 875 Tertium.
2291 857 2292 860 ¹

1318 894 1496 924 duodecimo:
1523 907 1536 920 «
1552 895 1674 924 Balteum
1696 903 1794 933 regum
1820 895 1945 925 dissolvit
1966 899 1993 925 et
2014 896 2166 933 praecingit

1319 942 1385 971 sune
1414 950 1495 971 renes
1523 950 1619 971 eorum
1635 954 1661 971 ».
1685 959 1721 964 —
1748 943 1937 980 Praecingitur
1968 943 2031 980 quis
2063 943 2165 977 linteo,-

1320 988 1426 1016 loannis
1457 988 1563 1017 decimo
1595 989 1699 1017 tertio⁷
1730 988 1764 1018 de
1792 989 1874 1018 Iesu:
1907 988 1980 1018 Cum
2008 989 2164 1026 accepisset

1320 1034 1455 1069 linteam,
1474 1035 1643 1072 praecinxit
1663 1044 1700 1064 se.
1715 1052 1754 1056 υ-
1772 1035 1961 1072 Praecingitur
1982 1035 2046 1073 quis
2066 1044 2162 1070 auro;
2180 1041 2273 1065 Quartum·

1319 1081 1494 1118 Apocalypsis
1514 1082 1605 1118 primo
1625 1082 1659 1110 de
1672 1082 1739 1110 Filio
1760 1082 1888 1116 hominis,
1903 1089 1987 1119 quem
2002 1081 2070 1110 vidit
2088 1082 2163 1111 loan—
2295 1079 2296 1084 ¹

1319 1136 1368 1157 nes
1386 1129 1600 1165 «praecinctum
1621 1128 1655 1157 ad
1678 1129 1812 1157 mamillas
1834 1137 1902 1157 zona
1922 1136 2008 1157 aurea
2022 1140 2049 1157 ιι.
2065 1128 2093 1157 In
2108 1137 2164 1166 quo

1319 1175 1500 1212 significatur,
1515 1175 1590 1212 quod
1609 1175 1741 1205 debemus
1755 1175 1827 1213 cingi
1839 1175 1909 1213 pelle
1928 1175 2165 1213 mortificationis

1319 1222 1347 1250 in
1368 1230 1466 1257 carne,
1497 1221 1569 1259 fune
1589 1222 1789 1251 observantiae
1810 1223 1960 1260 regularis
1990 1223 2018 1251 in
2049 1230 2165 1252 conver-

1319 1269 1439 1304 satione,
1461 1270 1546 1298 linteo
1567 1266 1713 1299 castitalis
1744 1270 1772 1299 in
1793 1273 1903 1305 mente,
1924 1278 2004 1299 zona
2029 1270 2165 1299 caritatis

1320 1316 1432 1354 ubique.

1653 1419 1793 1443 COLLATlO
1811 1421 1834 1443 L.

1398 1505 1487 1541 (Vers.
1511 1505 1558 1542 6.).
1582 1506 1718 1540 Domine,
1741 1510 1772 1534 tu
1794 1505 1869 1535 milii
1888 1506 1973 1535 lavas
1991 1505 2099 1543 pedes?

1401 1553 1424 1580 l.
1448 1552 1476 1580 ln
1498 1552 1591 1581 verbis
1612 1552 1671 1581 istis
1691 1553 1748 1581 duo
1768 1552 1924 1582 admiratur
1945 1553 2056 1582 Petrus:
2078 1552 2166 1581 excel-
2183 1559 2261 1579 Divisio.

1320 1597 1437 1627 lentiam
1451 1599 1577 1633 Domini,
1590 1607 1653 1628 cum
1668 1599 1746 1628 dicit:
1759 1600 1897 1633 Domine,·
1912 1599 2105 1629 humilitatem
2118 1599 2166 1629 ob-

1318 1645 1426 1684 seqziiz',
1448 1653 1511 1674 cum
1534 1646 1693 1683 subiungit:
1721 1647 1764 1675 Tu
1778 1646 1852 1675 milii
1873 1647 1957 1676 lavas
1969 1646 2076 1684 pedes?

1405 1693 1465 1727 Tu,
1480 1693 1583 1730 inquit,
1598 1692 1672 1722 milii
1692 1693 1776 1722 lavas
1794 1693 1879 1731 pedes
1890 1694 1904 1722 ἕ)
1918 1694 1995 1729 Nota,
2017 1694 2091 1732 quod
2113 1694 2166 1723 tria
2177 1700 2292 1720 Trialavamiae

1320 1739 1435 1768 lavanda
1453 1743 1518 1768 sunt
1533 1740 1560 1768 in
1575 1740 1662 1769 nobis.
1682 1740 1838 1769 Lavandum
1853 1743 1896 1770 est
1909 1741 1982 1770 enim
2002 1745 2104 1779 caput,
2116 1750 2166 1779 pe-

1320 1786 1369 1815 des
1389 1790 1417 1815 et
1437 1795 1554 1815 manus.
1578 1803 1615 1808 —-
1636 1787 1795 1816 Lavandum
1809 1790 1851 1816 est
1869 1791 1961 1825 eaput
1980 1788 2148 1817 intentionis
2155 1799 2166 1823 ;
2183 1794 2251 1819 Garut-

1320 1833 1403 1862 Isaiae
1430 1834 1558 1871 primoss:
1592 1834 1776 1869 «Lavamini,
1805 1835 1901 1863 mundi
1929 1837 2030 1870 estote,
2058 1835 2166 1865 auferte

1320 1880 1424 1908 malum
1445 1880 1642 1917 cogitationum
1664 1884 1821 1920 vestrarum
1842 1874 1878 1910 ab
1898 1881 1986 1913 oculis
2006 1881 2075 1911 meis
2089 1892 2116 1917 »;
2138 1884 2166 1911 et

1320 1927 1449 1956 Ieremiae
1470 1930 1586 1964 quarto:
1607 1939 1620 1953 «
1632 1928 1703 1956 Lava
1721 1936 1737 1956 a
1757 1928 1861 1957 malitia
1883 1931 2043 1963 cortuum,
2058 1928 2166 1958 Ierusa-

1320 1974 1389 2009 lem,
1409 1977 1441 2003 ut
1462 1975 1537 2003 salva
1562 1975 1650 2004 tias».
1675 1992 1714 1995 —
1738 1975 1856 2004 Lavandi
1878 1975 1960 2004 etiam
1989 1979 2055 2005 sunt
2079 1975 2166 2013 pedes
2182 1982 2250 2001 Pedes.

1319 2020 1497 2059 affectio·nis;
1518 2021 1694 2050 Canticorum
1709 2022 1806 2059 quinto
1818 2022 1845 2050 ⁰:
1869 2033 1883 2047 «
1894 2022 1957 2051 Lavi
1977 2022 2059 2059 pedes
2073 2030 2165 2058 meos,

1319 2068 1457 2105 quomodo
1477 2068 1660 2105 coinquinabo
1681 2068 1742 2097 illos
1753 2071 1786 2097 n?
1802 2069 1833 2097 Et
1854 2068 1962 2098 Ioannis
1982 2068 2089 2098 decimo
2109 2071 2166 2098 ter-

1319 2114 1372 2143 tio:
1392 2114 1471 2151 «Qui
1492 2114 1565 2143 lotus
1585 2118 1626 2144 est
1647 2123 1701 2143 non
1717 2115 1832 2153 indiget,
1847 2114 1899 2144 nisi
1921 2118 1953 2144 ut
1974 2115 2057 2153 pedes
2079 2115 2164 2151 lavet,

1319 2161 1367 2190 sed
1381 2164 1423 2191 est
1442 2161 1562 2190 mundus
1583 2165 1658 2191 totus
1670 2174 1695 2190 ».
1715 2178 1753 2182 —
1768 2162 1910 2191 Lavandae
1931 2165 1996 2191 sunt
2020 2165 2165 2199 praeterea
2182 2170 2254 2189 Manus.

1319 2217 1428 2236 manns
1439 2208 1632 2245 operationis;
1647 2209 1783 2238 Psalmus:
1802 2221 1816 2234 «τ
1827 2209 1934 2238 Lavabo
1948 2209 2020 2238 inter
2035 2209 2166 2239 innocen-

1319 2258 1360 2284 tes
1372 2263 1472 2284 manus
1483 2263 1566 2290 meas,
1578 2259 1605 2284 et
1616 2255 1795 2285 circumdabo
1809 2256 1896 2285 altare
1908 2258 1997 2290 tuum,
2013 2256 2127 2285 Domine
2136 2267 2164 2285 ».

1318 2319 1357 2323 -
1371 2302 1415 2331 Sic
1429 2310 1495 2339 ergo
1510 2302 1563 2331 tria
1581 2303 1696 2332 lavanda
1716 2306 1782 2332 sunt
1800 2303 1828 2332 in
1849 2303 1942 2336 nobis;
1957 2303 1991 2332 de
2006 2303 2109 2341 quibus
2127 2303 2166 2332 ait

1320 2349 1417 2378 Petrus
1437 2349 1544 2378 loannis
1558 2349 1664 2378 decimo
1685 2350 1783 2379 tertio:
1814 2361 1828 2375 «
1842 2350 1970 2385 Domine,
1985 2358 2041 2379 non
2056 2353 2164 2379 tantum

1319 2395 1417 2433 pedes,
1439 2396 1486 2425 sed
1511 2399 1538 2425 et
1556 2404 1656 2425 manus
1676 2400 1704 2425 et
1718 2399 1841 2434 caput».

1398 2445 1424 2472 2.
1447 2443 1516 2472 Haec
1536 2447 1630 2472 autem
1651 2443 1705 2472 tria
1724 2444 1840 2472 lavanda
1860 2446 1926 2473 sunt
1940 2444 2040 2481 triplici
2054 2444 2164 2473 lotione.
2181 2451 2264 2478 egilane
2275 2449 2296 2469 nri

1320 2490 1439 2518 Lavatur
1453 2490 1525 2519 enim
1541 2490 1644 2527 aliquid
1659 2490 1693 2519 ad
1706 2491 1940 2519 emandationem
1952 2491 2050 2520 sordis
2066 2491 2165 2528 primo,
2181 2475 2296 2499 ¹³¹¹⁶¹¹⁰²¹⁰M

1381 2683 1390 2696 ⁵
1407 2684 1467 2707 Libr.
1486 2685 1501 2707 1.
1518 2684 1600 2707 Homil.
1618 2684 1642 2706 in
1658 2685 1747 2712 Evang.
1765 2685 1843 2707 homil.
1868 2684 1904 2707 13.
1926 2691 1949 2706 ιι.
1973 2685 1995 2706 1.
2016 2696 2047 2701 -
2068 2684 2164 2707 inferius

1318 2730 1361 2752 pro
1374 2722 1507 2753 praecincti
1521 2722 1597 2746 simus
1614 2722 1656 2746 BC
1670 2722 1843 2753 praecingendi
1857 2729 1949 2746 sumus.

1380 2761 1390 2775 ⁶
1409 2763 1472 2785 Vers.
1491 2763 1512 2785 8.
1530 2763 1589 2786 Vide
1606 2768 1676 2791 supra
1693 2765 1771 2785 notam
1789 2762 1811 2785 4.
1823 2774 1855 2779 —
1867 2762 1999 2792 Sequuntur
2014 2762 2082 2785 Marc.
2104 2762 2125 2791 1,
2142 2762 2163 2784 6.

1318 2805 1340 2825 et
1356 2802 1396 2825 ioh
1414 2803 1455 2830 ⁴2,
1475 2802 1511 2824 18.

1380 2839 1389 2853 ⁷
1407 2841 1473 2864 Vers.
1491 2841 1513 2863 4.
1532 2853 1563 2858 —
1579 2840 1682 2863 Subinde
1699 2841 1812 2869 allegatur
1829 2841 1903 2869 Apoc.
1921 2840 1946 2868 1,
1965 2840 2003 2863 13.

1381 2879 1390 2892 ¹³
1407 2880 1474 2903 Vers.
1492 2880 1527 2903 16.
1545 2892 1576 2897 -
1593 2880 1703 2909 Sequitur
1719 2880 1759 2903 ler.
1777 2879 1804 2909 4,
1822 2879 1859 2902 11.

1381 2918 1391 2932 ⁹
1408 2920 1472 2943 Vers.
1490 2920 1511 2942 3.
1528 2931 1559 2936 --
1576 2920 1632 2942 Tres
1649 2925 1715 2949 seqq.
1731 2919 1774 2942 loci
1786 2922 1839 2942 sunt
1853 2920 1915 2942 ioan.
1928 2919 1969 2946 13,
1983 2919 2024 2947 1ος
2037 2918 2072 2941 Ps.
2085 2919 2128 2946 25,
2141 2918 2164 2941 6.

1319 2961 1341 2982 et
1357 2959 1418 2982 loan.
1439 2959 1478 2986 13,
1495 2959 1517 2981 9.
