2296 3316
324 422 379 445 Resp⁴

292 937 348 960 Resp.
364 937 379 955 1.

293 1172 348 1194 llesp.
362 1171 379 1189 2.

399 151 455 180 452

477 229 503 256 2.
527 228 607 260 ltem,
639 226 666 254 in
695 224 784 262 patria
814 224 867 253 erit
888 223 977 252 multo
1007 223 1095 251 maior
1126 222 1242 256 caritas,

398 281 481 311 quam
502 273 537 301 sit
557 273 584 300 in
608 271 664 305 via;
687 270 754 308 quid
768 273 809 299 est
823 278 902 307 ergo,
917 268 992 306 quod
1013 268 1079 297 dicit
1099 268 1244 297 maiorem

399 320 550 349 caritatem
571 321 643 348 etc?

476 367 653 399 RespoNnEo,
675 365 749 402 quod
771 365 823 393 hoc
841 372 896 392 non
917 363 1020 392 dicitur
1045 365 1181 400 quantum
1210 362 1244 391 ad

398 413 530 442 habitum
551 412 685 445 caritatis,
707 411 750 440 vel
771 414 871 439 actam
890 410 953 439 eius
970 409 1182 447 praecipuum,-
1196 408 1245 437 sed

398 463 534 497 quantum
562 459 595 487 ad
626 458 745 496 signum
776 458 818 487 vel
849 456 995 495 effectum,
1026 456 1093 494 quia
1123 456 1175 485 hoc
1203 457 1245 484 est

399 506 579 543 praepruum
600 505 710 542 signum
730 504 886 533 dilectionis
898 505 916 532 ¹.

475 555 521 582 27.
544 554 653 589 Quaest.
677 552 716 580 lll.
740 552 791 581 Sed
812 555 880 580 tunc
900 550 1047 580 obiicitur:
1069 550 1135 587 quia
1155 549 1245 578 maius

398 605 438 630 est
460 608 510 637 pro
532 600 641 628 inimico
663 599 733 628 mori
755 607 838 636 quam
864 607 914 635 pro
935 598 1039 627 amico:
1061 605 1127 634 ergo
1154 596 1246 625 adhuc

398 656 452 676 non
466 650 507 676 est
529 647 682 675 maximum
698 646 807 683 signum
822 645 976 674 dilectionis
990 644 1060 673 mori
1080 651 1131 681 pro
1144 643 1245 677 amico;

398 694 470 723 unde
484 694 577 731 arguit
591 694 736 730 Apostolus
757 693 791 722 ad
806 693 940 722 Romanos
954 692 1052 729 quinto
1064 691 1074 708 ²
1089 699 1139 728 per
1154 691 1245 719 locum

398 750 417 769 a
431 740 543 769 minori
551 751 559 769 .·
576 740 617 774 δι’,
633 745 699 769 eum
714 740 829 769 inimici
841 748 981 773 essemus,
1002 737 1184 767 reconciliati
1196 746 1246 769 sur

398 797 464 817 mus
488 789 543 817 Deo
562 797 615 825 per
636 791 758 816 mortem
780 786 851 815 Filii
870 787 950 820 θένα
971 786 1062 814 mutto
1084 785 1181 822 magis
1201 793 1246 813 re-

400 836 548 865 conciliati
567 835 644 864 salvi
664 835 776 863 erimus
796 834 828 862 in
848 834 910 862 vita
931 833 1034 870 ipsius.

477 883 514 912 Ad
536 883 588 911 hoc
610 881 757 919 respondet
774 880 923 917 Gregorius
934 880 954 914 ³,
977 879 1052 917 quod
1073 879 1125 908 hoc
1147 886 1246 907 nomen

398 930 502 958 amicis
523 938 577 958 non
600 932 706 957 tantum
728 927 859 964 supponit
880 935 930 964 pro
951 926 995 955 his
1019 926 1067 964 qui
1096 926 1246 954 Dominum

397 977 560 1014 diligebant,
583 976 628 1005 sed
658 976 740 1004 etiam
769 983 819 1012 pro
840 974 974 1008 inimicis,
1001 974 1067 1010 quia
1091 973 1171 1001 amici
1193 973 1246 1001 Do-

398 1024 463 1053 mini
496 1027 589 1057 erant,
621 1022 753 1059 quoniam
784 1021 918 1050 Dominus
949 1028 996 1049 eos
1028 1020 1153 1053 amabat,
1178 1019 1246 1048 dum

395 1080 450 1108 pro
472 1071 513 1099 eis
534 1070 666 1098 animam
688 1077 777 1097 suam
795 1068 929 1106 ponebat.

474 1118 523 1147 Vel
544 1116 767 1154 intelligendum,
783 1116 858 1153 quod
872 1116 1006 1144 Dominus
1028 1115 1194 1152 loquebatur
1214 1114 1248 1143 de

397 1165 541 1194 dilectione
562 1164 729 1198 amicorum,
745 1166 771 1192 et
786 1166 923 1201 quantum
937 1163 971 1191 ad
986 1162 1060 1191 illam
1073 1162 1247 1191 dilectionem

398 1212 507 1241 nullum
518 1211 608 1240 maius
623 1211 733 1247 signum
755 1218 838 1248 quam
854 1209 924 1238 mori
940 1218 991 1246 pro
1005 1209 1106 1243 amico3
1122 1208 1248 1237 similiter

398 1262 534 1297 quantum
548 1258 582 1287 ad
596 1258 770 1287 dilectionem
786 1257 961 1286 inimicorum
976 1265 1085 1290 veram;
1108 1264 1171 1284 nam
1186 1255 1249 1284 nul-

400 1307 456 1334 lum
473 1305 561 1334 maius
576 1305 685 1342 signum
704 1313 787 1342 quam
810 1304 880 1333 mori
902 1312 954 1341 pro
968 1304 1087 1332 inimico.
1103 1302 1178 1332 Unde
1193 1311 1247 1331 non

399 1356 511 1382 notatur
532 1353 577 1381 hic
599 1360 732 1381 excessus
752 1352 933 1389 simpliciter,
955 1351 1003 1380 sed
1025 1351 1055 1380 in
1074 1359 1177 1388 yenere
1187 1351 1207 1378 ⁴².

478 1400 524 1428 28,
550 1400 661 1436 Quaest.
677 1399 718 1427 IV.
742 1399 807 1427 [tem
827 1398 973 1436 quaeritur
994 1397 1028 1426 de
1046 1398 1098 1426 hoc
1119 1396 1194 1434 quod
1208 1396 1248 1425 di—

400 1447 451 1476 cit:
474 1447 539 1476 Iam
561 1455 620 1475 non
641 1447 738 1475 dicam
760 1454 810 1474 vos
831 1454 937 1474 servos.

478 1494 607 1523 CONTRA:
633 1495 656 1522 l.
686 1493 814 1522 Matthaei
843 1492 974 1530 vigesimo
996 1491 1132 1529 quinto⁵:
1158 1492 1248 1528 Euye,

399 1550 480 1570 serve
502 1541 571 1570 bone
591 1545 617 1570 et
635 1541 746 1578 fidelis;
767 1543 795 1570 et
822 1540 844 1570 si
870 1544 949 1569 vocat
973 1539 1169 1568 beatificandos
1190 1546 1266 1568 ser-.

464 1768 471 1781 ¹
489 1769 568 1791 Glossa
586 1767 747 1791 interlinearis
764 1768 787 1790 in
804 1768 865 1790 hunc
882 1768 972 1790 locum:
984 1767 1071 1790 Ponere
1087 1767 1189 1789 animam
1206 1772 1249 1794 pro

400 1808 480 1832 amicis
502 1814 548 1830 non
570 1809 604 1830 est
625 1807 729 1835 dilectio,
753 1807 795 1829 sed
816 1807 910 1829 effectus
931 1806 1067 1829 dilectionis.
1089 1805 1166 1829 csr.1.
1188 1806 1248 1828 Sent.

399 1848 422 1870 d.
444 1848 479 1870 17.
496 1854 519 1875 p.
535 1847 550 1869 l.
568 1846 624 1869 dub.
642 1846 668 1868 7:
686 1846 733 1868 Hoc
751 1845 883 1875 [Dominus]
901 1846 956 1868 dicit
973 1848 1085 1874 quantum
1103 1845 1132 1867 ad
1155 1845 1248 1873 signum

400 1890 423 1910 et
444 1887 580 1910 exteriorem
603 1886 764 1908 ostensionem.
787 1885 847 1908 Vide
869 1885 937 1907 etiam
959 1886 983 1907 ll.
1006 1885 1067 1907 Sent.
1090 1885 1114 1907 d.
1131 1885 1168 1907 28.
1186 1890 1207 1906 a.
1226 1884 1247 1906 i.

400 1933 424 1956 q.
441 1926 462 1949 3.
480 1925 510 1948 ad
527 1925 548 1948 5.

463 1964 472 1977 ²
489 1965 555 1987 Vers.
574 1965 612 1987 10.
628 1977 659 1981 -
675 1963 799 1992 Bernard.‚
823 1964 895 1986 Serm.
918 1963 948 1986 de
970 1963 1077 1991 passione
1100 1963 1205 1991 Domini,
1226 1962 1250 1985 in

401 2005 455 2027 seria
474 2004 510 2027 lV.
529 2003 690 2026 hebdomadae
707 2006 810 2031 sanctae,
826 2009 849 2024 n.
867 2002 894 2024 4:
911 2003 945 2024 Tu
959 2002 1070 2024 maiorem
1083 2001 1196 2030 habuisti,
1209 2001 1250 2024 Do-

401 2044 475 2074 mine,
493 2049 581 2072 ponens
597 2049 649 2065 eam
667 2042 735 2065 etiam
753 2048 796 2070 pro
820 2042 925 2064 inimicis.
946 2041 1003 2064 Cum
1026 2041 1087 2063 enim
1110 2041 1187 2063 adhuc
1209 2040 1251 2063 ini-

401 2084 455 2107 mici
471 2089 588 2111 essemus,
605 2088 647 2111 per
664 2085 763 2104 mortem
781 2085 843 2104 tuam
861 2084 883 2103 et
900 2080 940 2104 tibi
963 2080 1101 2103 reconciliati
1124 2087 1206 2103 sumus
1229 2082 1249 2102 et

401 2123 468 2146 Patri.

463 2160 473 2173 ³
489 2161 552 2184 Libr.
568 2161 593 2184 ll.
610 2161 693 2183 Homil.
710 2160 733 2182 in
756 2161 844 2188 Evang.
867 2160 947 2182 homil.
964 2160 1001 2182 27.
1019 2166 1039 2181 n.
1058 2159 1085 2181 2:
1103 2159 1157 2181 Mori
1181 2159 1249 2181 etiam

402 2208 444 2230 pro
461 2201 560 2224 inimicis
576 2200 689 2223 Dominus
704 2203 811 2228 venerat,
828 2202 851 2222 et
867 2202 945 2222 tamen
962 2199 1091 2227 positurum
1108 2204 1133 2220 se
1149 2198 1249 2220 animam

403 2247 445 2269 pro
464 2240 545 2263 amicis
566 2239 670 2267 dicebat,
688 2242 713 2262 ut
734 2240 837 2267 profecto
859 2238 926 2260 nobis
949 2238 1092 2265 ostenderet,
1109 2238 1175 2267 qnia,
1193 2237 1250 2259 dum

403 2280 519 2308 diligendo
536 2280 625 2302 lucrum
643 2280 717 2302 faeere
734 2278 763 2301 de
780 2278 879 2300 inimicis
896 2284 1034 2306 possumus,
1046 2278 1115 2300 etiam
1127 2277 1171 2305 ipsi
1183 2277 1250 2299 amici

403 2323 466 2347 sunt,
483 2320 523 2348 qui
541 2322 719 2347 persequuntur.
742 2330 773 2335 --
795 2317 889 2340 Inferius
913 2316 1035 2345 respicitur
1057 2317 1118 2339 ioan.
1142 2316 1183 2343 ²10,
1208 2315 1250 2338 ⁴5:

404 2359 508 2381 Animam
526 2364 602 2380 meam
620 2364 681 2386 pono
699 2364 741 2386 pro
758 2356 843 2379 ovibus
860 2356 926 2378 meis.

466 2397 475 2410 ⁴
493 2398 598 2424 Aris-tot,
617 2397 643 2419 V.
661 2398 759 2424 Metaph.
777 2399 830 2419 text.
846 2397 884 2418 21.
903 2396 949 2422 (lV.
966 2402 985 2418 c.
1001 2396 1046 2424 16.)
1058 2404 1062 2417 ;
1075 2395 1194 2423 Quaedam
1207 2394 1251 2424 [di-

404 2440 487 2460 cuntur
503 2435 629 2465 persecta],
646 2442 673 2458 eo
690 2436 752 2465 quod
771 2435 899 2457 secundum
926 2434 986 2457 bene
1012 2435 1034 2456 in
1059 2434 1121 2456 nullo
1140 2434 1252 2456 deficiunt

405 2482 446 2498 nec
463 2475 548 2498 nabent
559 2475 584 2498 in
594 2474 676 2504 aliquo
693 2480 778 2504 genere
789 2480 922 2502 eaecessum,
934 2480 977 2496 nec
988 2476 1022 2495 est
1033 2473 1162 2502 quidquam
1175 2475 1250 2499 extra3

404 2515 518 2544 quaedam
526 2533 531 2542 ,
543 2521 570 2537 eo
582 2514 646 2543 quod
658 2515 753 2536 omnino
765 2513 789 2536 in
801 2519 944 2542 unoquoque
963 2518 1048 2542 ,ορκον-ε
1064 2517 1189 2535 eoecessum
1205 2518 1251 2534 non

405 2554 500 2582 habent,
511 2560 554 2576 nee
570 2554 699 2583 quidquam
717 2556 752 2576 est
768 2556 839 2575 extra.
857 2552 902 2575 Csr.
921 2553 952 2575 lll.
971 2553 1033 2574 SenL
1050 2551 1074 2574 d.
1086 2551 1123 2574 30.
1136 2557 1159 2579 q.
1171 2551 1199 2577 6,
1211 2549 1251 2573 ubi

406 2594 527 2622 inquiritur
537 2602 542 2615 :
559 2594 640 2616 Utrum
657 2593 686 2615 sit
704 2593 797 2615 maioris
808 2592 956 2620 perfectionis
967 2594 990 2614 et
1002 2591 1078 2613 meriti
1089 2590 1186 2618 diligere
1197 2590 1252 2612 ami-

405 2639 471 2660 cum,
489 2638 517 2654 an
534 2632 632 2660 diligere
648 2632 776 2654 inimicum.

468 2669 477 2682 ⁶
495 2671 560 2693 Vers.
579 2671 615 2693 21.

468 2708 477 2721 ⁸
495 2710 560 2732 Vers.
580 2710 658 2732 43-15.
674 2722 705 2726 —
721 2710 815 2737 Eoetb.,
839 2710 871 2731 lli.
887 2709 918 2732 de
935 2708 1072 2731 Differentiis
1088 2708 1171 2736 topic.,
1194 2708 1253 2729 hanc

407 2749 530 2772 maximam
548 2755 591 2777 pro
607 2750 657 2771 loco
674 2755 688 2772 a
705 2748 811 2772 relativis
829 2749 922 2771 statuit:
943 2756 953 2768 α
966 2749 988 2770 ln
1001 2747 1102 2770 relativis
1113 2751 1190 2769 autem
1203 2746 1253 2769 abs-

406 2794 452 2817 que
469 2794 494 2810 se
510 2788 605 2810 relativa
622 2794 672 2810 esse
695 2794 742 2810 non
759 2794 861 2816 posse».
881 2787 925 2810 Csr.
943 2788 1048 2814 Aristot„
1065 2787 1095 2809 de
1111 2786 1253 2808 Praedicam.

407 2833 426 2849 c.
444 2826 471 2849 de
488 2826 524 2850 his
541 2833 601 2856 quae
618 2826 650 2849 ad
666 2826 757 2856 aliquid
781 2827 805 2855 (i.
822 2833 843 2849 e.
859 2826 984 2855 relativis),
1002 2826 1042 2848 ubi
1059 2825 1127 2848 etiam
1145 2825 1254 2852 occurrit,

407 2866 471 2894 quod
487 2866 590 2888 converti
603 2866 705 2893 possint:
717 2872 799 2888 servus
811 2865 900 2888 domini
912 2871 1006 2893 servus,
1019 2868 1041 2887 et
1051 2872 1056 2886 :
1068 2865 1177 2887 dominus
1191 2864 1253 2886 servi

406 2905 524 2928 dominus.

469 2942 478 2956 ⁷
496 2945 606 2972 August,
622 2944 646 2966 in
669 2944 730 2966 loan.
752 2944 841 2972 Evang.
858 2947 885 2966 tr.
903 2943 939 2966 85.
957 2950 981 2966 n.
997 2944 1026 2966 3:
1048 2943 1111 2966 Sicut
1127 2943 1189 2965 enim
1206 2942 1253 2965 duo

1011 144 1181 173 COMMENT.
1204 144 1236 173 ΙΝ
1257 143 1403 173 ΙΟΑΝΝΕΜ
1425 143 1453 172 C.
1476 143 1530 172 XV.

1300 230 1364 256 vos,
1392 222 1460 259 quid
1486 224 1529 251 est
1554 229 1637 259 ergo,
1665 221 1740 259 quod
1767 221 1851 251 dicit:
1880 221 1946 250 Non
1972 221 2071 250 dicam
2098 230 2149 250 vos

1300 268 1420 298 seruos?

1380 317 1407 344 2.
1430 316 1510 350 Item,
1525 324 1612 353 supra
1625 316 1732 345 decimo
1747 316 1830 345 tertio
1840 315 1852 333 ⁶
1865 314 1939 345 dixit
1954 323 1984 345 se
1997 316 2150 345 dominum

1301 371 1420 392 eorum:
1441 370 1509 400 ergo
1529 371 1550 392 α,
1570 363 1702 392 relativis
1722 365 1750 392 et
1770 363 1832 392 illos
1852 362 1925 391 dixit
1943 371 2050 391 servos.
2283 375 2285 398 l

1381 409 1558 438 Resrounno:
1581 409 1747 444 Dicendum,
1769 409 1844 447 quod
1857 417 1962 438 semus
1982 409 2085 439 dicitur
2099 409 2151 438 du·
2162 416 2230 458 ᾱιῑορρ
2242 421 2271 438 ce

1302 456 1426 494 pliciter:
1448 464 1505 485 uno
1525 457 1619 491 modo,
1641 460 1726 494 prout
1746 456 1813 486 dicit
1832 456 2017 486 obedientiam
2038 460 2066 486 et
2086 457 2152 486 sub-
2162 425 2285 499 ω’ωωῖῑ

1302 503 1462 538 iectionem3
1484 506 1512 533 et
1531 504 1571 533 sic
1585 511 1684 533 servus
1705 512 1760 533 non
1773 504 1955 541 distinguitur
1975 506 2072 533 contra
2085 504 2153 533 ami·
2266 503 2270 529 ἕ
2285 511 2287 547 j

1302 557 1383 585 cum,
1411 553 1440 580 et
1460 550 1500 580 sic
1527 558 1624 580 omnes
1644 550 1724 580 amici
1750 551 1798 579 Dei
1820 554 1886 579 sunt
1907 550 1980 580 servi
2005 550 2074 580 eius.
2096 551 2153 580 Alio

1303 597 1386 626 modo
1406 606 1510 627 semus
1537 598 1640 626 dicitur
1661 598 1799 627 serviliter
1821 598 1933 633 timens;
1958 601 1986 627 et
2006 598 2083 632 talis,
2104 598 2153 635 qui

1303 645 1362 674 solo
1384 645 1483 674 timore
1504 645 1606 679 servit,
1634 645 1742 674 amicus
1761 653 1816 674 non
1844 648 1904 680 est3
1926 648 1954 674 et
1973 645 2008 674 de
2032 645 2079 674 tali
2108 645 2153 674 hic

1304 691 1438 728 loquitur,
1460 691 1527 729 quia
1547 691 1673 726 nolebat,
1694 691 1769 728 quod
1790 691 1919 720 mandata
1935 691 1996 720 eius
2016 691 2154 720 serviliter

1305 738 1464 776 implerent,
1486 738 1533 767 sed
1556 738 1648 776 potius
1669 738 1850 767 amicabiliter
1862 738 1882 767 ⁷.

1383 787 1429 815 29.
1451 786 1562 823 Quaest.
1584 786 1615 814 V.
1638 786 1704 814 Item
1726 785 1872 823 quaeritur
1893 785 1927 815 de
1947 786 2001 815 hoc
2024 786 2100 823 quod
2113 786 2154 815 di-
2186 792 2190 795 ’

1304 833 1356 862 cit:
1374 833 1495 867 Omnia,
1517 841 1715 871 qaaecumque
1728 832 1835 861 audivi
1847 841 1868 862 α
1884 833 1973 861 Patre
1993 841 2069 867 meo,
2083 836 2154 862 'nota

1303 879 1361 918 feci
1373 880 1462 909 vobis.
1476 896 1513 901 —-
1526 880 1654 909 Contra.-
1676 879 1786 909 Audivit
1799 880 1883 909 Filius
1903 888 1920 909 a
1934 880 2014 909 Patre
2035 880 2154 935 infinita,

1303 935 1370 965 ergo
1390 930 1456 956 nota
1476 927 1541 956 fecit
1560 927 1676 956 infinita.

1383 973 1572 1010 Respondent,
1604 973 1679 1011 quod
1707 982 1762 1002 non
1793 973 1919 1011 loquitur
1949 973 1983 1002 de
2011 973 2055 1002 his
2083 981 2155 1011 quae
2171 981 2254 1006 napi

1304 1020 1410 1050 audivit
1430 1020 1585 1049 secundum
1605 1020 1681 1058 quod
1708 1021 1797 1055 Deus,
1823 1020 1871 1050 sed
1899 1020 2052 1050 secundum
2081 1020 2156 1058 quod

1274 1086 1275 1089 =
1305 1068 1420 1097 homo.
1399 1068 1411 1084 ⁸

1387 1114 1531 1144 Obiicitur
1546 1118 1629 1144 tunc:
1645 1115 1711 1152 quia
1725 1115 1798 1144 diem
1812 1115 1905 1144 iudicii
1926 1115 2011 1144 homo
2028 1115 2156 1144 Christus
2173 1122 2263 1142 omitum.

1305 1162 1396 1196 novit,
1419 1164 1510 1191 tamen
1531 1162 1675 1199 discipulis
1696 1162 1821 1191 revelare
1842 1162 1931 1191 noluit
1942 1162 1962 1191 ⁹.
1984 1178 2024 1183 —
2038 1162 2154 1199 Propter
2172 1162 2296 1201 nepiioatulg

1306 1209 1359 1238 hoc
1380 1209 1548 1246 respondent
1568 1209 1655 1244 ultra,
1671 1209 1746 1246 quod
1766 1209 1859 1238 omnia
1876 1209 2043 1247 pertinentia
2057 1209 2092 1238 ad
2113 1217 2156 1238 sa·
2290 1204 2291 1222 ¹

1306 1256 1401 1285 lutem.
1414 1272 1451 1277 —
1465 1256 1591 1285 Contra:
1603 1256 1675 1285 infra
1685 1256 1792 1285 decimo
1803 1260 1884 1286 sexto
1896 1257 1932 1286 ¹⁰:
1945 1255 2051 1286 Adhuc
2061 1255 2155 1285 multa
2172 1264 2244 1283 eontra.
2290 1271 2292 1282 i

1306 1302 1394 1331 habeo
1408 1302 1490 1332 vobis
1503 1303 1614 1337 dicere,
1629 1311 1705 1341 quae
1718 1312 1777 1332 non
1788 1303 1907 1340 potestis
1918 1307 2041 1341 portare
2054 1302 2155 1337 modo;

1305 1353 1333 1379 et
1353 1353 1475 1384 constat,
1497 1350 1572 1387 quod
1593 1350 1627 1379 ad
1648 1358 1747 1379 eorum
1768 1350 1902 1379 salutem:
1924 1358 1991 1387 ergo
2011 1352 2063 1379 etc.

1385 1397 1539 1434 Respondet
1559 1397 1730 1435 Augustinus
1741 1398 1778 1426 ¹¹:
1802 1397 1910 1426 Omnia
1930 1401 2001 1426 nota
2020 1396 2105 1435 fecit,
2128 1397 2155 1426 id
2173 1405 2228 1430 neap.
2240 1405 2257 1425 ε.

1305 1447 1359 1478 est,
1381 1444 1517 1481 disposuit
1537 1446 1602 1473 nota
1616 1444 1718 1479 facere;
1741 1444 1780 1473 sic
1797 1444 1871 1473 enim
1885 1444 2046 1482 frequenter
2067 1444 2157 1482 loqui·
2286 1436 2294 1475 ,ἱ

1306 1495 1352 1520 tur
1374 1491 1535 1528 Scriptura,
1557 1499 1662 1528 ponens
1684 1492 1866 1528 praeteritum
1888 1500 1939 1529 pro
1959 1491 2056 1521 futuro
2070 1492 2098 1521 in
2120 1492 2157 1521 si-
2289 1477 2293 1495 ⁴

1305 1546 1392 1576 gnum
1412 1538 1594 1568 certitudinis.
1609 1555 1646 1561 —
1661 1539 1723 1568 Vel:
1745 1539 1838 1568 omnia
1858 1539 2014 1569 necessaria
2027 1539 2062 1568 ad
2083 1540 2156 1569 salu·
2173 1546 2229 1571 neap.
2242 1546 2258 1566 ³.

1307 1769 1360 1789 sunt
1376 1767 1484 1794 timores,
1501 1766 1541 1795 qui
1561 1766 1647 1788 faciunt
1663 1766 1710 1789 duo
1728 1772 1815 1794 genera
1831 1766 1976 1793 timentium,
1987 1765 2021 1788 sic
2032 1765 2093 1788 duae
2105 1768 2159 1788 sunt

1307 1805 1442 1833 servitutes,
1459 1811 1520 1835 quae
1538 1805 1624 1828 faciunt
1639 1805 1687 1828 duo
1704 1811 1791 1833 genera
1802 1811 1934 1828 servorum.
1945 1805 1984 1827 Est
1995 1804 2075 1832 timor,
2086 1810 2156 1833 quem

1307 1846 1408 1873 perfecta
1426 1844 1516 1868 caritas
1532 1844 1601 1874 foras
1617 1844 1690 1867 mittit
1705 1843 1734 1874 [l.
1752 1844 1813 1866 loan.
1826 1843 1852 1871 4,
1866 1843 1929 1874 ⁴8.],
1941 1846 1964 1866 et
1974 1846 2009 1867 est
2019 1843 2078 1866 alius
2090 1843 2158 1866 timor

1307 1886 1398 1911 castus,
1411 1889 1558 1913 permanens
1575 1883 1600 1906 in
1617 1883 1743 1907 saeculum
1759 1882 1851 1906 saeculi
1866 1883 1912 1911 [Ps.
1930 1883 1973 1911 ⁴8,
1991 1882 2063 1911 ⁴⁰·]··-
2080 1883 2103 1905 ln
2121 1882 2158 1905 illo

1307 1923 1402 1950 timore,
1420 1929 1490 1953 quem
1506 1923 1574 1953 foras
1591 1922 1681 1946 caritas
1698 1922 1781 1951 mittit,
1799 1925 1833 1945 est
1850 1923 1918 1945 etiam
1936 1922 2035 1945 servitus
2046 1922 2116 1945 simul
2127 1923 2158 1945 so-

1306 1968 1345 1985 ras
1362 1968 1416 1985 cum
1434 1962 1485 1990 ipso
1507 1962 1590 1984 timore
1607 1962 1734 1990 mittenda,
1752 1964 1879 1990 utrumque
1896 1961 1956 1984 enim
1975 1961 2048 1984 iunxit
2062 1962 2158 1989 Aposto-

1306 2002 1342 2024 lus
1359 2001 1440 2031 [Rom.
1457 2002 1483 2030 8,
1502 2001 1561 2031 l5.]‚
1584 2002 1628 2024 hoc
1650 2005 1685 2024 est
1707 2002 1841 2024 servitutem
1859 2003 1882 2024 et
1901 2001 2020 2029 timorem,
2043 2000 2157 2023 dicendo:

1307 2041 1363 2065 Non
1379 2040 1442 2064 enim
1459 2040 1581 2070 accepistis
1598 2040 1711 2070 spiritum
1727 2040 1849 2064 servitutis
1866 2040 1954 2064 ilerum
1971 2040 1996 2063 in
2013 2039 2105 2063 timore.
2122 2040 2158 2063 Ad

1308 2082 1366 2103 hanc
1383 2081 1518 2103 servitutem
1536 2086 1630 2103 servum
1648 2080 1800 2108 pertinentem
1813 2079 1945 2102 intuebatur
1961 2082 1983 2102 et
1999 2080 2113 2102 Dominus
2124 2079 2160 2102 di-

1308 2126 1375 2143 cens:
1394 2120 1444 2142 lam
1461 2125 1511 2143 non
1528 2119 1579 2143 dico
1597 2125 1639 2143 cos
1655 2125 1750 2147 servos,
1767 2119 1825 2149 quia
1841 2125 1926 2143 servus
1941 2118 2027 2147 nescit,
2049 2118 2107 2149 quid
2121 2119 2159 2149 fa-

1308 2158 1357 2183 ciat
1372 2158 1483 2182 dominus
1500 2158 1557 2182 eius.
1576 2159 1624 2181 Non
1641 2159 1721 2188 ulique
1737 2159 1775 2181 ille
1786 2165 1869 2181 servus
1880 2158 1998 2187 pertinens
2009 2158 2038 2181 ad
2051 2158 2157 2181 timorem

1307 2201 1410 2226 castum,
1423 2198 1459 2220 cui
1470 2198 1555 2221 dicitur
1567 2197 1656 2227 [Matth.
1674 2198 1717 2225 25,
1735 2197 1782 2228 21.]
1792 2206 1799 2220 :
1811 2197 1885 2227 Euqe,
1897 2203 1964 2221 serve
1976 2196 2044 2226 bom,
2056 2197 2121 2220 intra
2132 2196 2157 2220 in

1307 2237 1424 2267 gaudium
1441 2237 1538 2260 Domini
1554 2237 1590 2260 tui
1605 2240 1649 2260 etc.
1660 2236 1705 2260 Csr.
1717 2238 1751 2260 lll.
1763 2238 1825 2260 Sent.
1836 2237 1867 2260 lit.
1879 2237 1993 2265 Magistri,
2010 2237 2034 2259 d.
2051 2237 2158 2260 XXXlV.

1308 2283 1329 2300 e.
1347 2276 1368 2299 4.
1385 2283 1464 2305 seqq„
1480 2279 1502 2299 et
1518 2275 1574 2299 ibid.
1591 2275 1720 2299 Comment.
1738 2283 1761 2304 p.
1778 2277 1802 2298 ll.
1820 2282 1862 2304 per
1879 2278 1957 2299 totam.

1372 2313 1381 2327 ⁸
1398 2316 1461 2338 Hanc
1478 2318 1500 2338 et
1516 2321 1565 2344 seq.
1582 2315 1757 2343 responsionem
1774 2315 1874 2337 insinuat
1889 2315 1968 2337 Glossa
1981 2313 2156 2338 interlinearis:

1310 2354 1480 2384 Quaecumque
1496 2353 1589 2382 audivi,
1607 2360 1652 2382 ego
1670 2355 1741 2376 homo
1758 2354 1786 2377 ad
1804 2360 1864 2382 opus
1881 2354 2011 2376 hominum.

1372 2392 1382 2406 ⁹
1399 2394 1458 2417 Vide
1475 2395 1553 2417 Matth.
1570 2394 1612 2421 24,
1630 2394 1673 2423 36,
1700 2394 1729 2417 de
1745 2394 1812 2416 cuius
1829 2394 1970 2422 expositione
1987 2394 2027 2416 cfr.
2046 2395 2102 2415 tom.
2124 2393 2157 2415 lll.

1309 2439 1363 2462 pag.
1382 2433 1440 2460 304,
1467 2436 1519 2455 nota
1537 2433 1559 2455 9.
1576 2435 1599 2455 et
1615 2435 1671 2455 tom.
1688 2433 1726 2456 lV.
1745 2439 1798 2461 pag.
1816 2433 1874 2461 989,
1891 2435 1944 2455 nota
1963 2432 1983 2454 l.
2001 2445 2033 2449 —
2050 2432 2103 2461 Seq.
2124 2437 2157 2454 re-

1308 2472 1457 2500 sponsionem
1474 2472 1566 2495 exhibet
1583 2472 1606 2494 S.
1623 2472 1708 2494 Doctor
1722 2472 1758 2494 lV.
1771 2472 1833 2494 Sent.
1849 2472 1873 2494 d.
1891 2471 1928 2494 48.
1944 2478 1966 2493 a.
1985 2471 2007 2493 i.
2022 2478 2045 2500 q.
2059 2470 2081 2493 4.
2092 2470 2122 2493 ad
2134 2471 2156 2493 2.

1307 2524 1340 2529 —
1357 2511 1454 2534 inferius
1470 2514 1523 2539 post
1538 2510 1641 2534 salutem
1658 2511 1694 2533 ed.
1707 2517 1761 2533 cum
1774 2511 1878 2534 Gorrano
1890 2511 1955 2534 addit
1965 2510 1997 2534 eis
2009 2509 2157 2533 revelaverit.

1370 2549 1392 2564 ¹⁰
1409 2551 1475 2573 Vers.
1494 2551 1530 2572 ⁴2.

1371 2589 1391 2603 ¹²
1409 2590 1432 2612 ln
1449 2590 1510 2612 loan.
1525 2590 1613 2617 Evang.
1631 2592 1658 2612 tr.
1675 2589 1712 2611 86.
1730 2595 1752 2611 n.
1772 2589 1853 2612 l:Sed
1867 2589 1989 2616 nimirum,
2006 2588 2071 2617 quod
2087 2589 2157 2610 tactu-

1310 2636 1350 2652 rus
1367 2631 1414 2656 est,
1432 2629 1512 2651 secisse
1535 2635 1559 2651 se
1581 2628 1650 2655 dicit,
1673 2628 1712 2657 qui
1730 2634 1756 2651 ea
1773 2634 1835 2658 quae
1849 2627 1937 2657 sutura
1952 2628 2009 2650 sum
2025 2626 2080 2656 fecie
2094 2626 2157 2656 [lsai.

1311 2668 1353 2696 45,
1375 2668 1408 2690 11.
1425 2667 1554 2690 secundum
1573 2667 1738 2695 Septuaginta;
1756 2668 1797 2689 cl'r.
1813 2672 1883 2694 supra
1901 2672 1957 2694 pag.
1974 2665 2032 2692 436,
2043 2668 2097 2687 nota
2115 2664 2157 2694 ’1.].

1310 2707 1374 2730 Sicut
1390 2707 1450 2729 enim
1469 2706 1524 2729 dicit
1541 2713 1582 2734 per
1600 2707 1738 2734 Proplietam
1756 2705 1805 2735 [Ps.
1822 2706 1860 2733 24,
1878 2705 1943 2735 48.];
1969 2704 2092 2728 Foderunt
2107 2710 2157 2727 ma-

1309 2752 1356 2769 nus
1373 2752 1438 2769 meas
1455 2747 1477 2768 et
1489 2745 1561 2774 pedes
1577 2750 1652 2773 meos,
1671 2751 1713 2767 nec
1729 2745 1773 2767 ait:
1790 2744 1871 2767 fossuri
1881 2746 1948 2771 sunt,
1959 2744 2023 2766 velut
2034 2743 2155 2771 praeterita

1309 2785 1402 2812 dicens,
1427 2787 1450 2807 et
1475 2790 1500 2807 ea
1525 2787 1602 2807 tamen
1620 2785 1693 2806 sutura
1712 2783 1865 2811 praedicens;
1891 2783 1920 2805 ita
1942 2785 1965 2805 et
1981 2783 2026 2804 hoc
2045 2782 2096 2804 loco
2113 2781 2155 2809 ait,

1309 2823 1387 2846 omnia
1405 2830 1430 2846 se
1448 2826 1501 2845 nota
1527 2823 1607 2846 secisse
1633 2822 1766 2850 discipulis,
1785 2828 1846 2851 quae
1862 2828 1891 2844 se·
1904 2821 1968 2844 novit
1986 2823 2037 2843 nota
2054 2826 2105 2843 esse
2127 2821 2156 2842 sa-

1310 2865 1401 2885 cturum
1420 2863 1443 2884 in
1465 2862 1499 2884 illa
1527 2862 1668 2890 plenitudine
1693 2862 1813 2888 scientiae,
1838 2861 1868 2884 de
1892 2867 1939 2889 qua
1964 2860 2019 2883 dicit
2034 2860 2156 2888 Apostolus

1311 2901 1337 2932 [l.
1353 2902 1406 2925 Cor.
1425 2902 1465 2930 43,
1484 2901 1552 2931 110.]:
1570 2901 1630 2924 Oum
1649 2902 1730 2924 aulem
1754 2900 1844 2924 venerit
1867 2899 1931 2930 quod
1955 2899 2086 2929 perfectum
2109 2900 2154 2927 est,

1311 2940 1374 2971 quod
1389 2947 1420 2964 ex
1434 2942 1505 2971 parte
1520 2942 1555 2964 est
1571 2940 1727 2964 evacuabam»
1745 2942 1786 2963 etc.

2268 3038 2286 3178 fffflv-
2278 2897 2279 2901 „
2278 2858 2279 2862 „
2277 2791 2280 2824 <⁴
