2296 3316
2 1271 8 1278 Δ
21 1282 52 1301 lex
66 1282 93 1301 vi-

10 1311 60 1334 aum.

0 1370 35 1400 11111
44 1377 98 1395 natu·

4 1401 52 1431 jue.

4 1476 7 1491 l

598 159 825 189 COLLATlONES
847 160 878 189 ΙΝ
900 159 1047 188 ΙΟΑΝΝΕΜ
1068 159 1136 187 ΟΑΡ.
1160 159 1188 187 ΙΙ.
1211 158 1304 186 COLL.
1327 158 1368 186 IX.

106 241 287 276 curiositatis,
301 241 374 270 alius
388 240 604 278 desponsaverat
618 239 884 277 concupiscentiam
899 246 960 267 car-

106 289 176 318 nalis
197 288 357 326 voluptatis.
380 288 419 317 De
440 287 544 325 quibus
565 286 637 315 dixit
658 294 731 315 rex:
758 297 772 311 α
787 285 858 322 Quia
878 292 959 314 nemo

106 344 204 366 eorum
225 335 349 373 gustabit
370 343 484 364 coenam
505 342 597 363 meam
612 345 639 361 ».
656 349 692 354 —
708 333 810 362 Venire
830 332 960 370 neglexe-

106 386 179 412 runt
199 382 261 411 illae
281 381 387 419 fatuae
406 381 550 419 virgines,
573 387 645 417 quae
659 379 739 408 tarde
754 379 911 413 venientes,
933 381 960 408 et

106 429 168 459 ideo
182 429 305 458 clausam
319 428 432 457 ianuam
446 427 631 461 invenientes,
646 426 811 455 audierunt:
837 438 849 450 α
865 426 960 455 Nescio

106 484 156 506 vos
170 488 197 510 1),
219 475 291 505 sicut
312 475 434 504 habetur
455 473 583 503 Matthaei
605 473 738 510 vigesimo
759 473 865 510 quinto.
895 473 960 501 Pro-

106 526 169 561 pter
185 523 236 552 hoc
257 521 468 551 commendatur
491 520 632 558 vigilantia
645 527 763 557 sponsae
784 519 960 556 Apocalypsis

106 570 214 600 decimo
242 577 330 604 nono,
359 569 393 598 de
420 576 476 606 qua
503 567 622 597 dicitur:
649 567 822 596 «Venerunt
847 566 960 602 nuptiae

107 616 191 654 Agni,
212 619 239 645 et
260 624 335 645 uxor
356 616 417 645 eius
437 614 614 653 praeparavit
635 622 665 643 se
680 626 693 640 ι)
718 617 770 643 etc.

436 717 578 741 COLLATIO
596 717 634 740 ΙΧ.
672 727 674 729 -

187 805 277 843 (Vers.
299 804 348 839 3.).
377 805 483 833 Vinum
503 812 562 832 non
584 802 696 832 liabent.

190 853 214 880 1.
236 851 259 880 Ο
280 859 366 889 quam
387 851 492 880 bonum
515 853 572 885 est,
594 851 709 879 Matrem
733 850 794 879 Iesu
815 850 848 879 ad
876 858 959 879 suum

66 907 91 926 ·.
108 898 268 928 convivium
290 899 424 933 invitare,
443 906 516 935 quae
540 898 713 935 pauperibus
733 898 851 927 convivii
882 897 961 926 adhi-

107 946 154 975 bet
174 945 314 975 solatium
335 945 548 983 compassionis,
570 945 726 973 consilium
753 945 959 979 instructionis,

107 992 289 1031 suffragium
313 993 465 1022 orationis!
490 992 710 1030 Compassionis
736 992 881 1021 indicium
902 995 960 1027 est,

108 1040 182 1078 quod
208 1040 287 1069 dicit:
318 1040 424 1069 Vinum
445 1048 505 1068 non
529 1038 641 1068 habent.
666 1039 872 1068 Instructionis
894 1048 960 1068 con-

107 1087 226 1123 silium,
258 1087 333 1125 quod
361 1087 472 1116 dixitl:
503 1088 709 1125 Quaecumque
729 1087 810 1116 vobis
831 1087 959 1121 diaeerit,

107 1134 205 1173 facite.
228 1134 417 1173 Susfrayium
438 1135 585 1163 orationis
605 1134 667 1167 fuit,
689 1134 765 1172 quod
783 1143 800 1162 a
821 1134 887 1162 Filio
910 1134 961 1162 mi-

108 1182 236 1211 raculum
258 1182 447 1211 conversionis
467 1190 557 1219 aquae
578 1182 606 1210 in
628 1182 724 1210 vinum
747 1181 915 1218 impetravit.

187 1230 214 1258 2.
243 1229 349 1257 Vinum
369 1237 429 1257 ncm
449 1228 562 1258 liabent.
584 1229 750 1263 Notandum,
763 1229 837 1266 quod
859 1232 901 1258 est
922 1229 962 1257 vi-

108 1284 177 1305 num
192 1279 322 1305 naturae
335 1293 373 1297 —
388 1276 484 1305 vinum
498 1277 617 1313 ¹qratiae
632 1293 668 1297 —
684 1279 711 1305 et
731 1277 827 1305 vinum
849 1276 960 1314 culpae.

188 1323 291 1352 Vinum
312 1327 442 1352 naturae
462 1327 505 1352 est
524 1324 755 1357 moderandum;
782 1324 961 1353 Ecclesiastici

110 1371 252 1408 trigesimo
263 1370 354 1408 primo
365 1371 392 1398 ²:
410 1382 423 1395 «
435 1371 473 1399 Ne
484 1371 677 1407 comprimaris
688 1371 715 1399 in
727 1370 854 1399 convivio
863 1382 876 1396 »
888 1371 961 1399 vino.

114 1429 128 1443 «
143 1417 281 1455 Intellige,
302 1425 374 1454 quae
396 1420 460 1446 sunt
482 1417 605 1454 proximi
627 1417 684 1451 tui,
699 1425 736 1446 ex
752 1421 778 1446 te
799 1417 859 1454 ipso
873 1429 900 1445 ».
918 1418 963 1446 Est

109 1467 202 1493 autem
224 1463 425 1493 moderandum
440 1467 555 1500 propter
569 1463 637 1492 tria:
660 1466 692 1492 ut
712 1464 790 1492 vivas
810 1464 838 1492 in
857 1464 963 1493 iucun-

110 1511 201 1541 ditate
219 1514 356 1548 quantum
378 1511 413 1540 ad
434 1511 588 1544 animam,·
616 1511 798 1540 Ecclesiastici
821 1511 963 1548 trigesimo

110 1559 220 1596 primo:
245 1569 258 1583 α
276 1558 430 1587 Exsultatio
458 1558 565 1586 animae
586 1561 614 1586 et
635 1557 726 1586 cordis
751 1558 846 1586 vinum
870 1558 963 1587 mode-

110 1607 170 1634 rate
192 1607 318 1641 potatum
331 1616 359 1632 ».
389 1604 423 1633 Ut
453 1604 531 1633 vivas
557 1604 587 1633 in
614 1604 742 1633 sanitate
770 1608 906 1642 quantum
929 1604 963 1633 ad

110 1659 235 1688 corpus,·
258 1651 439 1680 Ecclesiastici
461 1651 603 1688 trigesimo
631 1652 737 1688 primo:
764 1663 778 1677 «
794 1652 887 1689 Aequa
910 1652 965 1680 vita

110 1698 271 1727 hominibus
287 1699 383 1727 vinum
397 1699 425 1727 in
441 1699 589 1728 sobrietate
601 1710 627 1733 »;
641 1702 668 1728 61
680 1699 753 1727 infra
764 1699 875 1728 eodem:
892 1710 905 1724 «
917 1700 964 1727 Sa-

111 1745 183 1774 nitas
203 1748 245 1774 est
265 1745 373 1774 animae
394 1749 422 1774 et
442 1745 552 1782 corpori
574 1745 685 1774 sobrius
699 1748 782 1782 potus
796 1757 823 1774 ».
839 1746 873 1774 Ut
888 1745 964 1774 vivas

110 1791 138 1820 in
157 1792 353 1829 prosperitate
373 1795 509 1830 quantum
524 1792 559 1820 ad
569 1792 794 1830 possessionem,
817 1792 898 1830 quia,
915 1792 964 1821 Ec-

111 1839 254 1868 clesiastici
271 1839 414 1877 trigesimo
428 1839 535 1876 primo,
555 1851 569 1865 «
584 1840 679 1868 vinum
701 1840 823 1868 multum
838 1842 964 1877 potatum

111 1886 297 1915 irritationem
317 1890 345 1916 et
366 1887 437 1915 iram
458 1890 486 1916 et
506 1887 603 1916 ruinas
617 1887 721 1916 multas
735 1887 800 1916 facit
815 1897 842 1921 »;
857 1890 885 1916 et
900 1887 964 1915 Pro-

111 1933 274 1963 verbiorum
303 1934 436 1971 vigesimo
463 1934 573 1971 primo:
604 1945 617 1959 «
632 1934 683 1971 Qui
712 1936 786 1963 amat
813 1934 910 1963 vinum
937 1937 964 1963 et

112 1980 226 2018 pinguia
246 1989 301 2010 non
321 1981 456 2010 ditabitur
470 1993 497 2009 υ.

191 2028 218 2057 3.
241 2028 342 2057 Vinum
362 2028 466 2065 culpae
486 2032 528 2057 est
549 2028 761 2062 abominabile‚·
789 2029 962 2058 Deuterono-

15 2086 18 2118 ᾗ
43 2103 48 2107 ,
93 2074 160 2103 -11111
181 2075 323 2112 trigesimo
344 2075 504 2104 secundo⁸:
531 2087 545 2100 «
559 2075 604 2104 Fel
624 2075 778 2104 draconum
800 2076 897 2104 vinum
918 2084 964 2104 60-

113 2129 178 2151 rum
205 2125 233 2151 et
261 2129 399 2151 venenum
427 2122 555 2159 aspidum
582 2122 734 2151 insanabile
749 2134 775 2150 n.
802 2122 848 2151 Est
869 2125 962 2151 autem

91 2188 96 2193 -
114 2169 233 2206 triplex:
255 2168 396 2197 luxuriae
416 2169 460 2198 vel
482 2169 646 2206 voluptatis;
668 2170 749 2198 Amos
770 2173 866 2198 sexto:
893 2181 907 2194 «
922 2169 964 2197 Bi-

114 2216 210 2245 bentes
225 2216 320 2245 vinum
336 2216 363 2245 in
379 2216 479 2253 phialis
493 2220 521 2245 et
535 2217 640 2253 optimo
654 2219 798 2253 unguento
809 2216 924 2246 delibuti
936 2227 964 2251 »;

113 2263 267 2300 Sapientiae
281 2263 418 2292 secundo:
445 2274 459 2289 «
473 2263 543 2292 Vino
557 2263 678 2300 pretioso
699 2266 726 2292 et
744 2264 894 2301 unguentis
915 2271 965 2292 nos

114 2310 278 2347 impleamus
292 2321 319 2345 »;
347 2310 381 2339 ad
404 2310 536 2347 Ephesios
556 2310 669 2347 quinto:
697 2322 710 2335 «τ
724 2310 812 2339 Nolite
832 2310 965 2339 inebriari

178 2527 187 2540 ²
205 2528 271 2551 Vers.
288 2528 318 2551 5:
345 2527 516 2558 Quodcumque
539 2527 628 2551 diver-il
653 2527 719 2551 vobi-s·
744 2531 788 2551 etc.
804 2541 836 2545 —
853 2529 965 2557 Superius

115 2573 159 2595 pro
172 2566 321 2596 pauperibus
337 2566 440 2590 convivii
455 2566 472 2590 C
486 2567 635 2597 pauperibus
652 2567 773 2591 conviviis.

178 2603 188 2617 ²
205 2605 270 2628 Vers.
290 2605 326 2628 47.
343 2608 365 2628 61
383 2606 421 2628 48.
439 2618 471 2622 -
488 2607 592 2635 Quatuor
608 2612 674 2635 seqq.
692 2607 735 2629 loci
758 2609 812 2629 sunt
834 2607 900 2630 Eccli.
922 2607 947 2629 34
960 2625 965 2635 ,

116 2645 159 2672 36;
175 2651 200 2667 v.
220 2645 262 2672 32;
279 2651 302 2667 v.
320 2644 358 2668 37.
376 2647 398 2667 et
415 2652 438 2668 v.
455 2645 498 2674 38,
515 2648 568 2674 post
584 2652 655 2675 quem
667 2646 779 2674 allegatur
791 2646 858 2668 Prov.
871 2647 896 2668 21
910 2646 966 2674 147.

178 2682 189 2696 ³
205 2684 271 2706 Vers.
289 2684 328 2707 33.
347 2696 378 2701 —
395 2684 529 2713 Sequuntur
545 2686 617 2707 Amos
633 2685 661 2713 6,
678 2685 705 2712 6;
723 2685 777 2713 Sap.
789 2686 816 2712 2,
827 2685 855 2714 7;
868 2686 925 2713 Eph.
938 2685 965 2714 5,

118 2722 155 2745 48.
172 2725 195 2745 61
211 2723 279 2745 Prov.
296 2723 340 2750 20,
358 2723 378 2744 4.
397 2722 451 2751 (ΑΒ
468 2723 577 2745 0111111001
593 2724 655 2746 hunc
672 2724 778 2746 ultimum
797 2724 901 2753 textum).

179 2759 189 2773 ⁰
207 2761 272 2783 Vers.
293 2761 331 2783 47.
347 2773 378 2778 -
396 2760 500 2784 Subinde
515 2762 626 2790 allegatur
643 2763 725 2785 Ezech.
742 2762 785 2791 27,
805 2763 841 2785 48.

179 2799 189 2812 ⁵
207 2801 272 2823 Vers.
290 2800 312 2823 5.
330 2813 359 2816 —
378 2801 487 2830 Sequitur
504 2801 575 2829 Apoc.
594 2801 637 2829 47,
656 2802 677 2824 4.
693 2804 716 2824 61
733 2803 755 2824 2.

179 2837 189 2851 ⁶
207 2839 273 2862 Vere.
290 2839 329 2862 34.
345 2851 377 2856 -
393 2839 444 2861 Duo
461 2845 526 2868 seqq.
543 2839 586 2862 loci
609 2842 663 2862 sunt
683 2840 757 2868 Apoc.
780 2840 821 2867 lt,
839 2840 861 2862 9.
878 2846 927 2869 seq.
944 2842 966 2863 et

118 2878 160 2901 ler.
177 2878 220 2906 25,
239 2877 277 2900 45.

180 2915 189 2929 ⁷
207 2917 273 2940 Vers.
292 2917 334 2945 48,
351 2920 404 2945 post
420 2922 491 2946 quem
509 2916 614 2945 sequitur
631 2917 698 2939 Eccli.
717 2917 742 2939 34
755 2935 760 2946 ,
775 2918 814 2940 39.
830 2930 861 2934 —
878 2918 901 2940 ln
914 2918 930 2940 Α
944 2920 966 2940 61

117 2956 134 2979 C
151 2957 196 2979 hoc
211 2956 305 2980 tertium
322 2956 455 2979 membrum
472 2956 592 2979 omittitur.

1810 155 1865 184 547

1016 238 1096 272 vino,
1118 237 1145 266 in
1166 246 1223 274 quo
1243 241 1285 266 est
1307 237 1423 266 luxuria
1437 248 1464 271 »;
1481 236 1694 265 Proverbiorum
1717 236 1864 273 vigesimo:

1021 295 1034 309 «
1050 284 1208 313 Luxuriosa
1235 292 1280 313 res
1308 285 1420 318 vinum,
1450 287 1477 312 et
1506 283 1677 312 tumultuosa
1703 283 1863 312 ebrietas».

1017 348 1054 353 —-
1070 332 1225 360 Avaritiae
1239 332 1282 361 vel
1297 331 1470 368 cupiditatis;
1493 330 1706 359 Proverbiorum
1725 333 1826 367 quarto
1837 331 1864 358 ⁴²:

1022 390 1034 404 «
1050 378 1203 407 Comedunt
1231 386 1329 415 panem
1359 378 1507 415 impietatis
1535 381 1561 406 et
1588 378 1685 406 vinum
1712 377 1865 414 iniquitatis

1017 426 1117 454 bibunt
1132 437 1159 459 »;
1182 426 1331 454 Ezechielis
1351 426 1483 463 vigesimo
1497 425 1629 461 septimo:
1653 436 1665 449 «
1681 425 1866 452 Damascenus

1018 473 1171 509 negotiator
1199 476 1266 501 tuus
1287 473 1313 500 in
1335 473 1513 501 multitudine
1541 480 1658 509 operum
1680 476 1809 505 tuorum,
1838 471 1864 499 in

1018 519 1195 548 multitudine
1223 519 1399 548 diversarum
1427 527 1528 556 opum,
1558 519 1584 547 in
1613 519 1677 547 vino
1700 518 1810 555 pingui,
1840 518 1866 545 in

1019 566 1088 595 lanis
1115 566 1210 603 optimi
1240 567 1381 595 coloris».
1404 583 1440 587 —
1464 566 1624 604 Superbiae
1651 566 1693 595 vel
1723 565 1865 598 vanitatis;

1019 613 1144 642 llabacuc
1166 613 1287 641 secundo
1298 613 1308 630 ⁵
1322 624 1328 641 :
1355 625 1368 638 «
1384 613 1527 649 Quomodo
1546 613 1641 641 vinum
1656 613 1756 649 decipit
1770 615 1866 649 potan-

1019 663 1089 695 tem,
1112 661 1150 689 sic
1171 660 1224 689 erit
1245 661 1288 689 vir
1309 661 1449 697 superbus
1463 664 1490 689 et
1505 669 1559 688 non
1574 660 1752 689 decorabitur
1766 671 1792 687 ».
1814 659 1866 687 Hor

1018 711 1060 737 est
1080 708 1175 736 vinum
1200 708 1273 736 illius
1294 708 1456 736 meretricis
1470 716 1613 745 magnae,
1636 707 1662 735 id
1683 710 1725 735 est
1739 706 1867 735 vanitatis

1018 755 1187 789 mundanae,
1215 767 1228 780 «
1243 762 1306 783 cum
1329 763 1385 792 qua
1406 754 1532 783 fornicati
1554 757 1620 782 sunt
1641 761 1720 790 reges
1735 755 1825 781 terrae
1840 755 1867 780 et

1018 802 1145 831 inebriati
1168 806 1233 831 sunt
1254 802 1302 839 qui
1318 802 1474 830 inhabitant
1489 805 1592 829 terram
1609 812 1635 834 »,
1654 800 1757 829 scilicet
1776 810 1789 823 «
1804 798 1867 827 vino

1019 849 1222 886 prostitutionis
1243 849 1303 878 eius
1317 861 1344 883 »‚
1366 849 1541 885 Apocalypsis
1562 848 1668 877 decimo
1690 846 1814 883 septimo.

1097 897 1124 925 4.
1148 896 1247 925 Vinum
1271 897 1323 925 hoc
1344 896 1472 933 sequitur
1495 896 1589 924 vinum
1619 904 1729 933 poenae
1750 895 1866 931 triplex:
1880 900 1956 942 1101ξῖ
1970 904 2013 923 poe-

1019 944 1113 972 vinum
1136 952 1287 972 remorsus
1308 944 1508 972 eonscientiae.
1532 943 1601 972 Haec
1622 946 1664 971 est
1679 951 1779 979 poena,
1796 951 1866 979 quae
1884 938 1958 965 Prima?

1019 991 1137 1019 infertur
1159 991 1186 1019 in
1202 990 1355 1027 praesenti;
1373 990 1585 1019 Proverbiorum
1602 990 1734 1027 vigesimo
1750 990 1831 1018 tertio
1842 989 1866 1017 ⁶:

1023 1050 1037 1063 «
1052 1038 1089 1067 Ne
1110 1038 1244 1067 intuearis
1266 1038 1378 1072 vinum,
1400 1038 1511 1075 quando
1530 1038 1669 1072 flavescit,
1691 1046 1754 1066 cum
1777 1038 1866 1075 splen-

1018 1085 1111 1114 duerit
1132 1086 1159 1114 in
1182 1086 1254 1114 vitro
1275 1085 1350 1115 color
1372 1086 1448 1119 eius;
1470 1085 1625 1122 ingreditur
1647 1085 1761 1119 blande,
1777 1085 1823 1114 sed
1839 1085 1866 1113 in

1019 1132 1073 1161 fine
1101 1133 1238 1161 mordebit
1259 1136 1291 1161 ut
1311 1133 1426 1161 coluber
1447 1136 1474 1161 et
1495 1133 1566 1161 sicut
1589 1133 1703 1170 regulus
1718 1145 1730 1157 n
1756 1135 1807 1161 etc.
1832 1149 1866 1152 —

1019 1180 1120 1208 Vinum
1151 1180 1353 1208 damnationis
1384 1184 1532 1214 aeter-nae,
1565 1188 1636 1218 quae
1668 1189 1756 1218 poena
1785 1180 1868 1209 susti-
1885 1182 1978 1201 Secunda

1019 1227 1108 1255 nenda
1123 1227 1205 1255 estin
1227 1227 1348 1262 inferno;
1371 1228 1545 1265 Apocalypsis
1559 1228 1665 1256 decimo
1679 1231 1795 1264 quarto:
1817 1227 1866 1255 «Si

1019 1274 1082 1311 quis
1110 1274 1268 1303 adoraverit
1295 1274 1409 1303 bestiam
1438 1278 1465 1303 et
1493 1275 1639 1311 imaginem
1664 1275 1724 1303 eius
1745 1278 1772 1303 et
1792 1282 1868 1303 acce-

1019 1321 1092 1358 perit
1112 1321 1302 1350 characterem
1323 1322 1384 1350 eius
1411 1322 1438 1350 in
1468 1322 1557 1351 fronte
1579 1330 1645 1355 sua,
1665 1324 1715 1350 aut
1735 1322 1762 1349 in
1784 1325 1867 1349 manu

1021 1376 1090 1403 sua;
1116 1368 1160 1397 hic
1189 1368 1264 1397 bibet
1283 1368 1317 1397 de
1339 1369 1403 1397 vino
1425 1369 1482 1397 irae
1503 1368 1567 1403 Dei,
1590 1368 1664 1405 quod
1686 1368 1800 1396 mistum
1829 1371 1870 1396 est

1021 1424 1098 1444 mero
1120 1416 1147 1444 in
1169 1416 1252 1445 calice
1273 1416 1373 1453 ipsius,
1389 1419 1416 1445 et
1430 1416 1603 1444 cruciabitur
1618 1416 1679 1453 igne
1694 1418 1721 1444 et
1735 1415 1870 1452 sulphure

1020 1463 1048 1491 in
1069 1466 1219 1500 conspectu
1247 1463 1412 1500 Angelorum
1442 1466 1602 1492 sanctorum
1621 1466 1649 1491 et
1673 1465 1736 1491 ante
1757 1470 1870 1498 conspe-

1021 1512 1096 1539 ctum
1118 1510 1184 1547 Agni
1199 1521 1226 1545 »3
1248 1510 1379 1539 Ieremiae
1400 1510 1532 1547 vigesimo
1547 1511 1659 1547 quinto:
1680 1522 1693 1535 «
1709 1511 1792 1539 Sume
1806 1510 1870 1539 cali-

1021 1564 1080 1585 cem
1096 1557 1152 1585 vini
1167 1557 1271 1586 furoris
1285 1557 1371 1586 huius
1384 1557 1418 1585 de
1433 1565 1517 1585 manu
1531 1565 1593 1585 mea
1604 1569 1617 1581 »
1634 1560 1685 1585 etc.
1700 1573 1734 1577 —-
1754 1556 1870 1592 Tempo—
1887 1558 1956 1577 rema.

1022 1604 1099 1632 rates
1120 1604 1303 1633 calamitates
1324 1608 1350 1632 et
1369 1604 1524 1637 miseriae,-
1539 1604 1612 1633 tertii
1630 1603 1729 1632 Esdrae
1749 1603 1831 1632 tertio
1843 1603 1869 1630 ⁷:

1027 1662 1040 1676 <1
1055 1651 1129 1684 Viri,
1151 1659 1234 1688 quam
1259 1651 1398 1688 praevalet
1419 1651 1514 1679 vinum
1536 1650 1666 1679 omnibus
1694 1649 1869 1678 hominibus!

1022 1697 1129 1726 seducit
1149 1701 1269 1726 mentem
1286 1710 1299 1723 ι)
1325 1701 1393 1731 etc.;
1415 1702 1442 1727 et
1465 1697 1643 1726 Ecclesiastici
1659 1697 1800 1733 trigesimo
1816 1696 1872 1732 pri-

1023 1753 1084 1773 mo:
1111 1756 1124 1769 «
1140 1745 1300 1773 Amaritudo
1320 1745 1428 1774 animae
1449 1745 1544 1773 vinum
1567 1745 1687 1773 multum
1702 1747 1825 1781 potatum
1844 1755 1869 1771 ».

1102 1793 1128 1820 5
1151 1792 1252 1820 Vinum
1266 1792 1384 1829 gratiae
1398 1792 1592 1829 quadruplex:
1616 1792 1774 1828 Raspetum
1794 1799 1869 1819 com·
1883 1793 1971 1836 uigent&
1986 1798 2017 1835 3¹13

1019 1840 1210 1877 punctionis,·
1232 1840 1355 1868 psalmus
1366 1839 1377 1856 ³
1387 1845 1396 1867 ε·
1410 1851 1423 1864 «
1435 1839 1582 1868 Ostendisti
1599 1839 1702 1876 populo
1717 1842 1765 1867 tuo
1779 1838 1850 1867 dura
1863 1850 1868 1871 ;
1882 1822 1947 1865 plex‘q

1022 1887 1122 1924 potasti
1144 1895 1194 1916 nos
1215 1887 1279 1915 vino
1294 1887 1514 1924 compunctionis
1529 1899 1555 1914 n.
1579 1904 1614 1907 ——
1638 1887 1773 1915 Rosetum
1795 1894 1870 1914 com-

1020 1935 1187 1972 passionali,-
1201 1934 1378 1963 Canticorum
1393 1934 1510 1971 quinto:
1531 1946 1544 1958 «
1559 1934 1668 1962 Comedi
1690 1933 1783 1961 savum
1806 1940 1868 1961 cum

1023 1982 1102 2010 melle
1124 1989 1200 2015 me0‚
1222 1981 1278 2010 bibi
1300 1981 1395 2010 vinum
1419 1989 1511 2009 meum
1542 1989 1605 2009 cum
1627 1980 1697 2009 lacte
1719 1988 1780 2008 meo
1794 1992 1821 2013 »‚
1844 1979 1868 2007 id

1021 2032 1063 2058 est
1084 2029 1225 2066 planctum
1247 2028 1445 2065 compassionis
1461 2036 1525 2057 cum
1541 2028 1642 2057 laetitia
1657 2027 1853 2064 redemptionis
1863 2025 1882 2060 ,'

1022 2084 1094 2113 quae
1114 2076 1296 2104 inveniuntur
1318 2076 1344 2104 in
1365 2083 1448 2104 cruce
1469 2075 1579 2103 Christi.
1598 2091 1632 2095 —
1649 2074 1808 2103 Salmetum
1823 2073 1869 2101 de-

1021 2123 1162 2156 votionis;
1190 2122 1367 2150 Canticorum
1396 2124 1508 2149 octavo:
1535 2132 1548 2146 «
1565 2121 1640 2149 Dabo
1668 2120 1715 2149 tibi
1738 2120 1868 2157 poculum

1022 2178 1059 2198 ex
1086 2169 1150 2198 vino
1177 2168 1287 2197 condito
1314 2171 1341 2197 et
1370 2172 1493 2197 mustum
1521 2175 1667 2204 pomorum
1688 2171 1867 2204 granatorum

1022 2224 1148 2245 meorum
1164 2227 1190 2243 n.
1213 2232 1250 2236 —
1274 2215 1423 2244 Claretum
1452 2215 1508 2243 sive
1536 2215 1717 2243 aromaticum
1740 2214 1870 2242 internae

1021 2262 1191 2300 fe·uitioitis;
1213 2262 1388 2291 Canticorum
1412 2262 1516 2298 primo:
1537 2274 1550 2286 «
1565 2261 1676 2289 Meliora
1697 2264 1762 2289 sunt
1784 2260 1871 2289 ubera

1024 2313 1071 2339 tua
1092 2310 1172 2344 vino,
1194 2310 1346 2346 fragrantia
1368 2309 1518 2346 unguentis
1539 2309 1649 2345 optimis
1665 2321 1690 2336 ».

1882 336 1997 356 Secundum.

1884 571 1976 590 Tertium.

1084 2526 1094 2539 Β
1111 2528 1193 2550 Psalm.
1213 2527 1255 2555 59,
1273 2528 1295 2550 5.
1307 2539 1337 2543 -
1349 2527 1406 2549 Tres
1419 2533 1483 2555 seqq.
1496 2526 1540 2548 loci
1552 2528 1604 2548 sunt
1616 2525 1702 2548 Cantic.
1715 2526 1740 2554 5,
1760 2526 1767 2547 4
1781 2533 1785 2554 ς
1804 2526 1830 2553 8,
1847 2527 1868 2548 2.

1021 2571 1043 2590 ct
1063 2569 1086 2595 l,
1107 2569 1126 2589 1.
1143 2573 1191 2595 seq.
1210 2579 1239 2582 —
1257 2567 1291 2588 Du
1309 2565 1400 2593 Gange,
1418 2565 1558 2588 Glossarium
1576 2568 1631 2588 etc.:
1652 2574 1662 2585 α
1680 2565 1819 2594 Ruspetum,
1838 2566 1870 2587 vi-

1021 2613 1078 2629 num
1096 2607 1256 2633 recentatum,
1274 2605 1343 2627 Gallis
1359 2603 1468 2634 Ruspe».
1490 2604 1552 2627 ldem
1574 2604 1620 2626 ait:
1641 2613 1651 2623 «
1666 2604 1815 2627 Recenlatum
1838 2604 1870 2626 vi-

1022 2651 1102 2667 num...
1124 2645 1157 2666 sic
1182 2646 1367 2671 nuncupatum...
1391 2643 1454 2671 quod
1480 2643 1559 2664 vinum
1585 2643 1705 2671 antiquum
1727 2645 1815 2668 musto,
1832 2642 1869 2664 vel

1022 2684 1099 2706 lixivio
1107 2702 1112 2711 ,
1124 2684 1161 2706 vel
1173 2683 1256 2705 tortivo
1269 2682 1458 2705 commisceretur
1470 2682 1506 2704 vel
1518 2682 1585 2710 quasi
1597 2684 1771 2704 renovaretur...
1789 2681 1870 2704 Recen-

1023 2725 1075 2746 tare
1092 2723 1153 2745 enim
1171 2725 1261 2744 veteres
1277 2722 1394 2743 Romanos
1410 2727 1453 2749 pro
1472 2726 1589 2743 renovare
1611 2721 1696 2743 dixisse
1718 2723 1807 2743 constat
1825 2724 1867 2743 etc.

1025 2770 1036 2782 ι(
1049 2761 1184 2788 Clarenna,
1202 2761 1281 2788 Anglis
1298 2760 1384 2787 clarel,
1397 2760 1461 2787 Hisp.
1473 2759 1566 2787 clai-ea,
1581 2759 1660 2781 vinum
1675 2760 1784 2782 factitium
1802 2759 1869 2781 dulce

1023 2801 1059 2823 vel
1071 2800 1227 2823 aromatites...
1245 2799 1379 2826 Claretum,
1399 2799 1483 2821 Vinum
1501 2799 1628 2826 rubellum,
1641 2799 1695 2821 Gall.
1708 2798 1791 2821 clairet
1803 2807 1814 2818 υ
1825 2801 1869 2820 etc.

1025 2849 1036 2860 α
1049 2840 1175 2867 Rosatum,
1190 2839 1251 2861 nude
1264 2845 1305 2866 pro
1317 2839 1427 2861 rosatum
1439 2837 1535 2866 vinnm,
1547 2844 1598 2860 rosa
1616 2838 1734 2860 conditum
1745 2847 1766 2860 υ.
1778 2850 1809 2854 -
1826 2838 1868 2860 Pro

1022 2878 1150 2902 salmelum
1167 2878 1184 2900 B
1203 2877 1382 2905 sementuztum,
1400 2877 1416 2900 C
1434 2877 1606 2900 sementall‘um.
1625 2877 1736 2905 Superius
1753 2877 1869 2899 substitui-

1023 2924 1076 2940 mus
1093 2916 1247 2947 quadruplae
1265 2923 1307 2944 pro
1325 2915 1427 2946 trzffleoe,
1445 2917 1508 2945 quod
1526 2922 1648 2945 perperam
1667 2916 1752 2939 habent
1769 2917 1836 2940 codd.
