2296 3316
305 1476 395 1496 Tei-tium.

303 2270 400 2293 Quartum.

409 135 465 164 330
1028 131 1197 161 COMMENT.
1220 132 1251 160 ΙΝ
1272 131 1418 160 ΙΟΑΝΝΕΜ
1439 130 1467 159 C.
1490 131 1531 160 VI.

409 212 488 241 misit
514 220 574 245 me,
603 211 729 240 traoeerit
755 219 837 244 eum,
864 218 913 247 per
934 209 1151 244 revelationem,
1180 209 1251 238 sicut

409 259 521 292 Petrus,
536 258 581 287 cui
600 258 701 286 dicitur
722 257 849 286 Matthaei
878 256 984 286 decimo
1011 258 1091 286 sexto
1105 257 1131 284 ¹:
1158 267 1171 281 «
1187 256 1251 285 Bea-

409 308 454 333 tus
481 313 525 339 es,
554 305 644 333 Simon
674 304 803 338 Bariona,
832 303 897 340 quia
924 311 989 332 caro
1016 306 1044 331 et
1064 302 1176 339 sanguis
1197 311 1251 331 non

409 351 541 380 revelavit
568 351 632 385 tibi,
661 351 709 380 sed
733 352 812 380 Pater
832 358 926 384 meus,
948 350 996 387 qui
1018 352 1059 378 est
1079 349 1106 377 in
1128 349 1209 378 caelis
1224 360 1250 377 ›=.

409 398 448 426 Ita
468 398 546 426 Pater
569 397 653 426 trahit
674 397 707 426 ad
728 404 772 425 me
793 404 842 434 per
863 395 1073 424 revelationem.
1090 395 1125 422 Et
1143 403 1192 432 eqo
1208 402 1252 422 re-

407 444 554 473 suscitabo
574 452 639 473 eum
661 444 692 472 z‘n
712 443 869 472 novissimo
884 443 945 477 die,
961 450 1010 480 per
1028 441 1252 478 redemptionem

408 494 435 520 et
456 490 644 520 liberationem
672 499 688 518 a
715 492 803 518 morte
815 500 822 524 ;
848 489 953 526 primae
974 489 1008 518 ad
1029 488 1185 517 Corinthios
1205 487 1251 516 de-

408 538 479 566 cimo
500 537 612 575 quinto:
639 549 651 562 «
667 537 801 573 Quoniam
816 535 928 574 quidem
943 544 993 573 per
1008 535 1147 564 hominem
1162 543 1251 569 mors,

408 587 435 613 et
455 592 505 621 per
526 584 665 612 hominem
687 583 856 612 resurrectio
877 586 1071 616 mortuorum;
1093 585 1120 611 et
1139 581 1210 610 sicut
1224 581 1251 609 in

408 630 490 659 Adam
518 638 612 659 omnes
634 630 809 664 moriuntur,
830 630 868 658 ita
888 630 916 658 in
937 629 1047 659 Christo
1067 636 1163 658 omnes
1184 627 1252 656 vivi-

409 677 567 706 ficabuntur
582 689 608 704 ».
625 677 656 705 Et
677 679 709 706 ut
728 676 816 714 magis
829 677 869 706 eis
883 676 1021 706 silentium
1038 676 1173 712 imponat,
1189 682 1252 703 con-

408 723 500 751 firmat
521 731 570 760 per
591 723 771 760 scripturam.

489 770 533 798 69.
563 770 651 806 (Vers.
680 770 748 806 45).
778 769 927 807 Scriptum
955 772 996 797 est
1022 768 1054 797 in
1079 766 1252 804 Prophetis:

410 817 528 846 Erunt²
556 825 653 845 omnes
681 816 815 845 docibiles
843 816 911 850 Dei,
933 816 959 844 id
980 818 1036 849 est,
1057 822 1154 843 omnes
1173 814 1254 843 doce-

410 864 516 893 buntur
537 872 553 892 a
573 864 647 898 Deo;
670 863 701 892 in
723 862 876 901 Prophetis
890 863 1008 896 dicitur,
1030 862 1096 899 quia
1116 861 1144 890 in
1166 860 1253 898 pluri-

409 911 462 940 bus
482 910 639 944 iuvenitur;
656 910 784 938 Ieremiae
806 909 947 946 trigesimo
968 909 1076 945 primo:
1097 920 1110 933 a
1125 907 1200 936 Dabo
1215 908 1253 936 le-

409 966 470 995 gem
491 965 581 986 meam
602 957 630 985 in
651 957 804 985 visceribus
825 964 922 985 eorum
951 959 978 985 et
1002 956 1030 984 in
1058 954 1188 984 cordibus
1208 962 1253 983 eo-

410 1013 474 1033 rum
495 1004 614 1033 scribam
635 1012 711 1038 eam,
733 1006 760 1032 et
781 1011 830 1032 ero
848 1003 887 1032 eis
901 1002 929 1031 in
943 1003 1048 1036 Deum,
1063 1005 1090 1031 et
1104 1002 1155 1038 ipsi
1171 1004 1254 1030 erunt

409 1051 477 1079 mihi
506 1051 533 1079 in
560 1050 714 1087 populum;
742 1052 770 1078 et
794 1057 849 1078 non
869 1048 978 1078 docebit
998 1049 1073 1077 ultra
1094 1048 1136 1076 vir
1158 1047 1253 1084 proxi-

410 1105 486 1126 mum
509 1105 607 1130 suum,
633 1099 660 1125 et
687 1096 729 1125 vir
757 1096 871 1125 fratrem
899 1104 982 1124 suum
1010 1095 1120 1124 dicens:
1149 1094 1254 1131 Cogno—

410 1152 455 1173 sce
475 1143 642 1177 Dominum;
663 1150 758 1172 omnes
779 1142 852 1171 enim
874 1144 1039 1179 cognoscent
1053 1149 1097 1170 me
1111 1149 1128 1169 a
1141 1140 1255 1170 minimo

410 1199 500 1228 usque
527 1190 560 1219 ad
588 1190 784 1224 maximum»;
813 1190 895 1223 item,
922 1189 1004 1218 Isaiae
1025 1188 1255 1226 quinquagesimo

411 1237 552 1274 quarto-²¹:
579 1248 592 1262 «
608 1237 707 1265 Ponam
734 1244 830 1265 omnes
857 1236 927 1265 filios
956 1239 1018 1265 tuos
1038 1235 1132 1264 doctos
1159 1243 1175 1263 a
1202 1235 1255 1263 Do-

411 1283 486 1312 mino
500 1294 527 1318 ”3
549 1285 576 1312 et
597 1283 674 1312 loelis
689 1283 825 1312 secundo:
844 1294 858 1307 α
873 1282 1017 1311 Effundam
1031 1282 1065 1311 de
1079 1281 1179 1318 spiritu
1194 1289 1255 1310 meo

411 1338 495 1367 super
516 1338 625 1359 omnem
647 1338 774 1364 carnem,
796 1332 823 1358 et
844 1329 1051 1366 prophetabunt
1066 1329 1113 1357 filii
1129 1328 1214 1357 vestri
1229 1330 1256 1356 et

411 1377 482 1406 filiae
502 1379 625 1412 vestrae,
646 1384 725 1405 senes
746 1376 830 1405 vestri
852 1376 958 1405 somnia
978 1375 1194 1404 somniabunt».

493 1424 610 1456 Omnis,
632 1424 684 1461 qui
703 1423 817 1451 audivit
839 1431 858 1450 a
880 1423 969 1451 Patre
990 1425 1040 1451 etc.
1063 1421 1196 1458 Tangitur
1211 1421 1256 1449 liic

413 1471 543 1504 tertium,
565 1470 668 1499 scilicet
689 1470 800 1498 erroris
821 1469 937 1497 amotio.
960 1468 1029 1505 Quia
1043 1468 1116 1496 enim
1130 1468 1255 1501 dixerat,

414 1517 488 1555 quod
509 1525 603 1545 omnes
624 1516 757 1544 docentur
778 1524 794 1544 a
815 1516 885 1550 Deo;
902 1523 935 1544 ne
950 1515 1013 1552 quis
1027 1514 1167 1548 crederet,
1182 1513 1257 1550 quod

415 1564 524 1592 videant
545 1564 647 1596 Deum,
669 1571 685 1591 a
706 1571 761 1599 quo
782 1562 933 1596 docentur,
954 1561 1035 1595 dicit,
1057 1561 1131 1598 quod
1146 1569 1200 1589 non
1214 1560 1257 1588 vi-

414 1611 495 1644 dent,
518 1609 565 1638 sed
586 1609 722 1638 audiunt.
744 1608 820 1637 Unde
840 1608 924 1637 dicit:
943 1608 1061 1642 Omnis,
1076 1607 1128 1646 qui
1142 1607 1258 1635 audivit

415 1665 434 1685 a
455 1657 545 1684 Patre
565 1655 649 1684 meo4
670 1659 695 1684 et
716 1655 834 1689 didicit,
856 1663 905 1692 per
926 1654 1149 1691 inspirationem,
1179 1654 1259 1682 iuxta

415 1705 482 1733 illud
504 1704 622 1733 Psalmi:
649 1715 662 1729 «
677 1704 804 1738 Audiam,
820 1703 886 1740 quid
901 1703 1031 1740 loquatur
1053 1703 1080 1731 in
1101 1710 1145 1731 me
1167 1702 1258 1730 Domi-

414 1759 468 1780 nus
489 1751 562 1780 Deus
576 1761 603 1785 »3
626 1750 686 1784 ille,
708 1750 835 1787 inquam,
856 1750 932 1778 venit
953 1749 993 1778 ad
1013 1758 1073 1783 me,
1099 1757 1149 1786 per
1177 1749 1259 1777 fidem

415 1800 442 1826 et
462 1797 650 1831 dilectionem,
673 1796 753 1825 iuxta
774 1796 842 1825 illud
864 1796 1038 1833 Apocalypsis
1059 1795 1172 1824 ultimo:
1200 1807 1213 1820 «
1228 1795 1260 1823 Et

415 1844 462 1881 qui
484 1844 561 1873 audit
581 1844 671 1872 d1cat:
692 1843 802 1872 Veni».

495 1892 539 1919 70.
563 1891 650 1927 (Vers.
673 1890 741 1927 lid).
771 1889 828 1918 Et⁵
856 1898 915 1918 non
942 1889 1013 1928 quia
1043 1889 1163 1917 Patrem
1188 1888 1261 1917 vidit

415 1937 588 1975 quisquam,
611 1937 714 1966 scilicet
733 1937 858 1965 mortalis
878 1939 906 1965 et
926 1936 1078 1973 passibilis,
1093 1936 1159 1973 quia
1174 1935 1260 1963 Exodi

418 1984 558 2021 trigesimo
580 1984 661 2013 tertio
682 1984 802 2013 dicitur:
828 1995 842 2008 «τ
856 1984 914 2012 Non
935 1983 1038 2012 videbit
1058 1991 1102 2011 me
1123 1983 1206 2011 homo
1233 1985 1261 2011 et

416 2031 490 2059 vivet
504 2042 531 2065 »3
560 2031 620 2059 nisi
646 2031 672 2059 is
700 2031 752 2069 qui
771 2034 811 2059 est
832 2039 851 2058 α
873 2030 946 2064 Deo,
968 2029 1014 2058 hic
1034 2029 1111 2058 videt
1130 2030 1259 2057 Patrem.

416 2078 463 2106 Hic
493 2080 534 2106 est
564 2078 724 2114 unigenitus
754 2077 852 2112 Filius,
883 2077 917 2106 de
948 2085 1004 2114 quo
1035 2085 1121 2113 supra
1152 2076 1259 2113 primo:

422 2124 538 2152 «Deum
559 2131 640 2152 nemo
661 2124 728 2152 vidit
748 2132 889 2161 unquam,
910 2123 958 2153 sed
979 2123 1139 2160 unigenitus
1162 2122 1260 2156 Filius,

418 2170 466 2207 qui
487 2172 528 2199 est
550 2170 577 2198 in
599 2171 661 2199 sinu
683 2170 770 2199 Patris
785 2182 799 2196 »
824 2173 875 2199 etc.

498 2218 543 2245 71.
567 2217 654 2252 (Vers.
677 2217 745 2253 47.)
768 2218 877 2251 Amen,
905 2226 991 2246 amen
1018 2217 1082 2245 (lico
1102 2216 1182 2245 vobis
1210 2219 1260 2245 etc.

418 2262 464 2291 Hic
479 2263 591 2299 ponitur
603 2263 801 2300 praecellentis
822 2263 1024 2292 instructionis
1035 2263 1046 2280 ⁶
1061 2262 1262 2299 confirmati0;

418 2309 492 2338 uude
513 2310 593 2338 iterat
614 2310 688 2347 quod
706 2310 816 2338 dixerat
830 2313 857 2338 et
871 2310 1033 2338 adverbium
1048 2309 1202 2338 affirmandi
1217 2316 1263 2346 ge-

419 2356 522 2390 minat;
544 2359 658 2393 propter
679 2356 754 2394 quod
774 2356 858 2385 dicit:
881 2358 989 2391 Amen,
1011 2365 1096 2385 amen
1124 2356 1188 2385 (lico
1215 2365 1263 2384 vo-

421 2402 479 2437 bis,
502 2403 529 2431 id
550 2407 606 2438 est,
628 2411 710 2438 vere,
732 2411 798 2432 vere
818 2403 897 2432 dico:
914 2404 972 2439 Qui
985 2403 1077 2432 credit
1094 2403 1125 2431 in
1146 2412 1190 2431 me
1210 2402 1262 2431 ha-

484 2558 491 2571 ¹
511 2559 576 2581 Vers.
596 2560 633 2581 47.
650 2573 680 2576 —-
698 2560 806 2589 Sequitur
822 2561 837 2583 l.
855 2560 907 2584 Cor.
923 2560 960 2589 15,
973 2562 1011 2583 21.
1023 2563 1045 2583 et
1057 2562 1093 2584 22.
1107 2574 1136 2577 -
1149 2561 1192 2584 Pro
1204 2560 1267 2584 sicut

424 2598 508 2621 Petras·
525 2598 541 2620 C
551 2599 570 2620 M
587 2598 649 2621 sicut
665 2599 769 2622 Petrum.

484 2635 493 2649 ²
511 2638 609 2665 Vulgata
627 2638 657 2660 Et
673 2640 751 2661 erunt.
770 2651 797 2655 —-
815 2640 867 2668 Seq.
885 2639 948 2661 locus
965 2642 999 2661 est
1015 2640 1055 2661 ler.
1074 2640 1114 2668 3¹,
1132 2639 1169 2661 33.
1186 2642 1209 2661 et
1228 2638 1265 2661 34.

485 2674 495 2687 ²
513 2677 577 2698 Vers.
597 2677 633 2698 12.
651 2683 700 2705 seq.
717 2689 747 2694 -——
764 2678 872 2706 Sequitur
888 2678 941 2700 loel.
957 2679 984 2705 2,
1001 2679 1040 2700 28.

486 2713 496 2726 ⁴
513 2715 611 2743 Vulgata
628 2716 712 2738 omittit
727 2722 786 2739 meo.
802 2729 833 2733 —
850 2717 901 2739 Duo
917 2723 982 2746 seqq.
1001 2717 1044 2739 loci
1061 2719 1114 2739 sunt
1130 2717 1165 2739 Ps.
1183 2716 1226 2744 84,
1243 2717 1266 2739 9.

424 2756 446 2776 et
462 2754 533 2781 Apoc.
552 2755 594 2781 22,
613 2754 648 2776 17.

487 2791 496 2804 ⁵
513 2793 537 2815 ln
554 2794 653 2820 Vulgata
671 2793 734 2816 deest
746 2794 786 2821 El,
799 2800 825 2816 ac
842 2795 899 2817 infra
917 2794 1034 2817 substituit
1050 2795 1099 2823 ipsa
1110 2795 1169 2818 vidit
1180 2801 1222 2823 pro
1233 2794 1267 2818 vi-

424 2831 468 2855 det.
485 2844 516 2848 —
534 2831 635 2854 Subinde
653 2833 780 2860 allegantur
796 2833 866 2856 Exod.
883 2834 925 2862 33,
943 2835 981 2856 20.
998 2837 1020 2856 et
1036 2835 1097 2857 ioan.
1115 2835 1141 2862 t,
1161 2835 1196 2857 18.

487 2868 497 2882 ⁸
513 2871 553 2893 Ed.
571 2870 662 2893 veracis
679 2870 800 2894 doctrinae
826 2871 860 2900 (ut
885 2879 954 2901 supra
980 2879 1001 2895 n.
1025 2872 1080 2901 65).
1108 2873 1202 2895 Inferius
1224 2879 1266 2901 pro

427 2915 493 2937 rere,
510 2915 564 2932 vere
580 2910 654 2932 DGK
665 2910 684 2931 Μ
701 2916 766 2934 nunc
783 2916 843 2933 vere.

1309 208 1352 238 bet
1374 209 1465 237 vitam
1495 211 1664 241 aetemam:
1685 211 1712 237 et
1734 209 1785 237 hoc
1807 208 1921 245 probat,
1942 208 2072 245 quoniam
2094 209 2152 246 ipse

1309 258 1350 285 est
1370 255 1464 292 panis,
1486 255 1534 292 qui
1556 255 1675 283 vivificat
1695 254 1857 288 credentes;
1878 254 1952 283 unde
1972 254 2056 283 dicit:

1388 303 1433 330 72.
1456 302 1545 337 (Vers.
1566 302 1634 338 48).
1657 303 1717 339 Eyo
1738 310 1806 330 sum
1823 301 1914 338 panis
1935 301 2031 335 vitae;
2052 303 2080 330 et
2100 301 2153 330 hoc

1308 348 1501 382 credentibus,
1529 348 1610 385 quia,
1639 348 1710 376 sicut
1736 347 1838 376 dicitur
1863 347 2077 376 Proverbiorum
2098 349 2153 376 ter-

1309 394 1346 423 tio
1358 395 1378 429 ⁷,
1399 406 1412 420 α
1424 395 1529 432 lignum
1545 394 1616 424 vitae
1630 397 1672 423 est
1686 394 1729 423 liis
1744 394 1791 431 qui
1806 393 2040 431 apprehenderint
2054 401 2115 422 eam
2126 405 2153 428 υ,

1309 441 1412 471 scilicet
1440 449 1489 478 per
1509 442 1613 479 βάψῃ
1639 453 1652 466 α
1666 444 1693 470 et
1714 441 1762 478 qui
1788 441 1909 470 tenuerit
1933 448 1992 469 eam
2014 440 2112 469 beatus
2126 452 2153 475 n,

1308 489 1356 526 qui
1378 489 1500 518 tenuerit
1519 497 1569 525 per
1590 487 1879 526 comprehensionem.
1903 488 1934 516 Et
1948 487 2022 525 quod
2043 487 2078 517 sit
2098 496 2154 525 pa-

1308 535 1356 564 nis
1376 535 1465 569 vitae,
1486 535 1605 564 ostendit
1619 543 1668 572 per
1682 535 1809 564 effectum
1821 557 1828 569 ,
1850 534 1916 571 quia
1936 534 2039 563 scilicet
2052 534 2099 563 dat
2111 534 2154 563 vi-

1310 584 1370 610 tam
1388 581 1506 618 yratiae
1527 584 1554 609 et
1574 581 1665 610 vitam
1679 581 1809 618 gloriam
1824 580 1907 609 vitam
1921 580 2055 618 gratiae,
2070 588 2154 617 quam

1309 636 1364 656 non
1384 628 1467 656 dabat
1487 627 1565 664 panis
1585 627 1631 656 ille
1652 628 1778 664 typicus3
1800 627 1874 656 unde
1894 627 1977 656 dicit:

1388 674 1434 703 73.
1457 674 1546 711 (Vers.
1569 674 1637 710 49).
1664 675 1770 703 Patres
1790 674 1881 703 vestri
1899 674 2156 703 manducaverunt

1310 729 1423 750 manna
1451 720 1483 749 in
1508 721 1634 755 deserto,
1657 729 1706 758 per
1727 721 1910 758 quadraginta
1929 728 2016 750 annos
2036 720 2154 755 scilicet,

1310 768 1382 797 sicut
1402 767 1504 796 dicitur
1526 767 1732 796 Deuteronomii
1754 770 1851 796 octavo
1863 767 1892 796 ⁸:
1920 779 1934 793 «
1947 767 2028 796 Dedit
2047 767 2097 796 tibi
2118 767 2156 796 ci—

1310 815 1378 843 bum
1408 822 1526 848 manna,
1557 814 1631 851 quod
1664 814 1852 851 ignorabas»;
1878 817 1904 842 et
1929 813 2041 842 mortui
2069 816 2154 848 sunt,

1310 864 1399 889 morte
1430 860 1534 889 scilicet
1562 860 1659 897 culpae
1687 863 1714 889 et
1745 860 1931 895 infidelitatis;
1959 860 1993 889 ad
2020 860 2156 889 Hebraeos

1310 909 1429 943 quarto:
1455 918 1468 931 «
1484 907 1542 935 Non
1563 907 1668 943 profuit
1688 906 1727 935 eis
1755 914 1846 935 sermo
1873 906 2000 941 auditus,
2027 914 2082 935 non
2109 905 2156 935 ad-

1310 953 1418 981 mixtus
1438 952 1501 981 fidei
1516 965 1543 981 υ.

1390 1000 1435 1028 74.
1459 999 1547 1036 (Vers.
1571 999 1637 1036 50).
1660 999 1715 1028 Hie
1736 1003 1776 1028 est
1793 999 1884 1036 panis
1898 999 1932 1028 cle
1946 999 2024 1030 caelo
2044 999 2157 1027 descen-

1311 1046 1394 1080 denS,
1410 1054 1459 1083 per
1474 1046 1706 1080 incarnationem,
1728 1049 1774 1080 ut,
1789 1046 1817 1074 sz'
1829 1045 1895 1084 quis
1909 1054 1944 1074 ex
1957 1054 1988 1074 eo
1999 1045 2010 1062 ⁹
2030 1045 2158 1074 mandu-

1311 1093 1437 1127 caverit,
1466 1101 1515 1130 per
1543 1093 1625 1122 fidem
1653 1096 1680 1122 et
1705 1093 1894 1126 dilectionem;
1915 1100 1974 1121 non
1993 1092 2156 1126 moriatur,

1311 1148 1361 1177 per
1382 1139 1661 1177 praevaricationem;
1677 1139 1755 1176 quia,
1770 1139 1842 1168 sicut
1859 1138 1961 1168 dicitur
1976 1138 2102 1167 Habacuc
2115 1146 2158 1168 se-

1312 1187 1418 1221 cundo,
1438 1198 1450 1212 «
1464 1186 1554 1215 iustus
1568 1187 1596 1215 in
1610 1187 1664 1215 fide
1679 1194 1729 1215 sua
1743 1186 1847 1215 vivit».
1865 1186 1941 1214 Sicut
1958 1185 2026 1215 fides
2039 1193 2056 1214 a
2069 1187 2158 1214 morte

1312 1234 1426 1268 liberat,
1438 1233 1477 1262 sic
1491 1234 1574 1262 etiam
1588 1233 1712 1268 dilectio;
1728 1233 1833 1270 primae
1845 1232 1951 1261 loannis
1965 1232 2061 1261 tertio:
2081 1243 2094 1257 «
2106 1232 2159 1261 Nos

1312 1280 1430 1315 scimus,
1453 1280 1583 1317 quoniam
1606 1280 1731 1308 translati
1750 1287 1848 1309 sumus
1861 1279 1895 1308 de
1909 1281 1998 1308 morte
2011 1279 2046 1307 ad
2060 1278 2157 1313 vitam,

1312 1327 1443 1365 quoniam
1464 1327 1604 1364 diligimus
1624 1327 1743 1361 sratres3
1766 1326 1813 1363 qui
1835 1334 1889 1355 non
1911 1325 2000 1363 diligit
2020 1328 2113 1354 manet
2131 1325 2159 1354 in

1313 1377 1402 1402 morte
1417 1386 1443 1401 ».
1466 1374 1520 1402 Nec
1540 1376 1647 1402 tantum
1669 1373 1715 1402 dat
1733 1373 1816 1401 vitam
1829 1373 1963 1410 gratiae,
1979 1372 2063 1401 immo
2076 1372 2159 1401 etiam

1313 1420 1396 1449 vitam
1416 1420 1550 1458 9Iortae;
1571 1423 1685 1457 propter
1707 1420 1781 1457 quod
1802 1419 1913 1448 subdit:

1393 1468 1438 1495 75.
1461 1467 1550 1502 (Vers.
1574 1467 1641 1502 51.)
1666 1467 1725 1504 Eyo
1746 1475 1813 1495 sum
1830 1466 1922 1504 panis
1935 1466 2038 1500 vivus,
2053 1473 2103 1502 per
2118 1472 2160 1494 es-

1313 1513 1444 1547 sentiam,
1476 1513 1542 1550 quia
1572 1513 1657 1542 vitam
1686 1508 1790 1542 habens
1818 1513 1846 1541 in
1878 1512 2044 1549 semetipso;
2072 1520 2161 1549 supra

1313 1561 1411 1598 quinto
1423 1561 1463 1588 ¹⁰:
1497 1572 1510 1585 «
1526 1560 1602 1589 Sicut
1629 1560 1709 1589 Pater
1737 1560 1821 1588 habet
1841 1559 1926 1588 vitam
1947 1559 1974 1588 in
1996 1559 2159 1596 semetipso,

1314 1608 1353 1637 sic
1380 1607 1455 1636 dedit
1475 1610 1502 1636 et
1522 1607 1588 1635 Filio
1610 1607 1695 1635 vitam
1717 1607 1821 1635 habere
1841 1606 1869 1635 in
1891 1606 2038 1643 semetipso
2052 1617 2080 1634 ».
2104 1605 2162 1642 Qui

1314 1655 1348 1683 cle
1368 1654 1445 1683 caelo
1466 1654 1614 1688 descendi,
1640 1662 1690 1691 per
1718 1653 1923 1683 misericordiae
1944 1652 2159 1686 abundantiam;

1315 1701 1402 1730 Exodi
1423 1701 1520 1730 tertio:
1547 1712 1560 1725 «
1575 1700 1635 1729 Vidi
1657 1701 1832 1729 afflictionem
1853 1700 1948 1737 populi
1966 1700 2020 1729 mei
2034 1699 2062 1728 in
2076 1699 2161 1737 Aegy-

1315 1751 1362 1785 pto
1383 1751 1410 1777 et
1430 1748 1554 1776 dolorem
1576 1748 1636 1776 eius
1657 1751 1685 1776 et
1705 1747 1849 1782 descendi,
1871 1750 1903 1776 ut
1924 1747 2039 1776 liberem
2053 1755 2118 1776 eum
2133 1758 2160 1775 ι»,

1395 1795 1440 1823 76.
1465 1795 1553 1831 (Vers.
1577 1794 1645 1830 52).
1670 1795 1702 1823 Si
1722 1794 1788 1832 quis
1808 1793 2035 1822 manducaverit
2055 1802 2089 1822 ex
2110 1791 2162 1821 hoc

1312 1850 1406 1878 pane,
1427 1841 1502 1869 vivet
1525 1841 1557 1869 in
1579 1844 1746 1877 aeternum,
1761 1848 1811 1877 per
1825 1840 1949 1877 gloriam.
1965 1840 2004 1869 De
2018 1840 2070 1869 hac
2089 1847 2162 1869 com-

1316 1888 1420 1917 estione
1442 1888 1619 1916 Canticorum
1640 1888 1738 1924 quinto
1751 1888 1792 1916 ¹¹:
1820 1899 1833 1913 «
1847 1887 1998 1922 Comedite‚
2019 1886 2115 1922 amici,
2136 1889 2164 1915 et

1316 1934 1402 1963 bibite
1430 1937 1457 1962 et
1479 1934 1670 1968 inebriamini,
1699 1933 1834 1962 carissimi
1849 1944 1876 1968 »;
1904 1933 1957 1962 hoc
1984 1933 2038 1962 erit
2059 1933 2086 1961 in
2106 1932 2163 1970 glo-

1317 1981 1366 2010 ria.
1389 1981 1427 2010 Ab
1448 1980 1608 2009 huiusmodi
1629 1980 1795 2009 comestione
1809 1980 1967 2017 prohibitus
1981 1982 2022 2009 est
2036 1982 2163 2017 peccator

1317 2028 1345 2057 in
1360 2028 1451 2065 figura
1464 2028 1553 2062 Adae;
1575 2028 1687 2056 Genesis
1708 2027 1808 2056 tertio:
1828 2038 1841 2052 «
1856 2027 1934 2056 Nunc
1948 2035 2026 2064 ergo,
2041 2035 2076 2056 ne
2093 2027 2164 2056 sorte

1318 2077 1410 2104 sumat
1420 2075 1454 2104 de
1466 2074 1539 2112 ligno
1550 2075 1621 2103 vitae
1632 2077 1660 2103 et
1671 2074 1796 2103 comedat
1806 2077 1833 2103 et
1847 2074 1921 2103 vivat
1935 2074 1963 2103 in
1977 2076 2123 2103 aeternum
2136 2086 2163 2103 ».

1639 2168 1839 2204 QUAnsrroNes.

1398 2263 1444 2290 77.
1467 2262 1576 2298 Quaest.
1599 2262 1617 2290 1.
1639 2261 1789 2298 Quaeritur
1810 2261 1856 2290 hic
1872 2261 1962 2298 primo
1976 2261 2010 2290 de
2025 2261 2078 2290 hoc
2092 2261 2166 2298 quod

1319 2309 1400 2343 dicit,
1422 2309 1497 2346 quod
1518 2308 1623 2337 Iudaei
1641 2307 1882 2337 murmurabant.

1402 2357 1425 2384 1.
1448 2355 1584 2384 Dominus
1612 2355 1731 2389 sciebat,
1759 2355 1833 2392 quod
1862 2354 1953 2383 ludaei
1980 2354 2014 2383 de
2041 2354 2166 2383 doctrina

1320 2402 1445 2432 veritatis
1465 2402 1563 2431 cadere
1584 2402 1721 2431 debebant
1747 2401 1775 2430 in
1803 2401 2072 2430 murmurationem:
2100 2408 2167 2438 ergo

1385 2558 1394 2572 ⁷
1412 2560 1477 2583 Vers.
1496 2560 1532 2582 ⁴8.

1386 2597 1395 2611 ¹³
1412 2599 1477 2621 Vers.
1495 2599 1516 2621 3.
1535 2598 1591 2621 lbid.
1609 2605 1631 2620 v.
1651 2599 1680 2620 2:
1698 2598 1724 2620 Et
1739 2597 1899 2620 recordaberis
1915 2596 1990 2619 cuncti
2010 2596 2109 2624 itineris,
2125 2601 2167 2624 per

1323 2638 1386 2667 quod
1404 2638 1499 2660 adduxit
1516 2639 1538 2660 te
1554 2637 1667 2659 DomInus
1684 2637 1745 2659 Deus
1762 2639 1815 2659 tuus
1832 2636 1986 2665 quadraginta
1997 2635 2063 2658 annis
2074 2641 2116 2663 per
2127 2635 2168 2657 de-

1323 2679 1410 2700 sertum
1427 2679 1470 2699 etc.
1487 2676 1533 2699 Csr.
1550 2676 1619 2699 Exod.
1641 2676 1680 2703 16,
1698 2676 1744 2698 35;
1760 2675 1808 2698 Filii
1829 2678 1906 2697 autem
1928 2675 1996 2697 lsrael
2017 2674 2167 2697 comederunt

1323 2722 1377 2738 man
1395 2715 1548 2745 quadraginta
1566 2715 1630 2737 annis
1647 2717 1689 2737 etc.
1705 2727 1737 2730 —-
1754 2714 1862 2744 Sequitur
1879 2713 1948 2736 Hebr.
1967 2713 1992 2741 4,
2010 2714 2031 2735 2.

1386 2752 1396 2766 ⁹
1415 2755 1511 2783 Vulgata
1528 2760 1558 2777 σω
1575 2753 1633 2783 ipsa
1651 2766 1681 2770 —
1699 2754 1749 2776 Duo
1766 2759 1832 2782 seqq.
1856 2753 1900 2776 loci
1924 2754 1978 2775 sunt
1998 2751 2083 2775 Habac.
2101 2752 2128 2779 2,
2146 2751 2168 2774 4.

1325 2794 1374 2823 (cfr.
1391 2793 1461 2816 Hebr.
1479 2794 1521 2821 lo,
1538 2793 1585 2822 38.)
1604 2796 1626 2815 et
1642 2794 1657 2815 l.
1674 2793 1734 2815 loan.
1754 2793 1779 2820 3,
1799 2792 1836 2815 ⁴4.

1387 2831 1407 2845 ¹⁰
1424 2833 1489 2855 Vers.
1508 2833 1544 2855 26.
1561 2844 1593 2848 --
1610 2832 1717 2860 Sequitur
1734 2831 1804 2854 Exod.
1822 2832 1849 2859 3,
1866 2831 1888 2854 7.
1905 2833 1928 2854 et
1945 2832 1967 2854 8.

1388 2871 1405 2884 ¹¹
1425 2872 1489 2894 Vers.
1510 2872 1528 2894 l.
1546 2871 1591 2894 Csr.
1608 2871 1730 2899 Bernard.,
1748 2871 1777 2893 de
1794 2870 1914 2898 Diligendo
1932 2870 1992 2897 Deo,
2008 2876 2029 2893 c.
2047 2870 2084 2892 tt.
2095 2876 2118 2892 n.
2130 2869 2167 2892 3⁴.

1324 2913 1347 2934 et
1363 2911 1400 2933 33.
1417 2922 1448 2927 —
1465 2909 1567 2933 Subinde
1584 2910 1693 2939 allegatur
1710 2911 1766 2933 Gen.
1783 2910 1811 2937 3,
1828 2911 1865 2932 22.
