2296 3316
16 677 98 720 {freta

8 1145 29 1164 Ρι
41 1143 62 1162 ΙΙ.
74 1142 98 1161 de

0 1161 55 1215 ''wi''
66 1165 98 1184 du-

0 1283 97 1306 lnraesenti

4 1306 93 1331 &zriplem

19 2021 101 2040 firmitatis

17 2044 64 2063 nauus
76 2045 94 2063 6.

25 2253 101 2274 Primus,

9 2441 102 2460 *iocundum

595 168 819 198 COLLATIONES
842 170 873 198 IN
894 169 1039 198 IOANNEM
1061 168 1129 198 CM).
1152 170 1193 198 xl.
1215 170 1308 198 COLL.
1331 171 1382 198 XL.

116 255 294 286 progressum
309 247 495 284 operationis.
518 247 642 276 Primum
663 250 776 276 notatur
798 248 825 276 in
847 248 894 276 illo
914 247 961 284 qui

116 295 187 324 dixit
207 295 295 323 Lucae
316 302 388 323 nono
401 295 426 322 ¹:
446 305 459 319 «
472 295 577 331 Sequar
599 297 641 328 te,
655 302 833 331 quocumque
855 294 920 323 ieris
934 305 962 328 »,

117 342 196 371 cuius
217 341 397 370 intentionem
418 348 600 377 cognoscens,
616 340 750 369 Dominus
763 341 851 369 dixit:
870 352 884 366 «
896 341 962 369 Vul-

116 396 164 426 pes
177 387 269 416 foveas
283 387 386 416 habent
401 390 428 416 et
442 387 570 416 volucres
584 387 650 415 caeli
670 387 749 416 nidos
763 399 776 412 ιι
796 390 847 416 etc.
865 404 900 408 —-
916 388 962 416 Se-

116 434 238 466 cundum
253 436 366 462 notatur
381 433 409 461 in
424 433 519 467 Petro,
535 433 643 461 Ioannis
656 433 763 462 decimo
784 433 879 468 terti0,
900 434 961 468 cui,

115 490 177 513 cum
199 480 271 510 dixit
291 479 426 508 Domino:
446 490 459 504 «
476 479 605 513 Domine,
626 487 683 516 quo
706 479 799 508 vadis?
821 480 963 516 respondit

116 531 207 560 Iesus:
229 529 290 566 Quo
311 534 362 564 ego
384 526 468 560 vado,
490 533 544 554 non
574 528 652 562 potes
682 533 726 554 me
756 526 837 555 modo
862 527 960 563 sequi;

115 576 239 614 sequeris
259 577 353 604 autem
375 575 469 611 postea
483 584 509 600 ».

192 624 219 651 8.
241 623 273 651 Et
294 624 374 656 nota,
395 619 536 658 quomodo
561 619 651 656 primo
680 619 777 648 Petrus
806 627 835 648 se
861 619 962 648 obtulit

115 677 167 698 non
196 669 287 698 solum
318 669 352 698 ad
383 668 573 706 sequendum,
595 666 643 696 sed
664 666 698 695 ad
722 666 960 704 praecedendum,

114 715 157 744 vel
187 716 390 750 comitandum,
421 715 557 744 dicens2:
591 725 604 739 <x
623 714 754 748 Domine,
786 721 874 751 quare
906 721 961 741 non

115 770 225 799 possum
247 766 273 791 te
294 763 372 799 sequi
401 763 501 791 modo?
522 762 646 790 Animam
675 769 764 790 meam
793 769 844 797 pro
867 764 892 789 te
912 768 961 796 po-

114 817 176 838 nam
188 821 215 837 ».
230 809 371 843 Secundo,
386 809 497 846 quando
517 821 531 834 «
541 809 575 837 de
591 809 670 845 longe
684 808 855 845 sequebatur
866 819 894 841 »,
906 815 961 836 non

114 855 202 884 solum
223 863 278 883 non
300 856 463 892 praecessit,
479 855 527 884 sed
541 863 591 884 nec
612 855 646 884 de
667 862 754 892 prope
776 857 889 883 secutus
903 857 960 888 est,

114 902 161 931 sed
180 913 194 927 «
207 910 224 930 a
242 901 338 939 longe,
359 905 391 930 ut
411 902 517 931 videret
538 902 620 931 finem
636 914 663 936 a»,
679 901 807 930 Matthaei
829 901 961 938 vigesimo

114 951 201 978 sexto.
223 949 332 982 Tertio,
358 956 408 977 nec
432 949 466 977 de
492 949 571 986 longe
599 956 649 977 nec
676 948 710 977 de
730 956 817 985 prope
848 950 961 977 secutus

114 998 169 1029 est,
191 994 302 1032 quando
323 1002 388 1023 eum
410 995 534 1032 negavit,
556 995 671 1029 eodem;
693 998 721 1026 et
742 995 809 1029 hoc,
832 995 898 1031 quia
919 995 960 1023 in-

114 1042 214 1071 firmus
234 1041 294 1070 fuit.

193 1089 218 1117 9.
242 1089 410 1127 Sequuntur
433 1089 589 1117 Dominum
609 1092 661 1117 etc.
684 1089 779 1118 Habito
807 1089 960 1126 superius³

113 1135 147 1164 de
161 1136 263 1164 merito
278 1136 305 1164 in
321 1136 462 1173 sequendo
476 1136 641 1169 Dominum,
663 1136 709 1165 hic
730 1136 854 1173 tangitur
872 1145 960 1173 prae-

113 1182 206 1211 mium
234 1182 268 1211 de
297 1182 437 1219 sequendo
465 1183 564 1219 ipsum.
593 1182 676 1216 Nota,
704 1183 779 1219 quod
803 1183 882 1219 sequi
909 1183 960 1211 Do-

113 1228 221 1257 minum
234 1227 368 1265 fructum
382 1229 466 1257 habet
479 1229 506 1257 in
519 1229 669 1265 praesenti
687 1245 724 1249 —
745 1231 773 1257 et
790 1229 961 1265 praemium

113 1275 141 1304 in
154 1274 267 1313 futuro.
284 1291 320 1296 -
336 1275 364 1303 In
378 1275 541 1312 praesenti,
557 1276 623 1312 quia
636 1275 849 1312 lionorisz'cum,·
871 1276 961 1306 Eccle-

114 1322 213 1351 siastici
235 1322 367 1359 vigesimo
395 1322 517 1351 tertio4:
544 1334 557 1347 «
572 1322 665 1350 Gloria
689 1330 788 1359 magna
813 1325 854 1351 est
882 1323 961 1359 sequi

114 1370 262 1398 Dominum
276 1381 303 1397 ».
325 1386 363 1390 —-
384 1370 454 1406 Quia
475 1373 587 1403 tuturm
609 1369 716 1398 loannis
737 1373 853 1398 octavo:
880 1381 894 1394 «
908 1370 961 1406 Qui

115 1417 241 1454 sequitur
262 1424 306 1446 me
326 1425 381 1445 non
402 1417 527 1445 ambulat
548 1417 575 1445 in
597 1416 719 1445 tenebris
733 1427 764 1451 »3
788 1416 894 1445 loannis
915 1416 961 1445 de-

115 1464 203 1493 cimo:
230 1475 244 1489 «
258 1463 398 1501 Cognosco
418 1472 484 1492 oves
508 1472 599 1498 meas,
621 1467 648 1492 et
669 1467 828 1500 sequuntur
849 1471 912 1498 me;
934 1466 963 1492 et

115 1519 165 1548 ego
186 1511 269 1540 vitam
294 1514 435 1539 aeternam
456 1510 491 1539 do
511 1511 566 1545 eis,
587 1513 615 1539 et
635 1519 690 1539 non
715 1510 847 1547 peribunt
869 1511 895 1539 in
917 1518 962 1539 ae-

115 1560 225 1586 ternum
235 1580 242 1592 ,
264 1565 355 1594 neque
370 1557 459 1593 rapiet
473 1565 519 1586 eas
534 1557 682 1594 quisquam
703 1557 737 1585 de
757 1565 843 1585 manu
857 1565 920 1586 mea
934 1568 960 1585 ».

115 1621 153 1625 -
173 1604 244 1641 Quia
263 1603 439 1641 proficuum.
466 1604 601 1633 Dominus
627 1604 700 1632 enim
730 1604 912 1641 sequentibus
933 1612 963 1633 se

1809 172 1864 199 585

1882 255 1996 274 Beneficium

1020 247 1122 284 triplex
1144 247 1191 275 dat
1212 247 1376 276 beneficium
1391 259 1397 276 :
1412 248 1596 281 sanationes,-
1611 248 1738 277 Matthaei
1759 249 1865 278 decimo
1900 278 1975 302 triplex.

1019 295 1162 331 quarto⁶:
1189 306 1202 320 «
1217 295 1332 323 Secutae
1354 298 1419 324 sunt
1440 303 1505 324 eum
1534 296 1632 324 turbae
1659 296 1763 324 multae
1783 296 1865 333 pede-

1019 344 1090 369 stres
1110 340 1144 369 de
1165 341 1339 375 civitatibus,
1354 344 1381 370 et
1397 342 1495 370 exiens
1516 342 1583 370 vidit
1605 342 1715 371 turbam
1736 350 1863 379 magnam

1019 390 1046 416 et
1066 387 1198 416 misertus
1212 390 1254 416 est
1267 388 1307 416 eis
1327 391 1355 416 et
1376 388 1485 416 curavit
1503 388 1646 425 languidos
1666 397 1764 417 eorum
1779 400 1805 423 1›;
1827 390 1863 418 si-

1018 434 1083 463 mile
1114 434 1241 463 Matthaei
1273 443 1361 469 nono,
1383 435 1465 463 Marci
1497 435 1619 470 decimo,
1642 437 1730 465 Lucae
1757 436 1864 466 decimo

1018 484 1116 510 octavo
1142 481 1176 510 de
1203 481 1314 510 duobus
1344 482 1440 510 caecis.
1465 498 1500 503 -—-
1522 483 1747 517 Jnstructiom's;
1775 485 1864 513 Lucae

1019 537 1108 557 nono:
1135 540 1149 553 «
1164 529 1280 557 Secutae
1310 532 1376 557 sunt
1406 537 1470 557 eum
1503 530 1616 564 turbae,
1639 533 1666 559 et
1686 531 1797 568 excepit
1816 539 1863 560 eos

1019 578 1046 603 et
1066 574 1233 612 loquebatur
1254 575 1308 603 illis
1327 575 1361 604 de
1382 583 1467 612 regno
1483 576 1543 611 Dei,
1558 579 1586 605 et
1606 585 1652 605 eos
1667 578 1713 614 qui
1733 586 1802 606 cura
1822 578 1864 606 in-

1018 621 1160 658 digebant,
1182 621 1336 649 sanabat».
1354 639 1389 642 —
1406 621 1594 659 Refeetionz's;
1608 623 1680 652 infra
1693 624 1788 653 eodem
1800 625 1811 642 ⁶
1829 625 1863 654 de

1016 667 1154 695 miraculo
1175 667 1299 704 quinque
1320 676 1423 704 panum
1445 671 1472 697 et
1492 668 1613 697 duorum
1629 670 1759 706 pisciu1n;
1775 671 1864 700 simile

1019 714 1101 742 Marci
1123 714 1262 742 secundo:
1289 725 1302 739 «
1317 715 1394 743 Multi
1423 715 1562 751 publicani
1583 718 1610 744 et
1631 720 1789 753 peccatores
1809 718 1864 747 dis-

1018 760 1187 789 cumbebant
1208 769 1272 789 cum
1294 761 1354 790 lesu
1375 765 1402 790 et
1423 762 1565 799 discipulis
1592 763 1660 792 eius.
1683 764 1766 793 Erant
1791 765 1863 793 enim

1018 808 1115 841 multi,
1137 808 1185 844 qui
1207 808 1396 845 sequebantur
1418 816 1482 837 eum
1497 821 1524 837 ».

1100 856 1143 884 lo.
1166 855 1297 884 Similiter
1319 855 1396 892 sequi
1418 856 1567 884 Dominum
1595 857 1678 885 habet
1695 859 1865 894 praemium

1018 902 1045 930 in
1073 900 1198 938 futuro:
1227 905 1254 930 et
1282 902 1455 938 promittitur
1487 903 1668 939 sequentihus
1698 903 1866 933 sublimitas

1018 948 1155 982 lzonorz's;
1176 949 1305 977 Matthaei
1327 949 1434 978 decimo
1456 958 1528 978 nono
1541 950 1570 978 ⁷:
1590 961 1603 975 «
1618 950 1684 984 Vos,
1706 952 1754 988 qui
1776 952 1864 980 secuti

1018 996 1084 1024 estis
1109 1003 1153 1024 me
1177 998 1246 1029 etc.;
1268 995 1397 1024 sedebitis
1418 999 1445 1024 et
1466 1004 1515 1025 vos
1542 1004 1627 1033 super
1655 997 1733 1026 sedes
1762 997 1866 1027 duode—

1018 1043 1087 1076 cim,
1110 1042 1263 1071 iudicantes
1293 1042 1438 1072 duodecim
1470 1043 1561 1072 tribus
1589 1044 1712 1072 lsrael».
1736 1061 1771 1065 -
1794 1045 1866 1073 Pos-

1017 1090 1106 1118 sessio
1138 1089 1305 1118 hereditatis
1312 1100 1322 1123 ,·
1344 1090 1421 1119 losue
1452 1090 1558 1119 decimo
1590 1094 1708 1128 quarto:
1736 1103 1749 1117 α
1763 1092 1865 1126 Terra,

1018 1145 1103 1174 quam
1118 1137 1233 1165 calcavit
1254 1144 1302 1173 pes
1324 1140 1403 1171 tuus,
1418 1137 1472 1166 erit
1486 1138 1622 1174 possessio
1640 1141 1689 1166 tua
1702 1141 1729 1167 et
1743 1138 1864 1167 filiorum

1019 1187 1133 1212 tuorum
1148 1192 1237 1221 usque
1252 1184 1279 1212 in
1295 1184 1505 1221 sempiternum,
1520 1185 1586 1221 quia
1601 1187 1714 1214 secutus
1728 1193 1758 1214 es
1772 1186 1865 1214 Domi-

1018 1238 1084 1258 num
1101 1230 1189 1258 Deum
1205 1238 1298 1259 meum
1311 1242 1338 1258 2).
1355 1247 1391 1251 —
1407 1231 1517 1259 Lumen
1532 1231 1743 1265 iucunditati&
1758 1232 1865 1260 Ioannis

1018 1280 1130 1305 octavo:
1150 1277 1226 1313 «Qui
1245 1277 1373 1314 sequitur
1394 1286 1438 1306 me
1459 1286 1512 1306 non
1534 1278 1657 1307 ambulat
1678 1279 1705 1307 in
1727 1279 1865 1313 tenebris,

1019 1323 1066 1352 sed
1088 1324 1200 1352 habebit
1221 1324 1313 1352 lumen
1335 1324 1408 1353 vitae
1422 1336 1449 1353 ι).
1473 1341 1508 1346 -
1532 1326 1681 1354 Securitas
1709 1326 1865 1355 aeternita-

1019 1370 1073 1403 τίω
1090 1370 1195 1398 loannis
1216 1370 1363 1399 decim0⁸:
1389 1383 1402 1396 «
1417 1371 1556 1408 Cognosco
1577 1380 1643 1401 oves
1663 1380 1753 1406 meas,
1775 1375 1803 1402 et
1824 1380 1865 1402 se—

1019 1419 1147 1453 quuntur
1168 1425 1228 1450 me,
1246 1420 1273 1446 et
1294 1425 1344 1454 ego
1365 1418 1450 1447 vitam
1471 1421 1611 1447 aeternam
1632 1419 1668 1447 do
1688 1419 1743 1453 eis,
1762 1422 1790 1448 et
1810 1428 1864 1448 non

1019 1464 1150 1500 peribunt
1172 1464 1198 1492 in
1220 1467 1381 1499 aeternum,
1403 1473 1493 1502 neque
1521 1466 1610 1502 rapiet
1639 1473 1686 1494 eas
1717 1466 1864 1504 quisquam

1019 1510 1053 1538 de
1074 1518 1158 1538 manu
1180 1518 1240 1539 mea
1254 1521 1285 1545 »;
1302 1511 1481 1540 Ecclesiastici
1503 1512 1635 1549 vigesimo
1657 1513 1756 1541 tertio:
1777 1525 1791 1538 «
1804 1513 1866 1541 Glo-

1020 1557 1062 1585 ria
1083 1565 1181 1594 magna
1202 1558 1280 1595 sequi
1302 1558 1468 1592 Dominum;
1491 1558 1633 1596 longitudo
1651 1559 1761 1588 dierum
1788 1568 1866 1589 assu-

1021 1607 1115 1633 metur
1136 1605 1170 1633 ab
1191 1609 1265 1633 eo'».

1894 861 1913 879 In
1923 861 1984 879 rutum

1878 884 2001 908 quadruplex.

613 1721 774 1750 CAPrrULUM
796 1722 836 1750 xl.
861 1723 934 1750 Erat
954 1725 1052 1751 autem
1073 1722 1195 1760 quidam
1216 1723 1367 1760 lauyuens.

446 1833 573 1854 ΑΝΝοτΑτιο
591 1831 629 1854 37.

194 1924 282 1960 (Vers.
292 1926 302 1953 1
310 1925 337 1960 .).
350 1925 421 1953 Erat
428 1928 525 1953 autem
533 1925 656 1963 quidam
664 1925 807 1962 lauyuens
812 1925 960 1953 Lazarus.

198 1971 221 1999 1.
248 1971 316 1999 Nota
346 1971 449 2008 gradus
480 1971 649 2000 infirmitatis
684 1971 844 2008 spiritualis.
877 1972 963 2000 Homo

117 2018 189 2046 enim
217 2018 308 2054 primo
335 2018 543 2046 occasiouatur
573 2018 599 2046 in
632 2019 795 2055 cogitatione
819 2035 858 2039 —
878 2018 962 2056 insir-

117 2067 219 2093 matur
239 2065 266 2092 in
288 2064 469 2093 delectatione
490 2081 526 2085 —
549 2065 667 2102 lauyuet
691 2066 719 2094 in
745 2074 824 2094 mora
846 2083 880 2086 —
902 2074 962 2094 mo-

118 2111 197 2140 ritur
217 2111 245 2140 in
267 2119 403 2140 consensu
426 2128 461 2131 —
483 2111 602 2149 effertur
624 2112 650 2140 in
672 2120 756 2149 opere
775 2129 811 2133 -
825 2112 963 2149 sepelitur

117 2157 145 2186 in
166 2157 374 2186 consuetudine.

198 2204 412 2233 Occcz-Siouatur
446 2213 513 2242 ergo
551 2206 666 2234 morbus
704 2206 730 2234 in
770 2206 963 2243 cogitatum&

118 2251 211 2288 quarti
232 2251 336 2288 Regum
357 2251 469 2288 primo⁹
491 2251 524 2280 de
545 2251 680 2286 Ochozia,
694 2253 742 2289 qui
767 2264 780 2277 «
795 2253 895 2281 cecidit
913 2261 963 2289 per

119 2297 253 2327 cancellos
271 2298 412 2326 coenaculi
434 2298 477 2326 sui
499 2301 526 2327 et
546 2299 739 2335 aegrotavit».
761 2299 886 2328 Cancellz'
904 2308 963 2328 coe-

119 2344 220 2373 naculi
240 2352 338 2373 sensus
359 2348 440 2379 sunt,
462 2346 509 2382 qui
532 2345 622 2374 varias
647 2346 825 2383 cogitationes
849 2346 876 2374 in
903 2354 963 2375 coe-

118 2391 217 2420 naculo
237 2391 328 2420 cordis
349 2391 511 2420 immittunt.
526 2408 563 2413 —
579 2391 758 2429 Infirmatur
777 2393 860 2421 homo
875 2393 902 2421 in
917 2393 963 2421 de-

119 2437 283 2471 lectatione;
304 2438 378 2475 quod
406 2438 557 2475 figuratum
580 2442 637 2473 est,
665 2439 771 2468 loannis
799 2443 914 2476 quarto,
936 2440 964 2469 in

119 2484 175 2513 filio
206 2485 311 2522 reguli,
340 2486 387 2522 qui
421 2486 643 2515 «infirmabatur
674 2486 867 2523 Capharnaum
883 2499 910 2521 »,
938 2487 965 2516 id

1019 1835 1060 1860 est
1089 1832 1116 1860 in
1145 1832 1209 1861 villa
1236 1833 1410 1869 pinguedinis
1431 1833 1475 1862 vel
1495 1841 1562 1870 agro
1586 1834 1795 1868 consolationis,
1816 1842 1867 1871 per

1019 1879 1093 1916 quod
1115 1879 1278 1916 intelligitur
1294 1880 1412 1909 lectulus
1430 1880 1625 1909 delectationis.
1642 1897 1678 1902 -—
1691 1882 1821 1919 Languet
1838 1882 1865 1910 in

1018 1935 1105 1954 mora
1112 1937 1122 1959 ,·
1143 1926 1217 1963 quod
1238 1927 1390 1964 figuratum
1411 1931 1468 1962 est,
1488 1928 1595 1956 Ioannis
1616 1928 1761 1957 undecimo
1773 1929 1812 1963 ¹⁰,
1833 1929 1867 1958 de

1020 1973 1137 2007 Lazaro,
1152 1976 1180 2001 et
1199 1973 1306 2002 loannis
1326 1974 1425 2010 quinto
1445 1974 1479 2003 de
1500 1974 1660 2011 paralytico.
1676 1975 1715 2003 De
1736 1975 1789 2004 hoc
1809 1975 1867 2004 lan—

1019 2028 1106 2056 guore
1118 2020 1298 2048 Ecclesiastici
1309 2020 1431 2049 decimo:
1452 2032 1465 2046 «
1480 2021 1607 2058 Languor
1620 2022 1757 2058 prolixior
1772 2025 1868 2059 gravat

1019 2066 1157 2095 medicum
1169 2078 1196 2094 ».
1213 2083 1250 2087 -
1265 2066 1392 2095 Moritur
1406 2067 1434 2095 in
1449 2076 1608 2101 consertam
1622 2068 1697 2105 quod
1716 2069 1866 2106 figuratum
1884 2075 1972 2099 Quartus-

1020 2116 1077 2147 est,
1099 2113 1182 2141 Marci
1203 2113 1316 2150 quint0,
1337 2113 1371 2142 de
1392 2114 1448 2142 filia
1468 2114 1677 2152 archisynagogi
1703 2118 1813 2144 mortua
1840 2116 1882 2144 iu>

1021 2160 1150 2188 thalamo.
1172 2176 1208 2180 —
1228 2159 1357 2198 Effertur
1378 2161 1405 2189 in
1427 2170 1528 2198 opere;
1550 2161 1623 2198 quod
1640 2161 1791 2198 figuratum
1813 2166 1868 2197 est,
1885 2169 1973 2193 Quintus-

1022 2207 1109 2235 Lucae
1130 2207 1247 2243 septimo
1259 2208 1298 2241 1¹,
1320 2207 1353 2236 de
1380 2208 1567 2242 adolescente,
1589 2209 1637 2245 qui
1669 2220 1682 2234 «
1701 2209 1868 2238 efferebatur

1020 2254 1168 2283 defunctus
1183 2254 1209 2282 in
1225 2257 1305 2291 porta
1319 2255 1437 2284 clvitatis
1450 2255 1525 2284 filius
1539 2256 1639 2284 unicus
1653 2257 1749 2285 matris
1763 2264 1829 2286 suae
1841 2269 1867 2285 n.

1022 2317 1058 2322 —
1081 2300 1223 2337 Sepelitur
1247 2301 1275 2329 in
1300 2302 1522 2335 consuetudine;
1547 2303 1621 2339 quod
1648 2302 1800 2339 figuratum
1828 2307 1869 2333 est
1885 2309 1960 2328 Sextus-

1022 2347 1049 2375 in
1077 2348 1223 2383 sepultura
1243 2348 1353 2382 Lazari,
1380 2356 1491 2385 «quem
1516 2349 1621 2377 invenit
1646 2349 1720 2378 lesus
1747 2352 1868 2387 quatuor

1021 2394 1079 2422 dies
1101 2394 1248 2422 habentem
1271 2394 1298 2422 in
1320 2398 1500 2423 monumento
1515 2407 1529 2420 »
1554 2398 1605 2424 etc.

1102 2442 1128 2469 2.
1151 2441 1227 2469 Erat
1246 2441 1369 2479 quidam
1390 2441 1533 2479 tanqum
1560 2442 1702 2471 Lazarus
1723 2451 1743 2471 a
1765 2441 1867 2472 Betlta-
1890 2448 1986 2475 Exrpsitio

1021 2488 1074 2516 nia
1099 2488 1132 2516 de
1160 2487 1275 2516 castello
1295 2488 1411 2516 Mariae
1438 2491 1463 2516 et
1490 2488 1641 2523 Marthae,
1662 2490 1776 2518 sororis
1796 2490 1867 2518 eius.
1885 2477 1989 2491 nommum.

1883 1886 1964 1905 Tertius.

183 2649 191 2662 ¹
211 2650 274 2673 Vers.
293 2650 330 2673 57.
347 2653 370 2673 et
386 2651 423 2674 58.
440 2664 471 2668 —
488 2651 591 2675 Subinde
608 2653 719 2680 allegatur
736 2654 796 2676 loan.
815 2654 857 2680 43,
875 2654 912 2676 36.

182 2687 192 2700 ²
209 2689 269 2711 loan.
287 2689 330 2716 ¹13,
348 2689 385 2711 37.
402 2700 433 2706 —·
449 2690 500 2712 Duo
517 2696 582 2719 seqq.
600 2690 642 2713 loci
659 2694 713 2714 sunt
733 2691 811 2714 Matth.
828 2692 871 2720 26,
889 2692 926 2714 58.
944 2695 966 2715 et

121 2725 158 2749 70.
176 2733 240 2756 seqq.
749 2729 759 2743 ³
776 2731 842 2753 Num.
862 2732 882 2754 fl.
900 2729 972 2761 seqq.'

182 2764 193 2778 ⁴
210 2766 275 2789 Vers.
298 2767 336 2788 38.
355 2780 384 2783 —
406 2766 510 2790 Subinde
534 2768 662 2796 allegantur
687 2770 746 2791 loan.
771 2770 797 2798 8,
821 2771 858 2792 12.
880 2773 902 2793 et
925 2770 966 2798 slO,

122 2803 158 2827 27.
177 2811 226 2834 seq.

183 2842 193 2856 ⁵
211 2844 275 2867 Vers.
291 2845 324 2867 13.
337 2851 387 2874 seq.
398 2845 444 2868 Csr.
456 2846 533 2868 Matth.
546 2847 570 2874 9,
585 2846 622 2869 27.
634 2853 699 2876 seqq.
713 2847 763 2876 (cfr.
774 2848 816 2875 20,
830 2848 866 2870 30.
879 2849 966 2878 seqq.);

121 2883 189 2906 Marc.
206 2883 249 2911 ⁴0,
267 2883 305 2906 46.
321 2890 387 2913 seqq.
403 2887 426 2907 et
441 2885 495 2907 Luc.
513 2886 555 2914 ⁴8,
572 2885 609 2908 35.
627 2892 691 2915 seqq.
704 2887 772 2915 Apud
789 2888 857 2910 Marc.
873 2890 895 2910 et
912 2889 966 2911 Luc.

122 2921 198 2948 agitur
221 2922 251 2944 de
275 2923 394 2945 sanatione
415 2923 488 2947 unius
511 2924 581 2947 caeci.
605 2924 679 2947 Codd.
696 2919 794 2953 allegant
819 2927 886 2949 Marc.
905 2927 926 2949 2.
945 2929 967 2949 et

122 2960 177 2982 Luc.
188 2960 210 2987 5,
222 2959 261 2983 ubi
274 2961 329 2983 nihil
341 2961 415 2984 simile
427 2963 533 2985 occurrit.
546 2976 576 2980 —
588 2963 692 2987 Subinde
706 2965 816 2993 allegatur
828 2966 882 2988 Luc.
894 2966 916 2994 9,
931 2967 965 2988 ll.

216 3007 241 3030 S.
257 3007 348 3030 Bonav.
365 3021 395 3025 —
414 3009 481 3031 Tom.
499 3010 535 3032 VI.

1086 2652 1096 2665 Β
1112 2654 1167 2676 Luc.
1184 2654 1210 2680 9,
1229 2654 1266 2675 13.
1283 2659 1349 2682 seqq.
1365 2665 1396 2670 —-
1414 2654 1521 2682 Sequitur
1539 2654 1607 2676 Marc.
1626 2655 1652 2683 2,
1671 2655 1707 2677 45.

1085 2691 1094 2704 ⁷
1113 2693 1178 2715 Vers.
1191 2692 1228 2714 28.
1237 2692 1328 2715 —-Duo
1340 2698 1404 2721 seqq.
1417 2692 1461 2714 loci
1473 2695 1526 2714 sunt
1540 2693 1582 2715 los.
1596 2692 1637 2721 44,
1649 2693 1672 2715 9.
1685 2696 1708 2715 et
1719 2693 1780 2717 ioan.
1792 2695 1819 2722 8,
1833 2695 1868 2717 «¹2.

1086 2730 1095 2744 ⁸
1112 2733 1178 2754 Vers.
1197 2731 1233 2754 27.
1250 2734 1273 2754 et
1289 2732 1326 2754 28.
1345 2744 1374 2747 -
1392 2732 1500 2760 Sequitur
1517 2732 1584 2755 Eccli.
1601 2733 1644 2761 23,
1662 2733 1699 2755 38.

1085 2769 1095 2783 ⁹
1112 2771 1178 2793 Vers.
1196 2772 1217 2793 2.
1234 2782 1265 2787 —
1283 2770 1387 2793 Subinde
1412 2771 1521 2798 allegatur
1546 2772 1606 2793 loan.
1625 2771 1651 2800 4,
1669 2771 1706 2794 46.
1728 2771 1774 2795 Cir.
1799 2779 1869 2801 supra

1023 2810 1102 2833 Collat.
1119 2808 1196 2833 XVlll.
1213 2817 1235 2832 n.
1253 2810 1275 2832 3.

1086 2848 1106 2861 ¹⁰
1124 2850 1188 2871 Vers.
1207 2850 1226 2871 l.
1244 2852 1267 2871 et
1283 2849 1311 2882 5,
1328 2849 1349 2871 5.
1362 2861 1392 2866 -
1404 2849 1455 2872 Duo
1467 2855 1532 2878 seqq.
1544 2850 1587 2872 loci
1599 2852 1652 2872 sunt
1664 2850 1729 2872 Eccli.
1744 2851 1784 2877 40,
1801 2852 1806 2872 l
1818 2852 1834 2873 Ι.
1847 2855 1869 2873 et

1024 2889 1092 2911 Marc.
1104 2888 1125 2916 5,
1138 2888 1175 2910 22.
1188 2888 1223 2910 vel
1235 2887 1317 2911 Maah.
1331 2886 1354 2916 9,
1368 2887 1414 2913 25.
1426 2894 1499 2917 seqq,
1511 2895 1581 2917 quem
1594 2889 1669 2911 locum
1682 2889 1752 2913 codd.
1763 2890 1868 2918 allegant.

1087 2926 1105 2939 ¹¹
1125 2927 1189 2949 Vers.
1212 2928 1247 2949 12.
1266 2940 1295 2943 -
1312 2928 1420 2956 Sequitur
1445 2928 1504 2950 loan.
1529 2929 1564 2955 ll,
1589 2928 1623 2950 ⁴7.
1641 2935 1706 2957 seqq.
1728 2928 1773 2951 Csr.
1799 2935 1868 2957 supra

1023 2965 1100 2988 Collat.
1119 2966 1192 2988 XXV.
1210 2972 1232 2988 n.
1251 2967 1273 2989 2.

1745 3015 1774 3037 74
