2296 3316
1 3020 3 3027 -
2 2969 11 3012 „aes

12 3271 13 3275 „
12 3246 13 3250 „
0 3122 14 3236 ‚Ahffssq-d-f‘
0 3067 14 3118 *⁶4
0 3044 1 3047 Α

0 350 92 377 Ιὒθειιιιιάο.

17 1714 26 1728 e
38 1709 99 1728 tertio.

734 118 905 147 COMMENT.
929 118 960 146 lN
984 117 1129 145 IOANNEM
1151 116 1179 145 C.
1200 117 1255 144 XV.

108 203 156 232 lud
177 202 353 231 Canticorum
382 200 498 230 ultimo:
531 211 545 224 «x
559 199 648 228 Fortis
675 201 717 227 est
741 200 773 227 ut
794 205 870 226 mors
890 197 956 225 dile—

109 250 163 279 ctio
178 262 192 275 ι»
217 252 268 278 etc.

188 297 234 325 21.
257 295 347 332 (Vers.
371 294 437 330 14).
465 293 519 322 Vos
546 292 639 322 amici
664 291 723 321 mei
741 291 818 320 estis.
847 291 893 320 Hic
915 298 957 319 se-

109 342 200 372 cundo
222 343 350 371 hortatur
370 340 405 369 ad
425 339 600 369 dilectionem
624 341 751 367 mutuam
782 337 893 366 intuitu
913 336 957 365 di-

109 390 195 419 vinae
208 388 373 422 amicitiae,-
394 387 468 416 unde
482 386 563 415 offert
583 385 730 414 amicitiam
750 392 829 413 suam
851 384 895 412 his
909 383 957 421 qui

109 438 222 466 servant
242 438 389 473 praecepta
410 442 473 469 sua,
495 436 527 462 ut
547 433 628 462 iuxta
648 432 756 461 Domini
777 434 957 468 praeceptum

109 483 227 513 invicem
247 482 377 519 diligant;
399 484 514 518 propter
529 479 604 517 quod
624 479 702 508 dicit:
724 479 778 507 Vos
798 478 889 506 amici
901 477 959 506 mei

110 530 193 565 estis,
214 530 243 558 si
268 528 395 567 feceritis
419 528 515 567 quae1
536 526 688 564 praecipio
712 525 800 554 vobis.
829 525 957 562 Magnum

111 576 179 614 quid
199 575 351 614 promittit,
365 582 430 604 cum
451 573 600 602 amicitiam
615 572 760 610 promittit.
776 571 957 608 Augustinus:

116 635 130 649 «
140 624 237 660 Magna
250 624 292 651 est
311 621 433 659 dignatio
453 620 576 654 Domini,
591 627 655 648 cum
671 627 722 648 nos
742 618 845 647 amicos
859 625 959 646 vocare

111 669 240 707 dignatus
254 671 320 697 est»
331 691 338 703 ‚
356 675 420 697 cum
435 667 470 696 sit
484 666 600 696 amicus
614 673 714 694 nomen
733 664 872 702 paritatis;
891 676 905 689 «ι
917 667 959 693 est

111 716 184 745 enim
205 715 325 744 amicitia
338 714 495 743 divinarum
517 713 763 749 humanarumque
781 719 878 740 rerum
899 710 958 748 pari

112 771 176 792 cum
194 762 336 792 voluntate
350 760 494 790 consensio
506 772 532 788 ».
555 759 581 788 Si
596 759 670 788 enim
687 758 835 796 sapientia
856 757 958 786 amicos

111 809 161 839 Dei
175 808 333 842 constituit;
356 806 509 844 Sapientiae
530 805 647 842 septimo
659 805 685 833 ²³:
705 817 718 830 «ι
734 805 763 833 In
777 804 883 833 animas
897 812 960 833 san-

113 860 171 886 ctas
192 864 222 885 se
243 855 375 884 transfert
395 857 422 883 et
443 853 545 882 amicos
568 852 614 881 Dei
643 852 786 881 constituit
801 862 832 886 »;
855 854 960 889 quanto

113 902 201 940 magis
220 900 351 931 dileetio?
366 901 436 929 Haec
456 899 566 929 dilectio
580 899 716 936 probatur
737 898 765 927 in
780 906 877 935 opere;
900 897 961 926 ideo

112 950 190 979 dicit:
212 948 309 978 Amici
329 948 411 982 estis,
432 946 460 975 si
479 945 607 984 feceritis
628 954 703 985 quae
723 954 774 983 690
792 944 960 983 praecipio,

113 1005 150 1026 ex
176 1003 271 1025 amore
292 999 324 1024 ut
344 995 441 1030 amici,
463 1002 518 1023 non
538 1002 575 1023 ex
597 994 697 1023 timore
725 996 756 1022 ut
777 992 867 1027 servi,
895 992 962 1029 quia

113 1052 168 1073 non
188 1043 254 1073 estis
274 1043 362 1072 vocati
384 1043 411 1071 in
427 1042 607 1076 servitutem;
628 1044 742 1078 propter
764 1040 839 1077 quod
859 1039 941 1069 dicit:

192 1092 239 1120 22.
261 1090 351 1127 (Vers.
377 1089 442 1125 15.).
465 1089 532 1117 Iam
558 1097 618 1117 non
645 1088 743 1116 dicam
767 1095 819 1115 vos
845 1094 962 1120 servos,

114 1138 177 1167 licet
198 1138 278 1175 prius
298 1136 422 1171 fueritis;
444 1136 478 1165 ad
500 1136 634 1165 Romanos
648 1134 784 1164 octavo³:
811 1146 824 1159 «
839 1134 897 1162 Non
918 1141 963 1162 ac-

114 1185 224 1222 cepistis
238 1184 369 1221 spiritum
391 1183 533 1212 servitutis
547 1183 650 1211 iterum
671 1182 699 1210 in
716 1182 827 1216 timore,
846 1181 894 1210 sed
908 1181 963 1218 spi-

114 1233 201 1262 ritum
214 1231 369 1268 adoptionis
383 1230 507 1259 filiorum
518 1242 544 1258 n.
561 1230 593 1258 Et
606 1237 657 1266 per
671 1229 780 1266 signum
804 1228 857 1257 hoc
871 1231 963 1257 osten-

114 1279 167 1308 dit:
184 1279 262 1315 Quia
282 1286 386 1307 servus
399 1277 503 1311 nescit,
524 1277 595 1315 quid
609 1276 706 1314 faeiat
727 1276 871 1304 Dominus
885 1276 963 1309 θέτω,-

115 1335 164 1356 vos
184 1329 276 1355 autem
299 1333 354 1354 non
369 1325 423 1360 sic;
439 1324 500 1353 ideo
520 1324 602 1353 dicit:
624 1324 677 1352 Vos
691 1327 789 1352 autem
811 1323 877 1352 (timi
889 1323 964 1351 ami-

115 1382 177 1408 008,
192 1373 264 1412 quia
286 1372 400 1406 omnia,
416 1379 615 1410 quaecumque
629 1370 734 1399 audivi
747 1379 767 1399 a
784 1371 874 1398 Patre
887 1378 964 1404 meo,

115 1424 184 1449 nota
204 1419 262 1458 feei
282 1419 370 1448 vobis.
386 1419 440 1448 Hoc
455 1419 564 1456 signum
585 1425 700 1455 magnae
714 1417 865 1450 amicitiae,
887 1425 965 1446 reve-

115 1467 181 1496 latio
203 1469 390 1500 secretorum;
412 1465 447 1494 ad
468 1465 600 1502 Ephesios
620 1465 750 1502 primo4:
777 1476 791 1489 «
805 1464 905 1493 Notum
927 1464 966 1493 fe-

116 1514 153 1543 cit
176 1513 256 1542 nobis
284 1515 488 1542 sacramentum
517 1511 667 1540 voluntatis
695 1519 762 1540 suae
776 1521 808 1545 »3
837 1511 966 1539 Matthaei

116 1560 222 1590 decimo
243 1560 339 1589 tertio:
366 1571 379 1584 ιι
394 1559 477 1588 Vobis
498 1558 594 1587 datum
616 1560 657 1587 est
672 1565 752 1587 nosse
774 1557 907 1594 mysteria
923 1565 967 1586 re-

116 1608 162 1645 gni
183 1607 260 1637 Dei»
286 1609 337 1636 etc.

195 1654 241 1684 23.
264 1654 354 1692 <Vers.
380 1654 445 1690 16.).
462 1652 528 1682 Non
541 1661 592 1681 vos
606 1661 651 1681 me
664 1652 795 1690 eteyistis.
817 1652 863 1681 Hic
884 1652 966 1681 tertio

116 1702 247 1731 hortatur
261 1701 294 1730 ad
308 1700 482 1730 dilectionem
494 1700 604 1729 intuitu
617 1699 864 1728 remunerationis
875 1702 967 1727 aeter-

116 1757 186 1783 nae,
201 1748 235 1777 ad
249 1756 333 1786 quam
349 1755 399 1785 per
414 1747 692 1784 praedestinationem
714 1749 855 1775 aeternam
878 1746 967 1775 vocati

117 1798 209 1831 erant,
225 1804 279 1824 non
294 1803 344 1832 per
358 1803 387 1824 se
402 1797 543 1823 venerant.
565 1794 714 1831 Propterea
734 1794 815 1823 dicit:
838 1793 903 1822 Non
918 1802 968 1822 vos

120 1852 164 1872 me
183 1842 324 1880 ele-(listis,
339 1842 389 1870 sect
409 1850 459 1879 eye
474 1841 545 1879 eteyi
557 1850 626 1875 vos;
640 1841 673 1870 ad
689 1841 821 1878 Ephesios
839 1841 930 1878 primo
941 1841 967 1869 ⁵:

123 1901 137 1916 «ι
151 1890 238 1927 Elegit
258 1897 309 1918 nos
329 1892 393 1918 ante
414 1889 511 1917 mundi
534 1888 772 1922 constitutionem,
793 1891 825 1917 ut
846 1896 970 1917 essemus

119 1936 206 1966 sancti
227 1939 254 1965 et
268 1936 436 1965 immaculati
451 1936 478 1964 in
495 1938 644 1972 conspectu
659 1935 719 1964 eius
734 1935 761 1963 in
776 1935 905 1970 caritate;
921 1935 968 1972 qui

120 1983 333 2021 praedestinavit
353 1991 404 2011 nos
424 1983 452 2011 in
473 1982 647 2019 adoptionem
663 1982 785 2011 filiorum
809 1990 864 2019 per·
879 1983 968 2011 lesum

119 2031 260 2059 Christum
283 2031 309 2059 in
331 2031 439 2067 ipsum,
454 2029 606 2058 secundum
627 2029 798 2066 propositum
820 2030 970 2058 voluntatis

117 2075 187 2107 vsuae
198 2089 224 2105 ».
241 2077 278 2106 Ad
293 2077 359 2114 quid
375 2077 501 2114 elegerit,
517 2076 625 2105 subdit:
643 2077 678 2105 Et
689 2076 778 2114 posui
796 2085 860 2110 vos,
876 2080 909 2104 ut
923 2085 970 2105 ea-

121 2124 158 2153 tis
168 2127 194 2153 et
207 2123 341 2161 fructum
355 2122 502 2162 afferatis,
515 2124 542 2152 in
554 2123 673 2152 aliorum
688 2123 880 2158 conversione;
896 2124 969 2161 quod

121 2170 152 2199 fit
166 2179 216 2208 per
231 2170 461 2208 praedicationem
474 2170 551 2199 verbi
563 2170 625 2205 Dei,
640 2170 714 2207 quod
725 2173 767 2199 est
781 2173 912 2207 tanquam
928 2178 970 2199 se-

121 2226 184 2248 men
194 2241 201 2253 ,
217 2218 291 2255 quod
305 2218 429 2246 fructum
444 2218 537 2252 affert,
552 2217 663 2254 quando
678 2217 812 2254 recipitur
824 2218 851 2246 in
867 2220 969 2246 terram
992 2252 994 2255 .

122 2265 239 2299 honam;
260 2264 334 2293 unde
349 2265 437 2293 Lucae
451 2267 548 2293 octavo
562 2264 589 2292 ⁶:
610 2275 624 2289 «
638 2264 716 2301 Quod
738 2272 805 2293 vero
820 2264 847 2293 in
867 2267 970 2293 terram

122 2312 238 2345 bonam,
259 2311 287 2340 hi
310 2315 388 2346 sunt,
410 2312 457 2348 qui
480 2311 563 2340 corde
583 2311 656 2340 bono
681 2315 708 2340 et
729 2311 833 2349 optimo
853 2311 971 2340 audiunt

1803 118 1857 146 451

1015 195 1131 224 verbum
1153 197 1181 223 et
1208 194 1330 223 fructum
1352 194 1473 224 afferunt
1500 195 1528 223 in
1550 194 1681 232 patientia
1695 206 1726 229 »;
1757 195 1861 232 primae

1014 242 1085 271 Petri
1101 242 1205 278 primo:
1232 253 1245 267 <t
1260 242 1354 271 Renati
1369 250 1424 271 non
1439 250 1475 271 ex
1490 243 1594 272 semine
1609 243 1796 280 corruptibili,
1815 244 1861 272 sed

1014 288 1232 326 incorruptibili,
1247 297 1297 326 per
1312 289 1429 318 verbum
1444 290 1492 319 Dei
1515 290 1568 319 vivi
1584 293 1612 319 et
1632 291 1820 327 permanentis
1834 291 1861 319 in

1014 338 1158 365 aeternum
1172 347 1200 364 n.
1223 336 1259 364 Et
1277 335 1397 373 fruetus
1417 341 1508 366 vester
1528 342 1663 372 maneat,
1684 338 1718 366 ad
1740 341 1861 367 vestram

1014 383 1132 412 salutem
1153 386 1181 411 et
1201 383 1415 413 consolationem
1442 392 1491 421 per
1512 384 1632 413 divinam
1661 386 1862 414 remuneratio-

1014 438 1093 464 nem;
1115 432 1143 458 et
1163 430 1342 467 subiungitur
1371 432 1575 461 remuneratio:
1602 432 1637 461 Ut
1663 433 1864 472 quodcumque

1011 476 1153 513 petieritis
1175 477 1297 505 Patrem
1318 477 1349 505 in
1370 478 1485 507 nomine
1505 487 1584 513 meo,
1606 479 1632 508 id
1653 483 1710 514 est,
1732 480 1807 517 quod
1829 481 1864 509 sit

1015 523 1049 552 ad
1070 526 1190 552 vestram
1206 523 1337 558 salutem,
1358 524 1403 553 det
1423 525 1511 554 vobis.
1527 526 1581 555 Hoc
1602 530 1711 561 autem,
1733 527 1807 564 quod
1822 531 1864 556 est

1015 569 1182 606 petendum,
1204 573 1246 598 est
1267 574 1362 599 nostra
1383 571 1473 606 salus;
1495 573 1568 601 unde
1589 574 1715 603 Matthaei
1739 577 1819 603 sexto
1835 575 1862 603 ⁷:

1020 628 1034 642 «
1048 617 1178 653 Quaerite
1199 617 1321 654 primum
1343 626 1459 655 regnum
1478 619 1526 648 Dei
1547 623 1575 648 et
1588 620 1720 649 iustitiam
1742 621 1815 656 eius,
1837 625 1865 650 et

1016 664 1084 693 haec
1104 664 1196 692 omnia
1216 664 1380 693 adiicientur
1394 665 1472 694 vobis
1490 678 1516 694 ».
1539 667 1582 695 Sic
1603 668 1712 704 petebat
1736 669 1782 697 illa
1803 677 1865 698 san-

1016 714 1060 740 cta
1079 711 1171 740 anima
1191 712 1218 740 in
1241 712 1363 753 Psalmo:
1390 724 1404 738 a
1418 713 1504 741 Unam
1525 714 1589 750 petii
1612 722 1628 742 a
1648 715 1778 750 Domino,
1793 716 1865 745 hanc

1016 758 1171 795 requiram,
1203 760 1235 786 ut
1256 758 1407 789 inhabitem
1435 759 1463 788 in
1493 759 1574 788 domo
1602 760 1710 790 Domini
1736 763 1865 791 omnibns

1016 804 1114 833 diebus
1134 805 1206 834 vitae
1227 813 1304 834 meae
1319 818 1345 834 n.
1368 806 1399 834 Et
1413 806 1517 835 intuitu
1533 807 1618 836 huius
1632 810 1865 839 remunerationis

1016 851 1118 880 debent
1139 852 1298 881 mandatum
1319 853 1420 882 Christi
1443 861 1573 889 servare;
1595 854 1656 883 ideo
1678 856 1744 884 illud
1765 857 1865 886 iterat:

1096 898 1142 927 24.
1165 899 1254 935 (Vers.
1279 900 1345 935 17.).
1367 900 1446 929 Haec
1460 902 1569 930 mando
1590 902 1683 936 vobis,
1706 907 1739 932 ut
1759 904 1866 942 diliya-

1019 945 1055 974 tis
1072 945 1204 974 invicem.
1220 946 1394 976 Mandatum
1404 948 1558 977 dilectionis
1568 949 1671 978 dicitur
1682 951 1760 987 quasi
1773 960 1866 980 manu
1884 948 1899 972 Q

1018 992 1139 1026 (tatum,
1160 993 1227 1030 quia
1247 994 1376 1031 exemplo
1396 1003 1447 1023 suo
1467 995 1556 1030 dedit;
1578 996 1639 1025 ideo
1654 1004 1739 1034 supra
1760 997 1866 1027 decimo

1019 1038 1138 1067 tertios:
1165 1040 1351 1070 «Mandatum
1378 1049 1481 1070 novum
1509 1042 1544 1071 do
1573 1043 1665 1078 vobis,
1695 1047 1727 1073 ut
1747 1044 1867 1081 diligatis

1018 1086 1136 1114 invicem
1151 1097 1182 1120 »3
1211 1089 1238 1115 et
1268 1087 1374 1124 primae
1394 1088 1429 1117 ad
1459 1089 1716 1120 Thessalonicenses
1746 1095 1866 1128 quarto:

1025 1133 1088 1161 «De
1108 1133 1223 1162 caritate
1242 1133 1422 1164 fraternitatis
1443 1144 1497 1164 non
1514 1137 1648 1166 habemus
1669 1146 1781 1167 necesse
1802 1139 1867 1167 scri-

1020 1180 1086 1209 bere
1106 1180 1199 1215 vobis;
1221 1181 1273 1218 ipsi
1293 1182 1367 1210 enim
1390 1191 1437 1211 vos
1458 1191 1474 1211 a
1501 1184 1557 1212 Deo
1577 1184 1726 1220 didicistis,
1748 1189 1780 1214 ut
1806 1186 1867 1214 dili-

1020 1227 1091 1264 gatis
1111 1227 1228 1257 invicem
1244 1240 1270 1256 ».

1346 1322 1548 1358 QUAnsrioNiss.

1101 1416 1147 1443 25.
1169 1415 1280 1451 Quaest.
1303 1416 1321 1444 Ι.
1344 1416 1396 1445 Sed
1410 1417 1521 1454 quaerit
1538 1417 1689 1455 Gregorius
1701 1419 1711 1435 Β
1733 1419 1823 1456 primo
1837 1420 1870 1449 de

1023 1462 1075 1491 hoc
1096 1462 1170 1499 quod
1191 1462 1269 1492 dicit:
1291 1463 1353 1492 Hoc·
1373 1467 1414 1492 est
1431 1469 1621 1502 praeceptam
1641 1474 1752 1501 meum,
1775 1471 1808 1496 ut
1828 1468 1870 1496 ai-

1024 1509 1122 1547 tiyatis
1150 1509 1288 1539 invicem:
1315 1510 1412 1539 «Cum
1441 1514 1541 1540 cuncta
1565 1512 1657 1541 divina
1685 1513 1795 1551 eloquia
1824 1514 1871 1543 do-

1022 1557 1131 1586 minicis
1161 1557 1216 1585 sint
1244 1558 1325 1594 plena
1352 1559 1522 1595 praeceptis,
1554 1559 1621 1597 quid
1652 1563 1709 1595 est,
1737 1561 1811 1598 quod
1838 1562 1871 1591 de

1023 1604 1169 1633 dilectione
1196 1604 1375 1641 singulariter
1406 1605 1490 1634 dicit:
1522 1606 1583 1635 Hoc
1614 1611 1654 1635 est
1681 1612 1871 1646 praeceptum

1024 1660 1122 1680 meum
1132 1651 1170 1680 »17

1105 1698 1135 1727 Et
1164 1698 1325 1735 respondet,
1354 1699 1427 1736 quod
1458 1712 1471 1725 «
1485 1699 1577 1729 divina
1604 1704 1751 1738 praecepta
1778 1702 1872 1731 matta

1025 1748 1091 1774 sunt
1105 1749 1132 1774 et
1152 1754 1261 1774 unum:
1277 1747 1365 1775 multa
1378 1755 1428 1784 per
1442 1747 1639 1777 diversitatem
1655 1749 1764 1786 operis,
1783 1758 1870 1778 unum

1026 1794 1053 1822 in
1075 1793 1176 1822 radice
1198 1793 1357 1822 dilectionis
1372 1806 1398 1822 ».
1421 1794 1453 1823 Et
1472 1794 1645 1824 dilectionem
1674 1796 1805 1825 radicem
1833 1796 1873 1825 di-

1026 1841 1077 1874 cit,
1104 1840 1198 1877 «quia
1219 1848 1273 1869 non
1302 1840 1385 1870 habet
1410 1841 1575 1870 viriditatem
1605 1843 1782 1872 ramusculus
1809 1843 1872 1872 boni

1025 1887 1133 1924 operis,
1149 1887 1199 1916 nisi
1215 1888 1348 1916 manserit
1362 1888 1390 1916 in
1411 1888 1503 1917 radice
1517 1888 1671 1917 dilectionis
1682 1901 1708 1917 ».
1724 1890 1794 1926 Quia
1808 1897 1874 1927 ergo

1026 1934 1154 1962 mandata
1168 1934 1201 1962 ad
1218 1937 1396 1971 praeceptum
1410 1934 1563 1963 dilectionis
1578 1935 1753 1970 referuntur,
1775 1936 1802 1964 in
1818 1945 1874 1973 quo

1026 1981 1118 2010 omnia
1139 1982 1276 2010 uniuntur
1297 1985 1324 2010 et
1345 1982 1511 2018 implentur;
1534 1982 1597 2011 inde
1618 1987 1674 2017 est,
1697 1983 1771 2020 quod
1792 1983 1872 2012 dicit:

1029 2029 1088 2057 Hoc
1108 2032 1149 2057 est
1166 2032 1355 2066 praeceptum
1376 2038 1489 2063 meum,
1511 2030 1697 2067 singulariter.

1106 2077 1152 2105 26.
1174 2076 1284 2112 Quaest.
1308 2076 1335 2104 ll.
1360 2076 1423 2105 [tem
1446 2077 1592 2113 quaeritur
1613 2077 1646 2106 de
1668 2078 1720 2106 hoc
1734 2078 1809 2115 quod
1833 2078 1873 2106 di-

1027 2124 1076 2152 cit:
1092 2123 1232 2152 Maiorem
1255 2122 1309 2152 hae
1324 2123 1502 2152 dilectionem
1522 2133 1604 2153 nemo
1619 2123 1714 2159 habet,
1737 2134 1826 2163 quam
1842 2130 1873 2153 ut

1027 2170 1162 2199 animam
1181 2179 1269 2199 suam
1287 2174 1380 2207 ponat
1400 2171 1466 2209 quis
1483 2180 1540 2208 pro
1562 2171 1667 2199 amieis
1687 2172 1760 2200 suis.

1106 2217 1235 2246 Conrnac
1260 2219 1283 2245 1.
1308 2218 1347 2245 Ex
1369 2226 1455 2255 parva
1476 2218 1589 2247 caritate
1609 2219 1681 2247 alius
1702 2218 1780 2253 facit,
1802 2219 1873 2248 alius

1027 2272 1062 2293 ex
1079 2264 1174 2293 maiori
1195 2267 1283 2301 potest
1298 2264 1368 2292 mori
1384 2272 1435 2301 pro
1449 2264 1551 2299 amico;
1567 2265 1634 2302 quid
1649 2268 1690 2294 est
1705 2273 1785 2303 ergo,
1800 2265 1873 2303 quod

1027 2311 1093 2340 dicit
1113 2310 1277 2339 maiorem?

186 2449 194 2461 ¹
213 2450 312 2477 Vulgata
329 2450 393 2472 addit
409 2455 459 2479 eqo.
470 2462 501 2467 —
514 2450 629 2472 Sententia
647 2451 742 2478 August.
755 2450 853 2473 hahetur
870 2451 891 2473 in
909 2451 970 2473 ioan.

124 2489 212 2516 Evang.
229 2492 256 2511 tr.
273 2488 310 2511 85.
327 2495 350 2511 n.
368 2489 392 2511 sl:
413 2498 424 2509 ιι
437 2489 519 2517 Magna
536 2489 663 2517 dignatio...
681 2490 740 2517 Sed,
757 2492 782 2512 ut
799 2490 858 2519 dixi,
875 2490 917 2513 ista
939 2491 971 2512 di-

125 2527 201 2555 gnatio
218 2530 264 2554 est,
276 2530 301 2550 ut
318 2527 429 2550 Dominus
446 2534 505 2556 quos
522 2528 586 2550 novit
603 2534 683 2551 servos
700 2535 755 2551 suos
772 2529 881 2557 dignetur
893 2529 971 2551 dicere

125 2566 212 2588 amicos
228 2572 283 2588 suos
294 2575 315 2588 ».
328 2566 430 2589 Subinde
441 2567 545 2595 sequitur
557 2567 661 2589 definitio
672 2567 790 2590 amicitiae
806 2574 833 2590 ex
849 2567 970 2596 Cicerone,

125 2603 163 2625 lib.
181 2603 211 2626 de
227 2604 344 2631 Amicitia,
361 2610 381 2627 c.
399 2605 425 2632 6;
442 2606 483 2627 cfr.
499 2608 555 2627 tom.
573 2606 587 2628 Ι.
604 2612 659 2633 pag.
677 2606 730 2633 857,
747 2609 799 2628 nota
818 2607 840 2628 3.

188 2641 197 2654 ²
214 2643 280 2665 Vers.
298 2643 337 2665 27.
354 2656 383 2659 —-
400 2644 495 2666 inferius
514 2644 610 2672 Vulgata
633 2645 702 2672 legit:
724 2645 768 2668 Vos
790 2645 883 2668 amici...
905 2651 972 2673 prae-

126 2681 186 2710 cipio
203 2681 276 2705 vobis.

189 2719 198 2733 ⁸
217 2722 281 2744 Vers.
300 2721 336 2744 15.
352 2721 399 2744 Cfr.
416 2722 464 2744 Gal.
482 2721 508 2749 4,
526 2722 547 2744 5.
565 2725 587 2744 et
603 2723 627 2745 ll⁴
645 2723 704 2745 Tim.
723 2724 744 2750 1,
761 2723 783 2746 7.

189 2759 199 2772 ⁴¹
215 2761 280 2783 Vers.
299 2761 325 2788 95
342 2762 383 2783 cfr.
400 2767 422 2783 v.
441 2761 449 2783 ,1
457 2761 478 2783 rl.
494 2773 525 2778 —
542 2761 646 2784 Subinde
657 2762 768 2790 allegatur
780 2763 857 2785 Matth.
878 2763 918 2790 13,
935 2763 973 2785 Μ.

128 2798 173 2822 Cfr.
185 2800 209 2822 ll.
221 2800 281 2822 Sent.
296 2800 320 2823 d.
337 2801 375 2823 29.
392 2807 412 2822 a.
430 2801 452 2823 2.
469 2807 492 2829 q.
511 2801 531 2823 1.
549 2801 578 2823 ad
596 2801 618 2824 5.
633 2813 665 2818 —
682 2802 794 2830 Superius
810 2808 853 2830 pro
870 2808 973 2832 magnae

129 2840 207 2867 plures
222 2839 290 2862 codd.
308 2845 433 2869 magnum.

191 2876 201 2890 ⁵
219 2878 284 2901 Vers.
299 2878 320 2901 4.
334 2885 382 2907 seq.
394 2878 441 2902 Cfr.
452 2884 522 2906 supra
534 2878 662 2902 Comment.
674 2880 697 2902 in
710 2881 763 2908 Sap.
782 2880 808 2907 4,
826 2880 863 2902 15.
881 2880 903 2902 in
919 2880 972 2903 fine.

129 2929 160 2934 —
170 2917 280 2945 Superius
289 2920 341 2946 post
352 2917 384 2940 ad
394 2923 467 2947 quam
476 2917 545 2940 codd.
555 2918 662 2940 omittunt
671 2924 715 2947 per
724 2918 972 2948 praedestinationem.

1090 2449 1100 2462 ⁶
1118 2450 1182 2472 Vers.
1207 2450 1244 2472 15.
1263 2462 1292 2465 —-
1314 2450 1423 2478 Sequitur
1448 2451 1461 2472 1.
1488 2450 1547 2472 Petr.
1574 2450 1594 2477 1,
1620 2450 1657 2472 23.
1673 2462 1705 2467 —
1721 2451 1825 2478 Gregor.‚
1851 2451 1873 2473 ll,

1028 2490 1111 2512 Homil.
1129 2490 1151 2511 in
1169 2490 1257 2517 Evang.
1276 2489 1354 2511 homil.
1372 2490 1409 2511 27.
1426 2496 1448 2511 n.
1461 2489 1487 2512 5:
1500 2488 1583 2517 Posui,
1598 2489 1627 2512 ad
1645 2490 1742 2517 gratiam
1760 2490 1873 2518 plantavi,

1028 2531 1055 2552 ut
1072 2528 1141 2556 eatis,
1160 2529 1272 2555 volendo,
1288 2528 1395 2557 fructum
1412 2527 1531 2557 afferatis,
1546 2529 1674 2556 operando.
1688 2529 1747 2551 Eatis
1763 2529 1824 2551 enim
1836 2536 1875 2552 vo-

1029 2568 1110 2595 lendo,
1128 2568 1187 2594 dixi,
1204 2568 1258 2596 quia
1276 2568 1334 2589 velle
1354 2567 1439 2595 aliquid
1463 2568 1537 2589 facere
1554 2567 1599 2589 iam
1617 2570 1693 2590 mente
1710 2568 1742 2590 ire
1759 2571 1800 2590 est.
1818 2569 1875 2597 Qua-

1029 2608 1074 2629 lem
1091 2613 1148 2629 vero
1167 2608 1265 2629 sructum
1284 2607 1364 2628 afferre
1381 2606 1492 2634 debeant,
1510 2606 1630 2629 subditur:
1649 2607 1677 2630 Et
1692 2607 1787 2636 fructus
1799 2609 1875 2630 vester

1029 2647 1125 2668 maneat
1142 2649 1184 2668 etc.

1092 2683 1100 2696 ⁷
1120 2685 1185 2707 Vers.
1202 2685 1239 2707 33.
1256 2697 1287 2701 -
1305 2683 1407 2707 Subinde
1424 2684 1535 2712 allegatur
1553 2685 1587 2707 Ps.
1605 2685 1647 2712 26,
1666 2685 1686 2707 4.

1091 2722 1102 2735 Β
1119 2724 1184 2746 Vers.
1201 2723 1237 2746 34.
1254 2736 1285 2740 —
1303 2724 1412 2752 Sequitur
1430 2724 1443 2745 Ι.
1461 2724 1541 2746 Thess.
1555 2723 1580 2752 4,
1598 2724 1619 2747 9.
1637 2736 1669 2741 —
1686 2724 1773 2751 isidor.,
1787 2724 1813 2746 V.
1827 2725 1875 2752 Ety-

1030 2764 1115 2791 molog.
1132 2770 1151 2785 c.
1170 2763 1206 2785 24.
1224 2770 1245 2785 n.
1264 2763 1306 2785 20:
1323 2762 1465 2786 Mandatum
1489 2763 1590 2791 dictum,
1607 2764 1671 2793 quod
1691 2764 1745 2786 olim
1769 2764 1793 2786 in
1815 2770 1875 2786 com-

1030 2803 1100 2825 misso
1117 2802 1209 2830 negotio
1227 2803 1282 2824 alter
1299 2802 1363 2825 alteri
1379 2808 1480 2825 manum
1497 2802 1576 2826 dabat.

1092 2840 1102 2853 ⁹
1119 2841 1180 2863 Libr.
1198 2842 1220 2863 ΙΙ.
1238 2842 1321 2863 Homil.
1338 2841 1361 2863 in
1379 2842 1464 2869 Evang.
1483 2842 1561 2864 homil.
1574 2842 1611 2864 27.
1629 2849 1650 2864 n.
1665 2843 1685 2869 1,
1700 2841 1739 2864 ubi
1757 2842 1824 2864 etiam
1843 2848 1875 2864 re-

1030 2881 1124 2908 sponsio
1142 2887 1190 2909 seq.
1207 2879 1312 2907 habetur,
1329 2880 1353 2902 in
1370 2886 1415 2909 qua
1434 2887 1476 2908 pro
1493 2880 1648 2904 ramusculus
1665 2883 1739 2903 textus
1758 2881 1876 2908 originalis

1030 2925 1124 2942 ramus.

1901 947 1933 966 uid
1950 952 2001 965 man·

1903 971 1975 989 datum.

1890 1698 1946 1722 Resp.
