2296 3316
273 350 386 371 Secundum.

294 536 385 556 Tertium.

258 1054 276 1070 A
285 1050 387 1077 peccatori-

270 1075 306 1093 bus
321 1074 387 1098 pollui-

293 1191 386 1210 Violatur.

270 1332 387 1351 lmrnutatur.

262 1973 309 1992 ’ri-es
317 1973 395 1992 creden-

270 1998 291 2017 ὼ
299 1997 389 2016 rationes.

281 2442 395 2461 Introductio

284 2468 303 2485 et
315 2465 390 2484 divisio.

404 172 461 200 550

403 250 529 277 sanctum
545 249 600 280 est,
615 244 689 282 quod
709 243 776 273 estis
797 251 845 271 vos
859 253 886 277 »;
908 245 935 270 et
950 240 1051 269 ibidem
1065 250 1071 268 z
1091 250 1104 264 «
1120 238 1251 273 Nescitis,

403 294 469 332 quia
490 293 624 330 templum
645 291 693 320 Dei
715 290 781 319 estis
802 297 864 323 vos,
886 291 913 317 et
934 287 1055 324 Spiritus
1075 285 1124 314 Dei
1146 285 1253 314 habitat

404 342 431 370 in
446 340 524 369 vobis
538 342 570 368 n?
585 355 621 360 —
637 339 725 366 Locus
746 340 788 366 est
802 335 972 364 emunitatis
986 342 1002 362 a
1016 334 1073 362 Deo
1094 332 1251 365 emunitus;

403 387 476 416 unde
497 386 603 423 primae
617 384 651 413 ad
665 383 822 413 Corinthios
843 382 940 411 tertio:
965 393 977 406 α
993 381 1019 410 Si
1034 381 1098 418 quis
1119 379 1254 416 templum

403 434 451 463 Dei
472 432 632 466 violaverit,
653 430 793 467 disperdet
815 429 893 457 illum
916 429 990 457 Deus
1005 438 1032 461 »;
1054 430 1081 456 et
1107 426 1181 455 tertii
1204 426 1254 454 Re-

403 488 468 518 gum
481 482 593 508 octavo:
611 478 659 506 «Si
670 476 773 514 sugerit
784 476 906 513 populus
918 478 984 503 tuus
995 474 1089 503 hostes
1101 481 1166 502 suos
1175 484 1188 498 u
1201 475 1253 501 etc.

404 544 440 548 —
456 527 544 555 Locus
563 528 606 554 est
625 523 775 561 reliqionis
799 523 849 552 soli
871 522 964 551 divino
986 521 1073 550 cultui
1095 520 1254 554 dedicatus,

403 576 517 611 propter
541 572 615 610 quod
636 571 773 600 idolorum
795 570 885 598 omnis
906 570 1014 602 cultus,
1037 568 1064 596 id
1092 570 1134 597 est
1159 575 1255 604 pecca-

403 624 495 650 torum
518 619 651 653 servitus,
672 617 849 646 interdicitur
864 617 891 645 in
908 616 960 645 hoc
976 615 1095 652 templo;
1118 614 1255 644 secundae

402 668 436 696 ad
467 665 624 695 Corinthios
655 667 753 693 sexto:
785 663 888 700 «Quae
917 662 1063 692 conventio
1091 661 1192 690 Christi
1221 661 1256 690 ad

403 714 509 743 Belial?
529 714 582 741 Aut
603 719 674 749 quae
696 719 761 748 pars
782 710 871 738 fidelis
892 717 957 738 cum
979 708 1107 737 infideli?
1128 708 1179 740 Oui
1206 715 1256 736 au-

404 766 460 791 tem
482 767 633 789 consensus
659 758 761 795 templo
789 757 837 786 Dei
865 764 929 786 cum
958 755 1038 784 idolis
1052 758 1082 783 n?
1110 754 1189 792 quasi
1214 754 1255 783 di-

404 811 462 836 cat:
481 807 591 840 nullus;
614 808 641 835 et
661 805 838 841 adiungitur:
866 815 879 829 <r
894 803 948 832 Vos
969 802 1035 832 estis
1057 801 1191 838 templum
1206 801 1254 830 Dei

404 854 485 883 vivi»
505 856 556 882 etc.
573 869 609 873 —
625 852 668 881 Sic
689 859 756 888 ergo
776 851 868 879 anima
889 850 977 879 fidelis
998 852 1039 878 est
1055 849 1132 877 locus
1145 848 1254 876 saneti-

404 901 486 935 tatis,
508 899 678 929 emunitatis
692 902 719 927 et
740 897 904 935 reliyionis,
927 900 1042 934 propter
1057 895 1131 933 quod
1152 895 1255 924 dicitur

404 947 539 985 templum
562 946 621 975 Dei.

486 995 528 1022 10.
551 993 602 1022 Sed
623 1000 699 1026 ecce,
720 994 880 1029 peccatores
902 990 995 1027 templi
1012 990 1098 1018 huius
1116 989 1256 1027 polluunt

403 1041 592 1074 sanctitatem,
607 1039 717 1068 violant
740 1039 938 1072 emunitatem,
960 1037 1120 1066 immutant
1144 1036 1255 1074 religio—

403 1095 476 1117 nem.
500 1103 536 1108 -
562 1086 700 1115 Polluunt
720 1085 922 1117 sanctitatem,-
944 1084 1068 1113 Psalmus
1081 1085 1106 1112 ¹:
1133 1095 1146 1108 «κ
1161 1083 1252 1118 Deus,

403 1137 540 1164 venerunt
554 1136 650 1171 gentes
664 1134 692 1162 in
707 1133 888 1162 hereditatem
903 1135 995 1166 tuam,
1011 1132 1172 1168 polluerunt
1187 1134 1256 1160 tem-

404 1182 481 1220 plum
497 1185 622 1210 sanctum
639 1183 719 1209 tuum
731 1192 758 1208 ».
775 1196 811 1200 —
834 1178 948 1207 Violant
962 1178 1168 1211 emunitatem,-
1184 1177 1257 1206 unde

404 1229 511 1258 Nahum
538 1228 674 1257 secundo:
700 1238 714 1252 α
730 1227 826 1255 Portae
854 1226 1005 1255 fluviorum
1034 1229 1146 1262 apertae
1175 1228 1256 1259 sunt,

404 1280 431 1304 et
453 1275 587 1312 templum
616 1274 649 1303 ad
678 1274 768 1303 solum
796 1273 939 1307 dirutum,
968 1275 995 1301 et
1023 1273 1102 1303 miles
1130 1272 1258 1309 captivus

404 1323 541 1352 abductus
562 1326 632 1351 est»
657 1324 708 1350 etc.
731 1337 767 1342 —-
793 1321 954 1349 Immutant
982 1320 1166 1357 reliyionem,
1192 1319 1259 1356 quia

405 1369 539 1407 templum
560 1373 587 1398 et
602 1377 667 1398 vasa
688 1368 748 1397 eius
768 1368 865 1396 alienis
885 1367 982 1396 usibus
996 1370 1155 1404 exponunt;
1176 1366 1258 1404 primi

406 1416 636 1446 Machabaeorum
664 1415 804 1445 secundo:
831 1427 845 1440 «
860 1416 958 1444 Sancta
986 1414 1013 1443 in
1042 1422 1142 1443 manus
1162 1417 1258 1443 extra-

406 1472 522 1493 neorum
544 1463 615 1492 sacta
636 1466 717 1497 sunt;
739 1463 873 1499 templum
896 1462 942 1491 Dei
972 1462 1045 1491 sicut
1072 1462 1157 1490 homo
1182 1461 1258 1498 igno-

406 1511 484 1545 bilis;
506 1519 571 1539 vasa
591 1510 652 1539 eius
672 1510 781 1547 captiva
801 1509 920 1538 abducta
938 1511 1004 1538 sunt
1018 1521 1044 1537 n.
1061 1525 1098 1529 —
1113 1508 1258 1545 Templum

406 1558 475 1587 illud
496 1561 568 1587 esset
593 1557 802 1586 mundandum
828 1564 879 1594 per
906 1556 1029 1585 dolorem
1058 1555 1258 1593 poenitentiae,

406 1608 479 1634 esset
504 1604 754 1641 reaedificandum
776 1611 826 1640 per
851 1603 1006 1640 profectum
1029 1603 1166 1637 iustitiae,
1187 1605 1259 1631 esset

406 1651 576 1680 ornandum
597 1659 647 1688 per
668 1651 795 1680 decorem
818 1650 956 1679 scientiae.

748 1753 877 1774 ΑΝΝοτΑ-Γιο
895 1752 915 1774 4.

492 1839 582 1875 (Vers.
604 1838 673 1874 ⁹23).
696 1838 809 1876 Sigyna,
838 1846 913 1876 quae
940 1836 1085 1875 faciebat,
1114 1838 1257 1871 videntes,

408 1886 495 1915 multi
516 1885 705 1914 crediderunt
725 1885 756 1914 in
776 1885 892 1913 nomine
913 1885 985 1913 eius.

487 1934 567 1968 Nota,
590 1933 665 1970 quod
679 1932 764 1970 aliqui
784 1932 963 1961 crediderunt
985 1932 1012 1960 in
1031 1932 1172 1960 Christum
1195 1940 1258 1968 pro-

408 1983 470 2018 pter
501 1981 602 2018 siyna,
634 1979 720 2017 aliqui
742 1982 856 2016 propter
886 1978 994 2013 verba,
1025 1979 1111 2016 aliqui
1144 1982 1259 2016 propter

888 162 1115 192 COLLATIONES
1136 161 1168 189 IN
1190 160 1337 189 lOANNEM
1359 159 1428 187 CAP.
1451 158 1491 187 lll.
1514 158 1608 187 COLL.
1631 158 1672 187 Xl.

1309 246 1419 275 opera:
1456 239 1570 274 propter
1603 236 1712 273 siqna,
1748 239 1781 265 ut
1811 236 1879 265 hic:
1915 236 2001 265 Multi
2034 236 2161 265 credide-

1310 287 1383 312 runt
1403 287 1454 312 etc.
1477 299 1514 304 —-
1537 283 1652 319 Propter
1673 282 1782 316 verbm
1804 283 1911 312 loannis
1936 283 2072 320 quartoss:
2103 294 2116 308 ι(
2130 283 2162 311 Εῑ

1310 330 1399 359 multo
1424 330 1520 367 plures
1541 329 1719 358 crediderunt
1740 332 1855 367 propter
1879 337 2035 359 sermonem
2060 330 2120 358 eius
2135 342 2161 357 ».

1311 393 1347 398 -
1371 377 1485 413 Propter
1510 385 1600 413 opera
1609 387 1619 410 ;
1648 376 1756 405 loannis
1776 376 1898 405 decimo:
1926 389 1939 402 «
1954 377 1980 405 Si
1996 385 2050 405 non
2079 376 2163 405 vultis

1311 424 1378 453 mihi
1401 424 1531 458 credere,
1553 424 1685 461 operibus
1706 423 1810 452 credite
1825 435 1851 452 n.

1652 527 1781 549 ΑΝΝοτΑτιο
1798 526 1821 549 5.

1392 614 1481 650 (Vers.
1505 613 1573 649 24).
1598 613 1662 650 lpse
1677 616 1775 641 autem
1790 613 1872 641 lesus
1893 617 1952 641 non
1967 613 2101 642 credebat
2120 622 2163 642 se-

1312 661 1469 698 metipsum
1490 661 1539 689 eis.
2294 687 2296 694 ,

1392 709 1473 742 Nota,
1495 707 1569 745 quod
1590 707 1719 736 Christus
1740 707 1813 736 cavit
1836 707 1888 736 sihi
1908 715 1925 736 a
1946 707 2056 742 tarbis,
2078 716 2094 736 a
2116 708 2166 737 lu-
2177 697 2296 754 ngisffigill

1312 755 1409 789 daeiS,
1424 755 1459 783 ab
1474 754 1587 783 Herode
1601 758 1628 784 et
1643 763 1659 783 a
1672 754 1834 792 discipulis
1849 771 1884 775 —
1897 755 1915 783 A
1931 754 2041 789 turbis,
2056 758 2088 784 ut
2102 755 2163 784 hic:
2187 757 2224 776 bis.
2275 740 2296 762 “²

1312 803 1378 840 Ipse
1395 803 1474 831 Iesus
1488 810 1546 830 non
1560 802 1694 831 credebat
1707 802 1893 839 semetipsum
1908 803 1957 831 eis.
1973 818 2010 824 -
2025 802 2044 831 A
2062 803 2165 832 ludae-
2181 805 2198 823 Α
2211 804 2296 835 mmihi

1312 850 1348 883 is,
1366 848 1473 877 loannis
1487 848 1595 878 decimo
1605 849 1632 877 ⁸:
1649 860 1662 873 «
1675 849 1851 885 Quaerebant
1866 857 1931 878 eum
1946 849 2165 886 apprehendere,
2295 837 2296 869 l

1312 899 1339 925 et
1361 895 1449 925 exivit
1469 895 1503 925 de
1524 895 1653 925 manibus
1673 904 1772 925 eorum
1788 908 1814 924 ».
1832 913 1868 917 —
1883 896 1960 925 Cavit
1980 896 2015 926 ab
2036 897 2166 933 Herode,·
2178 898 2208 917 Ab
2220 898 2296 925 fl0¹⁰⁴⁰l

1312 944 1401 972 Lucae
1430 943 1562 980 vigesimo
1584 944 1682 972 tertio:
1709 943 1928 980 «Interrogabat
1954 952 2019 974 eum
2047 946 2167 975 Herodes

1312 990 1408 1020 multis
1429 990 1612 1019 sermonibus.
1635 991 1667 1019 At
1688 990 1747 1027 ipse
1768 990 1837 1019 nihil
1864 990 1889 1019 ei
1917 991 2058 1028 respondit
2072 1004 2099 1021 ».
2129 1009 2165 1014 —

1312 1038 1390 1067 Cavit
1404 1037 1454 1066 sibi
1476 1045 1493 1065 a
1513 1036 1685 1073 discipulis,·
1706 1037 1795 1066 Lucae
1813 1037 1927 1072 ultimo,
1942 1038 2054 1075 quando
2072 1050 2086 1064 α
2101 1046 2167 1068 cum
2179 1038 2290 1064 Μίκῑνωῦ

1313 1085 1367 1114 illis
1388 1084 1487 1118 ibat»,
1510 1087 1536 1112 et
1558 1087 1649 1112 tamen
1671 1091 1700 1112 se
1721 1083 1776 1112 illis
1796 1092 1851 1113 non
1872 1084 2072 1114 manifestabat.
2095 1102 2134 1107 —-
2147 1087 2166 1115 A

1314 1131 1404 1160 turbis
1419 1131 1491 1159 cavit
1502 1133 1617 1168 propter
1628 1130 1740 1159 illorum
1756 1130 1976 1168 infirmitateim
1987 1140 2003 1160 a
2014 1132 2167 1162 Pharisaeis

1315 1181 1429 1215 propter
1454 1178 1565 1206 illorum
1590 1177 1834 1214 perversitatem,·
1855 1178 1891 1207 ab
1918 1178 2024 1208 Herode
2052 1183 2166 1217 propter

1314 1226 1375 1254 eius
1396 1224 1619 1258 curiositatem,·
1639 1233 1656 1253 a
1682 1224 1825 1262 discipulis
1850 1228 1964 1263 propter
1992 1234 2091 1255 eorum
2113 1227 2167 1256 im-

1312 1271 1537 1310 perfectionem;
1558 1272 1660 1301 docens
1678 1280 1728 1301 nos
1743 1280 1841 1302 cavere
1855 1273 1890 1302 ab
1904 1273 2033 1310 infirmis
2054 1277 2081 1303 et
2098 1283 2167 1312 per-

1315 1319 1408 1347 versis
1429 1322 1457 1347 et
1476 1319 1604 1347 curiosis
1624 1321 1652 1347 et
1672 1319 1754 1347 etiam
1776 1319 1925 1356 aliquando
1945 1319 1980 1348 ab
2001 1320 2116 1349 amieis.

1659 1421 1787 1443 ΑΝκοτΛτιο
1804 1421 1827 1443 6.

1393 1507 1484 1542 (Vers.
1506 1507 1575 1542 251).
1604 1507 1669 1544 Ipse
1694 1507 1771 1535 enirn
1798 1506 1923 1542 sciebat,
1946 1507 2018 1546 quid
2039 1511 2110 1536 esset
2136 1508 2169 1537 in

1315 1553 1437 1583 homine.

1394 1601 1475 1636 Nota,
1496 1601 1571 1638 quod
1586 1600 1669 1630 homo
1683 1601 1820 1639 accipitur
1839 1602 1993 1639 tripliciter.
2016 1602 2168 1640 Aliquando
2184 1602 2291 1650 Hffigulrn‘g

1315 1648 1451 1686 accipitur
1474 1656 1524 1685 pro
1544 1647 1710 1686 frayilitate
1737 1652 1882 1684 naturae,
1904 1651 1936 1678 ut
1956 1649 1984 1678 in
2016 1649 2123 1679 Psalmo
2137 1650 2167 1678 ⁴:
2205 1651 2283 1675 micim-

1321 1696 1440 1725 «Sciant
1467 1699 1579 1733 gentes,
1607 1696 1738 1733 quoniam
1768 1696 1894 1725 homines
1921 1699 2028 1726 sunt».
2058 1713 2095 1718 —
2116 1697 2169 1726 Ali-

1315 1743 1427 1780 quando
1442 1751 1493 1780 pro
1508 1743 1727 1772 inordinatione
1737 1743 2001 1781 concupiscentiae,-
2015 1744 2122 1781 primae
2135 1744 2170 1773 ad

1315 1790 1473 1819 Corinthios
1494 1790 1590 1819 tertio:
1618 1802 1631 1815 «
1646 1790 1714 1819 Cum
1738 1791 1773 1819 sit
1794 1790 1866 1819 inter
1887 1799 1936 1820 vos
1957 1791 2033 1820 zelus
2058 1794 2086 1820 et
2105 1799 2170 1820 con-

1316 1837 1417 1870 tentio,
1439 1845 1530 1865 nonne
1551 1837 1676 1866 carnales
1703 1837 1769 1866 estis
1794 1840 1821 1866 et
1849 1837 2001 1866 secundum
2031 1837 2170 1867 hominem

1315 1884 1465 1913 ambulatis
1481 1887 1513 1913 n?
1538 1901 1572 1904 ——
1595 1884 1747 1921 Aliquando
1770 1893 1820 1921 pro
1841 1885 1983 1922 diynitate
2004 1893 2170 1922 personae,-

1316 1931 1470 1968 Sapientiae
1492 1939 1579 1960 nono:
1601 1943 1614 1956 «t
1628 1931 1799 1960 Constituisti
1816 1931 1972 1966 hominem,
1994 1935 2027 1961 ut
2047 1932 2171 1961 domina-

1317 1981 1396 2007 retur
1418 1979 1491 2007 omni
1514 1982 1676 2013 creaturae,
1698 1987 1770 2016 quae
1791 1987 1807 2007 a
1829 1982 1855 2008 te
1876 1979 1947 2008 facta
1968 1982 2050 2009 est».

890 2089 1052 2118 CAP1TULUM
1075 2089 1114 2117 lll.
1139 2090 1212 2117 Erat
1233 2093 1331 2118 autem
1353 2088 1437 2117 lzomo
1452 2098 1486 2117 ex
1506 2088 1689 2118 pharisaeis.

735 2200 877 2223 COLLATlO
895 2201 933 2223 XL

489 2295 578 2329 (vers.
594 2294 643 2330 4.).
660 2294 810 2331 Quomodo
821 2297 913 2331 potest
927 2292 1011 2322 bomo
1025 2293 1124 2327 nasci,
1140 2301 1208 2321 cum
1222 2293 1261 2321 sit

409 2349 496 2369 senex
507 2340 521 2369 ?

493 2390 516 2416 1.
539 2388 630 2417 Verba
650 2388 703 2417 ista
723 2391 789 2416 sunt
816 2387 954 2416 Nicodemi
977 2387 1011 2416 de
1033 2387 1125 2416 verbis
1153 2387 1261 2415 Domini

411 2435 581 2469 dubitantis,
603 2435 650 2472 qui
672 2435 734 2464 ideo
751 2434 919 2472 quaerebat,
941 2434 1007 2472 quia
1021 2434 1198 2462 nativitatum
1212 2433 1262 2462 dis-

412 2482 542 2511 serentias
563 2482 715 2520 ignorabat.
743 2482 781 2511 Ad
802 2482 883 2511 cuius
907 2481 1076 2519 quaestionis
1097 2481 1262 2510 solutionem

412 2529 563 2558 notandum
585 2533 642 2564 est,
658 2529 836 2567 multiplicem
853 2537 912 2558 esse
926 2529 1107 2558 nativitatem.
1128 2529 1174 2557 Est
1188 2528 1261 2557 enim

1317 2200 1446 2228 nativitas
1460 2203 1588 2229 naturae
1603 2217 1639 2221 —
1654 2200 1783 2229 nativitas
1797 2200 1901 2238 culpae
1911 2218 1950 2221 —
1961 2201 2090 2230 nativitas
2098 2209 2171 2239 yra-

1317 2247 1382 2275 tiae.
1398 2247 1530 2276 Nativitas
1544 2251 1673 2276 naturae
1687 2251 1729 2277 est
1743 2248 1910 2282 miseranda,
1924 2248 2054 2277 nativitas
2068 2248 2171 2286 culpae

1317 2294 1490 2328 detestanda,
1512 2295 1640 2324 nativitas
1659 2295 1778 2332 cratiae
1799 2295 1964 2324 veneranda.

1397 2343 1423 2370 Ξ).
1447 2341 1485 2370 De
1506 2342 1649 2370 nativitate
1669 2345 1815 2376 naturam
1833 2342 1879 2371 lob
1900 2342 2036 2379 quinto⁵:
2057 2354 2070 2368 «
2086 2343 2170 2371 Homo
2180 2340 2296 2384 Πὸξξξξξᾶἑ

1319 2388 1443 2417 nascitur
1464 2388 1498 2417 ad
1520 2389 1657 2422 laborem,
1680 2392 1707 2417 et
1727 2389 1786 2418 avis
1806 2389 1840 2418 ad
1867 2390 1988 2418 volatum
2003 2400 2031 2424 »;
2054 2392 2081 2418 et
2103 2390 2170 2418 haec
2181 2390 2242 2407 ''³¹³0-

1318 2438 1360 2463 est
1381 2435 1575 2469 miserabilis,
1597 2435 1662 2472 quia
1683 2435 1769 2472 ipsam
1792 2436 1920 2473 sequitur
1942 2435 2107 2473 poenalitas
2128 2434 2296 2478 m-nglgs2{{ggf¹

1320 2485 1381 2515 tae,
1407 2482 1563 2510 necessitas
1593 2482 1697 2511 mortis
1724 2486 1752 2511 et
1783 2483 1949 2512 adversitas
1976 2492 2105 2521 pugnae.
2133 2499 2170 2503 —

1320 2528 1408 2565 Ipsam
1430 2529 1558 2566 sequitur
1570 2529 1736 2566 poenalitas
1756 2530 1850 2564 vitae;
1866 2530 1911 2559 lob
1925 2530 2032 2559 decimo
2052 2532 2169 2567 quarto:
2187 2528 2268 2548 ¹²¹⁵¹¹¹¹¹⁵·

414 2674 475 2697 rium
492 2677 536 2697 etc.
547 2682 553 2696 2
565 2674 705 2703 Emunitas,
722 2675 836 2698 Hostiensi
849 2676 870 2698 in
883 2676 979 2698 Summa
991 2678 1026 2698 est
1042 2675 1136 2698 libertas
1152 2681 1262 2698 concessa

414 2714 521 2736 Ecclesiis
533 2714 569 2736 vel
581 2714 742 2736 ecclesiasticis
753 2715 857 2742 personis
869 2718 891 2737 et
902 2714 973 2737 rebus
984 2715 1034 2737 aliis
1045 2715 1075 2737 ad
1091 2721 1131 2737 eas
1142 2715 1263 2743 spectanti-

415 2752 475 2781 bus;
492 2756 514 2775 et
531 2752 616 2775 dicitnr
632 2752 662 2775 ab
678 2754 750 2776 ezrtra
766 2756 788 2776 et
804 2753 902 2782 mimia,
923 2754 945 2776 id
962 2756 996 2776 est
1013 2754 1087 2776 officia
1104 2754 1141 2776 vel
1153 2760 1237 2781 onera,
1249 2760 1262 2776 a

414 2791 502 2820 quibus
519 2792 632 2814 Ecclesiae
649 2795 701 2814 sunt
719 2792 842 2815 immunes.
858 2793 904 2815 Ctr.
921 2793 990 2816 etiam
1002 2793 1135 2820 Forcellini,
1152 2794 1262 2822 Lexicon,

415 2830 456 2852 ubi
468 2830 560 2858 dicitur,
569 2830 632 2859 quod
643 2831 706 2853 multi
719 2831 798 2859 legunt
809 2832 873 2859 apud
885 2832 980 2854 Tertull.
991 2831 1110 2856 emunitas
1121 2838 1165 2861 pro
1176 2832 1264 2855 immu-

416 2868 485 2892 nitas.
497 2881 528 2886 —
540 2869 557 2891 B
568 2872 621 2897 post
632 2869 768 2893 emunitatis
780 2871 881 2893 secunda
896 2877 966 2893 manu
979 2871 1044 2894 addit
1055 2870 1080 2894 id
1090 2873 1125 2894 est
1140 2870 1262 2895 libertatis.

479 2906 487 2919 ¹
506 2907 587 2930 psalm.
603 2907 646 2935 78,
668 2910 686 2931 Ι.
702 2921 733 2925 -
751 2909 883 2938 Sequuntur
908 2909 998 2932 Nahum
1025 2910 1052 2937 2,
1078 2910 1100 2932 6.
1127 2916 1176 2939 seq.
1201 2913 1223 2932 et
1248 2910 1264 2933 l.

415 2946 520 2969 Machab.
540 2947 566 2975 2,
584 2948 607 2970 8.
625 2953 691 2977 seqq.

1382 2674 1392 2687 '²
1409 2676 1476 2698 Vers.
1496 2675 1534 2698 4¹.
1550 2688 1582 2693 —-
1599 2676 1704 2699 Subinde
1721 2677 1833 2705 allegatur
1851 2677 1912 2699 loan.
1932 2677 1972 2705 to,
1990 2677 2028 2700 38.
2041 2676 2088 2701 Gn:
2099 2683 2169 2705 supra

1319 2713 1449 2737 Comment.
1467 2714 1488 2736 in
1506 2721 1527 2737 c.
1544 2715 1565 2737 6.
1582 2721 1606 2737 n.
1626 2715 1663 2737 50.

1382 2752 1392 2765 ³
1410 2754 1476 2777 Vers.
1504 2754 1541 2776 39.
1569 2766 1599 2771 —
1627 2754 1678 2777 Duo
1706 2761 1771 2784 seqq.
1800 2755 1843 2777 loci
1871 2758 1925 2778 sunt
1953 2755 2009 2777 Luc.
2033 2755 2076 2784 23,
2101 2755 2124 2778 9.
2148 2758 2170 2778 et

1319 2792 1362 2820 24,
1384 2793 1418 2816 15.
1436 2799 1502 2822 seqq.

1382 2830 1392 2843 ²
1409 2832 1491 2854 Psalm.
1509 2832 1536 2860 9,
1556 2833 1594 2855 21.
1610 2845 1642 2849 -
1659 2832 1764 2856 Subinde
1789 2834 1916 2862 allegantur
1941 2834 1957 2856 1.
1980 2833 2033 2856 Cor.
2055 2833 2082 2860 3,
2103 2833 2125 2856 3.
2148 2835 2171 2855 et

1321 2871 1375 2899 Sap.
1393 2871 1420 2898 9,
1438 2872 1459 2893 2.

1383 2908 1393 2922 ⁵
1411 2910 1477 2933 Vers.
1496 2909 1519 2933 7.
1540 2923 1569 2927 —-
1587 2911 1720 2940 Sequuntur
1737 2911 1776 2934 lob
1796 2911 1837 2940 14,
1856 2912 1863 2934 l
1879 2919 1884 2940 ;
1901 2912 1956 2940 Sap.
1977 2912 2002 2939 2,
2019 2912 2040 2934 2.
2055 2914 2077 2934 et
2089 2911 2114 2941 5,
2132 2912 2169 2939 Ι3;

1322 2950 1396 2972 Eccle.
1416 2949 1441 2977 4,
1462 2950 1507 2972 t-a.
