2296 3316
0 301 6 348 3
52 293 107 317 Resp

2 718 32 739 im,
41 712 65 731 de
74 714 110 731 ter-

6 737 30 755 ιο
42 736 86 755 duo.

14 899 104 919 Primum.

18 1648 104 1667 cundum.

9 2224 13 2227 .
20 2209 102 2228 tandum.

725 160 894 189 COMMENT.
918 161 950 189 ΙΝ
971 161 1162 189 SAPIENTIAM
1183 162 1211 190 C.
1234 163 1275 191 Xl.
1815 165 1871 194 183

204 240 293 268 Potest
313 239 382 273 dici,
403 238 477 276 quod
497 238 633 275 loquendo
654 238 687 267 de
705 245 836 272 numero,
851 237 971 273 pondere

125 289 152 316 et
172 294 304 316 mensura
324 286 351 315 in
373 285 529 319 increatis,
550 285 709 314 distributio
723 287 765 314 est
781 284 971 318 universalis

125 333 262 371 loquendo
289 341 356 362 vero
385 332 420 361 de
447 332 571 366 creatis,
602 332 762 361 distributio
789 334 831 360 est
858 339 970 360 accom-

123 380 228 414 moda,
249 379 286 408 ita
307 379 423 413 scilicet,
445 378 519 415 quod
540 378 710 414 intelligatur
730 377 791 406 fieri
811 377 971 405 distributio

124 435 175 464 pro
182 426 357 460 mensuratis,
369 425 522 454 numeratis
533 428 561 454 et
572 424 730 462 ponderatis
740 425 757 452 ¹.
773 424 834 453 Vel:
852 424 969 458 Omnia,

124 473 197 502 entia
217 472 367 509 completa,
389 472 417 500 in
438 472 492 500 alio
512 480 567 500 non
592 474 746 500 concreata.
775 471 850 499 Talia
877 474 969 500 autem

123 528 177 549 non
199 522 265 548 sunt
285 527 432 553 mensura,
453 526 589 548 numerus
608 521 636 547 et
656 518 777 555 pondus;
792 518 840 547 sed
861 518 889 547 in
910 518 970 546 aliis

124 568 322 600 concreantur,
344 573 409 594 cum
430 574 484 594 non
516 565 571 594 sint
601 565 675 593 entia
702 572 752 601 per
773 572 802 593 se
822 564 922 593 stantia
943 566 970 592 et

124 612 259 649 completa
270 612 289 640 ².

201 658 326 687 Multum
347 658 424 687 enim
444 661 494 688 etc.
517 658 564 687 HIc
585 658 698 695 ponitur
726 657 853 695 probatio
874 660 970 694 poten-

124 704 177 734 tiae
196 704 318 739 divinae,
339 705 430 742 primo
458 712 506 742 per
537 704 597 733 eius
625 704 842 741 magnitudinem
874 703 901 732 in
927 711 968 737 se;

124 751 258 785 secundo,
280 759 330 788 per
350 751 514 788 parvitatem
543 753 702 780 creaturae:
731 750 878 787 Quoniam
906 753 970 778 tan-

123 806 212 837 quam
234 801 285 827 etc.

202 844 291 881 (Vers.
313 845 381 881 22).
403 845 527 874 Multum
541 845 617 873 enim
631 848 693 879 etc„
708 845 786 882 quasi
800 844 884 873 dicat:
900 844 970 873 bene

123 894 212 929 patet,
234 891 308 928 quod
328 900 364 921 ex
386 891 546 929 impotentia
566 900 622 920 non
642 891 709 926 fuit,
725 891 791 929 quia
804 892 843 921 sic
857 899 903 920 eos
918 899 969 928 pu-

123 938 206 973 nivit;
228 938 354 967 multum
374 939 451 967 enim
471 938 580 973 valere,
602 939 627 967 id
650 941 692 967 est
715 939 792 968 valde
807 946 903 976 posse,
918 938 971 967 tibi

122 985 190 1020 soli,
211 988 239 1014 et
259 985 318 1015 sine
348 986 463 1015 alterius
491 985 644 1020 adiutorio,
665 990 820 1023 supererat
839 994 968 1023 semper,

121 1032 224 1061 scilicet
245 1036 358 1070 propter
379 1033 541 1062 infinitatem
556 1032 694 1069 potentiae
709 1036 780 1061 tuae.
801 1044 814 1058 «
829 1032 970 1061 Infinitum

121 1079 194 1108 enim
224 1082 281 1114 est,
313 1080 394 1109 cuius
421 1082 513 1117 partes
541 1080 585 1108 vel
614 1079 797 1116 quantitatem
825 1078 969 1115 accipienti

122 1134 231 1163 semper
252 1130 293 1155 est
314 1126 418 1164 aliquid
438 1129 520 1155 extra
541 1126 688 1163 accipere³
704 1137 730 1160 »;
753 1126 842 1154 Lucae
863 1125 968 1162 primo:

126 1185 140 1198 α
153 1174 212 1202 Νοιι
232 1174 285 1202 erit
306 1174 474 1211 impossibile
494 1174 569 1211 apud
591 1174 679 1202 Deum
702 1181 784 1202 omne
807 1172 924 1201 verbum
941 1182 968 1206 »;

120 1229 245 1258 semper,
267 1221 293 1250 id
314 1224 356 1250 est
376 1221 450 1249 omni
483 1224 607 1258 tempore
628 1221 671 1250 vel
693 1221 721 1249 in
742 1224 905 1254 aeternum,
927 1227 969 1248 se-

121 1266 243 1296 cundum
264 1267 331 1296 illud
352 1268 472 1297 Danielis
493 1268 622 1305 septimo:
648 1279 661 1293 «
677 1268 798 1296 Potestas
811 1267 872 1296 eius
893 1269 969 1304 pote-

121 1316 176 1343 stas
196 1316 309 1343 aeterna
322 1326 349 1342 ».
372 1315 407 1343 Et
426 1314 544 1349 virtuti,
560 1314 585 1343 id
601 1317 643 1343 est
664 1314 801 1351 perfectae
822 1314 968 1351 potentiae,

120 1360 201 1397 quia,
223 1360 376 1389 secundum
397 1361 594 1398 Philosophum
606 1362 626 1395 ⁴²,
646 1372 660 1386 «
676 1361 765 1390 virtus
779 1364 821 1389 est
839 1360 969 1389 ultimum

121 1406 154 1436 de
175 1408 297 1448 potentia
327 1408 355 1436 in
379 1416 410 1437 re
425 1419 451 1442 »;
484 1407 600 1437 brachii
628 1408 687 1443 tui,
716 1408 868 1437 secundum
900 1407 969 1436 illud

121 1454 203 1483 Isaiae
224 1454 454 1492 quinquagesimo
474 1455 579 1492 primo:
607 1455 751 1484 «Induere
779 1455 968 1484 fortitudInem

122 1500 267 1530 brachium
288 1502 396 1530 Domini
411 1513 438 1537 »;
460 1503 526 1540 quis
547 1502 676 1531 resistet?
697 1502 776 1540 quasi
797 1502 884 1531 dicat:
907 1503 969 1531 nul-

123 1547 166 1576 lus
187 1550 289 1584 potest;
310 1551 337 1577 et
359 1548 412 1577 hoc
432 1552 488 1584 est,
511 1550 577 1586 quia
597 1558 653 1578 non
681 1549 786 1586 patitur
810 1549 845 1578 ab
866 1549 967 1586 aliquo.

201 1594 289 1631 (Vers.
312 1594 379 1631 23).
411 1596 556 1631 Quoniam
582 1598 648 1630 etc.‚
676 1596 755 1633 quasi
787 1596 872 1624 dicat:
903 1603 969 1624 vere

122 1641 159 1669 ita
178 1644 234 1676 est3
256 1641 397 1680 quoniam
419 1645 492 1671 totus
513 1643 592 1671 orbis
614 1647 781 1677 terrarum,
804 1643 830 1671 id
852 1646 893 1671 est
907 1643 970 1671 uni-

123 1688 239 1717 versitas
260 1692 469 1723 creaturarum,
490 1689 533 1717 sic
553 1693 594 1717 est
613 1693 680 1718 ante
701 1693 739 1723 te,
762 1689 788 1718 id
810 1692 852 1718 est
872 1690 900 1718 in
922 1693 970 1718 tua

122 1734 312 1771 dispositione,
334 1736 377 1764 vel
399 1736 426 1764 ιιι
447 1738 495 1764 tua
515 1736 736 1773 comparatione;
752 1740 895 1774 tanquam
909 1745 968 1765 mo-

122 1785 251 1810 mentum
271 1785 412 1816 staterae,
434 1782 461 1811 id
482 1785 524 1811 est
544 1783 612 1811 illud
626 1783 781 1817 modicum,
796 1791 852 1820 quo
867 1786 969 1812 statera

123 1828 178 1856 huc
200 1828 242 1856 vel
263 1828 329 1857 illuc
350 1828 514 1862 inclinatur;
537 1829 610 1858 unde
630 1829 733 1858 dicitur
754 1834 930 1858 momentum
952 1838 969 1858 a

122 1874 295 1909 movendo-⁵⁵,
317 1875 360 1903 vel
381 1875 461 1912 quia,
483 1876 555 1904 sicut
575 1876 692 1905 faciliter
712 1879 740 1905 et
760 1877 839 1914 quasi
862 1877 888 1905 in
910 1885 968 1905 mo-

122 1924 215 1950 mento
235 1924 363 1950 movetur
384 1922 441 1951 huc
461 1923 503 1951 vel
519 1922 594 1957 illuc,
610 1923 649 1951 sic
663 1923 756 1952 divina
770 1923 874 1952 virtute
888 1931 968 1952 mun-

122 1967 175 1996 dus
195 1968 229 1996 ad
250 1971 350 1996 nutum
372 1968 419 1997 Dei
451 1972 595 2004 movetur;
617 1969 690 1998 unde
710 1969 793 1998 Isaiae
814 1970 968 2007 quadrage-

122 2015 205 2044 simo:
232 2026 246 2040 «
260 2015 340 2050 Ecce,
355 2018 450 2053 gentes
464 2016 543 2053 quasi
564 2016 636 2044 stilla
657 2016 755 2045 situlae
776 2019 804 2045 et
817 2016 888 2045 sicut
910 2025 968 2045 mo-

121 2063 246 2089 mentum
267 2064 385 2090 staterae
405 2065 549 2099 reputatae
569 2065 672 2097 sunt»;
687 2066 712 2091 et
727 2066 868 2101 tanquam
882 2067 968 2101 gutta

122 2107 201 2136 roris
221 2108 405 2143 antelucani,
426 2109 454 2137 id
475 2112 516 2138 est
540 2112 603 2138 ante
624 2110 715 2139 lucem
736 2110 871 2145 cadentis,
893 2119 968 2149 quae

121 2155 265 2184 deseendit
278 2156 310 2184 in
324 2159 444 2189 terram,
467 2164 538 2194 quae
559 2165 575 2185 a
595 2157 663 2186 facie
684 2158 749 2186 solis
770 2157 848 2186 facile
869 2158 966 2187 dissol-

121 2202 196 2230 vitur
217 2210 268 2231 nec
287 2202 311 2231 ei
334 2206 423 2240 potest
443 2204 580 2233 resistere.
604 2204 635 2232 Et
648 2204 816 2238 notandum,
838 2205 912 2242 quod
926 2204 966 2233 di-

121 2248 174 2283 cit,
195 2252 352 2278 creaturam
373 2257 433 2279 esse
461 2254 603 2288 tanquam
633 2255 811 2279 momentum
839 2254 901 2286 etc.‚
924 2259 967 2280 re-

122 2296 286 2332 spectuDei
308 2300 443 2333 quantum
465 2297 499 2325 ad
520 2297 676 2326 facilitatem
698 2298 795 2334 agendi
817 2298 844 2326 in
866 2299 966 2335 ipsam;

121 2344 149 2370 et
169 2345 311 2381 tanquam
329 2346 416 2380 gutta
436 2344 516 2372 roris
536 2347 598 2379 etc.,
620 2347 755 2381 quantum
786 2345 820 2373 ad
841 2345 967 2383 impossi-

1027 238 1160 267 bilitatem
1194 240 1312 276 patiendi
1343 241 1378 270 ab
1408 241 1473 276 illa;
1506 241 1588 270 Isaiae
1617 242 1870 279 quadragesim0⁶:

1032 296 1045 309 «
1060 284 1162 314 Omnes
1182 289 1291 323 gentes,
1307 288 1384 324 quasi
1400 296 1454 317 non
1469 288 1532 322 sint,
1548 288 1586 318 sic
1601 292 1666 318 sunt
1686 297 1777 318 coram
1799 297 1869 318 eo».

1109 332 1163 360 ΕΝ
1184 333 1332 362 misereris
1352 335 1484 363 omnium
1504 338 1555 364 etc.
1577 336 1624 365 Hic
1644 336 1757 373 ponitur
1771 337 1871 374 proba-
1911 343 1965 364 mm,
1981 342 2005 361 do

1028 378 1065 406 tio
1085 378 1193 407 divinae
1214 380 1431 416 misericordiae,
1453 385 1480 411 et
1501 383 1591 419 primo
1612 383 1710 419 probat
1735 391 1794 412 eam
1821 391 1870 420 per
1888 368 2006 430 ῗέἒῖωὲῧῖἶ

1027 424 1155 453 effectum
1177 426 1436 462 dissimuffltionis:
1457 429 1592 463 secundo,
1615 437 1664 466 per
1678 430 1806 458 eflectum
1826 430 1871 458 di·
1888 417 1935 431 ω’

1028 471 1170 500 lectionis.-
1195 473 1298 510 Diliyis
1318 475 1410 508 enim,·
1431 476 1527 510 tertio,
1543 484 1593 513 per
1614 477 1741 505 effectum
1757 485 1871 505 conser-

1028 518 1169 547 vationis.-
1193 520 1340 555 Quomodo
1361 525 1458 550 autem
1476 527 1572 559 posset
1592 526 1657 558 etc.;
1684 526 1799 560 quarto,
1822 531 1871 560 per

1026 565 1155 594 effectum
1176 567 1373 597 remissionis.-
1396 569 1504 597 Parcis
1525 573 1630 598 autem.

1105 612 1192 648 (Vers.
1219 613 1286 649 24).
1314 615 1348 642 Et
1368 615 1517 643 misereris
1547 616 1695 650 omnium,
1717 616 1744 644 id
1765 619 1821 650 est,
1843 616 1871 644 in
1888 622 1968 640 Primus-

1026 658 1155 687 omnibus
1176 667 1291 689 exerces
1318 660 1523 690 misericordiae
1550 662 1693 696 effectum,
1719 663 1870 691 secundum

1026 704 1095 733 illud
1116 705 1212 734 Psalmi
1225 706 1252 734 ὃς
1279 718 1292 731 «
1309 707 1496 737 Miserationes
1510 708 1570 737 eius
1585 716 1669 745 super
1682 709 1774 737 omnia
1787 717 1872 746 opera

1026 752 1124 787 eius»;
1145 753 1224 782 item:
1251 754 1427 783 «Universae
1457 755 1517 783 viae
1548 755 1653 784 Domini
1684 756 1872 785 misericordia

1026 802 1053 827 et
1074 799 1176 828 veritas
1187 811 1214 834 »;
1236 800 1320 829 item:
1345 812 1359 825 a
1375 801 1562 830 Misericordia
1590 802 1694 831 Domini
1724 803 1803 840 plena
1831 806 1872 832 est

1026 848 1139 874 terra».
1164 846 1310 882 Quoniam
1341 848 1441 876 omnia
1466 852 1561 884 potes,·
1582 849 1655 878 unde
1685 850 1777 878 omnia
1807 852 1872 878 sunt

1026 891 1150 921 facturae
1171 896 1235 921 tuae
1256 896 1283 922 et
1303 902 1388 930 opera
1409 897 1472 929 tua,
1495 895 1646 924 secundum
1669 896 1736 924 illud
1758 897 1870 925 Psalmi:

1031 950 1044 964 «t
1059 939 1111 975 Qui
1132 939 1196 968 fecit
1217 941 1323 969 caelum
1346 944 1373 970 et
1394 945 1513 976 terram,
1534 950 1610 971 mare
1631 946 1658 972 et
1678 943 1785 977 onmia,
1800 951 1871 980 quae

1026 985 1054 1014 in
1076 986 1115 1014 eis
1136 990 1201 1014 sunt
1215 999 1242 1015 υ.
1267 988 1301 1015 Et
1314 987 1500 1023 dissimula&
1519 989 1553 1017 ad
1574 993 1683 1026 tempus
1701 990 1803 1019 scilicet
1817 998 1871 1019 non

1027 1032 1181 1069 puniendo,
1200 1038 1321 1070 peccata
1343 1033 1511 1070 hominum,
1525 1045 1579 1065 non
1600 1037 1665 1065 dicit
1686 1037 1870 1074 anyelorum,

1026 1079 1092 1115 quia
1112 1083 1256 1116 peccatum
1277 1082 1439 1118 angelorum
1461 1083 1552 1111 statim
1574 1083 1625 1112 suit
1640 1084 1782 1120 punitum;
1799 1084 1871 1113 unde

1027 1125 1110 1155 Isaiae
1131 1126 1238 1156 decimo
1259 1131 1360 1165 quarto
1372 1129 1398 1156 ⁹:
1424 1140 1437 1154 (ι
1453 1129 1596 1166 Quomodo
1610 1130 1744 1165 cecidisti,
1760 1131 1870 1165 lucifer,

1026 1172 1060 1201 de
1081 1173 1172 1207 caelo,
1194 1174 1241 1211 qui
1264 1183 1344 1204 mane
1375 1175 1510 1205 oriebaris
1524 1179 1556 1205 n?
1578 1177 1701 1214 Propter
1726 1178 1871 1215 poeniten-

1027 1218 1117 1252 tiam,·
1138 1220 1211 1249 unde
1232 1221 1265 1249 ad
1296 1222 1430 1251 Romanos
1455 1223 1590 1251 secundo:
1625 1224 1777 1261 «Ignoras,
1806 1225 1871 1262 quia

1027 1265 1180 1303 benignitas
1201 1268 1250 1296 Dei
1271 1268 1305 1296 ad
1326 1269 1520 1305 poenitentiam
1538 1273 1563 1299 te
1578 1270 1730 1299 adducit»?
1746 1272 1871 1300 Ezechie-

1027 1313 1059 1341 lis
1079 1313 1185 1342 decimo
1205 1318 1317 1343 octavo:
1345 1316 1398 1344 «Si
1430 1317 1517 1353 egerit
1544 1318 1645 1354 impius
1677 1319 1870 1355 poenitentiam

1026 1359 1060 1388 al]
1091 1361 1220 1390 omnibus
1251 1362 1368 1398 peccatis
1399 1363 1457 1392 suis
1478 1367 1546 1398 etc.;
1578 1365 1633 1393 vita
1664 1365 1737 1394 vivet
1762 1368 1789 1394 et
1816 1374 1871 1394 non

1025 1406 1162 1435 morietur
1177 1419 1203 1435 ».

1105 1454 1193 1489 (Vers.
1210 1456 1277 1491 ⁵25).
1294 1456 1399 1494 Diliyis
1413 1457 1488 1486 enim
1503 1458 1617 1492 omnia,
1638 1467 1713 1497 quae
1725 1462 1805 1493 sunt,
1820 1459 1872 1487 sci·
1888 1463 1992 1483 Secundus-

1027 1500 1090 1529 licet
1110 1501 1181 1530 bona
1202 1510 1298 1531 eorum
1320 1504 1498 1540 approbando
1526 1508 1553 1534 et
1574 1505 1776 1539 conservando;
1798 1505 1871 1534 unde

1026 1547 1138 1577 Genesis
1159 1550 1248 1585 primo
1261 1550 1299 1578 ¹⁰:
1326 1551 1428 1580 «Vidit
1448 1552 1522 1581 Deus
1543 1555 1657 1586 cuncta,
1672 1560 1743 1589 quae
1758 1552 1871 1587 fecerat,

1026 1597 1053 1622 et
1074 1598 1153 1624 erant
1174 1596 1251 1625 valde
1272 1597 1344 1625 bona
1358 1608 1384 1631 »;
1407 1598 1515 1627 Glossa:
1543 1610 1555 1623 «
1571 1599 1662 1627 Bonus
1682 1598 1775 1636 opifex
1802 1607 1872 1636 opus

1026 1649 1109 1670 suum
1131 1642 1218 1680 diligit
1233 1655 1259 1678 »;
1285 1644 1359 1673 Deus
1373 1648 1465 1673 autem
1480 1648 1622 1682 peccatum
1638 1654 1692 1674 non
1707 1646 1782 1680 fecit;
1799 1646 1871 1675 unde

1026 1688 1133 1717 Ioannis
1153 1690 1258 1726 primo:
1285 1702 1298 1715 «
1314 1692 1376 1720 Sine
1397 1692 1455 1728 ipso
1476 1692 1578 1721 sactum
1599 1696 1641 1721 est
1661 1693 1767 1727 nihil»,
1789 1693 1816 1721 id
1831 1696 1872 1722 est

1031 1746 1043 1758 «
1060 1739 1203 1771 peccatum
1216 1748 1243 1770 >›,
1266 1738 1418 1766 secundum
1441 1739 1633 1776 Augustinum.
1657 1740 1687 1768 Et
1701 1739 1761 1768 ideo
1776 1748 1870 1776 pecca—

1027 1784 1085 1809 tum
1108 1790 1162 1810 non
1183 1783 1285 1820 diligit,
1307 1784 1354 1813 sed
1374 1785 1446 1819 odit,
1476 1786 1628 1814 secundum
1656 1786 1725 1815 illud
1756 1787 1869 1815 PsalmI:

1030 1840 1043 1853 «
1061 1829 1184 1858 Dilexisti
1206 1830 1339 1859 iustitiam
1360 1835 1387 1860 et
1407 1832 1487 1861 odisti
1509 1833 1720 1870 iniquitatem».
1744 1835 1779 1862 Et
1797 1832 1871 1862 nihil

1027 1875 1115 1904 odisti
1125 1884 1227 1905 eorum
1238 1886 1313 1915 quae
1322 1876 1434 1915 fecisti,
1450 1879 1558 1908 nullum
1575 1879 1678 1908 scilicet
1689 1880 1869 1916 reprobando.

1104 1923 1217 1952 CONTRA
1232 1925 1303 1961 quod
1319 1925 1421 1954 dicitur
1436 1926 1463 1954 in
1480 1926 1585 1955 Psalmo
1597 1927 1634 1954 ¹¹:
1654 1938 1668 1952 «
1684 1926 1793 1964 Iniquos
1807 1927 1869 1955 odio
1885 1932 1981 1956 Quaestio-

1025 1969 1109 1998 habui
1126 1981 1152 2004 »;
1174 1970 1256 1999 item:
1282 1983 1296 1996 «
1311 1971 1396 2001 Odisti
1428 1981 1539 2007 omnes,
1567 1973 1615 2010 qui
1640 1978 1791 2010 operantur
1822 1974 1870 2002 ini-

1022 2015 1157 2052 quitatem
1172 2028 1199 2051 »3
1221 2017 1285 2046 item
1301 2018 1480 2048 Ecclesiastici
1494 2019 1671 2048 duodecimo:
1692 2032 1705 2045 «
1716 2020 1883 2049 Altissimus‘

1024 2063 1086 2092 odio
1107 2063 1190 2092 hahet
1210 2068 1369 2101 peccatores
1385 2078 1410 2093 ».

1103 2111 1153 2140 Sed
1175 2111 1339 2146 dicendum,
1360 2113 1435 2149 quod
1455 2121 1510 2142 non
1531 2113 1588 2142 odit
1617 2113 1753 2143 facturam
1778 2122 1869 2149 suam,
1887 2119 1943 2144 Resp-

1024 2158 1071 2187 sed
1093 2158 1215 2187 facturae
1237 2159 1349 2193 vitium,
1371 2159 1443 2188 sicut
1464 2159 1566 2188 artifex
1581 2163 1715 2195 statuam,
1730 2169 1813 2197 quam
1832 2161 1870 2189 fe—

1024 2206 1076 2240 cit,
1096 2205 1197 2243 diligit,
1218 2209 1246 2235 et
1267 2209 1357 2235 tamen
1378 2207 1498 2243 aliquem
1514 2207 1617 2236 nodum
1637 2215 1673 2236 ex
1688 2211 1767 2244 parte
1785 2211 1870 2236 mate-

1024 2252 1081 2281 riae
1103 2253 1130 2281 in
1151 2261 1184 2281 ea
1204 2253 1370 2282 existentem
1391 2253 1456 2282 odit.

1104 2299 1161 2328 Nec
1182 2300 1259 2328 enim
1280 2300 1394 2334 odiens,
1417 2300 1444 2329 id
1465 2303 1506 2329 est
1527 2301 1644 2335 invitus,
1665 2301 1778 2339 aliquid
1805 2310 1871 2330 con-

1023 2345 1159 2380 stitui-sti,
1183 2346 1285 2375 scilicet
1306 2346 1340 2375 de
1360 2347 1447 2375 nihilo
1478 2347 1569 2383 ipsum
1597 2348 1731 2381 creando,
1757 2351 1811 2376 aut
1830 2347 1871 2385 fe-

185 2534 192 2547 ¹
210 2535 256 2558 Cir.
273 2542 343 2564 supra
361 2542 416 2564 pag.
433 2537 475 2564 28,
492 2539 544 2560 nota
561 2537 582 2559 7,

184 2572 193 2586 ²
211 2574 270 2597 Vide
286 2576 311 2597 Il.
328 2576 389 2598 Sent.
406 2575 429 2598 d.
447 2576 468 2598 l.
485 2582 508 2604 p.
525 2577 540 2599 I.
558 2583 577 2598 a.
595 2577 618 2599 3.
634 2584 656 2606 q.
675 2578 697 2599 2.
714 2577 735 2599 in
753 2583 818 2606 corp.
836 2581 858 2600 et
875 2578 905 2600 ad
922 2578 944 2600 5.

184 2612 194 2625 ³
210 2614 312 2642 Aristot.‚
336 2615 368 2637 Ill.
390 2615 459 2643 Phys.
481 2618 533 2638 text.
552 2616 590 2638 62.
612 2622 659 2645 seq.
679 2617 708 2642 (e.
728 2617 768 2646 6.).
787 2629 818 2634 -—
835 2618 968 2646 Sequuntur

122 2653 176 2675 Luc.
195 2653 216 2681 1,
232 2653 270 2675 37.
286 2656 306 2675 el
325 2653 381 2675 Dan.
398 2653 426 2681 7,
443 2654 480 2676 14.

183 2690 193 2703 *¹
209 2691 272 2714 Libr.
283 2693 298 2715 l.
310 2692 339 2715 de
350 2692 418 2715 Caelo
430 2695 452 2715 et
462 2693 563 2721 mundo,
576 2696 627 2716 text.
639 2694 691 2717 116,
705 2694 735 2723 (e.
749 2695 756 2717 1
767 2695 802 2724 1.).
814 2695 858 2718 Csr.
876 2698 930 2718 tom.
942 2696 967 2718 II.

121 2737 176 2759 pag.
193 2731 246 2759 671,
263 2734 315 2754 nota
333 2732 354 2754 6.
371 2745 402 2749 -—
419 2733 471 2761 Seq.
489 2733 552 2755 locus
569 2736 603 2755 est
619 2734 668 2756 lsai.
686 2734 723 2762 51,
740 2735 763 2756 9.

184 2768 194 2781 ⁶
210 2770 302 2798 Isidor.,
319 2771 347 2792 V.
364 2771 493 2799 Etymolog.
510 2778 530 2794 c.
547 2772 584 2794 29.
601 2779 624 2794 n.
642 2773 667 2795 l:
686 2773 826 2795 Momentum
849 2776 883 2796 est
900 2774 967 2796 mini-

122 2815 186 2831 mum
209 2812 277 2838 atque
299 2810 488 2838 angustissimum
512 2814 615 2840 tempuS,
632 2818 645 2834 a
662 2814 727 2835 motu
745 2812 847 2835 siderum
871 2813 966 2835 dictum.

122 2860 152 2864 —
169 2848 277 2877 Sequitur
293 2849 344 2871 lsai.
362 2849 403 2876 40,
421 2849 459 2872 15.

184 2885 193 2898 ⁶
211 2887 277 2909 Vers.
295 2887 331 2909 17.

183 2923 192 2937 '¹
210 2924 255 2948 Csr.
271 2932 340 2954 supra
358 2933 413 2955 pag.
431 2927 487 2955 181,
505 2930 558 2950 nota
575 2929 597 2950 2.

184 2962 193 2975 ⁸
210 2964 292 2987 Psalm.
309 2965 367 2993 144,
379 2965 401 2988 9.
412 2978 443 2982 -
454 2967 587 2995 Sequuntur
599 2968 634 2990 ΡΞ.
646 2968 687 2996 24,
700 2968 741 2997 '103
754 2969 795 2996 32,
808 2969 828 2991 5.
842 2971 864 2991 et
878 2968 931 2997 145,
944 2969 965 2991 6.

1024 2551 1056 2556 -
1073 2540 1115 2562 Pro
1135 2539 1253 2567 Quoniam
1270 2539 1351 2562 omnia
1369 2541 1449 2569 potes,
1475 2540 1538 2568 quod
1563 2539 1654 2562 exhibet
1674 2540 1737 2563 card.
1759 2541 1827 2568 Hugo
1848 2541 1870 2563 in

1025 2578 1129 2606 margine
1146 2582 1168 2600 et
1184 2579 1288 2606 Lyranus
1304 2578 1328 2600 in
1346 2581 1419 2605 textu,
1439 2579 1535 2607 Vulgata
1555 2578 1616 2606 Quia
1633 2578 1714 2602 omnia
1728 2580 1802 2609 potes.

1086 2616 1096 2629 ⁵³
1114 2617 1180 2640 Vers.
1190 2618 1227 2640 112.
1236 2630 1266 2634 —
1275 2618 1325 2639 Duo
1334 2623 1399 2646 seqq.
1409 2618 1450 2640 loci
1461 2620 1513 2640 sunt
1522 2618 1587 2640 Rom.
1598 2618 1624 2646 2,
1634 2617 1654 2640 4.
1664 2620 1686 2641 et
1695 2619 1776 2641 Ezech.
1789 2619 1822 2646 18,
1833 2619 1870 2640 21.

1087 2655 1106 2668 ¹⁰
1124 2657 1189 2679 Vers.
1207 2657 1244 2679 31.
1265 2669 1296 2673 -
1319 2658 1451 2685 Sequuntur
1467 2658 1547 2679 Glossa
1564 2656 1689 2680 ordinaria
1710 2657 1799 2679 Rabani
1821 2657 1870 2685 (etr.

1023 2701 1093 2723 supra
1111 2701 1166 2723 pag.
1184 2695 1226 2723 45,
1243 2698 1296 2717 nota
1315 2696 1336 2718 8.
1354 2695 1425 2718 verba
1443 2695 1590 2724 Aristotelis);
1608 2696 1668 2718 Ioan.
1686 2696 1707 2722 1,
1720 2696 1744 2722 3,
1756 2702 1825 2724 quem
1838 2696 1870 2718 lo-

1023 2740 1077 2757 cum
1095 2734 1127 2763 [in
1145 2735 1205 2757 loan.
1223 2735 1312 2762 Evang.
1324 2737 1351 2757 tr.
1364 2735 1385 2757 1.
1397 2741 1419 2757 ιι.
1433 2734 1478 2764 13.]
1491 2741 1608 2762 exponens
1619 2736 1716 2762 August.
1728 2735 1794 2757 dicit:
1810 2743 1820 2754 «
1830 2735 1870 2757 So-

1023 2774 1069 2796 lent
1085 2774 1146 2795 enim
1164 2774 1241 2801 multi,
1260 2774 1319 2796 male
1336 2774 1486 2801 intelligentes
1502 2773 1552 2796 sine
1569 2773 1619 2803 ipso
1635 2773 1727 2803 sactum
1743 2775 1778 2796 est
1796 2773 1868 2801 nihil,

1022 2816 1116 2841 putare,
1133 2813 1220 2841 aliquid
1237 2819 1288 2835 esse
1304 2812 1372 2835 nihil.
1389 2813 1509 2835 Peccatum
1527 2813 1621 2841 quidem
1635 2818 1681 2835 non
1689 2818 1733 2842 per
1746 2812 1823 2841 ipsum
1840 2813 1870 2834 fa-

1022 2855 1084 2874 ctum
1102 2855 1148 2879 est;
1166 2854 1188 2874 et
1205 2852 1352 2874 manifestum
1370 2854 1416 2879 est,
1433 2852 1487 2880 quia
1509 2854 1629 2879 peccatum
1641 2851 1697 2873 nihil
1714 2854 1760 2879 est,
1777 2854 1799 2873 et
1815 2851 1868 2873 nihil

1021 2891 1079 2913 fiunt
1095 2891 1212 2917 homines,
1228 2897 1282 2913 cum
1299 2893 1396 2918 peccant
1407 2899 1429 2912 ι.
1448 2891 1503 2913 Dein
1520 2891 1630 2918 allegatur
1648 2891 1683 2912 Ps.
1701 2890 1742 2917 44,
1760 2891 1781 2912 8.

1085 2928 1103 2941 ¹²
1121 2930 1202 2951 Psalm.
1221 2930 1278 2957 118,
1297 2930 1349 2952 113.
1367 2942 1397 2946 -
1419 2930 1468 2951 Duo
1486 2935 1551 2958 seqq.
1568 2929 1609 2951 loci
1632 2932 1685 2951 sunt
1706 2930 1742 2951 Ps.
1759 2929 1785 2957 5,
1802 2928 1825 2950 7.
1846 2931 1869 2950 et

1022 2969 1090 2991 Eccli.
1111 2969 1150 2996 12,
1168 2969 1189 2991 3.
