2296 3316
25 74 31 118 Ji

27 201 77 222 ivisio
90 201 107 220 1.

21 277 25 303 l

11 1178 71 1213 μ’νὶείο
83 1180 100 1199 3.

9 1288 11 1341 i

8 1365 10 1373 ι

8 1432 9 1443 l

746 114 915 144 COMMENT.
939 115 971 144 [Ν
992 115 1138 145 ΙΟΑΝΝΕΜ
1159 116 1187 145 C.
1209 117 1251 145 XI.

123 194 276 231 passionem
292 196 324 222 ut
334 192 546 230 praeambula,
562 192 697 230 quaedam
719 200 785 221 vero
800 195 832 221 ut
845 193 973 222 eircum-

123 241 299 270 adiacentia.
315 240 406 269 Primo
420 248 487 276 ergo
507 239 600 276 agitur
614 239 648 268 de
669 239 915 273 antecedentibas;
929 248 972 269 se-

122 287 213 317 cundo
243 295 323 321 vero,
344 287 378 315 de
399 286 676 320 concomitantibus,
704 286 732 314 in
761 286 897 323 principio
924 287 971 316 de—

123 334 185 363 cimi
206 333 295 362 octavi
311 334 337 362 ¹:
361 334 395 362 Et
415 342 483 362 cam
510 332 580 361 haec
600 333 723 361 dixisset
750 333 848 367 Iesus,
876 342 971 371 cyres-

122 389 175 409 sus
198 384 240 408 est
259 382 310 408 etc.

151 471 243 502 Primo
263 470 362 510 agitur
383 470 416 501 de
436 470 471 501 iis
492 479 562 510 quae
582 470 619 501 ad
639 470 791 510 passionem
812 471 939 511 spectant

329 518 363 548 ut
383 517 580 557 praeambula,
603 517 764 557 tripliciter.

199 613 401 642 Praearnbata
422 621 488 642 vero
506 614 540 642 ad
558 614 712 650 passionem
727 616 792 643 sunt
813 614 879 648 tria,
895 613 967 642 scili-

120 664 162 690 cet
180 660 360 689 ludaeorum
374 659 568 695 machinatio,
583 661 733 698 passionis
755 660 865 689 Christi
878 669 967 698 prae-

119 707 223 741 dictio,
251 706 466 743 discipulorum
494 707 659 736 consolatio.
689 707 750 736 Ideo
784 707 874 744 prima
901 715 966 744 pars

119 754 202 783 hahet
223 756 280 782 tres
300 757 401 790 partes.
425 753 516 782 Primo
537 754 609 782 enim
625 753 717 790 agitur
738 753 771 782 de
788 754 966 782 Iudaeorum

120 800 334 837 conspiratione
341 810 351 834 ;
376 800 510 834 secundo,
531 800 565 829 de
576 800 727 838 passionis
748 800 964 837 praedictione,

120 847 172 876 ibi:
196 847 290 875 Erant
310 851 408 875 autem
429 847 552 885 quidam
578 847 697 884 qentites
718 850 785 881 etc.,
807 845 879 875 infra
896 847 965 876 duo-

119 893 225 922 decimo
239 893 360 930 capitulo
374 894 400 927 23
416 894 510 928 tertio,
526 894 559 923 de
574 894 789 931 discipulorum
807 894 965 931 confirma-

120 939 207 974 tione,
229 939 301 968 infra
321 939 428 969 decimo
450 941 547 969 tertio:
569 942 643 969 Ante
664 941 738 969 diem
759 940 875 978 festam.

181 1040 268 1072 Primo,
287 1041 313 1064 do
329 1041 461 1065 Iudaeorum
478 1041 647 1065 machinatione
663 1041 779 1072 ponuntur
796 1042 901 1072 quatuor.

197 1127 287 1156 Prima
308 1135 385 1164 pars,
407 1128 435 1156 in
450 1136 505 1165 qua
523 1128 615 1165 agitur
629 1128 663 1156 de
684 1127 901 1156 machinatione
917 1129 965 1156 la-

118 1175 274 1209 daeoram,
290 1175 337 1212 qui
353 1178 471 1203 mortem
491 1175 592 1203 Christi
615 1175 859 1209 machinabantur,
882 1175 965 1204 habet

117 1224 238 1259 quatuor
252 1224 353 1258 partes.
370 1222 398 1249 ln
416 1221 507 1258 prima
521 1221 688 1250 describitur
706 1221 884 1249 ludaeorum
897 1230 964 1249 eon-

116 1268 242 1305 spiratio
250 1279 260 1302 ;
282 1269 309 1296 in
331 1268 464 1303 secunda,
491 1268 719 1305 conspirationis
744 1268 963 1302 corroboratio,

117 1314 192 1343 ihi³:
215 1315 296 1343 Iesus
317 1324 384 1352 erqo
406 1319 473 1343 ante
486 1323 536 1343 sea:
557 1315 639 1347 dies,-
661 1314 755 1348 tertio,
770 1314 964 1351 conspiratio-

116 1362 164 1390 nis
185 1361 392 1399 amplificatio,
414 1362 471 1390 ibi:
495 1361 632 1399 Cognovit
653 1369 720 1399 erqo
742 1360 830 1389 turba
851 1361 964 1395 malta;

117 1411 231 1445 quarto,
255 1409 281 1437 in
304 1408 519 1445 conspiratione
540 1407 710 1441 obstinatio,
732 1407 786 1435 ibi:
802 1407 838 1435 ln
858 1407 963 1435 crasti-

116 1463 188 1483 nam
209 1459 307 1483 autem
329 1455 417 1483 turba
438 1455 540 1483 matta.

196 1502 381 1539 Conspiratio
396 1510 461 1539 ergo
478 1502 657 1530 Iudaeorum
675 1502 727 1530 hoc
742 1501 838 1530 ordine
860 1501 964 1530 descri-

6 1539 95 1577 {immae
115 1548 210 1577 bitur:
238 1549 329 1586 primo
357 1549 469 1586 ponitur
498 1548 624 1576 humani
647 1548 762 1576 consilii
789 1548 963 1586 indaqatio;

1 1583 20 1597 ιί
33 1578 111 1598 irationo

6 1608 7 1611 ¹
26 1606 99 1620 aeorum
115 1595 249 1630 secundo,
270 1596 386 1624 consilii
399 1595 618 1628 determtnatz'o;
639 1595 733 1629 tertio,
755 1603 791 1623 ex
811 1595 862 1624 hoc
880 1594 964 1624 Chri-

15 1627 89 1649 luatuor.

15 1741 98 1761 Primum.

115 1642 154 1670 sti
174 1642 327 1671 occultatio
335 1653 345 1676 ;
367 1646 480 1679 quarto,
504 1641 614 1671 Christi
628 1642 766 1670 occultati
780 1642 930 1680 inquisitio
941 1642 962 1669 4.

195 1690 240 1717 65.
263 1689 351 1725 (Vers.
374 1689 442 1722 47.)
459 1689 571 1717 Ponitur
593 1696 659 1725 ergo
674 1689 764 1726 primo
783 1688 963 1717 ludaeorum

115 1736 308 1773 conspiratio,
330 1736 487 1773 quaefacta
506 1735 559 1764 fuit
573 1736 715 1764 occasione
737 1735 963 1764 manifestationis

116 1782 232 1816 Christi;
254 1785 368 1819 propter
389 1782 464 1820 quod
485 1782 565 1811 dicit:
590 1782 770 1820 Cotteqerant
796 1791 864 1820 erqo
891 1791 963 1819 pon-

117 1828 205 1865 tifices
226 1832 251 1857 ct
283 1828 442 1858 Pharisaei
472 1828 627 1857 consiliam
655 1829 799 1857 aduersas
830 1829 926 1857 lesum
941 1829 961 1857 ⁵.

116 1875 195 1904 Unita
215 1876 269 1904 fuit
286 1876 368 1904 simul
383 1876 496 1904 ambitio
517 1875 674 1913 principum
690 1883 754 1904 cum
775 1876 880 1904 malitia
895 1876 963 1904 Pha-

116 1922 283 1956 risaeorum,
306 1926 337 1951 ut
358 1931 407 1959 per
429 1923 483 1951 vim
505 1923 627 1951 facerent
652 1922 796 1951 consilium
819 1923 962 1960 iniquum;

116 1969 295 1998 Ecclesiastici
317 1969 450 2006 vigesimo
472 1969 575 2006 primo:
603 1980 616 1994 «
631 1970 736 2006 Stuppa
750 1969 863 1998 collecta
884 1977 964 2006 syna-

116 2024 185 2054 goga
216 2016 389 2053 peccantium
405 2028 430 2044 ».
467 2017 500 2044 Et
527 2016 674 2044 dicebant:
708 2016 786 2051 Qaid
815 2015 963 2053 facimus,

116 2063 188 2101 qaia
208 2062 254 2091 hic
276 2062 358 2092 homo
373 2056 467 2092 malta
487 2063 575 2100 siqna
588 2062 687 2100 facit?
709 2063 962 2099 ChrysostomusG:

1820 120 1877 149 407

1033 204 1047 218 «
1062 194 1157 223 Adhuc
1178 193 1323 224 hominem
1344 199 1459 231 vocant,
1479 197 1526 234 qui
1544 200 1647 226 tantam
1662 198 1819 227 Divinitatis
1839 199 1878 227 fe-

1029 244 1105 269 cerat
1125 241 1387 271 demonstrationem
1403 255 1429 271 ».

1108 288 1153 315 66.
1176 288 1265 324 (Vers.
1287 289 1356 325 48).
1380 290 1413 318 Si
1425 290 1603 320 dimittimus
1620 300 1687 320 eam
1707 292 1764 326 sic,
1779 300 1878 321 omnes

1027 333 1142 362 credent
1163 334 1195 363 in
1215 343 1299 369 eam,-
1314 339 1341 364 et
1361 344 1398 365 ex
1413 337 1466 366 hoc
1480 338 1608 375 sequitur
1622 338 1831 373 inconveniens,
1853 344 1877 368 et

1027 380 1139 408 venient
1153 381 1281 409 Romani
1299 386 1325 410 et
1339 383 1434 411 tollent
1456 383 1550 412 locam
1565 388 1699 413 nostram
1718 389 1743 413 et
1755 389 1876 423 qentem.

1026 425 1088 454 Ideo
1102 426 1154 455 hoc
1175 427 1318 462 dicebant,
1334 429 1400 465 quia
1422 430 1534 458 Romani
1549 434 1616 460 tunc
1636 431 1810 468 imperabant
1824 432 1875 466 eis;

1025 475 1052 501 et
1073 473 1095 501 si
1117 473 1168 509 ipsi
1190 473 1241 502 sibi
1257 482 1361 503 novum
1382 475 1577 512 imperatorem
1598 478 1641 506 vel
1657 486 1749 515 regem
1771 478 1877 507 inveni-

1025 523 1100 554 rent,
1124 520 1256 549 timebant
1277 529 1374 550 eorum
1399 523 1614 560 indignationem
1634 525 1793 560 incurrere;
1816 526 1876 554 ideo

1025 566 1111 603 magis
1125 567 1275 596 voluerunt
1290 567 1380 596 facere
1394 572 1491 598 contra
1512 570 1599 598 Deum
1615 579 1699 608 quam
1718 575 1815 600 contra
1829 572 1877 601 ho-

1023 612 1141 646 minem;
1171 616 1320 649 propterea
1351 614 1565 644 Proverbiorum
1597 617 1729 653 vigesimo
1757 619 1875 647 nono⁷:

1028 670 1041 683 u
1054 659 1105 695 Qui
1121 659 1199 688 timet
1214 660 1355 689 hominem
1374 662 1427 690 cito
1443 666 1556 692 corruet
1570 675 1597 692 ».
1620 664 1696 693 Ratio
1717 668 1809 694 autem
1822 665 1875 694 hu-

1023 706 1066 735 ius
1087 706 1155 741 fuit,
1177 707 1243 744 quia
1257 708 1344 745 magis
1364 708 1514 745 diligebant
1539 711 1701 747 temporalia
1721 720 1805 748 quam
1830 720 1876 741 ae-

1023 754 1113 787 terna;
1130 752 1203 781 unde
1218 754 1400 790 Augustinus:
1420 766 1434 780 «
1446 755 1619 792 Temporalia
1639 757 1766 786 amittere
1780 758 1875 787 nolue-

1023 802 1090 827 runt
1111 802 1138 827 et
1171 800 1253 828 vitam
1285 803 1426 830 aeternam
1453 810 1507 830 non
1540 803 1748 839 cogitaverunt,
1779 812 1811 833 ac
1837 805 1875 833 sic

1022 848 1176 882 utrumque
1197 847 1392 876 amiserunt».
1423 848 1453 877 Et
1475 849 1549 886 quod
1578 850 1726 885 timebant,
1757 851 1808 880 hoc
1836 852 1875 880 eis

1021 892 1135 927 accidit3
1157 893 1231 922 unde
1245 894 1481 931 chrysostomus⁸
1502 896 1580 930 dicit,
1602 896 1629 925 in
1645 897 1684 926 eis
1698 905 1758 926 esse
1779 898 1875 935 imple—

1022 942 1082 967 tum
1107 939 1175 968 illud
1197 940 1311 969 Psalmi:
1338 953 1352 967 τι
1367 942 1471 971 infixae
1492 946 1558 971 sunt
1578 947 1674 980 gentes
1695 944 1723 973 in
1745 944 1873 979 interitu,

1021 994 1104 1023 quem
1127 987 1298 1021 fecerunt»;
1322 989 1535 1018 Proverbiorum
1560 990 1679 1019 decimo:
1706 992 1813 1029 «Quod
1841 993 1874 1021 ti-

1022 1036 1077 1061 met
1105 1033 1207 1070 impius
1235 1035 1326 1063 veniet
1357 1043 1442 1072 super
1473 1044 1557 1071 eum;
1590 1037 1758 1067 desiderium
1790 1047 1873 1068 suum

1021 1080 1101 1108 iustis
1115 1080 1228 1109 dabitur
1243 1093 1269 1109 ».

1102 1128 1147 1155 67.
1170 1127 1259 1163 (Vers.
1282 1128 1350 1161 493.
1372 1129 1453 1158 Unus
1474 1133 1571 1158 autem
1593 1139 1627 1159 επ
1649 1131 1721 1168 ipsis
1735 1136 1785 1161 etc.
1802 1133 1872 1161 Tan-

1021 1173 1097 1210 gitur
1119 1174 1163 1202 hic
1192 1175 1358 1209 secundum,
1381 1176 1485 1205 scilicet
1513 1178 1628 1206 consilii
1654 1178 1871 1213 determinatio,

1021 1220 1185 1257 quaefacta
1213 1224 1254 1250 est
1282 1223 1457 1251 auctoritate
1482 1222 1629 1258 hamana,
1659 1225 1873 1262 dispensatione

1022 1265 1124 1295 diuina
1158 1271 1186 1296 et
1220 1269 1370 1297 communi
1400 1271 1566 1298 concordia.
1603 1272 1785 1300 Aactoritate
1819 1271 1872 1300 hu-

1020 1322 1128 1347 mana,·
1150 1318 1264 1351 propter
1286 1316 1360 1352 quod
1381 1316 1459 1344 dicit:
1481 1316 1561 1344 Unus
1582 1326 1616 1345 esc
1638 1318 1725 1354 ipsis,
1743 1317 1873 1355 Caiphas

1021 1361 1153 1395 nomine,
1175 1369 1242 1389 cain
1263 1365 1334 1389 esset
1351 1361 1485 1399 pontifex
1506 1364 1580 1391 anni
1601 1363 1695 1397 iltius,
1717 1368 1744 1393 et
1765 1365 1802 1393 ita
1823 1373 1873 1393 au-

1021 1407 1177 1436 ctoritatem
1200 1408 1328 1442 haberet,
1357 1411 1384 1437 et
1405 1417 1455 1446 per
1484 1410 1536 1438 hoc
1557 1410 1703 1439 consilium
1732 1412 1872 1441 authenti-

1021 1462 1085 1483 cum
1107 1454 1201 1489 daret,
1223 1455 1337 1484 dixit9:
1366 1456 1418 1484 Vos
1439 1457 1555 1485 nescitis
1576 1458 1746 1496 quidquam.

1103 1502 1147 1530 68.
1171 1502 1258 1539 (Vers.
1277 1503 1344 1536 50).
1361 1502 1418 1531 Nec
1439 1504 1589 1541 cogitatis,
1605 1504 1677 1540 qaia
1698 1505 1812 1541 expedit
1825 1514 1872 1534 oo-

1021 1548 1078 1583 bis,
1101 1552 1133 1577 at
1165 1558 1244 1577 anas
1264 1550 1415 1578 moriatur
1436 1549 1519 1579 homo
1547 1560 1605 1588 pro
1623 1551 1746 1588 populo,
1768 1556 1794 1580 et
1814 1561 1872 1581 non

1021 1599 1080 1624 tota
1099 1604 1170 1633 qens
1190 1599 1297 1633 pereat.
1326 1597 1425 1630 Unas;
1439 1597 1473 1625 ad
1489 1598 1624 1626 Romanos
1639 1599 1737 1635 quinto
1753 1599 1788 1626 ¹⁰:
1816 1611 1829 1624 a
1845 1599 1870 1628 Si

1020 1643 1093 1672 enim
1130 1651 1179 1679 per
1214 1643 1298 1672 unius
1332 1644 1451 1673 hominis
1485 1644 1617 1673 delictum
1655 1646 1735 1674 multi
1767 1646 1870 1674 mortui

1020 1693 1100 1724 sunt,
1124 1690 1211 1718 multo
1243 1691 1329 1727 magis
1349 1691 1439 1728 gratia
1469 1691 1516 1720 Dei
1549 1695 1576 1720 et
1596 1692 1701 1721 donum
1722 1693 1748 1721 in
1781 1693 1870 1729 gratia

1021 1737 1104 1765 unius
1126 1737 1245 1766 hominis
1266 1737 1292 1765 in
1315 1738 1410 1774 plures
1431 1738 1582 1767 abundavit
1597 1751 1623 1766 ».
1647 1739 1698 1767 Iste
1719 1748 1774 1768 non
1795 1739 1870 1768 dedit

1020 1784 1179 1819 consilium,
1202 1784 1276 1821 quod
1290 1785 1495 1814 interficeretur
1517 1789 1631 1823 propter
1646 1794 1724 1815 suam
1746 1787 1869 1823 culpam,

1020 1831 1086 1868 quia
1107 1839 1162 1859 non
1184 1831 1326 1860 habuisset
1347 1832 1450 1866 robur;
1479 1832 1525 1861 sed
1547 1836 1661 1869 propter
1688 1833 1807 1862 aliorum
1829 1841 1871 1862 sa-

1021 1877 1123 1911 lutem,
1145 1880 1177 1905 ut
1198 1878 1293 1906 nullus
1315 1881 1406 1914 posset
1427 1879 1481 1907 iam
1511 1879 1577 1907 huic
1598 1879 1728 1908 resistere
1756 1883 1870 1916 propter

1021 1923 1123 1951 Christi
1138 1923 1337 1958 innocentiam
1355 1925 1483 1953 Ieremiae
1498 1925 1604 1954 decimo
1618 1929 1715 1954 octavo
1727 1927 1764 1954 ¹¹:
1791 1937 1804 1950 «
1820 1926 1871 1954 Ve-

1021 1970 1093 2004 nite,
1115 1973 1142 1999 et
1163 1971 1316 2007 cogitemus
1331 1974 1428 2000 contra
1442 1972 1584 2000 leremiam
1606 1972 1802 2009 cogitationes3
1826 1980 1871 2001 ve-

1021 2017 1092 2051 nite,
1124 2020 1151 2045 et
1181 2018 1371 2054 percutiamus
1402 2026 1467 2047 eum
1495 2018 1589 2055 lingua
1616 2022 1643 2047 et
1665 2027 1720 2047 non
1747 2019 1876 2048 attenda-·

1022 2072 1085 2092 mus
1106 2063 1138 2092 ad
1167 2064 1313 2093 universos
1340 2072 1482 2093 sermones
1503 2065 1563 2093 eius
1578 2077 1604 2093 ».
1628 2065 1696 2093 Illud
1725 2066 1871 2094 consilium

180 2276 188 2289 ¹
207 2277 272 2299 Vers.
291 2277 316 2298 fl:
334 2276 396 2300 Haec
414 2282 468 2299 cam
486 2276 584 2299 dz'oez'sset
601 2279 643 2299 etc.

179 2315 188 2328 ²
208 2316 271 2339 Vers.
290 2317 330 2344 20;
347 2322 397 2345 seq.
414 2316 478 2338 locus
494 2318 528 2338 est
549 2316 586 2342 13,
605 2316 626 2338 ’1.

179 2353 188 2367 ³
205 2354 260 2383 Cap.
279 2355 318 2383 42,
337 2355 361 2382 ¹l;
384 2354 440 2377 ibid.
456 2361 479 2377 v.
501 2355 523 2377 9,
541 2358 563 2377 et
584 2355 618 2377 12.
634 2357 688 2377 sunt
709 2355 770 2377 duae
787 2361 853 2384 seqq.
875 2358 960 2383 partes.

117 2407 148 2411 —
165 2395 208 2417 Pro
225 2395 253 2417 ln
266 2394 348 2423 prima
365 2397 388 2416 et
410 2394 434 2416 in
450 2393 555 2417 secunda
572 2394 613 2417 CN
638 2393 719 2416 Primo
742 2397 764 2416 et
785 2394 901 2422 secundo,
927 2395 964 2417 ed.

117 2440 173 2456 vero
191 2433 216 2456 in
232 2433 302 2456 tertia
319 2437 340 2456 et
358 2433 383 2457 in
399 2435 487 2463 quarta
499 2440 541 2461 pro
556 2433 623 2456 tertio
642 2436 664 2455 et
681 2434 775 2462 quarto.

180 2471 189 2484 ⁴³
206 2472 280 2495 Codtl.
297 2472 334 2494 liic
347 2472 442 2501 petitio,
459 2473 567 2501 quamvis
584 2473 680 2495 inferius
704 2479 726 2495 v.
749 2472 786 2495 55.
804 2480 825 2495 n.
848 2473 886 2495 73.
903 2473 966 2495 exbi-

118 2510 188 2533 beant
205 2510 331 2540 inquisitio.

181 2547 190 2560 ⁵
208 2549 306 2576 Vulgata
323 2549 406 2571 omittit
422 2548 537 2571 adversus
556 2549 644 2575 lesum,
665 2551 687 2571 et
704 2548 820 2571 substituit
837 2549 965 2572 concilium

119 2593 162 2615 pro
179 2586 317 2615 consiliam,
335 2593 395 2616 quae
412 2587 478 2610 lectio
495 2593 522 2610 ex
545 2588 652 2610 connexis
674 2588 793 2610 suadetur.
812 2600 842 2604 —
862 2587 965 2611 Subinde

118 2627 230 2655 allegatur
247 2627 313 2649 Eecli.
332 2628 356 2649 21
369 2644 374 2654 ,
389 2627 425 2649 10.
436 2639 467 2643 -
482 2627 593 2655 Superius
610 2633 652 2654 pro
665 2626 809 2650 Iudaeorum
822 2627 965 2656 conspiratio

120 2665 156 2687 ed.
180 2665 281 2688 humani
301 2665 395 2689 consilii
414 2665 549 2695 indaqatio,
572 2666 635 2694 quod
659 2669 693 2688 est
712 2666 814 2693 primum
832 2666 964 2688 membrum

121 2704 189 2726 buius
206 2705 295 2732 primae
313 2705 392 2733 partis.

182 2741 191 2754 ‘³
208 2744 232 2765 ln
244 2745 305 2766 ioan.
317 2744 395 2766 homil.
408 2744 446 2765 64.
461 2744 525 2772 (alias
537 2744 583 2772 63.)
597 2750 618 2766 n.
637 2744 663 2766 3:
680 2744 802 2766 Hominem
815 2745 876 2767 illum
888 2745 965 2767 adbuc

117 2785 215 2809 vocant,
233 2782 273 2811 qui
290 2782 349 2805 illius
367 2782 495 2804 Divinitatis
513 2785 598 2804 tantam
616 2786 752 2810 acceperant
775 2782 901 2812 [λαβὸντες]
925 2784 965 2805 de·

120 2821 316 2843 monstrationem.
329 2834 360 2838 —
372 2822 414 2844 Pro
427 2822 519 2844 tantam
532 2821 663 2849 (τοσαύτην)
682 2822 775 2849 plurimi
793 2822 862 2844 codd.
878 2824 964 2845 tantae.

183 2857 191 2871 ‘¹
210 2860 276 2882 Vers.
293 2860 331 2882 25.
347 2872 378 2876 —
395 2860 500 2888 August,
523 2860 544 2882 in
570 2861 630 2882 ioan.
657 2861 749 2888 Evang.-
767 2863 794 2882 tr.
821 2861 857 2883 49.
875 2867 896 2883 n.
922 2862 964 2883 26:

118 2899 265 2926 Temporalia
284 2900 382 2927 perdere
399 2900 525 2922 timuerunt
541 2902 563 2922 et
580 2900 651 2922 vitam
670 2903 712 2922 etc.

1084 2276 1093 2289 Β
1111 2278 1132 2299 1η
1151 2278 1211 2300 ioan.
1230 2278 1309 2300 homil.
1327 2278 1364 2299 65.
1384 2277 1447 2301 (alias
1465 2277 1511 2305 64.)
1529 2284 1552 2299 n.
1570 2278 1596 2299 ri:
1613 2277 1706 2307 Infixae
1722 2279 1780 2300 sunt
1791 2279 1870 2307 qentes

1022 2316 1044 2339 in
1062 2316 1171 2344 interitu,
1192 2323 1261 2346 quem
1277 2316 1400 2345 fecerunt,-
1416 2316 1442 2339 in
1466 2316 1550 2345 laqueo
1576 2315 1632 2344 isto,
1658 2322 1728 2345 quem
1745 2315 1871 2339 absconde—

1020 2357 1092 2383 runt,
1110 2355 1294 2385 comprehensus
1311 2357 1346 2378 est
1360 2361 1400 2384 pes
1429 2361 1512 2378 corum
1539 2354 1583 2384 [ΡΞ.
1601 2355 1622 2382 9,
1641 2354 1699 2384 16.].
1716 2355 1764 2377 Hoc
1781 2355 1871 2378 iudaeis

1022 2395 1125 2422 contigit.
1143 2395 1186 2422 ipsi
1213 2400 1315 2423 namque
1340 2393 1460 2422 dicebant,
1482 2393 1636 2416 occidendum
1655 2400 1705 2416 csse
1730 2394 1816 2422 lesum,
1842 2400 1871 2416 ne

1023 2434 1128 2455 venirent
1152 2433 1249 2455 Romani
1274 2436 1297 2454 et
1321 2433 1426 2455 tollerent
1451 2432 1556 2460 ipsorum
1582 2435 1675 2460 gentem
1696 2435 1723 2454 ‘et
1743 2432 1871 2455 civitatem.

1889 1137 1996 1156 Secundum
2001 1152 2006 1160 ,

1885 1161 1905 1180 in
1917 1166 1954 1185 quo
1968 1161 2012 1180 tria.

1890 1277 1918 1296 De
1938 1278 2021 1296 auotori—

1901 1302 1941 1320 ωε
1954 1301 2021 1320 huma-

1901 1329 1932 1343 na-

1024 2473 1147 2501 Postquam
1165 2475 1241 2494 autem
1260 2472 1394 2494 occiderunt
1411 2477 1478 2498 eum,
1497 2472 1554 2493 haee
1571 2472 1632 2499 passi
1650 2473 1715 2498 sunt,
1733 2474 1755 2493 et
1771 2472 1835 2500 quod
1847 2474 1883 2494 ut.

1023 2513 1162 2539 effugerent,
1175 2512 1287 2538 fecerant,
1300 2512 1343 2533 hoe
1355 2511 1408 2539 quia
1422 2512 1504 2538 secere,
1516 2517 1562 2533 non
1574 2512 1712 2539 effugerunt.
1725 2524 1755 2527 -—
1768 2511 1871 2534 Subinde

1023 2551 1136 2578 allegatur
1153 2551 1220 2573 psov.
1239 2550 1275 2577 40,
1294 2549 1332 2572 24.

1085 2588 1095 2601 ⁹
1113 2590 1210 2617 Vulgata
1228 2589 1292 2611 addit
1304 2588 1344 2611 cis.
1357 2601 1388 2605 —
1400 2589 1497 2611 Nomine
1509 2588 1624 2618 Caiphas,
1636 2590 1765 2612 secundum
1778 2590 1869 2612 Hieron.

1023 2628 1062 2656 (de
1075 2627 1211 2650 Nominibus
1224 2627 1328 2649 Hebraie.
1340 2634 1394 2649 nov.
1406 2630 1495 2650 testam.
1509 2627 1538 2649 de
1550 2628 1645 2656 Matth.),
1657 2628 1789 2656 intelligitur
1806 2628 1871 2650 inve-

1023 2667 1130 2695 stigator,
1148 2667 1184 2689 vel
1201 2673 1283 2694 sagax,
1300 2667 1341 2689 sed
1360 2667 1442 2689 melius
1458 2673 1555 2689 vomens
1569 2673 1616 2689 ore.
1713 2665 1732 2679 ¹⁰
1752 2668 1814 2689 Vers.
1834 2667 1869 2689 45.

1085 2705 1102 2717 ¹¹
1123 2706 1186 2727 Vers.
1207 2706 1242 2727 18.
1254 2718 1285 2722 —-
1297 2705 1405 2734 Sequitur
1423 2706 1478 2728 Dan.
1497 2706 1538 2734 43,
1557 2706 1579 2728 5.
1590 2718 1621 2722 —
1632 2705 1756 2734 Chrysost.,
1770 2706 1793 2728 in
1810 2706 1869 2728 ioan.

1024 2745 1100 2767 homil.
1119 2744 1155 2766 65.
1175 2744 1239 2772 (alias
1257 2744 1303 2773 64.)
1321 2751 1344 2767 n.
1364 2745 1461 2772 t,dicit,
1473 2745 1537 2774 quod
1554 2745 1654 2773 pontifex
1672 2744 1771 2773 Caiplias
1788 2745 1869 2767 ceteris

1024 2784 1179 2811 impudentior
1197 2784 1245 2805 suit.
1270 2784 1298 2805 illi
1316 2789 1400 2811 nempe
1417 2783 1554 2806 dubitabant
1576 2787 1598 2806 et
1614 2784 1763 2806 deliberando
1786 2790 1869 2812 propo—

1022 2825 1127 2849 suerant3
1147 2822 1255 2845 dicebant
1272 2822 1345 2844 enim:
1365 2822 1427 2849 Quid
1437 2822 1558 2852 facimus?
1570 2823 1611 2845 Hie
1622 2823 1777 2851 impudenter,
1790 2825 1867 2850 aperta

1024 2863 1095 2883 tronto
1120 2864 1142 2883 et
1167 2862 1294 2889 petulanter
1319 2862 1435 2884 clamavit.
1460 2862 1520 2890 Quid
1539 2868 1595 2884 vero
1620 2862 1692 2884 dicit?
1713 2862 1757 2884 Vos
1776 2861 1868 2884 nescitis

1023 2899 1166 2929 quidquam,
1184 2906 1258 2929 neque
1275 2899 1382 2929 cossitatis
1399 2902 1441 2922 ete.
