2296 3316
235 521 289 543 Item,
301 520 320 539 in
333 525 353 539 se

241 544 349 568 dupliciter.

244 1129 314 1147 Divisio
327 1129 346 1147 in

227 1153 264 1171 duo
271 1152 361 1171 membra.

229 1691 288 1710 Primi
301 1697 359 1710 mem-

242 1715 271 1741 bri
291 1715 358 1741 divisio

242 1744 260 1756 in
274 1740 316 1757 tria.

244 2251 359 2272 Subdivisto.

370 159 426 187 256

368 235 426 265 lum
448 234 655 266 obscuratum,
677 235 704 261 et
732 232 770 260 sic
800 230 924 260 videmus
952 238 1002 259 nos
1030 230 1126 263 modo,
1154 229 1220 266 quia

369 283 482 317 propter
509 282 654 316 peccatum
684 282 711 307 et
741 277 812 307 oculi
840 276 927 306 nostri
960 276 1165 313 caligaverunt,
1192 277 1221 304 et

368 335 465 357 omnes
492 329 637 356 creaturae
665 324 861 355 obtenebratae
889 326 972 357 sunt;
999 322 1072 352 unde
1094 322 1221 351 videmus

369 382 443 404 nunc
458 381 508 410 per
521 372 671 410 speculum
691 372 722 401 in
743 371 922 408 aeniymate,
944 370 1050 407 primae
1070 369 1105 398 ad
1125 369 1221 398 Corin-

370 420 442 450 thios
463 420 569 449 decimo
591 419 672 448 tertio
684 420 703 447 ¹.

449 467 507 496 Alio
527 466 610 495 modo
637 465 813 502 cognoscitur
835 464 909 493 Deus
930 464 962 493 in
981 472 1028 497 se,-
1048 466 1076 492 et
1098 463 1149 492 hoo
1170 463 1222 492 du-

371 514 494 552 pliciter:
517 516 565 542 aut
586 513 681 546 clare,
703 515 730 541 et
751 512 803 540 hoe
825 511 905 539 modo
930 519 946 539 a
973 511 1031 539 solo
1059 510 1124 539 Filio
1152 513 1179 539 et
1206 518 1223 539 a

371 561 474 594 Beatis;
496 560 549 589 alio
571 559 652 588 modo
673 559 705 587 in
724 558 867 596 ealiyine,
881 558 954 587 sicut
968 557 1034 586 dicit
1048 557 1146 586 beatus
1160 557 1223 585 Dio-

371 608 467 644 nysius
488 607 521 636 de
542 606 655 643 Mystiea
676 605 862 642 'theologia2;
884 604 964 634 etsie
979 604 1045 633 vidit
1060 604 1181 640 Moyses,
1196 607 1223 633 et

371 654 528 684 sublimiter
558 653 792 689 contemplantes,
820 652 848 680 in
869 659 990 689 quorum
1012 654 1127 688 aspectu
1146 652 1223 680 nulla

371 700 467 737 figitur
488 700 579 737 imago
600 702 754 729 creaturae.
779 699 809 727 Et
831 701 896 728 tuuc
924 706 1023 727 revera
1049 697 1136 734 magis
1161 705 1223 727 sen-

371 748 458 781 tiunt,
481 755 565 784 quam
586 748 760 783 cognoscant.
776 745 851 774 Unde
866 745 1023 774 Bernardus
1034 744 1044 761 ³
1059 744 1134 778 dicit,
1148 744 1223 781 quod

371 794 475 831 aliquid
498 794 524 823 in
545 802 575 823 se
596 793 732 823 sentiebat
752 792 915 829 aliquando,
930 792 964 820 de
979 799 1035 828 quo
1050 791 1161 828 quando
1175 799 1223 820 vo-

372 841 445 871 lebat
467 841 577 875 videre,
597 840 690 871 statim
711 839 864 869 amittebat.

445 933 578 970 Secundo,
597 933 631 963 de
652 932 881 964 manifestatione
901 930 985 962 Verbi
1007 930 1150 961 incarnati

625 980 656 1010 in
675 978 788 1019 speciali
810 978 968 1018 dupliciter.

452 1075 499 1103 lt-lt.
523 1075 559 1103 Et
582 1073 634 1103 hoo
658 1078 698 1102 est
723 1074 920 1103 testimonium
941 1072 1071 1102 Ioannis.
1094 1073 1153 1110 Egit
1177 1081 1224 1102 su-

372 1130 423 1159 pra
447 1122 481 1151 de
506 1121 725 1150 manifestatione
746 1121 829 1149 Verbi
858 1120 993 1149 incarnati
1021 1120 1052 1148 in
1079 1120 1223 1158 glenerali,

373 1170 417 1198 hic
445 1170 501 1206 agit
528 1169 559 1197 in
586 1168 709 1206 speciali
718 1179 727 1201 ,·
750 1171 777 1198 et
800 1168 933 1197 dividitur
962 1168 1029 1197 haec
1057 1176 1137 1204 pars,
1159 1168 1225 1205 quia

373 1217 464 1253 ipsum
492 1219 533 1245 est
558 1216 608 1244 sui
634 1215 868 1245 manifestativum
896 1218 923 1244 et
954 1215 1146 1244 manifestatur
1171 1223 1225 1252 per

375 1272 486 1295 uocem,-
507 1263 673 1292 ideo-habet
693 1263 762 1292 haec
784 1271 849 1300 pars
869 1262 939 1291 duas
959 1265 1060 1299 partes.
1084 1262 1111 1291 ln
1134 1262 1225 1299 prima

373 1310 428 1346 agit
452 1309 486 1338 de
515 1309 736 1338 manifestatione
764 1309 834 1338 facta
862 1317 911 1346 per
938 1309 1081 1343 loannem,
1104 1309 1151 1346 qui
1173 1308 1225 1337 fuit

375 1365 429 1385 vox
455 1364 640 1393 praecurrens
667 1356 800 1385 Verbum.
825 1356 851 1384 ln
873 1356 994 1385 secunda
1014 1356 1048 1385 de
1070 1355 1225 1387 manifesta—

374 1404 447 1433 tione
475 1404 546 1432 facta
574 1412 624 1441 per
649 1404 741 1441 ipsum
764 1404 906 1437 Verbum,
931 1403 1003 1431 infra
1030 1403 1168 1432 eodem⁴:
1192 1403 1226 1431 1η

375 1451 540 1480 erastinum
564 1450 653 1479 voluit
672 1450 760 1479 exire.

540 1552 628 1582 Primo,
646 1551 672 1575 de
688 1551 876 1575 manifestatione
892 1558 931 1582 per
948 1551 1060 1574 Ioannem.

455 1639 520 1667 Pars
542 1639 632 1675 prima
654 1639 736 1667 habet
758 1642 815 1667 tres
837 1641 930 1675 partes
952 1637 1104 1666 secundum
1119 1637 1173 1666 tria
1188 1640 1228 1665 te-

375 1685 505 1714 stimonia
525 1685 648 1720 loannis,
670 1693 741 1723 quae
756 1686 794 1714 sio
809 1685 1028 1722 distinguuntur.
1048 1685 1171 1713 Primum
1186 1685 1229 1712 est

375 1732 408 1761 de
429 1736 614 1760 rmutuarum
635 1733 769 1761 duarum
792 1733 931 1765 veritate;
958 1731 1112 1761 secundum
1132 1733 1174 1760 est
1194 1730 1228 1759 de

376 1778 553 1815 baptizandi
570 1783 731 1815 potestate;
753 1779 866 1808 tertium
895 1787 977 1813 vero,
1004 1778 1038 1807 de
1065 1778 1226 1806 scmwcz'ccue.

375 1842 414 1846 —
434 1826 484 1854 Vel
505 1826 585 1854 aliter
607 1826 689 1854 etiam
711 1826 939 1863 distinguuntur:
955 1826 1021 1862 quia
1039 1825 1161 1862 primum
1177 1824 1229 1853 fuit

375 1872 478 1901 factum
498 1871 690 1906 Pharisaez's;
705 1872 858 1901 secundum
871 1896 876 1907 ‚
893 1872 1005 1906 turbis,-
1020 1872 1134 1900 tertium
1148 1879 1228 1905 vero,

374 1919 497 1948 Ioannis
516 1919 681 1956 discipulis.
697 1936 737 1940 —
751 1919 844 1947 Tertio
859 1919 940 1947 modo
955 1919 1009 1947 sic:
1025 1919 1091 1956 quia
1104 1918 1228 1955 primum

375 1965 563 1995 testimonium
586 1966 757 2002 perhibitum
779 1969 836 2000 est,
851 1965 961 1994 Christo
976 1965 1109 1998 absente;
1130 1972 1229 1993 secun·

375 2012 457 2046 dum,
480 2012 591 2041 Christo
612 2012 646 2040 ad
668 2020 733 2041 eum
753 2013 880 2040 veniente
888 2023 898 2046 ;
920 2012 1051 2046 tertium,
1073 2014 1136 2040 ante
1164 2018 1228 2040 eum

375 2058 586 2088 deambulante.
609 2059 734 2088 Primum
759 2058 947 2088 testimonium
973 2061 1086 2087 notatur
1108 2058 1171 2087 hio:
1197 2058 1229 2086 Et

376 2105 427 2133 hoe
449 2108 488 2133 est
515 2105 733 2139 testimonimum
754 2105 908 2135 seeundum
930 2105 1009 2134 ibifi:
1033 2105 1135 2134 Altera
1163 2105 1229 2139 die;

378 2153 492 2182 tertium
514 2153 569 2181 ibi:
592 2152 695 2181 Altera
717 2153 824 2181 iterum
845 2153 898 2181 die.

457 2199 547 2227 Prima
568 2206 648 2235 pars,
670 2199 699 2228 in
720 2207 776 2235 qua
797 2199 986 2228 testimonium
1007 2199 1098 2235 ponit,
1119 2198 1230 2227 Christo

378 2246 508 2279 absente,
538 2246 622 2274 habet
648 2246 734 2279 duas,
761 2246 826 2283 quia
846 2246 937 2283 primo
957 2246 1158 2283 quaerentibus
1186 2253 1231 2274 re-

378 2293 493 2330 spondet
515 2293 660 2322 veritatem
674 2293 715 2321 de
729 2301 758 2321 se
773 2293 850 2330 ipso;
865 2293 986 2322 secundo
1001 2300 1082 2327 vero,
1096 2292 1130 2321 de
1146 2291 1230 2321 Chri-

377 2343 434 2373 sto,
454 2339 533 2368 ibissz
559 2340 666 2378 Ecqui
686 2339 771 2368 misai
795 2338 919 2376 fuerant
946 2343 1032 2368 erant
1058 2348 1093 2368 eac
1121 2338 1230 2367 Phari-

377 2396 463 2415 seteis.

1007 152 1177 181 COMMENT.
1198 152 1232 180 ΙΝ
1255 151 1400 180 ΙΟΑΝΝΕΜ
1420 151 1449 180 C.
1472 152 1489 179 1.

1356 229 1505 257 Veritatem
1527 235 1609 264 ergo,
1631 235 1687 263 qua
1711 227 1745 256 de
1759 236 1789 255 se
1806 228 1869 265 ipso
1887 229 2028 265 respondit
2042 237 2126 266 quae-

1277 275 1419 308 rentibus,
1442 275 1494 303 hoc
1514 273 1611 303 ordine
1631 270 1763 303 describit
1786 274 1971 311 Evangelista:
1994 275 2084 312 primo
2098 276 2125 304 in

1276 321 1477 359 quaerentibus
1490 320 1612 349 insinuat
1627 320 1848 353 auctoritatem;
1862 321 1993 356 secundo,
2008 321 2035 350 in
2050 321 2126 350 loan-

1278 376 1312 397 ne
1326 367 1533 400 stabilitatem,-
1555 366 1650 400 tertio,
1665 366 1693 395 in
1707 366 1906 403 quaerentibus
1920 367 2126 405 importunita—

1277 419 1350 448 tem,·
1372 418 1472 451 quarto
1493 421 1572 448 vei-0,
1594 413 1622 442 in
1644 413 1742 442 Ioanne
1763 412 1901 442 humilem
1923 414 2080 444 veritatem.

1357 462 1404 490 45.
1423 461 1512 498 (Vers.
1531 461 1596 496 19).
1612 460 1810 497 Quaerentium
1825 460 1910 497 igitur
1925 460 2127 490 auctoritatem

1279 509 1415 538 insinuat:
1428 509 1494 546 quia
1504 508 1584 537 erant
1599 515 1731 545 personae
1745 507 1920 536 authenticae
1934 510 1962 536 et
1974 509 2128 537 auctoriat-

1280 556 1373 585 biliter
1394 556 1509 590 missua,
1524 555 1627 592 quibus
1649 554 1761 584 loannes
1783 553 1910 591 perhibet
1925 554 2127 590 testimoniuu13

1280 607 1428 641 propterea
1448 603 1531 632 dicit:
1548 603 1583 631 Et
1597 601 1649 631 hoe
1669 605 1711 630 est
1732 601 1927 630 testirrwnium
1942 601 2072 631 loannis.
2089 603 2128 631 lta

1280 650 1385 679 dictum
1406 653 1447 679 est
1467 649 1591 686 supra⁷‚
1613 648 1687 686 quod
1711 648 1849 676 «loannes
1863 648 2050 677 testimonium
2066 657 2129 686 per-

1280 697 1357 726 hibet
1372 707 1398 731 »ς
1427 696 1508 725 modo
1537 696 1694 733 specificat:
1725 696 1760 724 Et
1787 694 1839 723 ltoe
1867 698 1906 723 est
1934 695 2129 724 testimouium

1280 744 1419 777 Ioanni-s,
1441 747 1469 772 et
1489 743 1660 772 demonstrat
1681 742 1870 771 testimonium
1898 750 1962 771 cum
1990 742 2048 772 suis
2075 743 2128 772 cir-

1281 790 1462 819 cumstantiis.
1485 790 1563 824 Hoc,
1586 797 1754 827 pronomen,
1770 788 1839 823 hoe,
1853 788 1973 827 quando
1986 789 2130 818 miserum

1284 837 1387 865 ludaei
1406 836 1443 866 ab
1465 837 1649 875 lei-osolymis·
1667 836 1833 865 sacerdotes
1853 839 1879 865 et
1904 835 2022 870 levitas,-
2050 844 2129 871 ecce,

1280 892 1463 921 personarum
1492 884 1659 918 auctoritas,
1679 884 1745 921 quia
1766 883 1842 913 missi
1863 886 1943 912 erant
1963 887 1991 912 et
2011 883 2130 913 honora-

1281 931 1350 959 biles
1369 933 1464 964 erant;
1486 931 1558 959 infra
1577 930 1716 968 quinto⁸z
1743 942 1758 955 «
1772 930 1826 961 Vos
1852 930 1965 959 misistis
1992 930 2027 959 ad
2055 930 2130 959 loan-

1281 985 1360 1012 nem,
1382 981 1409 1006 et
1430 978 1475 1006 ille
1497 977 1685 1006 testimonium
1707 977 1850 1014 perhibuit
1874 977 1983 1006 veritati
1998 988 2026 1012 »3
2046 977 2131 1006 mise-

1282 1028 1368 1058 ruut,
1390 1025 1517 1062 iuquam,
1539 1028 1573 1053 ut
1592 1025 1810 1062 interroyarenc
1830 1033 1913 1053 eum:
1942 1025 1986 1052 Tu
2000 1024 2067 1063 quis·
2081 1025 2131 1053 es?

1281 1072 1308 1100 in
1331 1080 1449 1109 persona
1469 1072 1573 1100 scilieet
1592 1071 1726 1100 omnium.
1750 1071 1835 1100 Simili
1859 1070 1939 1099 modo
1959 1071 2035 1100 misit
2056 1071 2131 1100 loan-

1281 1127 1330 1148 nes
1350 1118 1500 1155 discipulos
1526 1127 1607 1153 suos,
1629 1120 1661 1147 ut
1681 1121 1849 1155 quaererent
1872 1118 1897 1146 in
1920 1126 2039 1155 persona
2065 1126 2131 1152 sua,

1281 1166 1315 1195 ad
1336 1166 1477 1195 Christum
1491 1177 1497 1200 ;
1512 1165 1641 1194 Matthaei
1656 1165 1803 1194 undecimo
1814 1165 1843 1193 ⁹:
1869 1176 1882 1190 «
1896 1165 2005 1194 Mittens
2019 1165 2132 1194 Ioannes

1281 1213 1352 1242 duos
1373 1221 1409 1242 ex
1429 1213 1572 1250 discipulis
1597 1213 1671 1247 suis,
1693 1213 1731 1241 ait
1752 1212 1809 1241 illi:
1831 1213 1873 1240 Tu
1893 1220 1939 1247 es,
1961 1212 2009 1249 qui
2035 1215 2132 1241 ventu-

1282 1268 1332 1289 rus
1352 1268 1397 1294 es,
1412 1269 1447 1288 an
1462 1260 1547 1289 alium
1569 1263 1764 1297 exspectamus
1778 1262 1809 1288 »ἵ
1824 1259 1878 1288 l-loe
1899 1259 2029 1288 volebant
2048 1267 2132 1297 quae-

1283 1316 1345 1337 rere
1366 1307 1457 1336 ludaei
1478 1314 1528 1344 per
1550 1307 1653 1335 levitas.

1362 1354 1407 1382 [(6.
1431 1354 1520 1390 (Vers.
1544 1354 1611 1389 20).
1636 1354 1670 1381 Et
1691 1352 1842 1390 coufessus
1862 1355 1910 1381 est.
1933 1352 2067 1390 Tangitur
2088 1352 2134 1382 hic

1283 1401 1453 1435 seeundum,
1482 1400 1586 1429 seilicet
1608 1400 1729 1429 Ioannis
1749 1399 1912 1434 stabilitas,
1933 1399 1981 1437 qui
2002 1408 2058 1429 non
2081 1400 2134 1429 fuit

1283 1456 1381 1477 eorum
1402 1447 1567 1476 auctoritate
1589 1447 1772 1484 perterritus,
1793 1449 1825 1476 ut
1846 1455 1862 1475 a
1883 1454 1950 1475 vera
1964 1447 2134 1477 confessione

1283 1494 1441 1523 declinaret.
1465 1494 1526 1522 Ideo
1546 1493 1630 1522 dicit:
1654 1494 1688 1522 Et
1709 1492 1860 1531 coufessus
1881 1496 1921 1522 est
1935 1496 1960 1522 et
1973 1502 2033 1523 nou
2046 1503 2134 1532 neya-

1283 1541 1340 1574 vzt,
1363 1540 1389 1569 id
1411 1543 1467 1574 est,
1490 1548 1583 1569 veram
1605 1540 1804 1569 confessionem
1823 1540 1887 1570 fecit
1908 1543 1935 1570 et
1955 1541 1984 1570 in
1998 1541 2058 1578 ipsa
2071 1549 2134 1579 per-

1284 1588 1402 1621 mansit;
1425 1587 1561 1616 secundae
1589 1587 1623 1616 ad
1651 1587 1808 1616 Corinthios
1838 1588 1982 1625 primo¹⁰:
2010 1588 2134 1617 «Fidelis

1284 1637 1376 1663 autem
1400 1635 1489 1669 Deus,
1511 1634 1577 1672 quia
1597 1642 1689 1664 sermo
1709 1637 1820 1669 noster,
1841 1635 1887 1672 qui
1910 1635 1963 1664 fuit
1983 1635 2058 1673 apud
2072 1643 2134 1670 vos,

1284 1690 1339 1710 uon
1360 1685 1401 1710 est
1423 1682 1450 1710 in
1472 1682 1518 1710 illo
1539 1685 1580 1710 est
1600 1685 1627 1711 et
1647 1690 1727 1715 πωμ-
1748 1682 1797 1711 sed
1816 1685 1859 1711 est
1879 1682 1907 1710 in
1928 1682 1975 1711 illo
1996 1686 2077 1711 est».
2101 1683 2137 1711 Et

1285 1728 1435 1766 confessus
1456 1732 1512 1763 est,
1535 1729 1678 1758 veritatem
1700 1729 1818 1764 scilicet,
1840 1729 1912 1768 quia
1931 1738 1991 1758 uou
2003 1738 2072 1758 sum
2085 1738 2135 1768 390

1286 1775 1429 1805 Christus,
1462 1776 1609 1813 Respondit
1640 1777 1727 1814 magis
1761 1776 1905 1805 intentioni
1935 1784 2019 1814 quam
2051 1784 2135 1814 quaen

1286 1823 1375 1852 stioni.
1394 1823 1437 1851 =De
1458 1823 1510 1852 hae
1535 1823 1608 1852 fideli
1630 1823 1800 1852 confessione
1821 1824 1950 1853 Matthaei
1973 1823 2134 1853 decim011:

1290 1880 1304 1896 «
1318 1869 1429 1904 Omnis,
1451 1870 1499 1907 qui
1521 1870 1700 1899 confitebitur
1720 1878 1764 1899 me
1778 1879 1873 1900 coram
1887 1871 2056 1906 hominibus,
2071 1879 2135 1900 con-

1286 1916 1385 1945 fitebor
1406 1919 1433 1945 et
1454 1925 1505 1954 ego
1525 1925 1589 1945 eum
1611 1925 1705 1946 coram
1728 1918 1807 1946 Patre
1828 1925 1889 1947 meo
1904 1930 1930 1946 ».
1950 1918 2064 1947 loannes
2077 1926 2136 1947 ma-

1286 1964 1362 1992 xime
1383 1963 1525 1992 confessus
1546 1967 1603 1998 est,
1625 1964 1692 2001 quia
1712 1972 1776 1993 cum
1798 1967 1891 2002 posset
1911 1965 2035 2002 reputari
2057 1965 2136 1994 Chri-

1286 2012 1361 2044 stus,
1383 2010 1486 2045 noluit3
1509 2010 1678 2048 Gregorius:
1708 2022 1723 2036 ε(
1737 2011 1810 2040 Dum
1838 2020 1893 2040 uon
1921 2012 1982 2040 vult
2006 2014 2136 2049 appetere

1286 2064 1386 2085 nomen
1407 2057 1526 2092 Christi,
1547 2057 1637 2087 factus
1657 2061 1699 2087 est
1720 2059 1878 2088 membrum
1899 2059 2043 2088 Christi».

1365 2104 1411 2132 47.
1421 2104 1510 2139 (Vers.
1520 2105 1553 2133 21
1561 2105 1588 2140 .).
1603 2105 1638 2133 Ec
1648 2105 1905 2143 interrogaverunt
1916 2114 1990 2135 eum.
2003 2105 2137 2143 Tangitur

1286 2150 1331 2179 hic
1346 2151 1476 2185 tertium,
1497 2151 1600 2180 scilicet
1614 2152 1819 2189 quaerentium
1832 2152 2057 2190 importunitas,
2072 2152 2138 2190 quia

1286 2205 1341 2225 non
1355 2197 1492 2226 desistunt
1514 2198 1596 2227 unica
1617 2199 1812 2235 responsione,
1834 2199 1882 2228 sed
1903 2199 2038 2229 instanter
2053 2207 2137 2237 quae-

1287 2247 1373 2279 runt3
1395 2245 1456 2273 ideo
1483 2245 1567 2274 dicit:
1598 2246 1632 2274 Et
1658 2246 1917 2284 interrogaverunt
1943 2255 2030 2275 eum:
2060 2247 2138 2283 Quill

1287 2291 1376 2330 erqo?
1397 2292 1424 2320 id
1445 2295 1500 2326 est,
1521 2292 1589 2330 quid
1609 2300 1654 2327 es,
1676 2293 1699 2321 si
1721 2301 1775 2322 non
1790 2301 1819 2322 es
1833 2293 1986 2323 Christus?
2007 2293 2089 2322 Elias
2109 2302 2139 2322 es

1288 2338 1340 2367 tu?
1362 2339 1398 2367 Et
1417 2339 1510 2368 dimit:
1532 2338 1598 2368 Non
1611 2348 1687 2368 sum.
1705 2334 1738 2368 Et
1750 2339 1842 2369 adhuc
1856 2340 1974 2369 instant:
1991 2339 2138 2378 Propheta

1287 2394 1316 2414 es
1338 2385 1393 2414 tu?
1421 2386 1522 2423 aliquis
1551 2386 1655 2415 scilicet
1681 2387 1780 2415 minor.
1811 2388 1846 2415 Et
1873 2387 2041 2424 respondit.-
2064 2386 2137 2416 Non.

442 2555 449 2568 ¹
468 2556 535 2578 Vers.
553 2557 590 2578 112.
607 2569 638 2574 —
657 2556 769 2584 Superius
786 2560 839 2585 post
855 2556 953 2580 oculum
964 2557 985 2579 M
997 2557 1061 2579 addit
1073 2557 1181 2585 clarum,
1193 2557 1231 2580 ed.

379 2601 435 2617 vero
452 2601 495 2623 pro
513 2594 610 2618 oculum
627 2595 745 2617 substituit
762 2595 865 2618 clarum.

442 2632 451 2645 ²
468 2633 524 2662 Cap.
545 2634 565 2655 sl.
584 2634 597 2662 S
616 2634 636 2656 l.
654 2636 676 2656 et
694 2634 716 2656 3.
734 2633 784 2662 (ubi
802 2634 870 2656 etiam
887 2635 1020 2662 exemplum
1038 2635 1121 2663 Moysis
1138 2635 1231 2657 adduci-

379 2672 425 2701 tur)
444 2678 486 2695 nec
503 2679 549 2694 non
567 2679 586 2695 e.
606 2673 629 2695 3.
646 2672 691 2695 Crr.
708 2673 811 2695 itinerar.
831 2673 914 2695 mentis
932 2673 955 2695 iu
972 2673 1060 2702 Deum,
1077 2680 1097 2696 e.
1114 2674 1135 2696 7.
1154 2680 1176 2696 n.
1194 2675 1215 2697 5.

443 2709 452 2723 ³
470 2712 544 2733 Serm.
562 2712 585 2733 in
602 2711 688 2734 Cantic.
707 2718 775 2734 serm.
793 2711 831 2734 74.
849 2719 871 2734 n.
889 2712 915 2735 5:
932 2712 1021 2739 Fateor,
1033 2715 1055 2735 et
1072 2713 1129 2735 mihi
1146 2713 1232 2735 adven-

380 2754 441 2774 tasse
458 2750 576 2779 Verbum,
595 2751 617 2773 in
634 2751 766 2778 insipientia
783 2751 847 2779 dico,
865 2754 887 2774 et
904 2752 997 2779 pluries
1014 2751 1122 2781 Cumque
1139 2753 1232 2780 saepius

380 2790 500 2812 intraverit
512 2790 541 2812 ad
553 2796 598 2817 me,
610 2796 658 2813 non
669 2790 729 2813 sensi
742 2790 869 2819 aliquoties,
882 2797 935 2814 curn
949 2791 1048 2814 intravit.
1061 2792 1148 2814 Adesse
1157 2792 1231 2820 sensi,

380 2828 484 2851 adfuisse
500 2828 623 2857 recordor,
640 2829 757 2851 interdum
775 2832 797 2852 et
808 2830 949 2857 praesentire
961 2830 1027 2858 potui
1038 2830 1157 2853 introitum
1170 2830 1231 2859 eius,

380 2867 465 2890 sentire
481 2873 615 2896 nunquam,
633 2868 675 2890 sed
691 2874 720 2890 ne
743 2868 828 2891 exitum
851 2869 947 2897 quidem
966 2872 1008 2891 etc.
1026 2881 1056 2886 —
1073 2868 1120 2892 Csr.
1137 2870 1152 2891 1.
1170 2869 1230 2891 Sent.

380 2906 404 2929 d.
421 2906 443 2928 3.
460 2911 483 2933 p.
500 2907 515 2928 Ι.
533 2912 557 2935 q.
578 2906 627 2934 ¹-3;
645 2907 670 2929 11.
689 2906 712 2929 d.
730 2907 767 2929 23.
786 2913 806 2929 a.
824 2908 846 2929 2.
863 2914 885 2936 q.
904 2907 930 2936 3;
948 2908 980 2930 lli.
997 2908 1022 2930 d.
1043 2908 1080 2930 114,
1097 2914 1117 2930 a.
1139 2908 1157 2930 1.
1175 2915 1197 2937 q.
1211 2908 1231 2930 3.

381 2947 404 2967 et
419 2945 535 2974 Breviloq.
555 2951 578 2973 p.
598 2945 625 2967 V.
644 2951 663 2967 e.
682 2945 703 2968 6.

1352 2556 1362 2568 ‘²
1379 2557 1445 2580 Vers.
1465 2556 1502 2579 43.

1351 2593 1360 2607 ⁵
1380 2596 1444 2618 Vers.
1463 2595 1504 2622 29;
1522 2594 1578 2618 ibid.
1595 2602 1619 2618 v.
1639 2596 1675 2618 35.
1696 2598 1731 2618 est
1752 2602 1802 2625 seq.
1824 2597 1896 2619 locus.
1915 2609 1943 2612 —
1962 2595 2074 2624 Superius
2095 2602 2138 2624 pro

1288 2634 1454 2658 deambulante
1471 2635 1489 2657 A
1498 2636 1515 2657 B
1524 2636 1542 2658 G
1552 2636 1559 2658 Ι
1569 2636 1589 2658 Κ
1598 2636 1615 2658 L
1632 2634 1777 2659 ambulante.

1351 2672 1361 2685 ⁶
1380 2674 1444 2696 Vers.
1463 2674 1500 2696 24.

1351 2711 1360 2725 ‘¹
1378 2714 1444 2736 Vers.
1464 2714 1501 2736 ⁴5.
1518 2726 1549 2731 —
1566 2714 1661 2737 inferius
1678 2720 1720 2742 pro
1738 2713 1885 2740 demonstrat
1901 2715 1917 2736 E
1936 2713 2054 2738 describit.

1352 2751 1361 2764 ‘³
1379 2753 1446 2775 Vers.
1462 2753 1505 2780 33,
1522 2753 1547 2775 in
1563 2759 1610 2782 quo
1628 2753 1728 2781 Vulgata
1745 2753 1829 2775 omittit
1845 2752 1892 2776 ille.

1351 2790 1362 2804 ⁹
1379 2792 1445 2815 Vers.
1463 2793 1485 2815 2.
1502 2798 1564 2821 seq.;
1582 2792 1682 2820 Vulgata
1699 2791 1727 2815 de
1744 2798 1787 2820 pro
1806 2798 1844 2815 θέε.

1353 2829 1372 2843 ¹⁰
1390 2831 1457 2853 Vers.
1473 2831 1507 2853 18.
1520 2831 1619 2859 Vulgata
1636 2831 1720 2853 omittit
1737 2831 1815 2853 ultima
1827 2830 1900 2853 verba
1911 2830 1953 2854 sed
1964 2832 1998 2854 est
2008 2830 2034 2853 i‘n
2044 2829 2086 2854 illo
2098 2832 2139 2854 est.

1353 2868 1371 2881 ¹²
1390 2869 1456 2892 Vers.
1474 2870 1511 2892 32.
1523 2881 1554 2886 —-
1566 2869 1680 2892 Sententia
1698 2869 1804 2897 Gregorii
1822 2869 1920 2892 habetur
1936 2869 1975 2892 lib.
1994 2870 2009 2892 1.
2020 2869 2104 2892 Homil.
2116 2869 2139 2891 in

1289 2909 1377 2936 Evang.
1395 2908 1474 2931 homil.
1491 2908 1515 2931 7.
1532 2914 1555 2931 n.
1577 2909 1595 2931 l.

2144 229 2171 249 De
2184 235 2204 248 sa
2217 230 2248 249 tri-

2154 253 2235 277 pliciter.

2146 462 2235 481 Primum.
2263 460 2264 463 ’
2282 462 2284 481 ἶ

2150 1351 2263 1371 Secundum.

2154 2103 2245 2123 Tertium.
2273 2008 2279 2139 Ι
