2296 3316
877 168 1119 198 PROLEGOMENA
1141 170 1169 198 C.
1192 170 1220 199 ΙΙ.
1884 177 1930 205 XV

235 248 271 271 15.
289 248 385 270 loannes
401 248 518 271 Mahusius
535 248 599 280 Ord.·
615 248 669 270 Min.
690 247 823 271 nominatus
845 247 915 276 episc.
934 248 1022 270 Daven·

171 295 253 318 trensis
270 294 298 324 (†
312 294 400 327 ι1572);
420 303 432 316 α
445 296 469 318 111
486 294 571 318 librum
589 294 629 318 lob
645 307 677 312 ——
693 296 717 318 ln
734 294 854 318 Canticum
872 294 1020 318 Canticorum

170 354 202 359 —-
217 343 241 364 ln
258 341 384 364 duodecim
407 342 533 370 Prophetas
557 341 656 365 Minores
673 355 703 358 —
720 343 744 364 ln
768 342 854 364 Lucam
872 354 904 359 —
926 343 950 364 lu
966 342 1021 364 Mar-

170 395 224 412 cum
242 392 264 411 et
280 389 419 412 Matthaeum
436 402 468 407 —
484 389 508 412 ln
530 396 613 413 omues
629 389 742 418 Epistolas
752 390 785 425 L).
803 390 867 412 Pauli
884 403 913 406 —
931 390 955 412 111
971 389 1021 418 Epi-

170 436 240 459 stolas
257 437 401 460 canonicas»
419 439 462 459 etc.

233 484 270 506 16.
288 484 416 507 Gulielmus
432 484 604 513 Eisengreinius
629 485 677 513 (an.
700 484 784 514 1565);
800 488 816 505 ‘oe
829 485 851 507 ln
869 484 1021 513 evangelium

169 531 245 554 Lucae
261 543 292 557 ,-
311 532 333 554 111
350 531 501 559 Evangelium
519 531 609 554 loannis
620 540 644 554 ›>.

233 578 271 601 17.
288 579 364 601 Sixtus
381 579 497 607 Senensis,
514 578 621 601 Biblioth.
643 581 722 602 sancta
745 579 840 608 (1566);
860 588 871 599 a
884 579 981 608 Scripsit
998 580 1021 602 111

170 626 286 649 Psalmum
310 626 363 648 118.
386 626 546 649 scholasticam
571 626 687 649 Postillam
716 626 878 655 incipientem:
899 627 1021 655 halleluia,

169 675 220 697 laus
236 677 259 697 et
276 674 349 702 gloria
365 686 397 690 —
413 674 437 696 ln
453 674 530 696 Lucae
547 674 698 702 Evangelium
716 675 876 697 scholasticam
894 675 1021 704 Postillam,

171 727 232 750 quae
249 721 340 749 incipit:
357 720 463 750 Spiritus
481 719 578 743 Domini
592 733 624 737 —
640 721 663 743 ln
681 721 789 744 loannem
815 721 944 750 postillam,
961 727 1022 751 quae

170 767 261 796 incipit:
279 767 307 790 ln
320 766 440 797 principio
450 776 473 790 n.

205 846 208 849 ἢ
232 815 270 837 18.
287 815 423 838 Franciscus
450 815 559 843 Gonzaga
583 815 622 844 (de
644 815 739 843 Origine
763 815 901 844 Seraphicae
923 815 1021 844 Religio-

171 861 229 890 nis):
250 869 261 882 «
273 862 296 884 111
313 861 464 889 Evangelium
482 862 558 884 Lucae
574 874 605 878 —-
622 863 646 884 111
669 862 794 890 Evangelia
811 865 834 885 et
851 862 963 891 Epistolas
979 869 1022 891 per

169 916 255 932 annum
268 919 290 932 n.

232 958 270 981 19.
287 959 384 981 loannes
400 958 536 981 Franciscus
552 958 583 981 de
599 958 691 981 Pavinis
708 957 741 987 (in
757 958 874 981 Relatione
885 958 914 981 ad
932 958 1020 987 Sixtum

168 1006 205 1028 lv.
218 1006 279 1029 circa
290 1006 487 1029 canonizationem
506 1006 529 1028 S.
546 1005 658 1035 Bonav.):
678 1015 689 1026 ιι
701 1007 777 1034 Super
797 1008 897 1035 quatuor
918 1006 1021 1034 Evange-

170 1053 198 1077 lia
216 1065 247 1070 —
264 1054 340 1082 Super
364 1053 514 1076 Ecclesiasten
532 1065 562 1069 —
580 1053 654 1081 Super
678 1054 778 1081 Lucam;
797 1053 890 1081 incipit:
915 1052 1022 1083 Spiritus

169 1100 298 1124 Domini».

233 1148 272 1171 His
289 1151 312 1171 el.
328 1148 443 1171 nonnullis
460 1148 629 1177 posterioribus
641 1148 754 1177 indiculis,
765 1148 788 1171 iu
800 1148 928 1171 Prodromo
945 1149 1022 1172 relatis

170 1195 280 1219 addimus
296 1201 357 1224 quae
372 1197 515 1225 sequuntur:

233 1243 271 1266 20.
288 1243 370 1266 Notatu
394 1243 485 1271 dignae·
501 1245 556 1266 sunt
579 1243 698 1270 Postillae,
715 1248 776 1272 quae
792 1243 1022 1270 Bonaventuraertri-

172 1290 277 1314 buuntur
293 1290 316 1313 in
332 1290 429 1320 antiquo
446 1290 600 1319 documento⁷
617 1289 735 1319 publicato
760 1296 772 1312 a
799 1290 826 1312 cl.
849 1290 872 1313 P.
890 1290 979 1313 Denisse
995 1290 1021 1313 Ο.

171 1337 252 1360 Praed.
270 1337 292 1360 in
309 1337 452 1361 chartulario
469 1337 538 1360 Univ.
556 1337 690 1360 parisiensis
708 1340 764 1360 tom.
783 1337 797 1359 1.
814 1343 870 1366 pag.
887 1336 941 1365 617,
957 1337 1023 1366 quod

170 1387 232 1408 texat
251 1385 352 1413 pretium
369 1385 509 1408 solvendum
527 1391 539 1407 a
557 1384 713 1413 scholaribus,
730 1383 817 1414 quibus
833 1384 921 1407 librarii
937 1384 1021 1408 librum

171 1432 360 1455 commodabant.
377 1433 439 1455 Haec
457 1432 540 1455 taxatio
557 1432 687 1455 secundum
705 1432 817 1456 editorem
838 1433 899 1456 facta.
913 1435 948 1456 est
965 1433 1023 1456 inter

171 1486 243 1502 annos
261 1479 401 1508 1275-1286,
419 1479 458 1503 8111
474 1480 584 1503 convenit
595 1480 693 1503 Echard.
713 1479 854 1508 (Scriptores
869 1479 925 1503 Ord.
941 1479 1022 1503 Praed.

170 1530 227 1549 tom.
244 1527 258 1549 1.
276 1532 331 1555 pag.
349 1526 429 1556 2446),
446 1527 487 1556 qui
503 1527 620 1550 interdum
633 1528 677 1550 hoc
689 1527 857 1550 documentum
869 1528 942 1550 citans
958 1527 1022 1556 dixit,

170 1574 225 1597 illud
244 1575 330 1597 sactum
347 1580 399 1597 esse
408 1576 462 1597 ante
473 1580 510 1597 an.
524 1575 592 1597 1300.
605 1575 666 1598 Haec
684 1574 715 1598 ibi
732 1575 853 1604 leguntur:

231 1622 279 1645 Ilec
294 1623 353 1646 sunt
367 1621 459 1652 scripta
475 1621 562 1653 fratris
577 1610 746 1646 Bondvenlure
762 1622 790 1646 de
808 1622 897 1646 Ordine
913 1623 1022 1653 fratrum

169 1669 293 1694 Minorum
310 1670 411 1694 scilicet:

233 1717 323 1740 Postille
340 1723 411 1745 super
428 1717 514 1740 Lucam
532 1717 649 1740 continent
665 1717 743 1746 pecias
760 1717 858 1740 LXXlll.
874 1718 899 1740 lll
916 1718 959 1740 sol.

232 1765 296 1791 item,
308 1764 399 1787 Postille
410 1764 517 1787 eiusdem
529 1770 601 1793 super
612 1764 764 1787 Ecclesiasten
776 1764 825 1787 Xlll
836 1764 915 1793 pecias
926 1765 956 1787 Vl
967 1764 1021 1787 den.

232 1812 300 1839 ltem,
326 1812 417 1835 Postille
442 1817 515 1840 super
544 1811 665 1835 Canticum
693 1811 842 1835 Canticorum
870 1812 918 1835 Xlll
943 1812 1022 1841 pecias

170 1859 216 1882 Vlll
234 1859 288 1882 den.

234 1907 301 1934 item,
324 1907 414 1930 Postille
438 1913 509 1935 super
526 1906 611 1930 librum
637 1907 819 1930 Proverbiorum
844 1908 962 1930 continent
982 1914 1022 1936 pe-

169 1953 217 1977 cias
234 1953 341 1976 xxxvu
358 1954 403 1976 xx
421 1953 475 1976 aen.
586 1943 588 1945 ’

231 2002 301 2030 hem,
326 2001 417 2024 Postille
442 2006 514 2029 super
544 2000 665 2024 Canticum
694 2000 842 2024 Canticorum
870 2001 914 2024 XV
943 2002 1021 2029 pecias

169 2048 216 2071 Vlll
233 2048 288 2071 den.

232 2097 302 2124 ltem,
319 2096 410 2118 Postille
426 2101 497 2124 super
514 2095 599 2118 librum
617 2095 734 2124 Sapientie
751 2096 772 2118 X
789 2096 868 2124 pecias
885 2096 914 2118 Vl
931 2095 984 2118 den.

233 2144 301 2172 item,
319 2144 410 2166 Postille
426 2148 498 2171 super
514 2143 681 2171 Apocalypsim
698 2143 769 2166 XXlll
787 2143 865 2171 pecias
883 2144 902 2166 V
919 2143 973 2166 den.

233 2191 300 2220 item,
317 2191 409 2213 Postille
420 2196 491 2219 super
503 2190 615 2218 Epistolas
626 2190 750 2213 canonicas
762 2190 804 2214 XV
817 2191 895 2219 pecias
907 2190 954 2214 Vlll
966 2190 1021 2214 den.

234 2238 300 2266 item,
318 2244 388 2266 super
406 2237 539 2261 sentencias
556 2243 600 2266 pro
617 2237 694 2266 primo
711 2237 770 2260 libro
866 2238 882 2261 11
899 2237 941 2261 sol.

234 2286 276 2308 Pro
293 2285 397 2308 secundo
865 2286 890 2309 111
907 2286 949 2309 sol.

234 2333 277 2356 Pro
294 2333 360 2356 tertio
870 2334 887 2357 11
905 2334 946 2357 sol.

233 2381 276 2403 Pro
293 2383 377 2410 quarto
872 2382 888 2405 11
905 2382 946 2405 sol.

234 2428 300 2451 Tunc
316 2428 422 2458 sequitur
438 2431 491 2457 post
506 2429 652 2452 intervallum
669 2429 745 2452 maius

234 2475 278 2498 Pro
296 2478 357 2498 textu
375 2474 462 2500 Bibllae
479 2478 523 2498 etc.

234 2523 272 2545 21.
290 2523 312 2546 111
330 2523 441 2551 catalogis
458 2523 560 2553 antiquis
577 2524 719 2547 Tudertinae
735 2523 889 2548 bibllothecae
905 2527 928 2548 S.
944 2526 1023 2549 Fortu-

171 2571 218 2594 nati
237 2570 276 2600 (de
293 2571 328 2594 his
345 2572 386 2594 cir.
403 2573 459 2594 tom.
485 2571 512 2593 V.
538 2571 669 2600 Prolegom.
685 2578 706 2595 c.
725 2572 747 2595 1.
763 2572 777 2601 S
794 2573 826 2602 2.)
844 2574 901 2596 haec
922 2579 1023 2597 comme-

172 2621 292 2642 morantur
308 2618 475 2641 Commentarii
487 2618 508 2641 S.
518 2618 705 2642 Bonaventurae.
722 2620 746 2642 ln
762 2620 893 2650 antiquiore
911 2621 1023 2650 catalogo,

172 2667 258 2695 scripto
275 2666 339 2689 circa
354 2666 415 2689 1300
434 2666 484 2695 (cir.
501 2666 586 2689 Bonelli
603 2667 684 2690 Prodr.
698 2668 741 2690 col.
754 2667 811 2695 479,
823 2671 846 2691 et
857 2668 935 2691 Leonii
947 2675 1024 2691 novus

172 2713 296 2741 catalogus
312 2719 367 2742 pag.
384 2713 453 2742 185>;

235 2762 258 2783 1.
277 2761 391 2783 «Postilla
408 2760 494 2783 Fratris
515 2760 679 2783 Bonaventure
703 2768 775 2790 super
799 2762 946 2786 Ecclesiastes
972 2761 1023 2793 (sic)

173 2811 195 2831 et
211 2808 322 2831 Gallensis
339 2814 411 2836 super
428 2808 592 2836 Apocalypsim
604 2817 627 2831 n.

237 2857 260 2878 2.
280 2856 358 2878 mitem
385 2855 476 2878 Postille
501 2854 585 2878 Fratris
610 2856 772 2880 Bonaventure
796 2862 868 2886 super
891 2858 979 2881 Lucam
1002 2861 1024 2881 et

173 2902 262 2925 Postilla
279 2908 351 2930 super
368 2902 486 2930 ThrenOS,
503 2902 585 2925 Libros
603 2902 653 2932 (sic)
668 2904 783 2932 Sapientie
794 2907 817 2927 et
827 2905 992 2934 Apocalypsin-i
1001 2913 1024 2928 ι).

172 2962 203 2965 —
220 2948 399 2972 Observandum
416 2952 462 2976 est,
480 2949 515 2972 his
532 2948 611 2973 verbis
627 2957 673 2973 non
690 2950 785 2974 omnino
810 2951 900 2984 excludi
917 2951 1024 2980 dubium,

173 2993 250 3019 utrum
268 2996 336 3019 etiam
355 2999 400 3019 tres
417 2996 557 3025 posteriores
573 2997 678 3020 Postillee
694 2998 872 3022 Bonaventurae
892 2997 1023 3021 adscriban-

1078 250 1128 275 tur,
1144 254 1174 271 an
1191 248 1214 271 in
1231 249 1315 272 eodem
1333 251 1414 273 codice
1432 254 1457 274 ut
1482 258 1612 280 anonymae
1630 253 1789 277 contineantur
1795 263 1801 282 ;
1819 255 1841 277 in
1858 255 1929 278 altero

1079 297 1157 328 tamen
1182 297 1287 325 catalogo
1310 297 1367 320 inter
1392 304 1466 322 annos
1492 300 1623 323 1334-1342
1646 301 1732 329 scripto
1754 302 1815 324 clare
1832 303 1929 331 legitur:

1081 351 1093 363 «
1106 343 1196 365 Postilla
1213 344 1377 367 Bonaventure
1392 352 1464 374 super
1480 347 1566 369 Lucam
1583 351 1606 370 et
1622 354 1693 375 super
1704 349 1808 372 Threnos
1820 352 1842 372 et
1859 349 1929 373 libros

1079 389 1196 417 Sapientie
1213 393 1235 412 et
1252 390 1417 420 Apocalypsim
1429 401 1451 414 n.

1143 437 1163 459 3.
1185 445 1195 457 «
1208 437 1276 465 item,
1294 438 1384 461 Postilla
1401 440 1485 462 Fratris
1502 441 1663 464 Bonaventure
1680 448 1751 471 super
1768 443 1911 467 loannem».

1078 483 1218 506 Referuntur-
1234 484 1303 507 etiam
1320 485 1368 508 duo
1385 486 1428 508 alia
1445 488 1584 515 exemplaria
1600 488 1764 512 Commentarii
1777 490 1798 512 in
1810 491 1906 513 Lucam.

1143 531 1185 554 Vix
1203 531 1313 555 credibile
1330 535 1376 560 est,
1393 534 1416 556 S.
1439 534 1625 557 Bonaventuram
1648 535 1772 566 scripsisse
1789 543 1870 560 omnes
1887 539 1929 561 Po-

1078 578 1162 608 stillas,
1178 585 1240 608 quae
1257 580 1280 602 in
1302 580 1418 609 aliquibus
1443 582 1562 610 indiculis,
1587 584 1723 611 praesertim
1748 591 1771 606 11.
1794 585 1831 607 15.
1848 588 1871 607 et
1891 586 1929 608 20.

1079 630 1302 650 commemorantur.
1316 628 1384 657 Quod
1409 631 1486 652 tamen
1511 631 1644 658 complures
1660 631 1795 660 deperditae
1811 632 1868 661 siut,
1884 639 1930 655 non

1079 677 1113 697 est
1131 674 1298 703 improbabile,
1315 676 1452 704 praesertim
1469 677 1488 699 si
1505 683 1676 706 supponamus,
1693 679 1757 707 quod
1775 685 1821 702 non
1838 679 1884 702 sint
1900 679 1930 702 ab

1078 722 1131 750 ipso
1148 722 1249 750 scriptae
1265 725 1287 745 et
1304 723 1391 751 editae,
1409 723 1451 746 sed
1469 724 1548 752 potius
1564 731 1591 747 cx
1609 725 1658 748 eius
1683 732 1723 749 ore
1748 729 1856 755 exceptae
1881 727 1930 750 sive

1078 762 1215 799 reportatae
1231 772 1253 792 et
1271 769 1301 792 ab
1318 770 1367 793 aliis
1384 771 1520 800 ampliatae;
1537 772 1601 801 quod
1619 773 1717 796 insinuat
1734 773 1790 797 illud
1808 780 1854 796 uon
1876 775 1931 797 satis

1078 818 1167 838 certum
1192 816 1372 845 documentum,
1398 818 1463 847 quod
1482 818 1505 841 in
1529 821 1587 842 tom.
1608 819 1636 842 V.
1658 826 1713 848 pag.
1729 821 1778 844 LXI
1795 827 1819 843 n.
1837 821 1873 843 26.
1891 827 1930 844 ex-

1078 863 1222 891 scripsimus.

1142 911 1155 940 3
1173 913 1195 934 2.
1211 911 1363 943 Explicatur,
1381 912 1439 936 unda
1456 920 1522 944 saepe
1539 913 1629 938 oriatur
1646 914 1770 939 difficultas
1788 915 1929 939 ‹lisoemencli

1078 958 1189 989 genuinos
1205 958 1342 983 11111ῐί1130νί
1364 960 1537 985 commentarios
1559 968 1573 984 a
1596 961 1690 993 spuriis,
1713 961 1751 986 vel
1773 962 1856 986 saltem
1878 970 1929 986 mu-

1079 1006 1147 1030 tatis.

1143 1054 1186 1083 Qui
1203 1054 1296 1083 inspicit
1312 1055 1404 1078 codices
1422 1056 1444 1078 in
1463 1056 1615 1084 praecedente
1639 1059 1661 1079 et
1687 1057 1709 1080 in
1735 1058 1778 1080 hoc
1799 1058 1900 1086 capitulo
1917 1064 1930 1080 a

1079 1100 1147 1124 nobis
1164 1102 1289 1125 recensitos
1305 1102 1343 1125 vix
1360 1109 1405 1125 non
1424 1103 1558 1131 mirabitur,
1570 1104 1635 1133 quod
1652 1107 1685 1126 tot
1700 1104 1793 1127 codices
1807 1104 1931 1127 exhibeant

1079 1149 1181 1177 pastillas
1198 1150 1235 1172 vel
1252 1156 1381 1178 anonymas
1397 1151 1434 1173 vel
1452 1150 1475 1172 in
1500 1150 1643 1173 nominando
1666 1154 1761 1174 auctore
1778 1150 1822 1174 sibi
1839 1154 1930 1174 contra—

1079 1196 1189 1219 dicentes.
1207 1197 1269 1219 idem
1296 1197 1422 1220 observare
1448 1198 1499 1220 licet
1524 1198 1667 1226 percurrenti
1689 1198 1760 1221 libros
1785 1198 1929 1222 celeberrimi

1079 1244 1177 1266 Echareli
1196 1243 1330 1274 Scriptores
1349 1244 1406 1268 Ord.
1425 1244 1509 1268 Proeti.
1531 1248 1554 1267 et
1571 1235 1699 1274 Waddingi
1719 1245 1854 1276 Scriptores
1872 1246 1930 1270 Ord.

1078 1290 1137 1315 Min.
1149 1297 1203 1313 cum
1215 1291 1286 1319 Hyac.
1300 1290 1423 1314 Sbaraleae
1440 1291 1617 1322 Supplemcnto.
1635 1292 1730 1315 Accedit
1746 1296 1769 1315 et
1785 1293 1862 1321 magis
1877 1299 1929 1316 con-

1080 1339 1167 1366 fundit,
1183 1339 1248 1368 quod
1266 1339 1327 1361 idem
1344 1339 1526 1362 commentarIus
1547 1346 1594 1362 non
1618 1346 1671 1362 raro
1697 1340 1813 1363 invenitur
1832 1341 1931 1364 diversis

1079 1386 1174 1409 indutus
1191 1387 1284 1409 formis:
1302 1386 1373 1409 modo
1390 1386 1498 1416 brevior,
1511 1387 1582 1410 modo
1599 1387 1716 1415 diffusior,
1733 1394 1776 1411 nec
1792 1394 1845 1411 raro
1862 1388 1932 1411 habet

1079 1434 1137 1456 alios
1153 1434 1273 1462 prologos,
1290 1436 1329 1456 aut
1346 1434 1425 1462 plures
1441 1434 1570 1458 distinctos.
1588 1435 1671 1464 Quoad
1688 1435 1791 1464 postillas
1808 1436 1877 1458 huius
1894 1441 1931 1458 ae-

1079 1481 1131 1504 tatis
1148 1481 1169 1504 in
1188 1482 1330 1509 Scripturam
1350 1482 1411 1505 idem
1428 1482 1476 1504 sere
1493 1482 1530 1510 nt,
1547 1482 1611 1511 quod
1633 1483 1661 1505 cl.
1679 1483 1702 1505 P.
1726 1483 1753 1505 Η.
1770 1483 1858 1505 Denisse
1875 1483 1930 1506 Ord.

1079 1529 1160 1552 Praed.
1173 1528 1268 1558 (Archiv
1280 1528 1316 1551 fiir
1327 1529 1563 1558 Kircheugeschichte
1576 1530 1624 1553 und
1636 1530 1758 1553 Litteratur
1770 1531 1806 1553 Vl.
1819 1536 1873 1559 pag.
1886 1530 1930 1553 373

1079 1576 1138 1606 seq.)
1156 1576 1266 1599 observat
1291 1576 1320 1599 de
1345 1576 1494 1599 sermonibus
1519 1577 1624 1600 ciusdem
1647 1578 1740 1606 aetatis,
1762 1578 1826 1607 quod
1847 1578 1930 1601 scilicet

1079 1623 1143 1646 idem
1161 1630 1239 1646 sermo
1256 1624 1314 1647 mira
1331 1624 1483 1647 varietatem
1501 1624 1600 1647 diversis
1622 1624 1743 1648 codicibus
1767 1628 1790 1647 et
1816 1625 1881 1647 terris
1903 1625 1931 1648 sit

1079 1674 1181 1694 mutatus
1197 1674 1220 1694 et
1237 1671 1343 1699 pluribus
1360 1671 1496 1695 auctoribus
1513 1671 1644 1695 attributus.

1142 1720 1253 1741 Putamus
1269 1722 1360 1748 autem,
1378 1719 1432 1742 huic
1448 1720 1578 1742 confusioni
1595 1722 1717 1742 auctorum
1736 1723 1826 1748 praeter
1838 1720 1881 1742 alia
1894 1721 1931 1743 ali-

1079 1772 1150 1795 quam
1168 1766 1314 1788 occasionem
1332 1765 1470 1794 praebuisse
1486 1766 1613 1789 institutam
1638 1767 1751 1789 rationem
1769 1770 1791 1789 et
1807 1770 1931 1790 consuetu-

1078 1812 1157 1835 dinem
1173 1812 1333 1835 Universitatis
1350 1813 1492 1835 Parisiensis.
1508 1812 1624 1836 Absolutis
1641 1813 1703 1835 enim
1721 1813 1803 1836 studiis
1818 1814 1930 1842 passivis,

1079 1866 1192 1883 annorum
1210 1863 1300 1888 septem
1318 1866 1361 1888 pro
1377 1860 1548 1889 saecularibus,
1565 1866 1604 1883 sex
1621 1867 1678 1883 vero
1703 1867 1746 1889 pro
1771 1860 1931 1889 regularibus,

1079 1911 1104 1930 ut
1116 1908 1199 1937 aliquis
1211 1908 1276 1931 [leret
1287 1907 1460 1931 baccalaureus
1470 1908 1599 1937 formatus,
1613 1907 1690 1936 primo
1702 1908 1816 1936 explicare
1829 1907 1930 1931 debebat

1078 1962 1096 1979 s.
1115 1956 1268 1984 Scripturam.
1285 1956 1399 1978 Statutum
1425 1955 1486 1977 enim
1504 1958 1566 1982 erat,
1585 1963 1597 1975 «x
1609 1955 1674 1984 quod
1698 1955 1796 1984 quilibet
1813 1954 1931 1978 baccalau-

1078 2008 1146 2030 reus,
1163 2005 1287 2031 antequam
1305 2002 1430 2025 sententias
1447 2003 1520 2030 legat,
1537 2001 1653 2025 tenebitur
1670 2002 1747 2031 legere
1764 2002 1825 2026 duos
1841 2008 1931 2027 cursus

1078 2049 1108 2072 de
1124 2050 1195 2072 veteri
1213 2052 1236 2072 et
1252 2056 1314 2072 novo
1331 2052 1482 2077 testamento,
1498 2056 1541 2072 1188
1565 2056 1619 2073 811111
1637 2050 1714 2079 aliquo
1730 2050 1903 2079 dispensabitur
1914 2060 1925 2071 ν)

1079 2096 1112 2125 (P.
1131 2096 1231 2124 Denisse,
1248 2096 1351 2120 Chartul.
1368 2097 1472 2119 Univers.
1494 2097 1564 2120 Paris.
1583 2101 1639 2120 tom.
1657 2098 1680 2120 ll.
1697 2104 1752 2126 pag.
1770 2098 1815 2120 69⁹
1833 2105 1856 2121 11.
1873 2098 1929 2127 284.

1078 2143 1213 2166 Saeculares
1224 2143 1285 2166 enim
1296 2144 1319 2165 hi
1328 2143 1486 2171 baccalaurei,
1498 2150 1610 2168 cursores
1622 2145 1747 2172 nominati,
1760 2151 1832 2168 unum
1844 2145 1929 2168 librum

1078 2196 1105 2212 ex
1122 2190 1206 2217 veteri,
1224 2190 1322 2213 alterum
1339 2196 1366 2213 ex
1384 2197 1446 2214 novo
1464 2194 1601 2214 testamento
1624 2192 1702 2220 legere
1722 2191 1850 2219 debebant;
1868 2198 1930 2214 men-

1077 2237 1181 2260 dicantes
1197 2239 1274 2260 autem
1301 2237 1398 2259 Bibliam
1424 2238 1534 2261 continuo
1556 2241 1578 2261 et
1601 2238 1704 2262 breviter
1725 2238 1841 2268 legebant.
1862 2239 1943 2267 Quod>

1079 2284 1180 2307 iuniores
1197 2284 1220 2307 hi
1236 2285 1334 2307 lectores
1350 2285 1427 2308 studia
1444 2287 1467 2307 et
1478 2284 1569 2308 labores
1580 2286 1738 2315 antiquiorum
1751 2289 1872 2309 auctorum
1884 2292 1930 2309 uon

1078 2338 1131 2354 raro
1149 2332 1170 2354 in
1189 2338 1256 2355 usum
1274 2332 1396 2360 proprium
1414 2332 1458 2355 sibi
1475 2333 1638 2361 adaptaverim
1659 2336 1681 2356 et
1698 2334 1783 2356 deinde
1800 2334 1851 2356 aliis
1870 2339 1930 2356 com-

1079 2380 1259 2408 municaverint,
1276 2380 1331 2403 satis
1348 2379 1469 2408 probabile
1490 2386 1542 2403 esse
1563 2376 1665 2403 xiidetur.
1682 2381 1817 2409 Exemplum
1839 2381 1931 2403 manife-

1079 2432 1140 2451 stum
1159 2427 1255 2457 praebet
1272 2428 1344 2451 codex
1361 2428 1384 2450 in
1401 2428 1415 2457 {3
1433 2428 1454 2451 3.
1472 2435 1494 2450 n.
1512 2428 1534 2450 2.
1550 2428 1695 2456 descriptus.
1712 2431 1735 2451 et
1759 2428 1828 2451 etiam
1854 2428 1932 2456 plures

1079 2476 1117 2499 alii
1135 2476 1166 2499 ibi
1183 2478 1206 2499 et
1222 2476 1236 2505 g
1254 2476 1276 2499 4.
1293 2475 1406 2498 recensiti.
1424 2475 1481 2499 Hinc
1498 2475 1562 2498 facile
1579 2475 1628 2497 fleri
1646 2475 1733 2503 potuit,
1752 2478 1777 2498 ut
1794 2475 1855 2498 idem
1868 2481 1931 2498 cum-

1080 2524 1207 2547 mentartus
1223 2524 1288 2546 varic
1305 2526 1432 2546 mutaretur
1449 2523 1546 2552 aliisque
1563 2522 1698 2546 auctoribus
1715 2522 1895 2545 adscriberetur.

1145 2572 1279 2601 Specialiter
1290 2574 1369 2594 autem
1382 2571 1509 2594 notandum
1521 2573 1563 2599 est,
1574 2570 1639 2599 quod
1651 2570 1768 2598 legitimus
1784 2570 1932 2593 Commenta-

1081 2620 1130 2642 rius
1141 2621 1164 2642 S.
1177 2620 1352 2642 Bonaventurae
1362 2619 1383 2641 in
1393 2619 1500 2641 loannem
1510 2620 1532 2640 et
1540 2617 1636 2646 quidam
1648 2617 1687 2640 alii
1698 2618 1798 2640 aliorum
1811 2620 1932 2640 auctorum

1081 2669 1103 2689 et
1120 2666 1142 2688 in
1160 2666 1281 2689 codicibus
1297 2669 1320 2689 et
1337 2666 1359 2688 111
1377 2664 1441 2688 libris
1452 2664 1573 2693 impressis
1585 2663 1696 2692 publicati
1709 2667 1761 2686 sunt
1781 2663 1825 2686 sub
1838 2664 1932 2686 nomine

1081 2712 1165 2734 Nicolai
1177 2713 1207 2735 de
1218 2712 1307 2735 Gorran
1324 2712 1381 2735 Ord.
1398 2712 1489 2740 Praed.‚
1506 2711 1548 2734 sed
1559 2717 1612 2734 cum
1625 2710 1702 2733 multis
1719 2710 1885 2733 additionibus.
1905 2711 1932 2732 Ut

1081 2759 1110 2782 de
1128 2760 1171 2782 hoc
1188 2763 1250 2782 recte
1267 2760 1364 2782 iudicari
1381 2760 1465 2788 possit,
1483 2759 1559 2788 aliqua
1580 2759 1609 2781 de
1627 2759 1671 2781 hoc
1690 2758 1725 2780 Fr.
1743 2757 1834 2780 Nicolao
1857 2764 1932 2780 excer-

1081 2808 1157 2836 penda
1174 2810 1227 2830 sunt
1249 2813 1275 2837 ex
1292 2807 1386 2835 saepius
1402 2808 1501 2835 allegato
1518 2813 1588 2835 opere
1605 2805 1701 2829 Echardi
1721 2805 1859 2835 (Scriptores
1876 2805 1930 2828 Ord.

1080 2854 1161 2877 Praed.
1179 2856 1235 2876 torn.
1252 2854 1266 2875 l.
1285 2859 1340 2881 pag.
1360 2853 1404 2876 437
1423 2860 1435 2875 a
1453 2853 1537 2883 seqq),
1554 2853 1595 2882 qui
1612 2853 1694 2875 diffuse
1711 2852 1740 2875 de
1757 2852 1861 2875 eiusdem
1879 2857 1932 2880 ope-

1080 2902 1146 2925 ribus
1162 2904 1251 2924 tractat.
1267 2901 1325 2923 Dicit
1351 2901 1434 2929 igitur,
1451 2907 1505 2924 eum
1524 2901 1593 2924 ruisse
1610 2904 1662 2923 ante
1681 2907 1717 2922 an.
1744 2900 1804 2922 ⁴280
1830 2899 1931 2922 Priorem

1079 2950 1212 2973 Conventus
1224 2948 1356 2971 Parisiensis
1374 2949 1396 2971 S.
1414 2948 1489 2971 iacobi
1502 2955 1528 2971 ac
1540 2949 1694 2972 consessorem
1707 2947 1769 2974 regis
1784 2946 1882 2975 Philippi
1894 2945 1931 2968 lV.

1080 3000 1102 3021 et
1119 2996 1205 3020 obiisse
1221 2996 1280 3019 circa
1302 2995 1374 3023 12955
1391 2995 1469 3024 ipsun.
1481 2998 1555 3018 totum
1567 2997 1634 3017 vetus
1652 2996 1814 3018 testamentum
1832 2992 1932 3020 egregiis
