2296 3316
296 687 389 706 Secundo.

320 1444 390 1463 Tertio.

314 1679 391 1703 Quarto.

314 2244 393 2264 Divisio.

409 182 464 211 624

407 259 554 292 Dominus;
583 262 610 288 et
638 258 689 286 hoc
718 257 870 294 figuratum
900 258 956 288 est,
985 254 1095 292 quando
1124 253 1253 291 apparuit

408 307 501 340 Petro;
523 306 611 334 Lucae
633 304 764 341 vigesimo
785 306 886 340 quarto
902 304 924 330 ¹:
945 313 958 327 n
974 301 1104 330 Surrexit
1119 301 1253 329 Dominus

407 360 471 382 vere
486 342 512 381 et
533 351 661 388 apparuit
686 350 787 379 Simoni
804 361 834 383 »;
850 353 877 377 et
898 349 963 378 dicit
978 348 1105 385 Magister
1124 348 1151 376 in
1166 348 1254 376 Histo-

406 399 470 428 riis:
497 410 510 424 α
525 397 635 435 quando
664 398 761 426 Petrus
783 396 909 425 cucurrit
936 395 969 423 ad
991 397 1203 423 monumentum
1226 405 1252 422 2».

407 447 503 474 Petrus
534 445 623 478 enim,
651 444 745 474 audita
777 443 883 472 Domini
912 441 1133 475 resurrectione,
1165 441 1254 470 noluit

406 492 556 521 narrationi
579 491 727 520 mulierum
743 490 855 519 omnino
869 489 1062 526 acquiescere,
1078 488 1124 518 sed
1139 487 1255 517 accessit

406 539 439 568 ad
460 540 688 572 monumentum,
711 537 806 566 volens
827 537 913 573 ipsam
930 535 1074 566 veritatem
1100 535 1253 564 consulere.

406 586 437 615 Et
451 585 579 623 apparuit
594 584 727 614 Dominus
743 584 822 614 Petro
837 583 957 612 visitanti
979 585 1205 616 monumentum,
1219 582 1255 611 si-

406 632 554 670 gnificans,
576 631 649 668 quod
671 633 786 667 apparet
806 629 1020 658 consulentibus
1043 629 1148 667 ipsum.
1176 630 1255 658 Prae-

406 679 468 709 latis
488 678 701 707 consulentibus
722 677 808 714 igitur
822 680 936 714 apparet
958 677 1100 705 Dominus.
1117 693 1153 697 —
1168 677 1255 713 Appa-

407 730 449 755 ret
470 726 551 755 etiam
574 725 704 762 praelatis
718 723 918 762 estivalibus,-
939 723 1014 760 quod
1028 723 1181 760 figuratum
1200 726 1255 757 est,

407 773 517 810 quando
537 772 667 810 apparuit
682 772 861 805 mulieribus,
883 771 1011 800 Matthaei
1026 771 1126 799 ultimo
1136 771 1156 799 2.
1179 771 1256 808 Legi-

407 828 470 849 mus
492 820 564 849 enim
587 820 640 853 ibi,
662 818 800 856 quomodo
827 829 840 843 «
855 821 980 847 emerant
1000 821 1138 852 aromata,
1160 820 1192 846 ut
1210 826 1257 847 ve-

407 868 513 897 nientes
527 870 664 904 ungerent
686 866 774 895 Iesum
787 877 813 900 »ς
834 873 912 899 ecce,
934 864 1054 898 oblatio:
1070 868 1097 894 et
1117 865 1256 902 quomodo

407 914 576 944 exeuntibus
607 913 640 943 de
671 918 851 942 monumento
877 924 890 938 «ι
911 912 1019 943 ocurrit
1050 913 1125 942 lesus
1146 912 1255 942 dicens:

407 963 497 991 Arete.
527 961 589 990 lllae
619 963 712 990 autem
734 963 911 989 accesserunt
942 962 969 988 et
990 962 1143 989 tenuerunt
1173 959 1257 996 pedes

407 1009 467 1038 eius
481 1020 512 1042 »;
534 1012 561 1037 et
583 1008 723 1045 sequitur,
753 1007 873 1044 qualiter
894 1007 1030 1036 Dominus
1051 1007 1174 1036 iniunxit
1201 1007 1256 1041 eis,

407 1059 439 1084 ut
459 1055 619 1084 nuntiarent
636 1054 778 1091 discipulis
800 1054 915 1091 gloriam
932 1054 1160 1088 resurrectionis;
1183 1054 1257 1091 quod

407 1106 448 1131 est
470 1106 558 1131 totum
581 1101 762 1138 mysterium,
784 1101 810 1129 in
833 1109 889 1137 quo
911 1101 1093 1138 significatur,
1108 1101 1183 1138 quod
1205 1101 1257 1129 Do-

409 1150 500 1179 minus
521 1152 637 1186 apparet
659 1148 844 1187 offerentibus
865 1151 892 1177 et
914 1148 940 1177 in
962 1151 1069 1177 secreto
1090 1147 1258 1185 contempla-

408 1197 488 1226 tionis
509 1197 623 1234 praebet
644 1197 683 1226 eis
704 1204 733 1227 se
754 1196 861 1233 ipsum,
884 1198 911 1225 et
931 1195 1034 1225 ibidem
1059 1203 1106 1224 eos
1127 1195 1258 1229 instruit,

407 1244 474 1282 quid
495 1247 667 1274 revertentes
687 1243 778 1272 dicant
799 1243 833 1272 ad
855 1243 998 1280 populum.
1016 1259 1051 1263 —
1067 1242 1110 1271 Sic
1124 1250 1191 1279 ergo
1211 1250 1259 1279 ap-

407 1295 486 1329 paret
506 1291 641 1320 Dominus
669 1290 817 1328 dupliciter
846 1290 976 1327 praelatis
1003 1289 1205 1319 accedentibus
1226 1289 1260 1318 ad

408 1339 508 1376 ipsum.

488 1387 513 1414 6.
536 1386 654 1423 Apparet
675 1385 756 1415 etiam
778 1385 926 1422 dupliciter
946 1385 1075 1422 praelatis
1095 1385 1260 1414 reuertenti-

409 1434 463 1463 bus·
483 1433 517 1462 ad
545 1433 689 1471 populum.
719 1433 827 1462 Reverti
850 1432 922 1461 enirn
949 1432 1031 1461 debet
1059 1432 1199 1470 praelatus
1226 1432 1261 1461 ad

408 1481 558 1518 populum,
581 1484 613 1511 ut
631 1480 780 1517 praedicet
805 1479 890 1509 verbo
918 1483 946 1508 et
966 1482 998 1508 ut
1021 1479 1147 1508 (leducat
1167 1487 1260 1508 eccem-

406 1528 463 1566 plo.
480 1544 516 1549 -
532 1529 650 1565 Apparet
671 1535 737 1564 ergo
758 1527 893 1556 Dominus
904 1526 1163 1564 praedicantibus,-
1185 1526 1260 1563 quod

409 1576 560 1612 figuratum
582 1577 624 1603 est
639 1574 745 1603 loannis
767 1573 864 1602 ultimo
875 1573 896 1607 ⁸,
918 1573 1029 1610 quando
1055 1573 1185 1610 apparuit
1206 1573 1260 1602 Do-

409 1623 501 1652 minus
515 1621 686 1660 piscantibus
701 1621 835 1658 Apostolis
855 1621 889 1649 ad
910 1629 987 1650 mare
1002 1620 1163 1650 Tiberiadis.
1183 1622 1260 1658 Apo-

408 1670 551 1699 stolorum
563 1669 689 1706 piscatio
703 1671 745 1697 est
761 1668 949 1705 praelatorum
967 1668 1143 1705 praedicatio.
1156 1685 1193 1689 —
1208 1669 1260 1706 Ap-

409 1720 488 1754 paret
508 1717 591 1746 etiam
613 1715 820 1744 deducentibus
840 1723 953 1753 gregem
975 1715 1047 1744 bono
1068 1716 1212 1752 exemplo;
1233 1719 1260 1745 et

410 1764 462 1793 boc
489 1764 641 1801 figuratum
662 1766 703 1792 est
725 1763 813 1791 Lucae
834 1762 934 1791 ultimo
954 1766 980 1791 et
1009 1763 1127 1791 Actuum
1155 1762 1260 1800 primo,

409 1811 520 1849 quando
533 1810 663 1848 apparuit
677 1809 820 1847 discipulis
835 1809 1006 1838 exeuntibus
1020 1809 1048 1838 in
1067 1812 1189 1838 montem
1204 1809 1260 1838 Oli-

410 1858 480 1892 veti3
502 1865 574 1895 quae
594 1857 647 1886 suit
675 1857 773 1887 ultima
794 1857 930 1894 apparitio
951 1856 1054 1886 Christi
1075 1860 1138 1894 post
1165 1865 1261 1886 resur—

410 1906 568 1935 rectionem.
591 1905 668 1934 Tunc
688 1904 778 1938 enini,
804 1915 818 1929 «
834 1904 992 1933 videntibus
1012 1904 1082 1939 illis,
1104 1904 1132 1933 in
1153 1905 1261 1933 caelum

410 1954 535 1983 elevatus
556 1956 638 1982 est».

705 2054 845 2078 COLLATIO
863 2054 966 2077 LXXVI.

490 2143 579 2177 (Vers.
604 2142 670 2178 17.).
693 2142 795 2175 Petre,
817 2149 904 2170 amas
924 2140 990 2169 me?

493 2191 516 2218 1.
539 2190 567 2218 ln
589 2189 683 2218 verbis
703 2188 763 2217 istis
784 2188 874 2225 eoeiyit
893 2187 1028 2216 Dominus
1042 2196 1058 2216 a
1073 2187 1152 2216 Petro
1171 2187 1261 2225 spu-t·-

411 2237 518 2266 malem
545 2236 736 2269 dilectionem,
763 2243 827 2264 cum
854 2235 935 2263 dicit:
958 2234 1052 2268 Petre,
1081 2243 1169 2263 umas
1196 2234 1261 2263 me?

410 2285 464 2314 Nec
478 2284 567 2313 solum
589 2283 676 2321 exigit
691 2283 879 2320 spiritualem,
894 2282 942 2311 sed
963 2282 1080 2319 loquens
1094 2290 1144 2319 per
1158 2282 1262 2311 discre-

411 2332 529 2366 tionem,
543 2338 666 2360 amorem
687 2339 746 2359 non
766 2329 952 2367 spiritu-alem
973 2329 1120 2360 interdicit
1127 2339 1137 2362 ;
1153 2330 1261 2363 Amas,

412 2379 517 2416 inquit,
538 2378 604 2407 me?
625 2378 704 2415 quasi
733 2377 820 2406 dicat:
849 2386 895 2405 me
921 2380 949 2406 et
976 2385 1030 2405 non
1056 2376 1132 2405 aliud
1159 2385 1179 2405 a
1200 2385 1261 2411 me,

476 2552 483 2565 ¹
503 2553 569 2576 Yers.
597 2552 634 2575 34.
660 2565 691 2570 -
718 2554 777 2575 Petr.
802 2552 936 2580 Comestor,
960 2553 1044 2575 Ilistor.
1073 2553 1220 2580 scholastica,
1244 2553 1266 2575 in

414 2592 551 2620 Evangelia,
569 2598 589 2614 c.
610 2592 664 2614 1902
683 2591 714 2615 Ec
731 2591 780 2615 visa
797 2594 855 2615 sunt
870 2593 925 2615 mite
945 2598 983 2615 eos
1003 2591 1066 2615 sicut
1081 2591 1266 2615 delira-mentum

414 2632 485 2654 rerba
502 2631 566 2654 haec.
585 2632 670 2654 Petrus
686 2632 766 2654 autem
783 2638 886 2661 ειη-96ης
903 2631 1012 2655 cucurrit
1029 2630 1061 2654 ad
1075 2632 1266 2660 monumentum,

415 2674 438 2693 ut
456 2672 529 2693 Lucas
545 2670 601 2700 [24,
623 2672 657 2693 tl.
675 2674 697 2693 et
718 2670 764 2700 ta]
782 2671 845 2693 dicit.
870 2672 895 2693 Et
918 2674 972 2693 tunc
995 2671 1120 2693 verisimile
1137 2674 1183 2698 est,
1201 2671 1266 2700 quod

414 2710 528 2733 Dominus
545 2710 652 2738 apparuit
669 2710 690 2732 ei
707 2710 730 2732 in
747 2710 796 2738 viu,
814 2711 856 2733 etsi
873 2717 920 2733 non
937 2711 1027 2738 legatur
1044 2710 1068 2733 in
1086 2710 1220 2738 Evangelio.
1233 2710 1266 2732 De

414 2756 461 2779 quo
479 2750 562 2772 dicitur
580 2749 631 2777 (cfr.
648 2750 703 2777 Luc,
721 2749 764 2777 24,
782 2750 843 2779 34.);
861 2749 980 2779 Apparuit
996 2751 1019 2773 ec
1039 2750 1118 2773 Petro.
1136 2749 1264 2778 Quinquies

414 2790 490 2818 prima
508 2789 547 2812 die
562 2789 738 2812 resurrectionis
755 2789 869 2817 apparuit.
887 2789 931 2812 Ctr.
949 2795 1020 2817 supra
1038 2796 1060 2812 n.
1080 2789 1101 2811 1,

477 2827 486 2840 ²
504 2829 569 2851 Vers.
588 2828 610 2851 9.
627 2834 689 2857 seq,
707 2827 746 2851 ubi
769 2828 884 2851 habentur
906 2828 979 2851 verba
1002 2828 1098 2851 inferius
1119 2829 1210 2857 posita:
1228 2834 1266 2851 oc—

414 2868 492 2892 cmv-it
509 2869 574 2891 lesus
590 2871 646 2895 etc.;
664 2874 725 2897 quae
736 2874 792 2891 vero
805 2868 948 2896 praecedunt
964 2870 1073 2892 emerunt
1084 2871 1197 2892 aromata
1209 2871 1264 2895 etc.,

415 2911 490 2930 sumta
508 2910 561 2930 sunt
578 2913 605 2930 ex
622 2907 690 2930 Marc.
710 2908 753 2935 16,
771 2907 791 2930 t,

477 2945 488 2959 ³
505 2947 570 2970 Vers.
597 2948 619 2969 t.
643 2953 710 2976 seqq.
736 2959 765 2963 —
791 2947 924 2976 Sequuntur
952 2948 1008 2970 Luc.
1033 2947 1077 2975 24,
1103 2947 1140 2969 50.
1168 2953 1216 2975 seq.
1243 2949 1266 2969 et

417 2987 465 3009 Act.
488 2987 511 3013 t,
529 2986 551 3007 9.

846 176 1071 207 COLlATlONES
1093 176 1124 205 ΙΝ
1147 175 1294 205 ΙΟΑΝΝΕΜ
1315 174 1384 204 ΟΑΡ.
1408 174 1472 203 XXI.
1495 174 1588 203 COLL.
1612 174 1721 203 txxvt.

1311 253 1354 282 vel
1375 252 1450 282 aliud
1471 256 1574 282 eontra
1596 260 1648 281 me.
1665 268 1701 274 —
1717 252 1785 281 Nota
1807 252 1908 289 igitur,
1931 252 2005 288 quod
2027 255 2068 281 est
2083 257 2269 283 amornupienmi

1313 298 1438 333 Clu-isti,
1461 303 1488 328 et
1509 299 1554 328 hic
1575 302 1617 328 est
1638 299 1813 333 lauda.bz'u·s;
1835 303 1862 328 et
1883 303 1924 328 est
1938 306 2017 328 amor
2038 300 2160 335 muudi,
2274 313 2277 336 ι

1311 349 1338 376 et
1360 346 1404 376 liic
1426 345 1589 383 culpabilis.
2274 339 2277 380 ζ

1391 395 1417 422 ⁶2.
1440 393 1478 422 De
1499 401 1594 423 amore
1614 393 1721 423 mundi
1731 393 1885 431 Sapientiae
1902 393 2009 423 decimo
2024 393 2160 431 quinto4:
2178 399 2234 442 ‘³3¹⁰'
2249 381 2278 421 ιιι·1

1316 441 1479 470 «Malorum
1501 444 1638 470 amatores
1659 441 1733 478 digni
1762 444 1827 470 sunt
1848 444 1938 470 morte
1955 453 1983 470 ».
2013 441 2044 470 Et
2065 445 2162 471 notan·
2190 426 2275 478 νῗθῙ-Ιιξ,

1311 488 1378 516 dum
1400 491 1456 522 est,
1478 488 1552 525 quod
1574 488 1625 517 iste
1639 496 1717 517 amor
1739 491 1780 518 est
1802 488 1913 525 triplex.
1930 489 1975 517 Est
1996 489 2069 518 enim
2084 498 2163 520 amor
2180 477 2286 527 Primo-vg

1312 535 1516 569 carnalitatis,·
1530 536 1667 565 secundae
1678 536 1712 565 ad
1723 536 1898 565 Timotheum
1915 537 1997 565 tertio
2008 537 2032 566 ⁵:
2049 549 2063 562 <r
2077 538 2164 567 Erunt
2270 534 2287 589 Ῑξ

1313 583 1439 611 homines
1460 591 1489 612 sc
1504 583 1578 620 ipsos
1592 586 1716 612 amantes
1730 593 1762 618 »;
1777 586 1804 612 et
1825 587 1888 620 post
1901 584 2062 621 paululum:
2082 596 2095 610 ιι
2111 585 2164 614 Vo-
2280 591 2283 605 ³

1314 630 1452 666 luptatum
1473 633 1612 658 amatores
1633 630 1720 667 magis
1740 638 1825 667 quam
1846 630 1937 659 Dei».
1955 647 1991 651 --
2006 631 2053 660 Est
2080 631 2163 661 etiam
2180 617 2296 666 Ssscunssmffi!

1313 684 1392 705 amor
1407 676 1593 714 cupiditatis,
1615 676 1649 705 de
1670 684 1726 714 quo
1748 676 1928 706 Ecclesiastici
1943 677 2064 706 decimo:
2091 689 2104 703 a
2118 679 2162 707 Ni-
2279 688 2296 716 ³¹.

1315 724 1353 752 hil
1381 724 1505 761 iniquius
1526 732 1611 761 quam
1636 732 1730 754 amare
1758 724 1913 761 pecuniam.
1935 724 1983 754 Hic
2010 724 2083 755 enim
2104 726 2163 755 ani-
2292 749 2296 762 ,

1314 779 1386 800 mam
1402 779 1481 800 suam
1504 771 1588 801 habet
1602 772 1726 801 venalem
1742 783 1769 800 ».
1786 788 1822 792 —
1838 772 1885 801 Est
1903 771 1986 801 etiam
2007 780 2085 801 amor
2100 781 2163 802 am-
2180 768 2263 795 ’Νῶϊ-5
2281 766 2296 816 ,ἦ

1314 817 1447 852 hittonis,
1469 817 1503 847 de
1524 826 1581 855 quo
1602 818 1730 848 Matthaei
1753 819 1887 856 vigesimo
1908 819 2006 849 tertio:
2032 831 2046 845 -r
2068 820 2165 849 Amant
2285 812 2296 862 ig

1313 864 1419 901 primos
1440 865 1586 894 accubitus
1614 865 1641 893 in
1663 866 1755 895 coenis
1784 869 1811 895 et
1831 866 1936 903 primas
1963 866 2110 896 cathedras
2136 867 2164 897 in
2288 873 2296 907 ξ’.

1314 912 1460 949 synagogis
1475 924 1502 941 ».
2288 914 2296 954 ’,ᾗ

1393 959 1419 988 3.
1443 960 1494 989 lste
1514 968 1593 990 arnor
1607 960 1784 989 reiicz'eizdus
1804 964 1846 990 est
1860 964 1975 999 propter
1996 962 2098 992 multas
2122 970 2168 992 ra·
2179 960 2296 1007 ffl‘ffiiglg'j·

1315 1006 1418 1036 tiones:
1440 1007 1545 1044 primo,
1567 1007 1633 1045 quia
1660 1008 1858 1042 criminosus-,-
1879 1009 2034 1046 Sapientiae
2061 1009 2168 1039 decimo
2179 991 2264 1030 miff‘gffl·
2290 1013 2291 1018 ¹

1314 1054 1412 1091 quinto
1424 1054 1449 1082 ὃς
1470 1066 1483 1080 «
1498 1054 1633 1083 Malorum
1648 1057 1787 1084 amatores
1801 1067 1814 1081 ι»
1840 1058 1892 1084 etc.
1913 1055 1967 1085 Nec
1985 1056 2103 1090 mirum;
2125 1057 2167 1086 in-
2291 1046 2294 1079 ἵ

1314 1101 1391 1130 ducit
1405 1101 1478 1130 enim
1500 1101 1592 1130 anima
1606 1101 1749 1138 peccatrix
1769 1101 1978 1131 fornicationem
1989 1126 1996 1137 ,
2012 1111 2113 1140 sponso
2122 1104 2167 1133 .νί-

1315 1148 1412 1182 dente;
1434 1148 1509 1177 unde
1537 1148 1686 1177 Ezechielis
1714 1148 1965 1188 vigesimo-tertio:
1991 1161 2006 1176 «
2024 1150 2168 1180 Fornicata
2294 1149 2296 1224 4

1316 1198 1357 1224 est
1378 1195 1456 1224 Oolla
1476 1203 1562 1233 super
1583 1204 1628 1225 me
1649 1199 1676 1225 et
1697 1196 1827 1225 insanivit
1848 1196 1876 1226 in
1897 1200 2035 1227 amatores
2056 1205 2122 1227 suos
2140 1210 2166 1227 n.

1317 1258 1354 1264 —
1370 1242 1512 1277 Secundo,
1533 1242 1600 1279 quia
1627 1242 1811 1276 laboriosus:
1832 1243 1902 1273 Osee
1929 1244 2067 1273 secundo:
2094 1256 2108 1270 «
2121 1245 2168 1274 Di-
2179 1244 2296 1288 Quissgggffl*

1316 1290 1374 1318 xit:
1396 1289 1499 1318 Vadam
1521 1293 1584 1327 post
1604 1293 1743 1319 amatores
1763 1299 1840 1320 meos
1854 1302 1885 1326 »;
1907 1294 1936 1320 et
1955 1291 2083 1321 additur:
2105 1292 2168 1322 Ideo

1321 1348 1335 1362 «
1351 1340 1485 1374 sequetur
1506 1340 1645 1366 amatores
1666 1345 1732 1367 suos
1753 1340 1780 1366 et
1801 1346 1856 1367 non
1871 1339 2062 1375 apprehendet
2082 1347 2129 1369 eos
2141 1352 2167 1369 u.

1318 1401 1354 1406 —
1387 1384 1499 1418 Tertio,
1541 1384 1607 1422 quia
1647 1388 1840 1419 sumtuosus;
1875 1385 2024 1415 Ezechielis
2062 1386 2169 1416 decimo
2186 1385 2290 1429 Qujgofflff*

1318 1434 1398 1460 sexto
1410 1431 1429 1459 ⁷.
1464 1443 1477 1456 α
1498 1431 1636 1461 Omnibus
1657 1432 1854 1461 meretricibus
1880 1432 1983 1462 dantur
2010 1434 2169 1469 mercedes,

1318 1482 1348 1508 tu
1370 1482 1463 1508 autem
1485 1479 1582 1508 dedisti
1605 1479 1762 1508 mercedem
1789 1479 1962 1509 amatoribus
1989 1480 2045 1509 tuis
2070 1483 2097 1510 et
2121 1481 2169 1511 do-

1317 1525 1403 1554 nabas
1417 1525 1469 1559 eis‚
1491 1528 1523 1554 ut
1543 1525 1681 1555 intrarent
1695 1525 1729 1555 ad
1751 1529 1777 1554 te
1798 1525 1832 1554 ad
1847 1526 2040 1555 fornicandum
2055 1537 2087 1562 »ς
2103 1527 2170 1556 Pro-

1317 1573 1479 1601 verbiorum
1507 1573 1640 1610 vigesimo
1668 1573 1774 1610 primo:
1802 1585 1816 1598 «
1837 1573 1889 1610 Qui
1917 1576 1991 1602 amat
2019 1574 2115 1603 vinum
2143 1577 2171 1604 et

1317 1620 1431 1657 pinguia
1451 1628 1506 1649 non
1528 1619 1662 1649 ditabitur
1677 1632 1704 1648 ».
1719 1636 1759 1640 —
1774 1620 1894 1657 Quarto,
1917 1620 1983 1658 quia
2003 1619 2171 1658 infructuo-
2187 1620 2294 1663 Qgffioffiff‘

1317 1676 1386 1700 sum
1402 1667 1583 1696 Ecclesiastici
1598 1667 1712 1705 quinto:
1732 1679 1746 1693 «
1761 1667 1813 1704 Qui
1835 1670 1909 1696 amat
1923 1667 2033 1697 divitias
2047 1668 2171 1697 fructum

1317 1723 1372 1744 non
1394 1714 1484 1751 capiet
1497 1722 1533 1744 ex
1555 1714 1595 1744 eis
1609 1726 1640 1749 »,
1662 1714 1737 1752 quod
1752 1718 1794 1744 est
1808 1722 1907 1744 verum
1925 1714 1960 1744 de
1980 1715 2054 1744 omni
2075 1723 2171 1745 amore

1318 1762 1489 1796 inordinato3
1512 1761 1546 1790 ad
1568 1762 1704 1791 Romanos
1725 1764 1821 1791 sexto:
1849 1762 1962 1798 «Quem
1976 1762 2100 1791 fructum
2122 1762 2171 1791 ha-

1318 1809 1433 1842 buistis,
1455 1808 1483 1838 in
1504 1808 1614 1846 quibus·
1628 1816 1704 1837 nunc
1718 1808 1882 1837 erubescitis
1894 1811 1930 1836 »2
1951 1807 2022 1838 Osee
2036 1808 2171 1838 secundo:

1323 1868 1336 1881 «
1351 1856 1472 1892 Quaeret
1486 1859 1624 1885 amatores
1639 1863 1704 1884 suos
1719 1858 1747 1884 et
1760 1864 1815 1884 non
1829 1855 1952 1884 inveniet
1966 1867 1993 1884 ».
2005 1873 2045 1877 ——
2055 1856 2171 1893 Quinto,
2188 1856 2204 1881 Q

1318 1904 1383 1941 quia
1415 1902 1580 1937 instabile,-
1611 1903 1666 1932 cito
1698 1903 1772 1932 enim
1801 1902 1908 1936 deficit;
1935 1903 2066 1933 Ieremiae
2087 1903 2171 1942 trige-

1318 1952 1387 1980 simo
1399 1951 1425 1979 S:
1453 1962 1466 1976 «
1481 1950 1583 1980 Omnes
1604 1953 1742 1980 amatores
1757 1951 1797 1980 tui
1818 1950 1895 1979 obliti
1914 1953 1981 1980 sunt
1994 1951 2052 1986 tui,
2074 1959 2129 1980 non
2145 1955 2172 1980 te

1318 2001 1453 2036 quaerent
1465 2008 1492 2032 »;
1507 2001 1535 2027 et
1550 1997 1680 2027 Ieremiae
1694 2000 1808 2035 quarto:
1828 2010 1841 2023 «
1853 1998 1968 2027 Frustra
1982 1998 2171 2036 componeris,

1319 2048 1547 2083 contempserunt
1568 2048 1595 2074 te
1617 2048 1755 2074 amatores
1769 2045 1824 2080 tui,
1847 2045 1968 2074 animam
1989 2048 2065 2074 tuam
2087 2053 2172 2083 quae-

1318 2096 1381 2123 rent
1393 2106 1419 2121 ».
1433 2110 1469 2114 —
1482 2094 1580 2127 Sexto,
1595 2093 1662 2130 quia
1675 2093 1837 2122 seditiosus.
1853 2093 2032 2122 Convertitur
2051 2093 2125 2122 enim
2139 2093 2173 2122 ad
2186 2091 2296 2135 Quffisffi‘ffffi*

1318 2140 1490 2174 inimicitias;
1513 2139 1588 2177 quod
1617 2139 1770 2177 figuratum
1791 2142 1834 2168 est
1859 2139 1974 2169 secundi
2000 2140 2105 2177 Regum
2126 2140 2173 2169 de—

1319 2188 1390 2217 cimo
1411 2187 1506 2221 tertio,
1521 2187 1569 2215 ubi
1592 2187 1729 2224 loquitur,
1751 2187 1826 2224 quod
1841 2190 1988 2224 postquam
2010 2188 2096 2216 Amon
2111 2194 2173 2216 cor-

1319 2238 1435 2272 ruperat
1463 2235 1599 2269 Thamar,
1621 2242 1747 2264 sororem
1770 2242 1866 2269 suam,
1893 2246 1906 2259 α
1920 2234 2007 2263 odivit
2028 2242 2088 2263 eam
2110 2234 2173 2263 odio

1319 2291 1419 2320 magno
1439 2282 1538 2317 nimis,
1560 2282 1598 2311 ita
1618 2282 1693 2320 quod
1707 2282 1798 2311 maius
1818 2285 1891 2311 esset
1905 2281 2015 2316 odium,
2038 2290 2094 2319 quo
2108 2281 2173 2311 ode-

1320 2333 1364 2358 rat
1385 2337 1461 2363 eam,
1482 2337 1593 2363 amore,
1615 2337 1671 2366 quo
1693 2336 1753 2358 eam
1774 2331 1838 2358 ante
1858 2328 2038 2358 dilexerat».
2054 2345 2094 2349 -
2108 2329 2173 2357 Pro·

1320 2380 1382 2413 pter
1404 2377 1472 2405 haec
1492 2376 1585 2405 omnia
1606 2376 1806 2413 relinquendus
1827 2379 1868 2405 est
1888 2383 1966 2405 amor
1988 2376 2094 2405 mundi.

2206 1856 2236 1875 uia
2248 1855 2296 1875 insta*

2222 1880 2270 1899 hilis.

1386 2551 1395 2564 ⁴
1414 2553 1479 2575 vers.
1497 2552 1523 2579 6,
1541 2558 1584 2580 pro
1602 2553 1678 2575 morte
1696 2551 1748 2580 (cfr.
1764 2552 1832 2574 Rom.
1853 2551 1876 2580 l,
1895 2551 1942 2580 32.)
1961 2551 2060 2579 Vulgata
2077 2550 2120 2573 alia
2136 2556 2175 2578 po-

1323 2592 1356 2614 nit
1374 2591 1455 2613 verba.

1386 2629 1396 2642 ⁵
1414 2631 1479 2653 Vers.
1498 2631 1521 2653 2.
1538 2633 1561 2653 et
1578 2630 1599 2652 4.
1616 2642 1647 2647 -
1664 2630 1715 2652 Duo
1733 2636 1798 2659 seqq.
1815 2630 1858 2652 loci
1876 2632 1929 2652 sunt
1951 2630 2020 2652 Eccli.
2039 2630 2080 2656 10,
2099 2630 2135 2652 10.
2153 2632 2175 2652 et

1323 2671 1399 2693 Matth.
1419 2671 1461 2697 ¹23,
1478 2670 1500 2692 6.

1386 2708 1395 2722 ⁶
1413 2709 1478 2732 Vers.
1498 2709 1519 2731 6.
1537 2721 1567 2726 -
1585 2708 1689 2731 Subinde
1711 2709 1840 2737 allegantur
1862 2709 1943 2732 Ezech.
1966 2708 2009 2737 23,
2027 2708 2054 2735 5;
2072 2708 2130 2731 Osee
2148 2708 2174 2737 2,

1323 2750 1345 2772 5.
1363 2751 1385 2771 et
1401 2749 1424 2771 7.

1385 2787 1394 2800 ⁷
1413 2788 1479 2811 Vers.
1498 2789 1541 2815 33,
1557 2787 1597 2810 ubi
1615 2787 1688 2810 verbo
1706 2786 1813 2810 donabas
1830 2786 1928 2815 Vulgata
1942 2786 2050 2815 praefigit
2061 2785 2132 2809 dona.
2145 2799 2175 2802 —

1323 2828 1456 2857 Sequuntur
1474 2828 1542 2850 Prov.
1559 2827 1602 2854 21,
1625 2827 1663 2854 t7;
1681 2827 1753 2849 Eccle.
1772 2826 1798 2854 5,
1816 2827 1843 2853 93
1861 2826 1946 2849 deinde
1963 2826 2030 2848 Rom.
2051 2826 2078 2853 6,
2096 2826 2133 2848 21.
2153 2827 2176 2848 et

1323 2867 1381 2890 Osee
1399 2868 1426 2895 Ξ,
1444 2867 1468 2889 7.

1386 2904 1395 2917 ¹³
1413 2906 1479 2928 Vers.
1501 2905 1534 2928 14.
1551 2917 1582 2922 —
1599 2905 1650 2928 Duo
1667 2911 1732 2934 seqq.
1749 2905 1792 2928 loci
1810 2907 1864 2927 sunt
1880 2905 1922 2927 ler.
1940 2904 1966 2931 4,
1984 2904 2022 2926 30.
2042 2906 2064 2926 et
2081 2903 2104 2926 tl.
2116 2903 2176 2931 fleg.

1325 2946 1366 2972 ia,
1386 2945 1422 2967 is.
