2296 3316
859 172 1102 202 PROLEGOMENA
1122 173 1150 201 C.
1172 173 1202 201 II.
1854 177 1909 207 XIX

155 260 210 277 cum
227 254 424 282 praesumendum
436 259 483 276 non
500 253 538 283 sit,
555 253 674 281 duplicem
689 253 814 282 prologum
831 252 943 281 scriptum
956 257 1007 274 csse

155 301 185 324 ab
203 301 254 329 ipso
276 304 377 324 anctore.
399 301 479 330 Neque
503 300 603 324 dubium
620 303 667 328 est,
689 300 813 329 peculiaris
838 300 898 323 illius
914 300 1006 329 prologi

155 348 293 376 scriptorem
304 348 351 371 iam
367 347 476 371 habuisse
487 350 539 371 ante
555 349 636 371 oculos
646 350 669 371 et
685 348 756 371 alium
767 348 893 377 prologum
909 350 932 371 et
943 348 1006 370 aliud

154 402 223 424 opus.
235 396 296 418 Haec
307 395 450 424 praesumtio
461 396 530 424 plene
540 396 703 423 confirmatur,
716 395 734 418 si
746 395 800 424 quis
815 398 942 424 utrumque
953 401 1007 423 pro-

155 442 236 471 logum
248 442 306 465 inter
317 448 342 465 se
353 444 480 470 comparat.
497 442 582 465 Auctor
599 442 661 465 enim
672 441 809 470 posterioris
823 441 915 470 prologi
927 441 1007 470 genui-

146 496 211 513 mum
224 490 319 512 meliore
329 496 377 519 quo
389 489 464 518 potuit
475 490 559 519 modo,
576 492 611 512 ast
627 496 710 518 parum
724 489 831 517 feliciter,
844 490 867 512 in
883 490 1006 518 proprium

155 544 225 561 usum
237 538 343 560 transfert
354 539 376 560 et
387 537 417 560 ad
427 539 515 560 textum
527 537 660 565 Scripturae
677 537 707 560 ab
724 537 776 565 ipso
793 537 922 566 praefixum
934 537 1007 565 appli-

155 587 200 609 cat.
218 585 272 608 Post
282 584 355 607 verba
367 591 438 613 supra
449 585 519 607 relata
532 584 650 607 continuat
666 584 711 607 sic:
732 593 744 605 τι
756 585 816 607 inter
829 585 930 607 humana
942 584 1005 606 enim

154 632 230 656 studia
247 632 359 660 precipue
379 634 413 654 est
437 631 540 654 studium
562 631 681 660 sapientie.
706 632 778 658 Nam,
801 633 826 654 ut
847 632 879 654 ait
897 631 1003 660 Hugo...

155 679 214 703 Huic
230 679 341 708 precipue
364 679 441 702 studio
466 679 572 707 precipui
594 679 652 701 inter
668 679 791 706 homines,
808 678 831 702 id
848 680 883 701 est
907 679 1006 701 aliorum

155 727 192 749 vel
216 726 360 755 presidentes
377 726 426 749 aliis
442 726 571 753 existentes,
587 726 623 749 vel
647 726 717 749 futuri
734 729 835 749 rectores
852 726 952 749 maxime
969 726 1007 749 de-

155 773 211 797 bent
220 773 352 801 intendere,
369 773 393 796 id
406 776 441 796 est
456 773 553 796 tlrmiter
564 773 690 796 retinendo.
707 772 818 797 Describe
837 780 903 802 eam,
921 774 953 796 ait
969 774 1007 796 Sa-

154 821 246 848 lomon,
262 820 288 844 in
312 819 399 844 tabulis
416 819 495 852 cordis
520 820 570 849 tui,
587 821 635 849 scil.
661 821 685 843 in
708 820 781 844 tribus
806 820 911 849 partibus
927 821 1007 844 divine

155 868 276 896 imaginis,
294 868 317 890 in
334 868 446 891 memoria
457 868 584 896 retinendo,
602 868 747 896 intelligentia
760 867 911 896 recogitando
928 870 951 890 et
968 873 1007 890 vo-

155 915 241 938 luntate
258 914 371 942 amando,
388 915 518 938 sec-undum
535 915 589 938 illud
608 915 676 937 Prov.
689 915 731 937 22:
756 915 816 938 Ecca
832 914 948 944 descripsi
963 916 1006 937 etc.

156 962 261 990 Tempus
277 967 334 985 vero
352 962 405 984 huic
422 961 498 984 studio
515 964 596 993 aptum
613 964 649 984 est
665 964 757 990 tempus
774 962 908 990 vacuitatis,
931 962 955 984 id
972 964 1007 985 est

156 1008 282 1032 vacationis
298 1008 328 1031 ab
345 1008 537 1037 occupationibus
558 1009 690 1032 mundanis.
709 1008 784 1032 Causa
806 1009 868 1031 enim
888 1009 1007 1038 trIpliciter

155 1057 200 1079 hoc
217 1058 252 1079 est
267 1055 355 1079 bonum
366 1056 453 1084 otium,
470 1056 534 1086 quod
546 1057 695 1085 reprehendit
712 1063 725 1079 a
742 1057 789 1080 luto
806 1060 828 1080 et
841 1052 911 1080 latere
925 1059 948 1080 et
969 1058 1007 1086 pa-

156 1104 198 1127 leis
221 1103 421 1132 congregandis...
448 1105 502 1127 Tale
524 1105 595 1127 otium
618 1105 735 1128 desiderat
757 1105 859 1128 studium
882 1105 1006 1136 sapientie,

156 1151 211 1180 quia
227 1151 268 1180 qui
285 1151 422 1174 immoratur
438 1154 489 1175 actu
512 1151 534 1174 in
551 1158 578 1174 ea
595 1152 708 1181 percipiet
724 1152 874 1181 sapientiam,
891 1152 950 1175 Eccli
968 1152 1005 1175 38.

155 1199 183 1221 Et
198 1198 252 1228 quia
270 1198 293 1220 in
307 1198 365 1221 libro
383 1199 498 1227 Sapientie
515 1199 625 1227 precipue
647 1200 724 1228 agitur
741 1200 770 1222 de
786 1200 864 1223 studio
885 1202 908 1223 et
927 1206 1007 1222 amore

156 1246 281 1276 sapientie,
304 1246 359 1270 ideo
376 1247 399 1270 in
420 1247 582 1276 ipsostudere
599 1247 669 1270 debet
686 1248 738 1277 (sic)
761 1251 868 1276 tempore
884 1248 1006 1271 vacuitatis

155 1300 198 1317 sue
214 1295 329 1317 amatores
353 1294 465 1323 sapientie
476 1303 499 1317 η.
514 1307 546 1312 -
563 1295 608 1317 Iam
634 1296 703 1322 haec,
721 1295 739 1318 si
765 1298 931 1323 comparantur
953 1301 1007 1323 pro-

155 1341 210 1369 logo
221 1341 336 1370 imprcsso
349 1342 381 1372 (n.
394 1344 416 1365 2.
428 1345 450 1365 et
462 1342 501 1371 3.),
513 1343 649 1372 ostendunt,
660 1343 724 1372 quod
736 1346 758 1366 et
769 1343 889 1372 quomodo
906 1343 1007 1372 scriptor

156 1389 198 1412 iste
214 1395 270 1411 usus
286 1389 316 1412 sit
339 1389 451 1418 originali.
471 1390 516 1413 Sed
542 1390 617 1418 magis
634 1391 677 1413 hoc
702 1392 765 1418 patet
789 1390 811 1413 in
830 1390 866 1413 his
890 1396 952 1419 quae
971 1396 1007 1413 se-

155 1438 268 1465 quuntur,
291 1436 332 1459 ubi
349 1439 430 1460 tractat
446 1437 476 1460 de
497 1439 598 1466 quatuor
615 1438 691 1461 causis
713 1438 782 1460 huius
799 1437 858 1460 libri.
876 1437 1007 1460 Sententiae

155 1486 178 1506 et
194 1483 266 1507 verba
285 1485 332 1507 sere
348 1484 425 1507 emula
442 1485 512 1513 paulo
525 1485 589 1508 aliter
605 1485 711 1508 ordinata
729 1485 844 1513 descripta
856 1488 910 1508 sunt
926 1491 953 1508 ex
964 1485 1008 1508 ori-

156 1531 239 1560 ginali,
256 1531 297 1554 sed
314 1532 423 1560 adaptata
440 1533 470 1555 ad
482 1535 568 1555 textum
587 1532 661 1555 illum:
679 1532 743 1556 Fons
755 1532 885 1562 sapientiae
901 1535 944 1556 etc.
956 1533 1007 1556 Bre—

155 1577 233 1601 vitatis
249 1584 320 1601 causa
335 1585 350 1601 a
365 1578 519 1602 describendo
536 1580 603 1607 plura
620 1579 810 1608 supersedemus.

219 1626 268 1649 Hoc
280 1625 350 1654 igitur
362 1624 483 1649 manifeste
494 1629 605 1655 apparet,
618 1627 756 1655 scriptorem
769 1627 841 1650 additi
859 1627 949 1656 prologi
961 1634 1008 1650 non

155 1679 206 1696 esse
223 1675 342 1696 auctorem
359 1673 436 1702 operis
453 1673 580 1702 originalis.

220 1721 240 1743 2.
257 1720 364 1751 Patavii,
381 1720 522 1744 bibliotheca
543 1722 566 1743 S.
583 1721 688 1750 Antonii,
711 1722 764 1745 cod.
786 1722 841 1745 333.
860 1722 961 1745 membr.
983 1723 1008 1745 in

154 1767 195 1793 t'ol.
214 1773 275 1790 saec.
292 1768 348 1790 Xlll.
369 1768 461 1791 Praeter
476 1767 674 1791 Commentarium
692 1768 714 1791 in
740 1768 881 1796 Sapientiam
905 1769 1008 1791 eontinet

156 1814 225 1837 etiam
243 1814 344 1843 postillas
360 1815 384 1837 in
400 1815 514 1843 Epistolas
534 1815 657 1837 canonICas
674 1814 736 1837 beati
752 1815 816 1838 Pauli
838 1817 860 1838 et
877 1815 899 1838 in
916 1822 967 1844 cap.
986 1816 1006 1838 l.

154 1861 274 1889 Evangelii
291 1861 364 1884 sancti
381 1862 478 1884 loannis.
495 1862 517 1884 ln
541 1861 680 1889 Sapientiam
703 1861 797 1890 incipit:
815 1862 910 1892 Diliyito
927 1862 1008 1885 lumen
1041 1867 1045 1871 ·

155 1908 270 1938 sapientie
292 1914 372 1932 omnes
389 1911 432 1932 etc.
449 1909 536 1931 Desinit
551 1911 577 1931 ut
593 1908 615 1931 in
633 1908 713 1937 editis,
739 1909 834 1933 addito:
860 1909 968 1939 Empticit
983 1909 1007 1932 li-

156 1954 205 1979 ber.
221 1967 253 1972 —
270 1955 334 1984 sign.
350 1956 389 1978 litt.
408 1957 433 1979 B.

219 2003 311 2025 Praeter
328 2004 370 2026 hos
392 2003 460 2026 codd.
484 2003 654 2031 manuscriptos
675 2003 756 2026 collata
779 2003 821 2026 suit
846 2004 915 2026 etiam
937 2004 1007 2027 editio

156 2050 272 2080 quaedam
289 2050 313 2073 in
325 2050 346 2073 4.
358 2057 432 2079 parvo
450 2050 562 2079 impressa
581 2049 681 2073 Venetiis
699 2050 767 2074 ⁴574.
778 2063 810 2068 —
822 2051 885 2080 Sigu.
903 2058 966 2074 num.
985 2052 1008 2075 1.

571 2146 595 2168 H.

396 2240 488 2265 Codices
505 2247 519 2264 u.
534 2240 599 2264 nobis
616 2247 659 2264 non
677 2239 765 2264 collati.

222 2335 244 2358 3.
265 2334 384 2364 Basileae,
402 2334 541 2358 bibliotheca
556 2334 673 2363 Civitatis,
690 2335 742 2359 cod.
759 2336 784 2359 B.
799 2337 831 2359 lll.
845 2337 881 2359 20.
894 2337 960 2360 Hunc
971 2343 1007 2359 co-

152 2382 233 2410 dicem
251 2382 296 2405 iam
314 2382 480 2411 descripsimus
496 2388 571 2411 supra
584 2388 638 2411 pag.
651 2382 712 2406 XVll
723 2383 768 2406 sub
785 2390 808 2406 n.
828 2384 849 2406 8.
861 2383 1008 2407 Commenta-

158 2430 207 2453 rius
223 2430 245 2452 in
263 2430 403 2458 Sapientiam
429 2430 510 2458 incipit
535 2431 572 2453 sol.
600 2430 649 2453 115.
667 2436 686 2453 r.
703 2431 745 2454 col.
764 2429 785 2454 1.
802 2430 896 2454 verbis:
917 2431 1008 2461 Diliyite

158 2475 240 2512 lumen
255 2475 368 2506 sapientie
385 2479 427 2500 etc.
446 2477 491 2500 Sed
510 2477 553 2500 alla
571 2483 654 2500 manus
671 2475 731 2501 sace.
744 2478 805 2502 XIV.
828 2478 927 2502 ineuntis
944 2486 1007 2507 prae-

158 2523 221 2546 misit
237 2525 297 2546 hane
313 2523 447 2547 rubricam:
465 2523 563 2548 Postilla
579 2530 652 2554 snper
670 2524 758 2549 libram
778 2525 902 2556 Sapiencie
925 2532 1007 2550 secun-

158 2570 217 2594 dam
232 2571 335 2601 fratrem
352 2571 482 2595 Iohannem
499 2571 526 2595 de
547 2571 660 2596 Verdiaco
686 2572 778 2596 ordinis
803 2573 911 2603 fratrum
928 2567 1007 2597 Pretiib

159 2619 270 2641 catorum
286 2617 453 2641 Baeltilarium
469 2618 495 2641 in
511 2617 630 2648 theologia
647 2619 756 2643 Parisiis.
767 2620 855 2643 Desinit
866 2621 903 2643 tol.
917 2621 1006 2644 145..ν.

158 2665 201 2688 col.
219 2666 249 2687 2:
265 2664 298 2688 ad
313 2664 375 2688 hanc
388 2664 582 2695 ‘maynitudinem
598 2671 641 2689 nos
655 2666 775 2696 perducat
789 2667 856 2691 Iasus
881 2668 945 2691 ths
964 2669 1008 2692 Do-

158 2711 239 2735 minus
255 2713 349 2741 noster,
366 2712 408 2742 qui
423 2713 458 2736 est
472 2702 607 2736 benedictus
624 2712 649 2736 in
666 2713 746 2737 secula
762 2714 908 2738 seculorum.
926 2715 970 2742 Hie
984 2715 1009 2738 li-

159 2758 200 2782 ber
215 2758 320 2788 scriptus
344 2761 380 2783 est
403 2765 467 2783 anno
484 2758 514 2783 ab
531 2759 623 2790 oriyine
639 2760 726 2784 mundi
741 2759 814 2785 6469
830 2768 895 2785 anno
912 2762 1010 2786 Domini

160 2804 239 2831 4267.
263 2806 326 2828 Haec
350 2806 432 2829 eadem
457 2806 537 2829 ultima
563 2806 635 2830 verba
652 2808 737 2836 scripta
757 2811 810 2831 suut
832 2808 854 2831 in
877 2809 922 2831 flue
944 2816 1008 2832 com-

159 2852 264 2876 mentarii
280 2853 304 2876 in
322 2854 462 2882 Sapientiam
480 2854 567 2878 codicis
582 2854 728 2884 Parisiensis,
746 2855 836 2885 14429,
861 2856 916 2879 olim
935 2858 1008 2880 sancti

159 2898 259 2922 Victoris
283 2899 346 2929 553,
373 2900 404 2923 de
430 2906 477 2930 quo
505 2900 547 2923 erit
574 2890 659 2924 sermo·
673 2901 732 2924 infra
757 2907 821 2924 num.
850 2902 877 2930 5,
906 2909 932 2925 ex
960 2909 1008 2932 quo

155 2945 306 2968 amanuensis
321 2946 392 2969 huius
408 2946 495 2969 codicis
519 2947 654 2971 Basileensis
678 2949 722 2971 hoc
739 2948 787 2972 sine
811 2949 897 2972 iudicio
923 2950 1009 2972 exscri-

158 2992 233 3021 psisse
249 2992 348 3016 videtur.
364 2994 387 3016 ln
405 2995 449 3017 hoc
465 2994 546 3017 codice
561 2994 666 3024 sequitur
682 2995 726 3018 alia
742 2996 853 3024 expositio
871 2996 895 3019 in
906 2996 1007 3020 eundem

1063 251 1148 274 librum
1167 252 1297 283 Sapientiae
1314 253 1419 276 eiusdem
1437 255 1528 277 loannis
1553 255 1582 278 de
1608 255 1735 284 Verdiac0‚
1755 263 1815 286 quae
1832 256 1912 285 incipit

1064 298 1100 320 1“01.
1127 298 1179 321 147.
1196 305 1228 327 r.,
1245 299 1288 322 sed
1313 300 1344 322 ab
1368 294 1412 323 alia
1432 308 1503 324 manu
1520 303 1604 325 saeculi
1622 303 1683 326 XIV.
1700 304 1841 333 conscripta,
1862 305 1911 328 sie:

1064 345 1164 369 Postilla
1188 352 1261 376 saper
1286 346 1375 371 librum
1396 347 1515 378 Sapientia
1532 349 1635 373 eiusdem
1651 350 1737 380 fratris
1755 351 1866 375 Iohannis
1883 352 1910 376 de

1069 392 1198 416 Ver-diaco:
1226 393 1342 417 Trahitur
1358 395 1475 425 sapientia
1491 395 1519 419 de
1536 397 1641 425 occultis,
1659 397 1699 421 Iob
1716 397 1759 422 28.
1777 400 1857 422 Postea
1878 406 1911 423 se-

1064 442 1183 468 quuntur:
1199 439 1296 464 Postilla
1312 447 1385 471 snper
1403 441 1492 466 Contio.
1510 443 1641 467 secundum
1663 445 1765 474 fratrem
1782 446 1911 470 Iohannem

1064 485 1091 509 (Ie
1112 486 1225 510 Vei-diaco
1243 487 1335 511 ordinis
1351 488 1544 518 Preclicaiorum,
1565 490 1729 514 Bachilarium
1746 492 1770 515 in
1786 492 1910 523 tlteoloyia.

1065 532 1170 557 Cantaba
1187 533 1270 557 dilecto
1287 540 1346 558 meo.
1366 535 1491 559 Canticum
1508 536 1598 566 tm'pleae
1615 537 1640 560 in
1656 544 1716 561 noro
1735 538 1821 568 lentim·
1836 540 1912 564 Testa-

1063 582 1155 609 mento,
1172 580 1262 604 scilicet
1278 581 1397 605 canticum
1413 582 1542 612 Zacharia,
1562 584 1639 607 Mat-ie
1655 586 1677 608 et
1693 585 1817 609 Simeonis.

1129 628 1149 651 4.
1167 628 1326 659 Bnrdiyalae,
1352 629 1490 653 bibliotheca
1508 631 1623 660 Civitatis,
1641 633 1692 655 cod.
1710 633 1747 662 38,
1765 634 1794 656 de
1811 641 1857 663 quo
1874 641 1914 657 su-

1064 682 1106 704 pra
1123 676 1193 698 locuti
1209 682 1291 699 sumus
1308 683 1362 705 pag.
1380 677 1440 700 XVII
1458 684 1522 700 num.
1541 678 1563 701 9.
1583 680 1699 707 Expositio
1724 681 1747 702 in
1772 682 1913 709 Sapientiam

1064 723 1144 751 incipit
1161 724 1197 746 sol.
1215 723 1253 746 57.
1265 730 1283 746 r.
1298 724 1424 747 Praemittit
1433 726 1533 748 eundem
1546 727 1684 755 prologum,
1697 734 1768 757 quem
1780 729 1850 752 habet
1860 729 1913 752 cod.

1064 776 1087 792 n.
1105 771 1113 792 1
1129 778 1134 792 z
1152 770 1216 794 Fons
1231 771 1346 801 sapientie
1363 771 1461 795 verbnm
1477 773 1520 796 Dei
1536 773 1561 796 in
1578 774 1695 803 excelsis,-
1711 778 1733 798 et
1745 776 1831 799 omisso
1843 776 1913 799 altero

1064 818 1139 847 edito,
1157 819 1290 841 continuat:
1310 819 1370 843 Dicit
1389 826 1460 850 crya:
1484 820 1578 850 Diliqite
1602 821 1745 851 sapientiam
1762 826 1804 846 etc.
1828 824 1914 847 Desinit

1065 865 1101 888 sol.
1119 866 1156 888 92.
1174 873 1192 888 r.
1210 867 1253 889 col.
1271 867 1298 889 2:
1310 866 1348 890 Ad
1363 866 1431 890 illam
1448 868 1640 898 maqnitudinem
1656 875 1700 893 nos
1714 870 1832 900 perducat
1848 872 1913 894 Iesus

1064 913 1128 936 Xtus
1146 913 1263 937 Dominus
1277 915 1367 943 noster,
1387 914 1430 945 qui
1444 916 1478 939 est
1495 915 1627 940 benedictas
1639 917 1663 940 in
1675 917 1758 940 secula
1769 917 1913 941 seculorum.

1064 960 1147 986 Amen.

1128 1008 1148 1030 5.
1167 1008 1275 1037 Parisiis,
1294 1008 1431 1032 bibliotheca
1456 1011 1580 1033 Nationalis
1605 1011 1657 1034 cod.
1676 1012 1760 1034 14429.
1783 1012 1846 1041 (olim
1864 1012 1914 1036 Col-

1063 1056 1117 1091 legii
1134 1056 1206 1079 sancti
1225 1057 1324 1080 Victoris
1341 1057 1404 1085 553.)
1418 1058 1525 1081 foliorum
1543 1059 1602 1086 206,
1618 1065 1688 1088 quem
1701 1060 1805 1082 codicem
1819 1060 1863 1083 iam
1876 1059 1915 1083 ni]-

1065 1104 1207 1127 minavimus
1223 1110 1295 1132 supra
1311 1111 1367 1133 pag.
1386 1104 1448 1128 XVII
1465 1113 1527 1128 num.
1541 1106 1562 1128 5.
1575 1110 1597 1129 et
1614 1113 1669 1135 pag.
1686 1107 1747 1130 XXII
1760 1114 1781 1130 n.
1795 1108 1832 1130 13.
1843 1111 1865 1131 et
1877 1108 1913 1131 hic

1064 1152 1171 1180 superius
1190 1158 1212 1174 n.
1226 1153 1246 1175 3.
1259 1164 1290 1169 ·——
1302 1152 1407 1175 Continet
1425 1154 1502 1181 plures
1514 1154 1614 1182 pastillas
1626 1155 1647 1177 in
1660 1161 1678 1177 s.
1691 1155 1833 1183 scripturam
1850 1163 1914 1185 prac—

1064 1202 1098 1222 ter
1114 1200 1235 1229 quoddam
1247 1206 1307 1228 opus
1319 1201 1423 1229 Hugonis
1435 1202 1482 1224 aS.
1499 1201 1591 1225 Victore
1607 1205 1630 1225 ct
1646 1203 1793 1226 Prooemium
1805 1205 1827 1227 S.
1842 1205 1914 1228 Bona-

1063 1248 1175 1270 venturae
1193 1246 1215 1269 in
1232 1247 1255 1269 11.
1273 1246 1359 1269 librum
1376 1248 1559 1275 Sententiarum;
1577 1248 1646 1271 habet
1663 1250 1785 1278 genuinam
1803 1252 1826 1273 S.
1843 1251 1914 1274 Bona-

1064 1297 1176 1317 x‘cnturae
1201 1294 1315 1317 Postlllam
1337 1295 1360 1317 in
1380 1292 1530 1318 Ecclesiasten
1553 1297 1696 1326 alteramque
1721 1298 1743 1320 in
1768 1299 1868 1321 eundem
1891 1299 1914 1321 li-

1065 1340 1146 1369 brum,
1160 1341 1268 1364 tributam
1281 1342 1392 1365 Gulielmo
1405 1343 1454 1365 sive
1466 1343 1496 1365 de
1507 1344 1587 1366 Altona
1601 1344 1656 1366 Ord.
1668 1345 1757 1373 Pracd„
1769 1344 1819 1367 sive
1830 1345 1860 1368 de
1871 1340 1914 1368 M'e-

1062 1387 1141 1410 -litona.
1158 1388 1231 1411 Etiam
1249 1385 1333 1417 duplex
1350 1390 1531 1413 commentarius
1543 1391 1566 1412 in
1579 1391 1719 1419 SapIentiam
1731 1392 1859 1421 invenitur,
1872 1393 1913 1416 sed

1064 1440 1147 1463 reapse
1164 1438 1199 1458 est
1215 1435 1291 1465 idem,
1308 1439 1404 1465 excepto
1423 1443 1468 1460 uno
1480 1438 1578 1466 prologo
1590 1441 1613 1460 et
1624 1438 1772 1467 inscriptione
1783 1442 1913 1467 auctorum,

1065 1485 1090 1505 ut
1107 1483 1153 1505 iam
1170 1482 1305 1507 observavit
1321 1484 1418 1507 Echard.
1438 1485 1489 1514 (loc.
1507 1486 1543 1508 cit.
1561 1492 1615 1514 pag.
1633 1486 1687 1515 245)
1705 1486 1746 1515 qui
1765 1486 1833 1509 etiam
1852 1488 1914 1510 hunc

1065 1530 1170 1554 codicem
1188 1531 1318 1560 descripsit.
1335 1533 1358 1555 P.
1376 1533 1459 1556 Fidelis
1476 1535 1550 1562 notat,
1568 1534 1667 1557 cundem
1685 1541 1736 1557 esse
1753 1524 1865 1563 scriptum
1882 1535 1914 1558 di-

1065 1578 1139 1601 versis
1157 1578 1272 1602 manibus.

1128 1627 1190 1649 Folio
1207 1627 1244 1650 50.
1262 1634 1281 1650 r.
1298 1628 1321 1650 in
1346 1630 1448 1651 extremo
1466 1629 1572 1656 margine
1588 1629 1721 1657 superiore,
1739 1630 1817 1658 parvis
1834 1630 1913 1654 litteris

1066 1675 1113 1697 rere
1129 1675 1222 1703 deletis,
1240 1675 1316 1699 adhuc
1334 1678 1409 1698 tamen
1427 1676 1559 1704 legibilibus
1576 1677 1681 1706 aprima
1699 1684 1769 1700 manu
1787 1679 1844 1701 sorte
1861 1685 1913 1701 exa-

1065 1722 1120 1744 ratis
1137 1721 1247 1745 habetur:
1264 1722 1343 1753 Super
1360 1717 1507 1753 Sapientiam
1524 1724 1655 1748 secundum
1672 1725 1797 1753 Det-torem
1815 1725 1913 1749 innomi-

1064 1770 1162 1797 natum,
1175 1769 1260 1792 deinde
1272 1770 1351 1792 litteris
1368 1771 1545 1800 grandioribus,
1562 1772 1697 1795 alternative
1714 1772 1791 1795 rubris
1802 1775 1824 1795 et
1836 1778 1913 1794 cacru—

1065 1816 1106 1838 leis
1123 1817 1239 1844 posterius
1255 1817 1394 1840 efformatis:
1410 1817 1507 1841 Postille
1523 1824 1595 1848 super
1608 1818 1755 1848 Sapientiam
1767 1818 1910 1842 Salomonis.

1064 1864 1122 1886 Hinc
1139 1864 1213 1892 prima
1231 1871 1313 1887 manus
1330 1865 1494 1894 prosequitur:
1519 1865 1614 1895 Diligite
1639 1865 1719 1889 lamen
1738 1865 1851 1895 sapientie
1868 1869 1911 1889 etc.

1064 1911 1152 1934 Desinit
1168 1911 1204 1933 sol.
1223 1911 1261 1933 93.
1278 1917 1297 1933 r.
1314 1914 1339 1933 ut
1355 1911 1418 1934 editi.
1444 1912 1523 1934 Postea
1548 1912 1665 1937 adduntur
1690 1912 1805 1940 ipsissima
1825 1899 1910 1941 verba,

1065 1963 1126 1986 quae
1143 1964 1213 1986 supra
1238 1957 1283 1980 sub
1301 1964 1366 1980 uum.
1384 1959 1405 1981 3.
1423 1949 1544 1981 retulimus
1561 1965 1588 1981 ex
1605 1959 1685 1982 codice
1702 1960 1836 1989 Basileensi,
1854 1961 1910 1983 scili-

1065 2006 1115 2027 cet:
1132 2004 1176 2028 Hic
1195 2004 1252 2028 liber
1269 2004 1374 2035 scriptus
1391 2006 1427 2028 est
1439 2011 1502 2028 anno
1514 2004 1544 2028 ab
1556 2005 1647 2035 oriqz'ne
1658 2006 1743 2029 mundi
1753 2005 1834 2032 6462.
1847 2014 1911 2032 anno

1064 2051 1162 2075 Domini
1179 2050 1258 2076 1267.
1275 2052 1328 2074 Post
1345 2053 1402 2074 haec
1416 2049 1458 2074 alia
1479 2058 1561 2075 manus
1573 2058 1632 2075 saec.
1646 2053 1705 2076 XIV.
1717 2054 1818 2078 addidit:
1831 2055 1912 2086 Eoepli-

1065 2097 1097 2121 cit
1113 2097 1205 2121 lectura
1221 2104 1295 2127 super
1313 2097 1401 2121 librum
1426 2097 1544 2129 Sapientia
1560 2099 1691 2123 secandam
1708 2100 1811 2130 fratrent
1828 2102 1910 2126 Nicho-

1066 2147 1132 2170 laum
1148 2145 1176 2169 cle
1195 2146 1300 2170 Gari-am
1316 2144 1344 2175 cle
1361 2145 1444 2169 ordine
1459 2145 1568 2175 fratrum
1584 2147 1775 2172 J’rredicatorum.

1127 2192 1175 2215 Fol.
1194 2192 1245 2214 155.
1262 2199 1280 2214 r.
1293 2192 1372 2221 incipit
1383 2193 1512 2215 secundum
1525 2194 1642 2222 exemplar
1653 2195 1757 2218 ciusdem
1774 2197 1878 2220 Postillae
1891 2198 1912 2221 in

1066 2240 1214 2268 Sapientiam,
1226 2240 1255 2262 de
1267 2246 1312 2269 qna
1325 2240 1348 2262 P.
1361 2240 1443 2263 Fidelis
1455 2240 1545 2263 scribit:
1558 2250 1569 2261 «
1579 2242 1602 2264 In
1614 2243 1735 2271 superiore
1747 2245 1852 2273 margine
1864 2251 1913 2273 par-

1064 2287 1100 2310 vis
1112 2288 1191 2311 litteris
1203 2288 1270 2311 valde
1282 2288 1383 2317 detritis,
1395 2288 1436 2310 sed
1448 2287 1594 2317 legibilibus,
1606 2295 1618 2312 a
1631 2291 1706 2318 prima
1718 2295 1797 2319 manu,
1810 2294 1833 2314 ut
1845 2295 1912 2320 puto:

1065 2335 1143 2365 Super
1161 2335 1304 2365 sapientiam
1320 2335 1452 2359 secundum
1468 2336 1571 2371 fratrom
1588 2336 1735 2361 Gulielmum
1752 2338 1779 2361 cle
1790 2338 1910 2363 Melitona.

1065 2383 1121 2406 Dein
1139 2382 1266 2406 maioribus
1283 2383 1363 2406 litteris
1379 2382 1456 2406 rubris
1472 2386 1495 2406 et
1511 2384 1636 2407 caeruleis:
1658 2384 1758 2408 Postilla
1779 2392 1851 2415 super
1868 2386 1913 2409 Sa—

1061 2429 1177 2460 pientiam
1194 2429 1332 2454 Salomonis·
1343 2438 1366 2453 υ.
1380 2442 1411 2447 -
1424 2431 1513 2453 Tamen
1530 2431 1627 2454 Echard.
1646 2432 1698 2460 (loc.
1712 2432 1759 2461 cit.)
1773 2433 1816 2455 hoc
1829 2432 1911 2455 habet:

1069 2486 1079 2498 α
1092 2478 1226 2501 immediate
1244 2480 1296 2506 post
1312 2478 1457 2506 superiorem
1480 2478 1595 2508 sequitur:
1614 2478 1712 2502 Postilla
1728 2485 1800 2509 snper
1818 2479 1912 2509 Sapien-

1065 2524 1123 2548 tiam
1140 2524 1277 2548 Salomonis
1288 2533 1297 2553 ‚·
1315 2525 1337 2547 in
1355 2525 1460 2553 margine
1482 2532 1538 2548 vero
1563 2526 1684 2554 superiore
1701 2526 1781 2549 litteris
1797 2533 1823 2549 cx
1841 2527 1912 2550 minio

1065 2573 1098 2595 sic
1114 2572 1213 2600 legitur:
1234 2578 1307 2602 super
1324 2572 1473 2602 Sapientiam
1489 2572 1620 2596 seezmdam
1637 2573 1748 2596 Fratrem
1767 2573 1913 2597 Galietmum

1065 2619 1092 2643 de
1109 2619 1196 2643 Altona
1212 2619 1306 2643 ordinis
1324 2620 1441 2643 Fratrum
1458 2619 1647 2644 eredit-ntorum.
1666 2621 1745 2643 Nescio
1762 2621 1815 2650 quis
1832 2624 1910 2649 postea

1062 2666 1110 2689 sub
1127 2668 1172 2689 hoc
1188 2666 1303 2690 vocabulo
1320 2666 1349 2689 de
1365 2666 1453 2690 Alcona
1469 2667 1561 2695 scrIpsit
1584 2667 1612 2690 de
1637 2667 1767 2696 Melitona;
1791 2668 1832 2691 sed
1854 2669 1913 2691 alius

1066 2714 1157 2742 punctIs
1173 2713 1217 2736 sub
1233 2713 1336 2743 quolibet
1353 2714 1425 2736 littera
1442 2714 1538 2737 adiectis
1555 2714 1579 2737 id
1596 2714 1691 2741 delevit,
1708 2721 1762 2737 nam
1781 2715 1799 2737 is
1815 2717 1864 2738 erat
1875 2721 1912 2737 an-

1066 2761 1161 2790 tiquitus
1177 2767 1228 2784 mos
1244 2761 1336 2784 delendi
1353 2767 1399 2784 non
1416 2761 1513 2789 legenda
1532 2761 1553 2784 in
1570 2761 1638 2784 codd.
1653 2762 1698 2784 MS.
1717 2761 1837 2785 vocabulis
1856 2766 1913 2790 pun-

1065 2810 1101 2831 cta
1118 2808 1240 2831 subiicere.
1252 2820 1283 2825 —
1295 2808 1422 2836 Prologus:
1438 2808 1498 2831 Fons
1514 2808 1641 2836 sapientiae
1661 2808 1760 2830 verbum
1779 2808 1817 2830 Dei
1834 2809 1860 2830 in·
1874 2814 1911 2831 ex-

1065 2856 1144 2883 ceIsIs,
1161 2855 1221 2878 Eccli
1237 2856 1256 2878 l.
1270 2855 1425 2884 Sapientiam,
1438 2855 1468 2878 ait
1479 2855 1648 2878 Ecclesiassscus
1665 2855 1707 2884 38,
1724 2854 1800 2878 scribe
1817 2855 1839 2877 in
1856 2853 1911 2877 tem-

1065 2909 1122 2932 pore
1138 2903 1262 2926 nativitatis
1279 2902 1329 2932 (sic)
1342 2911 1380 2925 ιι...
1397 2915 1428 2920 -
1446 2902 1612 2926 Testimonium
1625 2908 1760 2931 expressum
1773 2902 1870 2925 Echardi
1881 2902 1911 2925 de

1065 2950 1109 2973 isto
1125 2950 1219 2973 nomine
1243 2956 1290 2973 non
1312 2952 1347 2973 est
1362 2950 1526 2978 reiiciendum,
1543 2956 1597 2973 cum
1615 2952 1719 2978 tempore
1736 2949 1809 2977 ipsius
1824 2949 1911 2972 litterae

1066 2996 1143 3020 adhuc
1160 2997 1289 3020 distinctius
1305 2997 1351 3025 legi
1368 2999 1475 3026 possent,
1492 2999 1514 3020 et
1530 2996 1685 3025 improbabile
1695 2996 1814 3023 videatur,
1831 2995 1911 3018 Guliel-
