2296 3316
6 1060 81 1090 Triplex
93 1069 136 1088 suh.

3 1103 4 1106 ,
19 1090 88 1117 lim-itas
102 1093 135 1112 do-

19 1116 97 1133 ctrinae.

28 1161 97 1183 Primo,
111 1161 135 1180 de

24 1184 135 1204 sublimibus

925 137 957 166 ΙΝ
978 137 1132 166 ΙΟΑΝΝΕΜ.
1844 141 1897 169 241

234 217 269 244 Et
288 215 424 244 sublimis
444 216 499 244 erit
519 216 603 244 valde
623 223 673 252 per
694 215 859 243 doctrinam
879 223 1000 252 evange-

65 274 134 293 ·remo.
154 262 258 296 licam,
280 263 308 291 iu
329 270 385 299 qua
405 270 500 291 omnes
521 262 588 290 alios
602 262 747 290 antecellit.
771 262 832 290 ldeo
853 265 928 290 recte
949 270 999 290 ex-

154 309 215 346 poni
238 312 327 345 potest
353 309 387 337 de
414 317 447 337 eo
474 309 548 345 quod
575 309 677 337 dicitur
704 309 816 337 Genesis
841 309 998 345 septim0¹:

152 356 361 392 Multiplicatae
380 359 450 383 sunt
470 364 565 393 aquae
585 359 611 383 et
631 355 813 384 elevaverunt
837 363 942 384 arcam
967 356 999 383 in

152 402 273 430 sublime
297 410 317 430 a
338 406 427 430 terra.
452 403 532 430 Arca
554 402 605 430 ista
625 402 722 431 beatus
744 402 872 435 Ioannes,
894 401 921 429 in
943 410 999 438 quo

153 449 287 477 salvatum
309 451 350 477 est
371 456 464 477 semen
487 448 563 477 vei-bi
584 448 678 477 divini.
702 449 805 486 Aquae
819 448 880 476 illae
901 448 999 476 mutti-

149 495 276 533 plicatae
297 498 362 524 suut
382 503 470 532 aquae
492 495 640 531 sapientiae
661 495 805 529 salutaris,
833 503 905 531 quae
927 495 999 523 mul-

153 542 288 579 tiplicatae
308 541 423 570 fuerunt
444 541 471 569 in
493 542 573 570 beato
595 542 709 575 loanne,
731 541 811 578 quia,
834 542 906 570 sicut
933 542 999 570 (licit

151 588 359 625 Augustinus2,
389 599 402 613 «
421 588 525 616 fluenta
553 588 688 624 Evangelii
717 588 750 616 de
780 588 838 624 ipso
869 588 997 616 dominici

152 635 271 672 pectoris
292 634 366 663 fonte
386 634 530 670 potavit».
555 635 622 663 Istae
641 643 728 671 aquae
744 635 892 671 sapientiae
907 635 997 671 ipsum

151 680 333 708 elevaverunt
353 680 384 708 in
404 680 535 714 sublime,
557 688 641 717 super
666 689 761 709 onmes
788 684 911 715 montes,
933 681 998 718 quia

151 727 178 756 in
202 727 345 764 Evangelio
373 727 455 756 altius
483 727 612 756 omnibus
633 731 674 756 cst
696 728 813 757 locutus.
837 728 911 757 Unde
932 728 997 757 dicit

133 766 362 810 ‘Augustinusff
389 785 402 799 a
418 774 443 802 Si
465 774 548 802 altius
570 774 749 809 intonuisset,
780 778 854 803 totus
876 776 998 804 mundus

151 828 250 857 capere
270 829 324 849 nou
346 821 521 857 potuisset».
542 821 593 849 Sed
615 821 680 858 quia
701 821 821 850 doctoris
843 822 998 850 sublimitas

151 867 342 895 manifestatur
363 867 390 895 iu
412 867 580 896 sublimitate
601 868 757 901 doctrinae,
785 871 859 896 recte
887 868 997 896 videtur

150 913 284 942 sublimis
304 914 405 947 valde,
427 914 448 942 si
472 914 607 951 Evangelii
637 915 697 943 eius
725 915 879 943 sublimitas
907 915 997 952 expli-

152 963 239 989 cetur.

232 1007 257 1035 5.
281 1007 488 1044 Intelligendum
503 1011 545 1036 est
560 1008 660 1044 igitur,
676 1009 750 1045 quod
765 1009 857 1045 aliqua
871 1009 997 1037 doctrina

151 1053 253 1082 dicitur
274 1054 416 1087 sublimis,
438 1057 487 1083 aut
507 1055 573 1091 quia
598 1055 631 1083 de
660 1055 826 1084 sublimibus
849 1056 926 1093 affit,
949 1058 997 1084 aut

151 1100 217 1138 quia
237 1101 393 1129 sublimiter
413 1101 558 1138 procedit,
580 1105 628 1130 aut
649 1102 715 1138 quia
735 1102 769 1130 ad
790 1102 917 1130 sublimia
930 1111 996 1139 per-

151 1147 239 1176 ducit.
256 1164 293 1168 —
309 1148 484 1185 Evangelium
508 1148 578 1177 beati
601 1149 707 1177 loannis
726 1149 844 1178 sublime
859 1152 916 1183 est,
931 1149 997 1186 quia

151 1195 185 1224 de
198 1194 362 1224 sublimibus
377 1195 448 1232 ayit,
461 1195 570 1232 quiade
583 1196 672 1224 Verbo
686 1196 828 1224 incarnato
843 1196 995 1224 secundum

151 1245 300 1279 utramque
321 1245 466 1276 naturam,
489 1250 559 1279 quae
581 1243 658 1271 valde
680 1243 812 1272 sublimes
837 1247 917 1277 suut,
939 1251 997 1271 ma-

150 1289 226 1318 xime
253 1289 352 1317 divina.
375 1289 453 1325 Quod
474 1289 543 1318 bene
564 1290 734 1326 exprimitur
757 1290 910 1326 parabolice
934 1290 996 1318 Eze-

150 1336 245 1364 chielis
265 1335 372 1364 decimo
393 1336 508 1372 septimo
519 1336 549 1363 4:
568 1336 643 1365 Haec
658 1337 729 1365 dicit
745 1337 886 1365 Dominus
902 1337 995 1365 Deus:

151 1384 210 1420 qu
231 1391 350 1410 sumam
371 1383 404 1411 de
418 1382 546 1411 medulla
561 1383 641 1411 cedri
653 1383 788 1412 sublimis
798 1407 804 1417 ‚
819 1387 844 1412 ct
855 1384 996 1421 plantabo

148 1438 238 1467 super
262 1433 386 1457 montem
414 1430 557 1458 excelsum
585 1434 609 1458 et
637 1431 822 1465 enzinentem,
844 1431 875 1459 in
903 1435 996 1459 monte

147 1476 269 1513 sublimi
290 1476 389 1505 lsrael.
419 1476 545 1505 Medulla
572 1477 653 1505 cedri
679 1477 813 1505 sublimis
840 1480 881 1506 est
909 1478 997 1506 latens

149 1523 283 1552 Divinitas
304 1523 395 1552 Verbi.
418 1524 492 1552 Hanc
513 1524 647 1560 plautavit
667 1524 742 1552 Deus
764 1525 842 1553 Pater
857 1525 888 1552 in
902 1529 996 1553 monte

148 1569 268 1598 sublimi
295 1570 404 1604 lsrael,
433 1570 499 1607 quia
526 1571 665 1599 humanae
693 1573 810 1599 naturae
837 1571 864 1599 in
886 1571 996 1600 Christo

148 1616 253 1650 univit,
282 1617 328 1653 qui
351 1619 392 1646 est
413 1617 490 1654 lapis
511 1617 659 1646 abscissus
680 1618 714 1646 de
736 1621 829 1646 monte
848 1618 911 1646 sine
930 1627 995 1646 ma—

147 1662 234 1691 nibus
245 1663 265 1691 ⁵.
295 1663 333 1691 De
354 1663 406 1692 hac
427 1664 548 1692 medulla
568 1664 643 1692 cedri
665 1664 791 1693 sublimis
812 1667 854 1693 est
875 1665 995 1702 Evange-

148 1709 217 1738 lium
238 1710 309 1738 beati
332 1710 458 1744 Ioannis;
480 1711 554 1739 unde
576 1711 602 1739 in
624 1711 720 1739 eodem
742 1711 863 1748 capitulo
877 1711 994 1740 dicitur:

149 1756 259 1795 Aquila
285 1757 412 1794 orandis
438 1766 619 1794 magnarum
642 1758 780 1792 alarum,
803 1758 886 1796 lonyo
907 1767 995 1787 mem-

149 1802 271 1831 brorum
292 1804 399 1837 ductu,
411 1803 499 1841 plena
510 1804 623 1841 plumis
643 1808 669 1833 et
688 1806 846 1839 varietate,
865 1806 942 1834 venit
955 1807 995 1835 ad

148 1849 294 1878 Libanum
308 1853 333 1878 et
347 1850 413 1878 tulit
426 1850 583 1879 medullam
594 1851 681 1879 cedri.
696 1852 897 1881 summitatem
911 1852 995 1890 fron-

148 1895 232 1924 dium
253 1896 315 1925 eius
336 1897 446 1925 avulsit
465 1901 491 1926 et
511 1898 724 1935 transportavit
745 1907 809 1927 eam
831 1899 862 1927 in
884 1903 995 1928 terram

150 1942 303 1972 Cbanaan.
320 1944 430 1982 Aquila
442 1945 585 1981 yramlis,
601 1953 651 1982 per
665 1946 787 1975 caritatis
801 1947 974 1976 latitudinem
987 1958 994 1981 ;

147 1998 330 2027 maqnarum
361 1991 499 2026 alarum,
528 2000 577 2028 per
606 1994 845 2030 contemplationis
872 1994 994 2023 altitudi-

148 2044 228 2071 nem;
252 2037 334 2075 lonyo
354 2038 553 2067 membrorum
580 2039 688 2073 ductu,
710 2048 760 2077 per
781 2041 995 2078 exspectationis

212 2221 219 2234 ¹
239 2222 303 2245 Vers.
322 2223 359 2245 1l7.

210 2260 220 2273 ²
237 2261 297 2284 Libr.
316 2263 331 2284 1.
348 2262 378 2285 de
400 2262 518 2285 Consensu
542 2264 681 2292 Evangelist.
698 2271 716 2287 c.
736 2265 756 2288 4.
774 2272 796 2288 n.
813 2266 840 2288 7:
858 2267 900 2295 Qui
920 2266 994 2296 [loan-

147 2300 200 2331 nes]
218 2301 247 2323 de
264 2304 358 2329 pectore
375 2302 449 2330 ipsius
467 2303 582 2325 Domini...
601 2307 716 2327 secretum
729 2304 858 2328 Divinitatis
874 2306 923 2328 eius
940 2306 994 2329 ube-

147 2340 196 2362 rius
212 2343 234 2362 et
250 2340 352 2369 quodam
371 2341 440 2363 modo
459 2342 592 2364 familiarius
605 2342 696 2365 biberit.
712 2344 734 2366 lu
754 2344 848 2367 Praesat.
865 2345 889 2367 in
906 2346 993 2373 Evang.

148 2378 207 2400 loau.
227 2379 302 2407 (cuius
318 2382 397 2402 auctor
417 2380 544 2402 secundum
568 2381 605 2403 ed.
623 2382 716 2404 lllaurin.
735 2383 835 2405 incertus
852 2384 909 2412 est):
926 2384 994 2412 Qui...

147 2417 251 2439 caelestis
268 2418 375 2440 haustum
393 2419 517 2446 sapientiae
539 2420 620 2442 celei-is
640 2422 786 2444 excellentius
803 2422 832 2444 de
849 2422 899 2450 ipso
922 2423 994 2445 domi-

147 2455 191 2477 nici
217 2457 317 2483 pectoris
342 2457 403 2479 sonte
429 2458 517 2485 potavit
534 2458 577 2486 (ila
600 2459 668 2481 etiam
692 2460 765 2487 Beda,
789 2461 811 2483 in
834 2462 895 2484 loan.
915 2462 936 2488 l,
955 2462 994 2490 l.).

147 2494 349 2522 Hieron.,l³r010g.
366 2495 496 2518 Comment.
516 2497 537 2519 in
556 2498 641 2524 Evang.
659 2499 748 2521 Manu:
765 2499 808 2527 Qui
826 2505 898 2527 supra
914 2503 994 2528 pectus

147 2532 238 2555 Domini
255 2533 401 2562 recumbens,
418 2535 541 2562 purissima
561 2537 718 2559 doctrinarum
732 2538 817 2560 fluenta
834 2539 930 2566 potavit.
948 2539 994 2562 Cl'r.

147 2572 249 2594 Breviar.
262 2573 359 2595 Roman.
371 2573 393 2595 in
405 2575 461 2596 sesto
474 2575 497 2597 S.
509 2575 569 2597 loan.
582 2576 628 2601 (27.
640 2576 703 2605 Dec.)
716 2577 828 2605 Respons.
843 2579 864 2600 2.
877 2581 899 2601 et
910 2579 932 2601 8.
944 2579 994 2601 lect.

210 2609 219 2622 ³
236 2612 320 2634 Bonelli
339 2618 380 2640 pro
398 2613 441 2635 hac
458 2614 567 2636 sententia
589 2615 683 2637 adducit
700 2616 829 2645 Lyranum,
846 2617 886 2645 qui
904 2618 925 2639 in
943 2618 995 2640 Pro-

148 2650 201 2677 logo
219 2650 306 2678 Evang.
324 2651 412 2674 loannis
432 2660 443 2671 «
455 2652 491 2675 liis
507 2652 628 2680 ipsissimis
645 2654 767 2682 Augustini
789 2655 867 2678 verbis
889 2656 960 2678 utitur
972 2665 993 2678 n.

148 2689 172 2710 ln
189 2689 225 2711 ed.
243 2690 338 2718 Lyrani,
355 2696 425 2719 quam
449 2696 505 2719 prae
527 2692 634 2714 manibus
660 2693 785 2722 habemus,
803 2694 825 2716 in
843 2696 949 2723 margine
965 2696 994 2718 al-

148 2728 237 2756 legatur
255 2729 334 2751 Tract.
352 2728 373 2752 «t.
390 2729 415 2752 in
431 2730 506 2758 loan.,
523 2731 545 2753 iu
563 2738 610 2760 quo
628 2734 703 2754 tamen
723 2732 794 2756 verba
816 2733 868 2763 ipsa
890 2741 935 2757 non
957 2741 993 2757 oc-

148 2770 258 2795 currunt;
275 2767 322 2789 erui
345 2769 440 2791 sortasse
464 2775 490 2791 ex
516 2770 566 2797 ipso
586 2771 667 2798 poterit
686 2772 812 2800 sententia,
830 2773 883 2801 quia
906 2772 992 2796 ibidem

147 2805 289 2832 Augustinus
306 2806 386 2834 docet,
398 2808 504 2830 loannem
523 2809 543 2830 in
562 2815 604 2831 suo
622 2810 747 2838 Evangelio
764 2812 914 2839 proposuisse
932 2812 993 2834 intel—

147 2844 205 2867 lectu
224 2845 364 2868 difficillima.
381 2845 425 2868 Cl'r.
443 2849 469 2869 tr.
491 2848 523 2870 18,
542 2854 563 2870 n.
585 2849 602 2875 Ι,
621 2851 648 2871 tr.
666 2850 703 2871 20.
720 2855 743 2872 n.
761 2850 782 2879 ὅ,
800 2853 827 2873 tr.
845 2851 882 2873 36.
899 2858 921 2873 n.
942 2852 961 2874 l.

210 2882 219 2894 ⁸
236 2883 301 2905 Vers.
319 2885 356 2906 22.
374 2891 422 2914 seq.

209 2920 219 2934 ⁵
236 2922 292 2944 Dan.
311 2924 336 2952 2,
354 2924 392 2946 34.
409 2927 431 2947 et
450 2925 485 2947 45.
503 2925 547 2948 Csr.
564 2926 669 2954 August..
686 2927 708 2949 in
731 2928 790 2950 loan.
808 2929 897 2957 Evang.
919 2932 947 2952 tr.
972 2930 992 2952 4.

241 2968 266 2992 S.
285 2969 373 2993 Bonav.
384 2983 415 2988 —
428 2972 495 2995 Tom.
513 2973 550 2995 Vl.

1057 215 1274 251 longitudinem;
1294 216 1381 253 plena
1405 217 1516 254 plumis
1544 222 1570 246 ct
1593 217 1749 251 varietate,
1774 225 1822 254 per
1847 218 1901 246 vir—

1056 264 1148 290 tutiun
1171 263 1395 297 multitudinem;
1419 265 1492 292 venit
1513 265 1553 292 ad
1576 265 1736 298 Libanum,
1758 265 1783 293 id
1807 268 1847 293 est
1868 264 1900 293 ad

1056 311 1177 337 montem
1199 310 1334 338 montium
1357 310 1497 339 Christum
1510 311 1520 328 ⁰
1534 322 1540 345 ;
1556 311 1620 339 tulit
1634 311 1792 340 medullam
1807 311 1900 344 cedri,

1056 355 1082 383 id
1103 358 1144 384 est
1172 356 1300 385 latentem
1330 357 1505 387 Divinitatem
1534 358 1634 393 Verbi;
1657 362 1684 387 et
1704 359 1901 387 summitatem

1055 402 1210 439 frondium
1231 404 1357 438 azndsit,
1379 405 1445 441 quia
1459 413 1576 441 operum
1590 405 1748 434 divinorum
1763 405 1901 434 excellen-

1055 448 1121 476 tiam
1149 449 1309 486 descripsit,
1338 451 1409 479 sieut
1435 451 1603 480 nobilissima
1625 452 1759 480 miracula
1779 455 1806 480 et
1827 452 1901 480 altis-

1055 495 1124 523 sima
1150 495 1331 530 documenta,
1360 505 1431 534 quae
1451 498 1496 526 alii
1520 498 1706 535 Evangelistae
1728 498 1899 535 reliquerunt

1055 542 1165 570 intacta.
1188 543 1213 570 Si
1237 543 1321 579 igitur
1343 543 1473 572 Libanus
1494 547 1535 572 est
1556 553 1636 573 mons
1650 545 1723 573 altus
1738 545 1764 573 in
1780 544 1900 574 mundo.

1054 591 1082 617 et
1102 589 1207 617 cedrus
1228 589 1312 618 arbor
1332 590 1387 618 alta
1408 591 1435 618 in
1458 591 1574 625 Libano,
1596 595 1623 620 et
1643 592 1801 620 summitas
1818 590 1901 628 fron-

1054 636 1137 664 dium
1159 636 1292 664 altissima
1312 636 1339 664 iu
1362 636 1462 670 cedro;
1485 637 1582 674 utique
1604 637 1741 674 sequitur⁷
1757 637 1829 674 quod
1852 638 1899 674 qui

1054 683 1252 711 summitatem
1272 681 1427 720 frondium
1447 684 1528 712 cedri
1548 685 1657 713 avulsit
1676 685 1709 713 de
1736 684 1901 713 sublimibus

1055 729 1190 758 tractavit.
1904 751 1906 754 ,

1134 777 1159 804 6.
1182 777 1238 805 Non
1261 780 1368 805 tantum
1396 777 1429 805 de
1455 778 1620 806 sublimibus
1648 779 1725 816 ayil,
1751 779 1797 807 sed
1819 779 2048 826 etianis5÷=1ngo.su=1-

1054 823 1209 851 sublimiter
1228 824 1366 860 procedit.
1389 824 1485 853 Modus
1513 825 1676 861 procedendi
1706 826 1833 854 sublimis
1860 829 1899 854 est
1926 813 2048 850 cffuffrpm'

1053 869 1152 898 modus
1179 870 1389 899 certitudinalis.
1421 871 1483 899 lllae
1511 872 1640 900 scientiae
1661 872 1794 900 dicuntur
1816 872 1900 901 subli-

1053 917 1170 950 miores,
1191 925 1263 954 quae
1284 918 1425 946 certiores.
1443 918 1493 946 lste
1508 919 1608 947 modus
1630 919 1794 956 procedendi
1816 920 1901 948 subli-

1052 963 1104 991 mis
1124 963 1292 993 describitur
1314 965 1462 993 Ezechielis
1490 966 1601 1002 primo⁷
1632 967 1657 994 iu
1686 966 1777 1003 figura
1798 967 1901 994 anima-

1053 1010 1130 1044 lium,
1146 1018 1195 1047 per
1209 1019 1281 1048 quae
1296 1011 1482 1048 Evangelistae
1498 1012 1706 1049 intelliguntur:
1723 1013 1900 1047 Audiebam,

1053 1057 1158 1093 iuquit,
1172 1065 1278 1085 sonum
1292 1058 1412 1086 alarum
1427 1059 1515 1096 quasi
1533 1067 1639 1095 sonum
1661 1068 1813 1098 aquarum
1828 1060 1901 1088 mul-

1053 1107 1170 1138 tarum,
1191 1105 1279 1143 quasi
1297 1113 1404 1133 sonum
1425 1105 1559 1134 sublimis
1577 1107 1634 1134 Dei.
1652 1106 1747 1135 Sonus
1766 1106 1902 1135 sublimis

1055 1151 1107 1179 Dei
1116 1153 1157 1179 est
1168 1152 1377 1186 certitudinalis,
1389 1160 1443 1180 nou
1455 1153 1604 1187 variabilis,
1617 1154 1682 1190 quia
1696 1162 1754 1182 non
1769 1157 1808 1181 est
1826 1154 1902 1182 Deus

1053 1201 1085 1226 ut
1106 1197 1205 1233 bomo,
1227 1203 1258 1227 ut
1279 1199 1470 1227 mentiatu7·⁸.
1500 1200 1561 1228 Ideo
1583 1201 1718 1229 Dominus
1738 1200 1847 1229 dicebat
1868 1201 1901 1229 de

1053 1253 1081 1273 se
1103 1245 1210 1274 loannis
1232 1246 1330 1274 tertio:
1354 1246 1438 1281 Quod
1459 1247 1569 1275 scimus
1595 1247 1744 1285 loquimur
1773 1251 1799 1275 et
1825 1248 1902 1285 quod

1052 1292 1181 1321 vidimus
1210 1296 1358 1321 testamur.
1382 1293 1435 1321 Hoc
1456 1294 1537 1321 modo
1559 1294 1743 1322 certitudinali
1770 1295 1901 1331 loqueba-

1053 1342 1099 1367 tur
1121 1339 1218 1367 beatus
1240 1339 1370 1373 loannes3
1393 1339 1466 1368 unde
1489 1340 1595 1368 loannis
1616 1340 1722 1369 decimo
1741 1349 1827 1369 nono:
1845 1341 1903 1376 Qus

1054 1386 1125 1414 vidit
1152 1386 1348 1414 testimoniium
1374 1385 1538 1422 perbibuit,
1560 1391 1585 1415 et
1617 1388 1811 1416 testimonium
1840 1388 1902 1416 eius

1052 1441 1154 1461 verum
1175 1436 1236 1466 est‚·
1257 1436 1282 1461 ct
1303 1432 1348 1461 ille
1368 1433 1439 1467 scit,
1461 1433 1533 1469 quia
1555 1442 1625 1462 vera
1647 1434 1723 1463 dicit.
1747 1434 1822 1463 Unde
1844 1435 1901 1471 ipse

1051 1479 1117 1508 dicit
1138 1480 1165 1508 in
1187 1480 1277 1516 prima
1298 1480 1428 1508 canonica
1443 1488 1507 1514 sua,
1524 1481 1613 1517 primo
1635 1481 1755 1518 capitulo
1777 1482 1804 1509 in
1826 1482 1901 1518 prin-

1052 1527 1141 1563 cipio:
1165 1526 1249 1562 Quod
1269 1525 1328 1563 fuit
1348 1526 1385 1555 ab
1406 1527 1507 1561 initiO,
1529 1528 1606 1566 quod
1620 1528 1808 1562 audivimus,
1825 1529 1902 1566 quod

1051 1574 1180 1602 vidimus
1202 1573 1293 1601 oeulis
1314 1574 1440 1608 nostris,
1463 1574 1540 1612 quod
1558 1575 1780 1611 perspeximus,
1795 1578 1820 1603 et
1838 1583 1901 1603 ma-

1051 1630 1108 1649 nus
1129 1624 1247 1649 nostrae
1268 1624 1525 1649 contrectaverunt.
1541 1621 1576 1650 de
1602 1622 1690 1650 Verbo
1709 1623 1800 1656 uitae,
1817 1626 1901 1651 testa-

1052 1675 1122 1694 mur
1143 1670 1167 1695 et
1189 1667 1406 1695 annuntiamus
1428 1667 1515 1696 vobis.
1895 1703 1898 1704 .

1130 1715 1156 1741 7.
1179 1714 1237 1741 Non
1258 1713 1347 1742 solum
1371 1713 1527 1742 sublimiter
1546 1715 1692 1751 procedit,
1708 1715 1851 1744 sedetiam
1866 1715 1900 1744 ad
1912 1718 2047 1761 submit?

1051 1760 1180 1789 sublimia
1197 1761 1341 1798 perducit.
1364 1761 1496 1789 Sublimia
1518 1765 1582 1790 sunt
1604 1762 1672 1790 bona
1694 1766 1821 1797 aelerna;
1838 1771 1899 1791 uam
1912 1766 1971 1784 auen.
2007 1748 2016 1766 ῃ

1051 1807 1122 1835 bona
1143 1807 1305 1844 temporalia
1325 1807 1421 1836 infima
1441 1811 1506 1836 suut
1533 1812 1560 1837 et
1590 1812 1798 1840 momentanea:
1827 1810 1900 1838 unde

1051 1854 1188 1882 secundae
1219 1854 1253 1882 ad
1280 1854 1438 1883 Corinthios
1466 1855 1608 1892 quart0⁹z
1638 1856 1672 1884 Id
1700 1856 1777 1894 quod
1802 1860 1843 1884 est
1870 1857 1898 1885 in

1048 1901 1198 1937 praesenti
1224 1904 1458 1930 momentaneum
1485 1905 1510 1929 ct
1538 1902 1595 1931 leue
1623 1902 1823 1931 tribulationis
1850 1912 1900 1932 no-

1051 1952 1146 1981 strae,
1167 1957 1263 1985 supra
1282 1949 1402 1977 modum
1423 1949 1455 1977 in
1475 1949 1652 1978 sublimitate
1674 1953 1826 1978 aeternum
1839 1950 1900 1988 ylo-

1051 1995 1115 2023 riac
1139 1995 1256 2032 pondus
1284 1999 1425 2033 operatur
1453 1996 1484 2024 in
1511 1996 1602 2025 nobis.
1631 1997 1667 2026 Ad
1698 1998 1750 2026 hoc
1777 1997 1900 2026 sublime

1049 2042 1166 2079 pondus
1191 2042 1305 2080 9loriae
1333 2043 1460 2079 perducit
1487 2043 1613 2072 doctrina
1642 2044 1779 2081 Evangelii
1802 2052 1900 2073 secuu-

1051 2234 1074 2250 n.
1091 2228 1112 2250 4.
1129 2231 1152 2250 et
1168 2231 1196 2250 tr.
1213 2228 1235 2250 9.
1253 2234 1276 2250 n.
1294 2228 1330 2250 «15.
1345 2240 1376 2244 —
1393 2228 1445 2257 ἄη.
1463 2229 1527 2251 locus
1544 2232 1578 2251 est
1595 2230 1676 2251 Ezerli.
1698 2229 1730 2254 17.
1750 2230 1771 2253 3.
1789 2236 1837 2258 seq.
1855 2230 1900 2253 Csr.

1051 2267 1154 2294 Gregor..
1173 2267 1256 2289 XXXl.
1279 2267 1357 2289 Moral.
1379 2273 1399 2290 c.
1418 2267 1455 2290 47.
1474 2274 1496 2290 n.
1514 2268 1551 2290 94.
1567 2280 1599 2284 —
1616 2269 1639 2290 ln
1665 2269 1806 2296 expositione
1833 2269 1900 2291 liuius

1051 2308 1124 2328 textus
1143 2311 1184 2333 pro
1204 2311 1249 2334 per
1271 2305 1379 2328 caritatis
1397 2305 1570 2329 latitudinem...
1585 2313 1629 2336 per
1646 2307 1849 2336 contemplationis¹
1867 2307 1901 2330 al-

1051 2344 1174 2367 titudinem
1191 2347 1235 2366 etc.
1252 2345 1346 2372 plurImi
1363 2345 1432 2367 codd.
1448 2351 1508 2374 prae
1525 2345 1633 2368 caritatis
1651 2346 1776 2369 latitudine
1794 2350 1837 2369 etr.

1113 2382 1123 2395 ⁶
1140 2384 1246 2411 August.,
1269 2385 1370 2406 Enarrat.
1397 2385 1419 2406 in
1444 2385 1479 2407 Ps.
1502 2385 1540 2407 87.
1563 2392 1586 2407 n.
1606 2386 1646 2411 lo,
1664 2386 1693 2407 ‹le
1718 2385 1807 2408 Christo
1833 2386 1899 2411 dicit,

1050 2423 1113 2451 quod
1140 2423 1190 2451 ipse
1210 2426 1267 2445 «est
1292 2429 1358 2445 mous
1383 2424 1510 2450 montium,
1533 2425 1587 2452 quia
1612 2425 1640 2446 de
1666 2425 1703 2446 illo
1729 2425 1839 2452 scriplum
1867 2429 1898 2447 est

1052 2461 1114 2491 [lsai.
1133 2463 1160 2489 2,
1178 2461 1223 2491 2.]:
1240 2462 1293 2485 Erit
1309 2462 1333 2485 in
1351 2462 1485 2486 novissimis
1508 2463 1652 2492 temporibus
1673 2462 1813 2494 manifestus
1831 2470 1899 2487 mons

1051 2500 1148 2523 Domini
1163 2502 1267 2530 paratus
1289 2501 1313 2524 in
1336 2501 1459 2525 cacumine
1480 2502 1613 2531 montium,-
1631 2503 1689 2525 sicut
1712 2504 1779 2526 etiam
1804 2504 1899 2526 Suus-tus

1051 2541 1188 2562 Sanctorum
1201 2549 1223 2563 r».

1113 2577 1122 2591 ⁷
1141 2579 1206 2602 Vers.
1225 2580 1267 2602 40:
1284 2580 1414 2603 Similitudo
1437 2584 1513 2603 autem
1532 2582 1609 2604 vultus
1630 2588 1724 2610 corum,
1743 2583 1810 2605 facies
1829 2583 1899 2605 homi-

1050 2618 1086 2641 nis
1102 2621 1125 2641 et
1141 2619 1210 2641 facies
1228 2616 1299 2642 leonis
1316 2621 1360 2642 etc.
1374 2619 1434 2652 lbid.
1450 2626 1473 2641 v.
1492 2620 1529 2643 24.
1547 2623 1580 2643 est
1597 2627 1645 2650 seq.
1658 2622 1728 2644 locus.
1744 2621 1789 2644 Ctr.
1803 2622 1899 2650 Gregor.

1051 2658 1073 2680 in
1095 2659 1137 2681 hos
1160 2659 1230 2681 locos.
1246 2671 1278 2675 —
1295 2659 1407 2687 Superius
1429 2666 1472 2687 pro
1490 2659 1518 2682 de
1539 2659 1680 2683 sublimibus
1697 2662 1713 2682 Α
1725 2662 1740 2683 B
1751 2662 1768 2683 G
1779 2663 1784 2684 1
1796 2662 1813 2683 Κ
1826 2663 1841 2684 L
1852 2662 1869 2684 M
1880 2662 1897 2683 Ο

1050 2697 1078 2720 de
1094 2697 1282 2721 sublimioribus.

1113 2736 1122 2748 ⁸
1139 2738 1207 2759 Num.
1224 2738 1266 2764 23,
1288 2738 1325 2765 19,
1343 2737 1383 2760 ubi
1401 2744 1444 2766 pro
1461 2740 1488 2761 ut
1504 2738 1573 2761 homo
1587 2740 1683 2767 Vulgata
1697 2739 1856 2769 quasiltomo.
1868 2753 1898 2757 —

1051 2775 1108 2798 Tres
1130 2782 1195 2804 seqq.
1219 2776 1262 2798 loci
1279 2779 1332 2798 suut
1349 2778 1410 2799 loan.
1428 2777 1453 2804 3,
1473 2777 1514 2805 ll3
1533 2778 1575 2804 49,
1593 2778 1630 2800 35.
1647 2781 1669 2800 et
1688 2779 1701 2800 l.
1724 2779 1746 2805 l,
1768 2779 1784 2800 l.
1803 2785 1850 2807 seq.
1867 2791 1898 2795 -

1050 2815 1162 2842 Superius
1179 2821 1222 2842 pro
1239 2815 1419 2843 certitudinem,
1432 2822 1479 2839 non
1495 2816 1618 2839 variabilis
1632 2817 1669 2839 od.
1682 2817 1836 2844 certitudinis,
1849 2823 1896 2840 non

1049 2853 1179 2876 varietatis.

1112 2890 1122 2903 ⁹
1139 2892 1204 2915 Vers.
1224 2893 1264 2919 17,
1281 2893 1304 2915 in
1322 2900 1369 2922 quo
1387 2896 1448 2916 textu
1467 2895 1531 2917 multi
1548 2895 1616 2917 codd.
1629 2895 1734 2917 omittunt
1752 2896 1861 2922 nostrae,
1876 2898 1895 2916 e(

1049 2930 1191 2953 substituunt
1208 2931 1345 2960 operabitur
1363 2939 1405 2960 pro
1423 2935 1544 2963 operatur.
