2296 3316
276 445 344 463 Aliter.

213 1717 243 1736 De
258 1719 311 1741 parte
325 1717 342 1735 ⁹2.

362 172 399 200 48
950 169 1121 197 COMMENT.
1146 168 1177 196 ΙΝ
1200 167 1437 197 ECCLESIASTEN
1458 167 1486 196 C.
1509 167 1539 196 V.

361 249 522 287 congregari
534 249 592 278 sine
608 248 680 277 malo
695 251 721 277 et
734 256 843 285 poenae
857 250 884 276 et
895 247 1015 284 calpae;
1031 246 1211 276 Ecclesiastici

363 296 502 333 trigesimo
523 296 651 333 primo²z
686 295 810 323 «Beatus
838 295 897 329 vir,
929 295 978 332 qui
1011 294 1140 323 inventus
1171 295 1213 322 est

360 344 419 372 sine
441 343 565 376 macula,
588 345 614 371 et
636 342 684 379 qui
706 345 768 379 post
788 350 891 370 aurum
913 350 967 370 non
988 341 1055 370 abiit
1077 349 1126 370 nec
1151 348 1212 378 spe-

363 391 435 419 ravit
456 390 483 418 in
505 390 639 427 pecuniae
661 389 808 418 thesauris.
831 389 898 425 Quis
920 392 961 418 est
983 389 1048 417 hic?
1069 392 1096 417 et
1118 387 1213 427 lauda-

362 438 454 467 bimus
476 445 557 470 eum;
580 436 643 465 fecit
662 437 735 466 enim
757 436 894 465 mirabilia
915 436 942 465 in
965 436 1021 464 vita
1036 444 1086 465 sua
1101 447 1127 464 ».
1151 436 1212 464 Vel:

360 485 392 513 in
412 484 539 517 medum,
562 484 666 512 faciunt
687 483 761 512 enim
783 483 923 512 hominem
945 483 1040 512 venire
1061 482 1089 511 in
1108 482 1214 511 malum

356 540 484 569 poenae,-
506 531 594 559 lacobi
615 531 728 568 quinto:
756 542 768 555 «
784 530 859 568 Agite
874 538 962 565 nunc,
977 530 1091 564 divites,
1108 530 1214 566 plorate

359 579 499 608 ululantes
514 579 542 607 in
558 578 692 612 miserm,
715 586 786 615 quae
800 578 947 607 advenient
962 577 1040 606 vobis
1052 589 1078 605 ».
1098 577 1216 605 Domini

359 627 424 660 sai,
447 626 531 654 inimo
553 625 705 654 secundum
730 633 787 654 rem
809 625 904 659 servi,
926 625 992 662 quia
1013 625 1130 653 avaritia
1151 624 1214 653 facit

360 681 476 702 avarum
498 681 627 707 servum;
650 672 724 701 unde
745 672 779 701 ad
801 672 932 709 Ephesios
954 672 1091 709 quint02:
1119 683 1132 696 «
1147 672 1215 699 Ava-

361 721 439 755 ritia,
460 728 532 758 quae
553 724 594 749 est
616 720 753 748 idolorum
775 719 938 748 servitus».
956 724 991 740 —'-
1008 719 1072 753 Hae,
1086 719 1213 756 inquam,

359 772 481 806 pereant
508 768 537 796 in
568 767 726 804 afflictione
751 767 898 804 pessima,
927 766 993 804 quia
1024 774 1136 796 necesse
1157 768 1213 800 est,

360 816 434 853 quod
456 816 513 852 ipse
536 823 598 844 cum
631 815 726 843 dolore
754 822 801 843 eas
832 815 987 851 relinquat;
1015 814 1061 843 lob
1082 806 1215 851 vigesimo

361 863 489 900 septimo:
518 863 643 896 «Dives,
666 870 730 891 cum
758 862 917 895 dormierit,
944 862 1012 890 nihil
1041 869 1135 890 secum
1165 869 1215 890 au-

360 910 430 939 feret
445 922 471 938 ».
487 910 539 939 Nec
553 912 660 938 tantum
676 909 884 947 relinquuntur
899 917 914 937 a
929 908 1053 942 domino,
1069 908 1115 937 sed
1132 908 1214 937 etiam

361 957 541 986 amittuntur
562 965 578 985 a
599 956 670 987 filio.
693 956 767 985 unde
789 956 897 984 subdit:
924 956 1080 984 Gener-avit
1100 955 1213 992 fitium,

361 1005 412 1043 qai
434 1005 463 1033 in
484 1012 603 1032 samma
624 1007 745 1041 egestate
765 1003 828 1031 erit.
853 1003 898 1032 Est
919 1006 1026 1039 egestas
1051 1010 1168 1036 summa,
1189 1005 1216 1031 et

361 1053 427 1081 haec
450 1052 587 1080 bonorum
608 1051 749 1084 omnium,
765 1050 798 1079 (le
813 1058 869 1087 qua
886 1050 1101 1079 Proverbiorum
1117 1052 1214 1078 sexto:

365 1112 378 1124 «
393 1100 490 1128 Veniet
506 1102 636 1135 tanquam
656 1098 745 1127 viator
766 1100 873 1135 egestas
888 1110 901 1122 »
925 1100 976 1126 etc.
993 1114 1029 1118 —-
1043 1097 1073 1125 Et
1090 1097 1129 1125 sic
1146 1096 1216 1125 divi-

360 1147 413 1175 tiae
435 1149 613 1175 conservatae
628 1154 682 1174 non
695 1145 705 1162 ³
725 1145 935 1183 relinqa'ztntar
957 1144 1050 1173 heredi
1068 1151 1118 1172 nec
1133 1144 1216 1172 etiam

360 1193 495 1231 asportari
517 1201 533 1221 a
555 1200 711 1230 possessore
738 1195 873 1229 possunt;
896 1191 969 1220 unde
1002 1191 1110 1220 subdit:
1134 1191 1217 1219 Sicut

360 1249 493 1279 eyressus
507 1244 549 1268 est
569 1240 669 1269 aindas
690 1239 724 1268 de
738 1243 821 1268 utero
836 1239 943 1267 macris
957 1247 1046 1271 suae,
1061 1238 1104 1266 sic
1121 1246 1216 1266 reuer-

362 1291 453 1321 tetur,
469 1296 523 1316 non
539 1288 565 1315 in
581 1289 710 1320 uterum,
726 1286 773 1315 sed
789 1286 816 1314 in
832 1289 946 1314 terram.
964 1286 999 1313 Et
1013 1284 1088 1313 nihil
1102 1283 1216 1321 auferet

354 1344 457 1364 vsecam
473 1335 506 1363 de
521 1334 619 1362 labore
633 1342 705 1366 szt0‚·
726 1333 770 1362 lob
785 1333 877 1370 primo
888 1333 915 1361 4:
943 1344 955 1357 «
972 1332 1068 1361 Nudus
1086 1340 1216 1368 egressus

361 1391 422 1412 sum
444 1382 477 1411 de
499 1385 580 1410 utero
601 1381 698 1410 matris
720 1389 810 1414 meae,
839 1380 932 1409 nudus
958 1382 1084 1409 revertar
1106 1380 1214 1408 illuc».

361 1447 398 1452 -
421 1430 451 1458 Et
474 1430 525 1458 hoc
547 1429 625 1458 valde
646 1429 810 1461 dolendum:
827 1428 900 1457 unde
915 1428 1023 1457 subdit:
1041 1427 1216 1456 Miserabilis

357 1486 486 1515 prorsus
509 1476 686 1513 infirmitas:
709 1476 852 1515 quomodo
874 1476 966 1509 vertit,
982 1476 1025 1504 sic
1040 1478 1216 1507 revertetur,-

360 1525 434 1554 unde
456 1525 561 1562 primae
592 1524 626 1552 ad
655 1524 830 1553 Timotheum
854 1524 967 1552 ultimo:
995 1535 1008 1548 α
1024 1523 1096 1551 Nihil
1122 1522 1216 1551 intuli*

361 1581 424 1601 mus
446 1573 472 1600 in
494 1572 569 1600 hunc
592 1572 744 1605 mundum,
768 1571 841 1599 haud
863 1571 995 1604 dubium,
1012 1570 1086 1607 quod
1102 1578 1151 1599 nec
1166 1578 1215 1598 au-

361 1621 434 1649 ferre
456 1620 523 1656 quid
546 1627 695 1656 possumus
710 1631 737 1647 ».

441 1668 529 1704 (Vers.
556 1668 598 1695 15.
618 1668 683 1699 ld).
702 1666 780 1702 Quid
794 1674 862 1703 erqo
874 1664 1016 1702 prodest?
1032 1665 1077 1693 Hic
1094 1664 1216 1693 secundo

361 1714 543 1752 reprehendit
563 1713 788 1742 sollicitudinem
808 1712 950 1750 augendae
972 1712 1105 1749 pecuniae
1126 1712 1216 1740 eonsi-

360 1762 501 1791 deratione
523 1761 652 1798 egestatis
673 1762 911 1797 superventurae;
934 1759 1007 1787 unde
1030 1759 1112 1787 infert
1137 1758 1215 1795 quasi

361 1817 397 1838 ex
418 1808 579 1846 praedictis,
602 1807 676 1844 quod
698 1815 800 1835 vanum
815 1810 855 1835 est
878 1806 905 1834 in
928 1806 1010 1834 tantis
1030 1806 1173 1834 laboribus
1188 1814 1216 1834 se

360 1856 483 1893 affligere
504 1855 530 1883 in
554 1863 649 1883 rerum
672 1854 862 1891 acquisitione.
885 1853 947 1882 ldeo
961 1853 1039 1882 dicit:
1057 1853 1135 1888 Quid
1148 1861 1217 1890 erqo

358 1903 476 1941 prodest
497 1903 536 1936 ei,
559 1902 662 1931 scilicet
690 1902 768 1930 diviti
797 1909 896 1935 avaro,
919 1901 996 1939 quod
1018 1900 1165 1929 laborabit
1185 1901 1217 1928 in

360 1950 501 1979 ventum?
522 1950 548 1978 id
571 1953 624 1984 est,
647 1950 674 1978 in
691 1957 810 1983 vanum,
833 1949 853 1978 si
877 1949 914 1977 ita
935 1952 992 1981 est,
1015 1948 1089 1985 quod
1117 1960 1130 1973 «
1145 1948 1217 1977 sicut

362 1997 454 2026 nudus
475 2005 604 2034 egressus
619 1997 652 2026 de
674 2000 769 2031 utero,
791 1996 885 2025 nudus
905 1998 1092 2024 revertetur»
1113 1998 1140 2024 et
1158 1995 1216 2031 ipse

361 2048 388 2073 et
409 2045 495 2078 filius,
527 2045 605 2082 quasi
638 2044 726 2073 dicat:
748 2044 826 2072 nihil.
851 2044 998 2080 Propterea
1020 2043 1047 2071 in
1070 2042 1215 2071 Psalmo⁵t

366 2092 450 2120 «Filii
477 2092 637 2123 hominum,
666 2099 814 2128 usquequo
845 2091 921 2128 gravi
952 2090 1056 2118 corde?
1089 2090 1122 2118 Ut
1149 2089 1216 2126 quid

361 2139 473 2176 diligitis
495 2139 643 2167 vanitatem
665 2141 692 2167 et
707 2138 841 2175 quaeritis
856 2137 1030 2167 mendacium
1046 2140 1078 2165 »?
1100 2136 1216 2165 Divitiae

363 2189 444 2215 vento
465 2188 662 2222 comparantur
691 2188 805 2222 propter
835 2185 1000 2218 vanitatem3
1023 2184 1096 2212 unde
1126 2184 1216 2212 Eccle-

362 2233 462 2262 siastici
478 2233 620 2270 trigesimo
634 2236 748 2270 quarto:
770 2233 877 2269 «Quasi
893 2233 940 2269 qui
956 2232 1141 2269 apprehendit
1156 2239 1216 2259 um-

363 2281 441 2309 bram
464 2284 491 2309 et
513 2280 692 2317 persequitur
714 2283 844 2314 ventum,
867 2280 905 2308 sic
927 2283 954 2308 et
975 2280 1023 2316 qui
1045 2279 1162 2308 attendit
1182 2279 1216 2307 ad

364 2329 421 2357 visa
442 2328 583 2357 mendacia
598 2339 624 2362 »;
648 2327 794 2356 laboravit
808 2336 875 2365 ergo
890 2328 921 2356 in
938 2331 1069 2360 uentum,
1092 2335 1155 2355 cum
1179 2326 1217 2354 la-

363 2376 471 2405 boravit
492 2384 543 2412 pro
563 2375 666 2404 divitiis
687 2375 873 2412 acquirendis.
890 2392 929 2395 —
944 2374 976 2402 Et
996 2374 1090 2403 subdit
1112 2374 1217 2410 magni-

362 2423 486 2452 tudinem
509 2423 625 2451 laboris:
650 2422 769 2451 Cunctis
790 2422 891 2451 diebus
911 2422 988 2450 vitae
1008 2430 1081 2449 suae
1096 2421 1218 2449 comedit

363 2470 394 2498 in
415 2470 553 2504 tenebris,
576 2473 689 2507 propter
705 2470 898 2502 solitudinem:
915 2473 939 2497 et
961 2469 992 2497 in
1008 2469 1091 2497 euris
1105 2469 1216 2502 multis,

363 2520 476 2554 propter
498 2517 724 2550 sollicitudinem
746 2520 770 2545 et
792 2517 824 2545 in
844 2525 1008 2550 aerumna,
1033 2519 1146 2552 propter
1168 2523 1217 2544 ox-

364 2572 512 2601 pensarum
536 2564 711 2598 tenuitatem:
733 2567 757 2592 et
779 2564 918 2598 tristicia,
941 2566 1055 2601 propter
1081 2571 1217 2600 expensa-

427 2705 435 2718 ¹
454 2706 519 2728 Vers.
538 2707 558 2728 8.
572 2707 598 2728 9:
611 2707 694 2729 Beatus
707 2706 785 2734 dives,
797 2706 861 2735 qui...
874 2707 895 2728 in
909 2707 1005 2734 pecunia
1018 2709 1040 2728 et
1053 2706 1166 2729 thesauris
1176 2709 1220 2728 etc.

364 2758 395 2762 —
413 2746 520 2774 Sequitur
538 2746 580 2771 lac.
598 2746 625 2772 5,
647 2746 665 2772 l,
684 2745 722 2768 ubi
742 2746 840 2773 Vulgata
858 2750 910 2774 post
926 2745 1029 2769 vacheriis
1047 2746 1111 2768 addit
1129 2746 1220 2769 vestris.

427 2783 436 2796 ²
456 2785 520 2806 Vers.
533 2785 559 2806 5.
572 2785 616 2807 Aut
627 2791 724 2812 avarus,
733 2785 797 2813 quod
807 2788 842 2807 est
850 2788 894 2808 etc.
904 2797 932 2801 --
944 2786 1076 2814 Sequuntur
1086 2785 1124 2807 lob
1135 2785 1171 2813 27,
1183 2786 1220 2807 19.

365 2827 387 2846 et
409 2825 476 2846 Prov.
495 2825 521 2851 6,
543 2825 563 2846 ll
576 2832 581 2846 ε
595 2825 620 2847 Et
633 2825 709 2847 ieniet
720 2824 761 2847 tibi
773 2825 840 2853 quasi
861 2825 935 2847 viator
956 2828 1048 2853 egestas
1060 2827 1102 2847 etc.
1119 2838 1150 2841 —
1167 2825 1221 2847 l’ost

365 2868 461 2885 servum
480 2864 495 2885 Ε
512 2863 575 2885 addit
593 2862 688 2886 diaboli.

428 2900 438 2913 ³
456 2903 485 2924 Ex
503 2903 519 2924 E
537 2903 700 2930 supplevimus
717 2909 773 2926 nou.
791 2904 877 2925 Sensus
894 2903 1049 2926 estzdivitiae
1062 2909 1073 2925 a
1087 2906 1151 2931 patre
1164 2909 1218 2926 cou-

366 2944 472 2963 servatae
497 2945 518 2963 et
536 2941 581 2964 tilio
599 2942 691 2964 relictae
713 2941 743 2964 ab
766 2944 810 2965 hoe
833 2942 968 2965 amittuntur
990 2949 1031 2964 nec
1055 2943 1132 2964 heredi
1151 2942 1219 2964 relin-

365 2983 476 3009 (linimur.

700 2980 709 2993 ⁴
727 2982 793 3004 Vers.
810 2982 847 3004 21.
865 2994 896 2998 —
914 2982 1023 3011 Sequitur
1041 2982 1055 3004 l.
1073 2982 1133 3004 Tim.
1151 2982 1178 3008 6,
1195 2982 1218 3004 7.
1246 2953 1248 3009 Ι

1270 254 1334 275 rum
1355 246 1554 275 necessitatem.
1574 246 1713 274 'l'ristatur
1732 246 1821 280 enim,
1842 246 1908 283 quia
1928 248 2038 283 oportet
2058 254 2122 275 eum

1269 293 1337 331 quid
1351 293 1532 327 manducare;
1549 293 1728 322 Ecclesiastici
1744 293 1851 322 decimo
1865 296 1965 330 quarto
1976 293 2001 321 ⁶:
2026 305 2039 319 «
2050 293 2123 322 Ocu-

1270 341 1314 369 lus
1335 348 1455 377 nequam
1477 343 1505 369 et
1526 340 1637 369 invidus
1657 348 1712 368 non
1733 340 1879 369 satiabitur
1900 348 1983 377 pane,
2005 344 2033 369 et
2054 340 2123 369 indi-

1270 395 1337 424 gens
1358 387 1386 415 in
1409 387 1519 416 tristitia
1540 387 1593 416 erit
1615 395 1699 424 super
1721 395 1844 417 mensam
1866 395 1984 416 suam».
2006 387 2123 416 Divitiae

1270 434 1388 468 faciunt,
1411 434 1550 463 hominem
1578 442 1638 463 esse
1667 435 1694 463 in
1726 435 1803 463 curis
1831 437 1858 464 et
1878 435 2036 470 aerumnis;
2058 435 2124 472 quia

1271 482 1399 510 Matthaei
1420 481 1526 510 decimo
1548 482 1642 511 tertio:
1663 494 1677 507 «
1692 482 1852 511 Sollicitudo
1874 482 1959 511 huius
1980 483 2081 512 saeculi
2097 486 2124 511 et

1271 528 1378 557 fallacia
1398 528 1558 557 divitiarum
1580 529 1697 558 suffocat
1717 529 1835 558 verbum
1852 540 1879 557 ».

1350 576 1439 612 (Vers.
1466 577 1509 604 17.
1538 577 1579 604 18.
1612 576 1677 611 ta).
1708 577 1769 605 Hoc·
1797 576 1896 614 itaque
1923 575 1997 605 milii
2027 576 2272 626 visumneuanea

1271 626 1319 651 est.
1343 622 1389 651 Hic
1419 623 1499 651 tertio
1528 623 1710 652 commendat
1740 622 1914 660 fruitionem
1946 622 2071 651 laetitiae
2096 623 2124 652 in

1271 669 1480 698 detestationem
1501 669 1657 698 afflictionis
1678 670 1818 698 avaritiae.
1841 670 1911 706 Quia
1931 669 2005 699 enim
2023 678 2126 699 avarus

1272 725 1301 746 se
1321 716 1433 754 affligit,
1455 720 1482 746 et
1503 717 1572 746 nihil
1593 717 1618 746 ei
1640 717 1767 754 prodest;
1783 717 1844 746 ideo
1858 717 1963 746 bonum
1978 717 2069 746 visum
2084 720 2126 746 est

1272 765 1323 794 sibi
1345 764 1503 799 coniedere3
1526 768 1553 794 et
1574 768 1724 802 propterea
1750 764 1828 793 dicit:
1852 765 1912 793 Hoc
1933 764 2032 803 itaque
2052 763 2127 793 milti

1271 812 1369 840 visum
1390 817 1431 840 est
1453 812 1577 846 bonum,
1599 815 1634 840 ut
1653 812 1786 841 comedat
1806 812 1873 850 quis
1887 815 1914 840 et
1927 811 2022 846 bibat,
2038 819 2126 849 quan-

1272 863 1331 888 tum
1353 859 1387 888 ad
1408 859 1608 888 iucunditatem
1630 859 1800 888 exteriorem
1812 870 1821 893 ;
1849 863 1875 888 et
1898 858 2025 897 fimatur
2047 859 2126 887 laeti-

1273 907 1316 935 tia
1337 915 1372 935 ex
1393 906 1491 936 labore
1511 915 1583 940 suo,
1599 915 1655 945 qao
1677 906 1823 935 laboravit
1843 906 1897 935 sub
1912 906 1986 940 sole;
2002 906 2126 940 laetitia,

1272 956 1409 991 quantum
1431 954 1465 982 ad
1497 954 1697 983 iucunditatem
1720 954 1897 988 interiore1n;
1920 957 1947 983 et
1968 954 2036 988 hoc,
2057 953 2125 982 dum

1273 1004 1377 1038 potest;
1400 1002 1474 1030 unde
1495 1005 1522 1030 et
1544 1001 1652 1030 subdit:
1676 1001 1806 1030 Numero
1821 1001 1938 1030 dierum
1952 1001 2030 1030 vitae
2043 1009 2126 1035 suae,

1273 1057 1344 1086 quos
1366 1048 1444 1077 dedit
1464 1049 1491 1077 ei
1513 1049 1603 1083 Deus,
1626 1048 1705 1085 quasi
1728 1056 1782 1077 non
1804 1050 1948 1085 exspectet
1968 1048 2043 1077 aliud
2058 1051 2127 1077 tem-

1273 1103 1334 1132 pus.
1359 1096 1393 1123 Et
1415 1095 1484 1124 haec
1505 1099 1546 1124 est
1563 1104 1640 1132 pars
1663 1096 1750 1124 illias.
1774 1096 1813 1124 De
1834 1095 1878 1124 his
1899 1095 2028 1124 omnibus
2044 1095 2127 1124 Isaiae.

1273 1142 1406 1179 vigesimo
1428 1142 1584 1171 secundo⁷:
1613 1142 1705 1171 «Ecce
1726 1142 1859 1179 gaudium
1881 1145 1908 1171 et
1923 1142 2026 1171 laetitia
2047 1142 2127 1179 iugu-

1274 1189 1331 1217 lare
1352 1189 1468 1223 arietes,
1490 1189 1635 1218 comedere
1649 1197 1747 1218 carues
1762 1192 1789 1219 et
1804 1189 1898 1218 bibere
1920 1189 2032 1223 vinum,
2054 1197 2128 1218 com-

1273 1236 1389 1265 edamus
1417 1239 1444 1265 et
1471 1237 1612 1271 bibamus:
1641 1245 1703 1266 cras
1731 1237 1804 1266 enim
1830 1237 2026 1271 moriemur»,
2048 1237 2126 1274 quasi

1273 1284 1320 1312 illa
1341 1284 1376 1313 sit
1397 1293 1474 1321 pars:
1492 1300 1532 1304 —
1554 1285 1585 1313 Et
1608 1285 1678 1313 hanc
1699 1284 1947 1314 considerationem
1976 1284 2127 1322 approbat,

1274 1332 1352 1369 quasi
1375 1332 1481 1368 placeat
1504 1333 1574 1366 De03
1597 1332 1671 1360 unde
1693 1335 1720 1360 et
1735 1331 1844 1361 subdit:
1861 1333 1897 1360 Ec
1911 1332 1992 1361 omni
2006 1331 2128 1366 bomini,

1274 1379 1324 1407 cui
1343 1379 1422 1407 dedit
1445 1379 1521 1407 Dens
1541 1379 1741 1408 substantiam
1762 1383 1788 1408 et
1808 1379 1950 1412 diviciae,-
1972 1379 2040 1408 haec
2054 1379 2128 1408 enim

1273 1435 1289 1455 a
1304 1426 1360 1455 Deo
1375 1429 1455 1460 sunt;
1471 1427 1545 1455 unde
1561 1427 1742 1456 Ecclesiastici
1764 1426 1910 1456 undecimo
1921 1426 1932 1443 Β
1947 1438 1952 1455 :
1980 1439 1993 1452 «
2009 1427 2082 1456 Bona
2102 1430 2129 1456 et

1273 1474 1361 1508 mala,
1383 1474 1440 1502 vita
1470 1477 1497 1502 et
1525 1482 1616 1507 mors,
1639 1476 1789 1511 paupertas
1816 1477 1843 1502 et
1875 1474 2005 1503 honestas
2036 1482 2052 1503 a
2073 1474 2129 1503 Deo

1273 1523 1377 1549 sunt».
1402 1521 1629 1559 Potestatenzqae
1650 1521 1677 1549 ei
1697 1520 1814 1555 tribuit,
1830 1525 1863 1549 at
1877 1521 2008 1550 comedat
2022 1529 2057 1549 ex
2071 1521 2128 1555 θεὶς,

1273 1568 1400 1597 exterius
1427 1568 1602 1603 delectando:
1625 1572 1651 1596 et
1681 1568 1809 1606 fruatur
1838 1572 1925 1606 parte
1946 1577 2020 1603 saa,
2044 1569 2071 1597 in
2096 1568 2130 1596 iis

1273 1616 1455 1653 quiescendo3
1478 1619 1503 1644 et
1524 1616 1646 1644 laetetur
1668 1616 1701 1644 de
1722 1615 1833 1650 labore,
1855 1616 2009 1653 gaudenter
2034 1616 2129 1653 acqui-

1273 1663 1325 1692 sita
1345 1663 1519 1700 exponendo.
1543 1664 1604 1691 Hoc
1625 1664 1734 1692 (tonum
1758 1664 1812 1692 Dei
1832 1667 1882 1697 est,
1899 1664 1966 1692 haec
1988 1663 2061 1692 enim
2081 1671 2129 1700 po—

1273 1713 1357 1739 testas
1379 1719 1394 1738 a
1416 1711 1487 1744 Deo:
1511 1711 1576 1747 quia
1598 1711 1705 1739 loannis
1719 1711 1827 1739 decimo
1842 1711 1952 1748 quinto:
1981 1711 2071 1740 «Sine
2085 1718 2129 1739 me

1273 1757 1342 1785 nihil
1363 1757 1478 1793 potestis
1499 1758 1588 1786 facere
1604 1769 1630 1785 ».
1654 1758 1685 1786 Et
1707 1758 1781 1795 quod
1802 1758 1836 1787 sit
1857 1766 1990 1795 magnum
2011 1758 2129 1792 donum,

1274 1805 1408 1838 ostendit,
1431 1805 1498 1842 quia
1519 1805 1661 1834 cruciatus
1683 1813 1818 1833 curarum
1846 1808 1873 1834 et
1894 1805 2129 1840 sollicitudinum,

1274 1860 1345 1889 quae
1367 1850 1432 1881 sunt
1454 1861 1568 1890 magnae
1591 1861 1706 1889 poenae,
1730 1860 1779 1889 per
1801 1853 1913 1882 delicias
1928 1855 2128 1890 temperantur.

1275 1899 1336 1928 ldeo
1357 1900 1466 1929 subdit:
1490 1900 1559 1928 bene
1590 1900 1663 1933 dico,
1696 1900 1769 1937 quod
1798 1901 1909 1929 donum
1941 1900 1994 1928 Dei
2024 1903 2080 1934 est,
2102 1899 2129 1928 in

1274 1950 1410 1984 quantum
1426 1957 1441 1976 a
1463 1948 1635 1977 cruciatibus
1649 1948 1781 1977 avaritiae
1797 1948 1903 1977 liberat.
1919 1965 1959 1969 -
1974 1947 2039 1976 Non
2053 1947 2130 1976 enini

1273 1996 1347 2024 satis
1369 1995 1575 2024 recordabitur
1596 1996 1712 2024 dieram
1737 1996 1815 2024 vitae
1835 2004 1928 2030 stiae,
1951 1995 1977 2023 id
1999 1998 2053 2029 est,
2075 2003 2129 2023 non

1274 2043 1394 2071 multum
1416 2043 1556 2079 affligetur
1578 2043 1666 2077 curis,
1689 2051 1760 2080 quae
1782 2046 1907 2080 spectant
1928 2043 1962 2071 ad
1984 2043 2084 2077 vitam;
2099 2050 2130 2070 eo

1274 2091 1351 2129 qaod
1374 2091 1450 2119 Dens
1472 2094 1589 2128 occupet
1609 2099 1660 2118 cor
1682 2091 1744 2119 eius
1766 2090 1894 2124 deliciis,
1923 2098 1976 2118 non
1999 2090 2131 2127 spiritua-

1275 2137 1363 2171 libuS‚
1385 2138 1418 2166 de
1440 2138 1544 2175 quibus
1567 2138 1593 2166 in
1615 2138 1718 2166 Cantici
1742 2138 1898 2174 septim00:
1929 2149 1942 2163 «
1957 2138 2046 2174 Quam
2068 2137 2130 2174 pul-

1274 2193 1322 2213 cra
1342 2193 1371 2213 es
1393 2188 1420 2213 et
1439 2193 1522 2222 quain
1545 2186 1658 2219 decora,
1681 2185 1838 2219 carissima,
1862 2186 1888 2213 in
1914 2185 2019 2214 deliciis
2033 2187 2060 2214 »ἔ
2083 2185 2129 2214 sed

1274 2232 1445 2266 carnalibus,
1477 2232 1511 2260 de
1542 2232 1645 2269 quibus
1676 2232 1780 2261 dictum
1813 2235 1854 2261 est
1885 2240 1972 2269 supra
1992 2232 2129 2261 secundo:

1280 2291 1293 2304 «
1308 2279 1365 2308 Feci
1391 2280 1458 2307 mihi
1480 2282 1607 2308 cantores
1633 2282 1660 2308 et
1688 2280 1852 2309 cantatrices
1881 2282 1908 2308 et
1929 2280 2040 2309 delicias
2062 2280 2131 2308 silio-

1275 2335 1339 2355 rum
1362 2327 1507 2355 hominum
1524 2339 1550 2355 n.

1604 2422 1644 2458 Qu
1649 2430 1664 2449 Α
1669 2430 1805 2450 κετιῡΝΕς.

1357 2516 1373 2544 l.
1396 2516 1447 2544 Sed
1470 2516 1563 2544 incidit
1587 2516 1630 2544 hic
1651 2516 1778 2553 quaestio
1800 2516 1890 2553 primo
1914 2516 1947 2544 de
1977 2516 2028 2544 hoc
2057 2515 2130 2553 quod

1276 2563 1358 2591 dicit:
1383 2563 1442 2591 Hoc
1465 2563 1560 2591 visum
1582 2566 1621 2591 cst
1643 2562 1716 2591 mihi
1737 2563 1860 2596 bonum,
1884 2566 1916 2591 at
1937 2563 2075 2592 comedat.

1341 2705 1350 2717 ⁶
1368 2707 1450 2728 Psalm.
1469 2706 1494 2732 4,
1512 2706 1538 2732 3;
1556 2706 1641 2728 deiude
1660 2705 1725 2728 Eccli.
1745 2706 1787 2733 34,
1805 2707 1827 2728 2.

1340 2744 1350 2757 ⁶
1368 2746 1431 2767 Vers.
1455 2746 1488 2767 10.
1505 2757 1536 2761 -
1554 2745 1662 2773 Sequitur
1680 2745 1757 2767 Mattb.
1779 2746 1817 2772 13,
1836 2746 1878 2768 22:
1896 2745 2030 2768 Sollicitudo
2047 2745 2130 2767 saeculi

1278 2785 1342 2807 istius
1353 2788 1397 2807 etc.
1408 2797 1439 2801 -
1452 2785 1494 2806 Pro
1506 2788 1669 2814 expensarmn
1687 2784 1847 2808 necess-namn
1865 2786 1881 2807 E
1897 2783 2059 2807 necessitatem
2071 2789 2131 2807 com-

1276 2824 1371 2852 edendi,
1389 2825 1518 2852 adiungens
1536 2825 1664 2847 rationem:
1682 2824 1739 2854 qu'uz
1757 2824 1816 2847 ridet
1836 2830 1878 2847 cm·
1890 2830 1962 2848 suum
1974 2823 2065 2847 comedi
2076 2829 2130 2853 quo-

1277 2863 1331 2887 libet
1347 2863 1459 2887 marsello
1478 2863 1505 2893 [i.
1524 2870 1543 2885 e.
1566 2865 1637 2886 frusto
1662 2864 1712 2886 sive
1737 2863 1853 2893 buccella]
1872 2863 1917 2887 ribi
1940 2863 1994 2892 sui;
2020 2863 2131 2886 tristatur

1276 2903 1339 2926 enim
1356 2906 1400 2926 etc.
1982 2901 1990 2914 ⁷
2010 2903 2075 2925 Vers.
2094 2902 2131 2925 ¹¹3.

1339 2940 1348 2954 ⁸
1366 2943 1432 2966 Vers.
1451 2942 1486 2964 Μ.
1504 2954 1535 2958 -—
1553 2942 1606 2970 Seq.
1625 2943 1689 2964 los-us
1706 2945 1740 2965 est
1758 2943 1818 2964 ioan.
1836 2942 1879 2970 45,
1897 2942 1919 2964 ὅ.

1339 2980 1349 2993 ⁹
1367 2982 1431 3004 Vers.
1450 2982 1472 3004 G.
1489 2994 1519 2998 -—
1536 2981 1644 3010 Sequitur
1662 2982 1734 3004 lit-cle.
1753 2982 1779 3008 2,
1797 2983 1819 3003 8.
