2296 3316
7 75 13 173 ᾧ
717 142 885 172 COMMENT.
908 144 940 171 IN
961 143 1151 173 SAPIENTIAM
1172 145 1198 173 C.
1221 146 1286 174 ΧῙΧ.

8 210 9 252 l
133 228 197 249 eum
212 223 246 248 n?
266 220 344 257 quasi
365 220 455 249 dicat:
480 220 582 249 nullus.
606 220 640 248 1η
665 220 745 248 omni
765 223 901 257 tempore,
923 220 974 248 sci-

132 267 194 295 licet
218 267 408 303 prosperitatis
428 269 455 295 et
475 267 664 300 adversitatis;
687 267 813 295 Matthaei
834 266 932 295 ultimo
948 266 972 294 ¹:

137 324 150 338 «
166 313 247 347 Ecce,
269 321 319 350 ego
334 313 476 342 vobiscum
495 321 558 341 sum
571 313 699 341 omnibus
718 313 816 341 diebus
826 324 857 347 »3
873 316 899 341 et
914 313 974 342 ideo

132 359 212 388 omni
225 362 349 396 tempore
362 359 580 393 benedicendus,
601 359 752 388 secundum
768 359 835 387 illud
856 360 953 388 Psalmi
967 371 973 388 :

136 416 150 430 α
165 405 324 434 Benedicam
339 405 485 434 Dominum
499 406 527 434 iu
541 406 614 434 omni
630 409 753 442 tempore
765 417 791 440 »3
809 410 835 434 et
849 406 880 435 in
894 407 974 435 omwi

131 452 206 486 loco,
228 452 330 481 scilicet
351 454 405 480 tam
428 460 525 481 securo
539 461 623 489 quam
644 453 813 490 periculoso;
835 454 973 482 assistens

7 508 10 529 «¹
130 498 186 533 cis,
216 501 347 536 tanquam
372 502 485 536 paratus
513 499 627 534 iuvare;
655 500 738 529 Isaiae
762 501 972 538 quadragesimo

131 545 212 574 tertio
224 546 250 574 2:
278 557 291 571 «
305 546 374 575 Cum
393 546 535 576 transieris
555 555 605 584 per
625 556 723 585 aquas,
746 551 837 577 tecum
858 556 905 577 ero
925 560 950 576 ».
963 577 972 586 ,

208 592 363 621 Notandum
390 596 497 628 autem,
520 593 594 631 quod
614 594 746 624 Dominus
774 595 886 624 Sanctos
907 602 972 624 suos

6 632 115 704 ’ξςᾶιῑῡεῗιῑο
130 639 286 677 magnificat
299 640 500 677 multiphciter:
522 641 611 678 primo
626 642 717 676 inodo,
737 642 869 679 yraciwnz
884 650 971 670 suam

21 677 31 691 ³
45 676 115 695 '⁰¹³³'
132 686 318 724 conferendo,
346 688 498 716 secundum
526 688 594 717 illud
614 689 647 717 ad
675 690 810 718 Romanos
830 692 927 718 octavo
941 688 970 715 ³:

136 746 150 759 «
163 734 237 770 Quos
257 734 427 769 iustificavit,
450 735 509 764 illos
534 738 561 764 et
581 736 764 773 magnificavit
785 748 810 764 ».
834 736 971 769 Secundo,

130 780 285 809 miraculis
312 781 501 816 illustrando,
527 782 679 811 secundum
699 782 766 811 illud
792 782 971 811 Ecclesiastici

131 824 473 865 quadragesimooctavo:
501 841 513 854 ι(
529 830 571 858 Sic
592 830 773 866 amplificatus
794 834 835 859 est
857 830 926 858 Elias
945 830 971 857 in

132 874 304 902 mirabilibus
318 875 375 903 suis
389 886 420 909 »;
436 875 499 903 item
516 875 600 904 Exodi
616 875 773 904 undecimo:
800 887 813 901 «
825 876 885 904 Fuit
899 877 972 912 Moy-

132 928 175 949 ses
196 920 238 948 vir
259 928 375 957 magnus
396 921 474 950 valde
494 922 521 950 in
543 924 618 950 terra
637 923 748 959 Aegypti
769 930 861 951 coram
886 923 973 951 servis

9 539 10 549 a
0 298 10 506 ΑΑᾼκ-..ιῼῴὴ-ρ
8 269 9 284 μ

1816 146 1872 175 233

1031 221 1178 251 Pharaonis
1199 227 1225 252 et
1245 224 1318 252 omni
1340 224 1480 261 populo».
1496 224 1602 257 Tertio,
1618 223 1809 261 dz'ym'tatz'bus
1830 232 1872 252 ec-

1031 267 1197 298 clesiasticis
1207 270 1407 304 sublimamloe
1419 270 1491 298 unde
1504 273 1595 298 cantat
1607 270 1756 298 Ecclesia4:
1774 282 1786 295 «
1797 270 1872 304 Ecce,

1031 314 1161 344 Sacerdos
1183 325 1297 353 magnus
1313 329 1342 351 »;
1365 317 1438 346 tertii
1460 318 1562 353 Regum
1584 316 1702 345 decimo:
1723 328 1736 341 α
1751 317 1872 353 Magnifi-

1031 365 1107 391 catus
1129 365 1169 391 est
1190 371 1242 391 rex
1257 364 1382 392 Salomon
1404 371 1487 400 super
1509 370 1603 391 omnes
1625 371 1703 399 reges
1725 366 1814 391 terrae
1835 363 1873 391 di-

1031 409 1102 437 vitiis
1122 412 1149 437 et
1170 410 1303 446 sapientia
1317 421 1343 437 ».
1365 410 1482 446 Quarto,
1504 410 1544 437 ad
1565 409 1692 438 caelestis
1712 410 1797 446 ‘requi
1813 410 1873 447 ylo-

1029 455 1109 483 rz'am
1121 456 1318 492 perducendo,
1340 456 1492 484 secundum
1509 456 1582 492 quod
1604 458 1694 484 cantat
1716 456 1871 484 Ecclesia5:

1035 514 1047 527 «
1062 502 1242 539 Magniiioavit
1260 510 1324 531 eum
1339 502 1366 530 in
1388 506 1536 539 conspectu
1552 511 1687 540 regum»,
1709 503 1811 531 scilicet
1822 504 1873 531 An-

1028 549 1167 585 gelorum,
1187 560 1200 573 «
1212 552 1239 577 et
1259 548 1333 576 dedit
1347 548 1384 576 illi
1404 556 1533 577 coronam
1548 549 1649 585 gloriae
1662 560 1688 583 »;
1704 549 1731 577 in
1753 550 1870 578 Psalmo:

1034 607 1047 621 «
1062 596 1157 632 Magna
1177 598 1219 623 est
1239 595 1327 631 gloria
1347 595 1406 623 eius
1427 595 1454 623 in
1475 595 1587 623 salutari
1610 599 1684 624 tuo»
1711 599 1760 624 etc.
1784 596 1870 624 Huius

1029 641 1131 678 gloriae
1157 644 1231 669 tanta
1262 643 1303 669 est
1326 641 1500 677 magnitudo,
1522 644 1553 669 ut
1584 641 1657 670 illius
1685 642 1760 678 regni
1789 641 1867 669 inini-

1030 696 1092 717 mus
1115 688 1202 716 maior
1224 687 1259 716 sit
1283 688 1404 716 maximo
1420 688 1503 716 huius
1524 689 1635 722 mundi;
1651 689 1724 717 unde
1744 688 1871 717 Matthaei

1029 735 1219 764 uudeoimoG:
1253 734 1338 762 «Non
1363 735 1487 763 surrexit
1518 735 1588 763 inter
1616 739 1694 764 natos
1721 735 1869 764 mulierum

1029 782 1116 810 maior
1138 781 1236 809 Ioanne
1264 781 1390 817 Baptista.
1419 781 1470 817 Qui
1492 785 1584 810 autem
1608 782 1696 810 minor
1718 784 1759 810 est
1780 782 1806 809 in
1828 789 1873 810 re-

1029 837 1082 865 gno
1104 828 1244 857 caelorum
1265 828 1353 856 maior
1375 831 1416 856 est
1438 828 1483 856 illo
1503 840 1528 855 ».
1551 828 1588 856 Ad
1611 829 1679 856 hanc
1707 828 1873 866 magnitudi-

1030 883 1092 904 nem
1108 883 1157 903 nos
1178 875 1311 911 perducat
1326 875 1400 903 lesus
1420 875 1547 903 Christus
1561 875 1693 903 Dominus
1708 877 1809 909 noster,
1825 875 1870 911 qui

1029 925 1070 951 est
1091 922 1251 950 benedictus
1273 922 1298 949 in
1322 921 1429 950 saecula
1451 922 1634 949 saeculorum.
1658 922 1748 949 ¹amen.

680 1092 805 1120 EXPLICIT
826 1099 955 1121 POSTILLA
977 1100 1006 1120 IN
1028 1100 1128 1120 LIBRUM
1150 1091 1324 1119 SAPIENTlAE.

869 1532 1130 1568 SCHOLION.

196 1705 246 1728 Duo
268 1706 397 1734 schemata,
420 1711 479 1734 quae
501 1708 636 1735 sequuntur,
659 1705 764 1728 exhibent
786 1705 829 1728 sul]
852 1712 897 1728 uno
923 1712 974 1728 con·

136 1746 215 1772 spectu
228 1743 374 1774 principales
391 1744 517 1767 divisiones
534 1745 632 1767 duarum
650 1746 762 1773 partium,
779 1745 801 1767 in
819 1750 877 1773 quas
894 1747 975 1767 auctor

135 1785 196 1807 hunc
212 1783 296 1806 librum
314 1784 402 1806 dividit.
416 1784 458 1806 Pro
471 1790 535 1806 more
549 1786 753 1807 commentatorum
772 1784 830 1807 illius
847 1784 926 1806 aetatis
944 1784 975 1806 di-

198 2724 206 2737 ¹
224 2726 289 2748 Vei's.
307 2726 345 2747 20.
361 2737 392 2741 —
411 2725 517 2753 Sequitur
534 2725 569 2746 ΡΞ.
588 2725 629 2753 33,
647 2726 668 2747 2.

198 2762 207 2775 ²
226 2764 290 2786 Vers.
307 2764 328 2785 2.

198 2801 206 2814 ³
224 2803 290 2825 Vers.
302 2803 343 2824 30:
357 2802 419 2830 Quos
436 2804 513 2824 autem
531 2801 673 2829 iustificavit‚
686 2801 734 2823 illos
751 2804 773 2824 et
790 2801 932 2829 glorificavit.
945 2813 975 2818 -

136 2841 186 2864 Duo
203 2848 268 2870 seqq.
286 2841 329 2863 loci
345 2844 398 2865 sunt
415 2841 481 2863 Eccli.
500 2840 540 2868 48,
555 2840 575 2862 li.
587 2843 608 2862 et
625 2840 695 2862 Exod.
711 2841 744 2867 ll,
757 2841 785 2862 3:
803 2840 899 2869 Fuitque
917 2841 976 2868 Moy-

136 2887 172 2904 ses
189 2881 224 2902 vir
241 2883 283 2902 etc.

198 2918 208 2931 ⁴
225 2920 247 2941 Ιιι
265 2918 340 2941 officio
357 2918 460 2942 consess.
474 2919 552 2941 Pontis.
569 2917 599 2939 ad
615 2918 717 2945 Laudes,
731 2920 752 2940 et
769 2917 790 2939 in
809 2918 878 2946 Epist.
896 2918 976 2940 Missae

231 2965 256 2988 S.
272 2966 362 2988 Bonav.
379 2977 409 2982 —
427 2965 494 2987 Tom.
511 2965 547 2987 Vl.

1033 1705 1122 1727 stinctio
1141 1703 1299 1726 membrorum
1314 1703 1432 1726 divisionis
1444 1704 1571 1726 extenditur
1583 1705 1629 1726 sere
1641 1710 1713 1733 usque
1726 1704 1754 1726 ad
1767 1704 1873 1727 minimas

1032 1744 1162 1772 particulas.
1177 1743 1212 1766 Ob
1229 1744 1328 1765 rationes
1345 1743 1523 1771 typographicas
1541 1744 1626 1771 pluries
1643 1743 1762 1766 omisimus
1783 1744 1874 1766 ultimas

1032 1783 1169 1810 divisiones,
1187 1789 1246 1811 quae
1270 1782 1333 1804 facile
1349 1788 1375 1804 ex
1393 1782 1452 1804 notis
1469 1781 1634 1810 marginalibus
1651 1785 1746 1810 possunt
1763 1783 1874 1810 suppleri.

1031 2724 1119 2747 Statuit
1141 2730 1183 2752 pro
1205 2724 1307 2746 Contess.
1323 2723 1410 2751 Pontis„
1427 2728 1487 2751 quae
1509 2725 1542 2744 est
1565 2721 1692 2743 secundum
1716 2720 1780 2742 Eccli.
1799 2720 1835 2741 li.
1852 2723 1871 2741 ct

1033 2763 1068 2785 45.
1087 2775 1117 2779 —
1134 2763 1242 2790 Sequitur
1260 2763 1291 2784 ΙΙΙ.
1309 2762 1366 2789 fleg.
1389 2762 1426 2789 10,
1444 2762 1481 2783 23.

1094 2800 1103 2812 ⁵
1121 2802 1143 2823 lu
1161 2801 1228 2828 Epist.
1247 2801 1325 2822 Missae
1342 2799 1445 2828 scanni,-
1463 2799 1528 2821 Eccli.
1546 2799 1587 2825 45,
1607 2799 1634 2820 3:
1652 2798 1790 2819 Gloriticavit
1808 2797 1871 2819 illum

1032 2840 1053 2861 in
1071 2842 1194 2867 conspectu
1211 2845 1309 2867 regum;
1327 2845 1349 2860 v.
1367 2839 1393 2860 9:
1412 2839 1437 2860 Et
1453 2837 1609 2863 circumcinxit
1626 2843 1679 2859 eum
1700 2842 1756 2859 zoua
1774 2836 1871 2863 gloriae,

1032 2881 1053 2900 et
1071 2878 1143 2900 induit
1159 2884 1212 2900 eum
1236 2878 1315 2899 stolam
1334 2877 1418 2905 gloriae
1436 2880 1478 2899 etc.
1495 2889 1525 2892 —
1543 2877 1594 2904 seq.
1613 2876 1676 2897 lorus
1693 2878 1725 2897 est
1743 2875 1777 2896 Ps.
1796 2874 1832 2898 -20,
1850 2874 1872 2895 6.

1095 2915 1104 2928 ⁰
1122 2917 1187 2939 Vers.
1208 2917 1241 2938 ii.

1748 2960 1775 2980 30
