2296 3316
141 253 211 282 unde
231 251 323 289 quarti
346 251 449 288 Regum
471 253 572 287 quarto
585 251 594 267 ²
615 249 648 278 de
670 257 770 286 puero,
791 256 874 285 quem
895 247 982 276 susci-

140 300 206 329 tavit
227 299 344 332 Eliseus,
359 298 425 335 quia
445 297 594 326 «oscitavit
615 296 716 333 septies
729 295 896 333 aperuitque
917 302 983 323 ocu-

22 354 119 379 ,ocundurn-
139 348 179 376 los
196 358 223 374 ι).
253 362 291 366 -
319 345 401 378 item,
431 344 605 380 recuperatio
626 342 753 381 loquelae
774 340 983 379 consessionis,-

19 386 23 398 '
139 393 211 422 unde
232 393 320 421 Lucae
342 391 459 428 septimo
479 390 513 419 de
533 389 721 422 adolescente,
736 396 819 425 quem
841 387 984 416 suscitavit

140 440 228 474 lesus,
249 438 367 472 dicitur,
389 437 464 474 quod
495 447 509 461 «
525 435 626 464 resedit
652 435 699 472 qui
722 437 782 463 erat
807 436 937 462 mortuus
957 436 985 462 et

18 493 121 514 rTertium.
138 486 227 523 coepit
248 485 323 522 loqui
339 496 365 512 ».
382 500 418 504 —
440 484 516 517 Item,
538 481 714 518 recuperatio
732 484 839 520 gustus
860 480 984 509 devotio-

138 532 185 561 nis
192 542 202 565 ,·
217 532 290 560 unde
311 532 400 559 Lucae
421 533 532 563 octavo,
555 531 702 565 postquam
720 526 895 556 resuscitavit
910 526 985 554 Iesus

140 579 222 608 liliam
237 577 456 615 archisynagogi,
475 588 488 601 «ι
504 575 584 604 iussit
598 575 635 603 illi
650 574 709 603 dari
725 573 894 602 manducare
904 584 931 600 ».
948 588 984 593 -

21 635 121 661 Quartum
140 627 221 660 ltem,
244 624 418 662 recuperatio
439 623 529 652 bonae
550 621 747 659 operationis,·
779 620 853 649 unde
878 619 986 648 Ioannis

139 673 294 706 undecimo,
310 671 442 701 suscitato
456 671 567 703 Lazaro,
587 680 600 694 «
613 669 685 697 dixit
700 668 787 697 lesus:
803 667 905 696 Solvite
919 674 983 695 eum

139 723 166 750 et
186 720 267 750 sinite
287 727 351 749 eum
373 718 450 747 abire
464 729 491 745 ».

20 604 23 618 1

451 819 592 844 COLLATlO
612 819 673 842 XlX.

218 909 307 946 (Vers.
328 907 395 943 49).
414 906 546 940 Domine,
568 905 716 939 descende,
729 904 909 942 priusquam
926 911 987 931 mo-

140 956 242 985 riatur
262 954 343 992 filius
363 962 452 982 meus.

222 1003 246 1030 1.
269 1002 329 1030 Duo
357 1003 511 1038 tanguntur
540 1000 567 1028 in
596 998 689 1027 verbis
717 998 791 1027 istis:
820 998 987 1034 imploratur

47 1055 123 1074 Divisio·
138 1049 234 1086 pietas
248 1048 366 1080 medici,
382 1055 445 1076 cum
461 1047 578 1075 dicitur:
603 1045 737 1079 Domine,
759 1044 895 1072 descende
909 1059 947 1064 —
961 1046 988 1071 et

141 1096 295 1125 ostenditur
316 1094 471 1123 necessitas
498 1093 628 1129 infirmi,
651 1100 714 1121 cum
742 1091 863 1120 dicitur:
888 1090 989 1127 prius-

142 1151 232 1181 quam
252 1142 403 1170 moriatur
423 1140 504 1177 filius
526 1148 615 1168 meus.

222 1188 384 1218 Necessitas
404 1195 471 1224 ergo
491 1186 607 1223 infirmi
623 1189 665 1214 est
686 1185 858 1213 imminentia
879 1184 989 1218 mortis;

22 1244 37 1262 ’e
47 1247 126 1261 necess·
143 1236 189 1266 uhi
211 1234 362 1264 notandum
384 1237 439 1268 est
454 1233 529 1270 quod
550 1233 662 1270 quidam
680 1232 839 1260 moriuntur
854 1234 989 1268 eyestate‚

22 1268 44 1309 1²2⁰.
59 1265 126 1284 ΜΕΠΜ
143 1283 254 1321 quidam
270 1281 456 1318 infirmitate,
472 1280 584 1318 quidam
600 1279 785 1308 acl-veisz'tate
801 1295 840 1300 —
859 1279 991 1315 qustalss

17 1313 126 1366 ,ξὲἑέῗῑῑῗ
142 1330 314 1360 moriebatur
336 1329 382 1367 qui
412 1328 547 1357 clamabat
568 1327 596 1356 in
618 1328 724 1356 Psalmo
740 1327 766 1355 2:
794 1338 807 1351 «
826 1326 903 1355 Aruit
931 1328 991 1354 tan-

17 1370 19 1426 {
143 1386 227 1416 quam
249 1380 319 1406 testa
339 1377 430 1405 virtus
450 1383 526 1409 mea,
549 1378 576 1404 et
598 1375 691 1412 lingua
712 1382 773 1403 mea
786 1374 911 1402 adhaesit
931 1373 991 1401 sau-

17 1427 19 1446 '²
144 1426 222 1455 cibus
242 1425 323 1459 meis,
338 1427 365 1453 et
380 1424 407 1452 in
424 1424 566 1461 pulverem
586 1421 682 1450 mortis
700 1420 839 1450 deduxisti
856 1428 899 1449 me
910 1432 937 1447 ιι
953 1436 991 1440 —

16 1475 126 1497 nfirmitale·
147 1472 318 1509 Infirmitace
343 1470 513 1499 moriebatur
538 1470 589 1498 iste
615 1469 689 1497 filius
713 1468 815 1505 reguli,
841 1468 887 1504 qui
914 1467 991 1495 infir-

144 1519 272 1548 mabatur
293 1518 503 1555 Capharnaum;
526 1516 559 1544 de
587 1524 643 1553 quo
666 1515 743 1552 prius
770 1514 886 1543 dicitur:
914 1525 927 1538 ι(
950 1514 991 1541 111-

16 1556 126 1591 dversitale
145 1566 263 1603 cipiehat
272 1565 345 1594 enim
361 1564 430 1593 mori
447 1576 472 1592 »
491 1580 526 1584 —
543 1563 725 1591 Aduersitate
741 1561 942 1595 moriebantur,
958 1561 991 1589 de

146 1613 247 1651 quihus
268 1612 371 1641 dicitur
396 1612 571 1640 Threnorum
600 1610 706 1646 primo:
734 1609 839 1637 «loris
861 1608 992 1637 interficit

146 1660 268 1697 gladius,
289 1663 316 1689 et
337 1659 409 1688 domi
431 1666 507 1687 mors
528 1657 625 1686 similis
646 1660 688 1685 est
706 1668 733 1684 ».
760 1673 796 1677 —
822 1656 850 1684 ln
871 1659 992 1693 egestate

147 1707 267 1744 intellige
288 1706 490 1735 indurationem
514 1705 629 1739 mentis;
645 1705 670 1732 in
687 1703 873 1740 infirmitate,
895 1711 992 1732 corru-

149 1754 269 1791 ptionem
282 1753 386 1787 carnis;
398 1753 424 1781 in
440 1752 630 1785 aduersitate,
646 1750 880 1787 impugnationem
897 1750 991 1778 hostis.

226 1802 252 1829 2.
276 1800 390 1836 Propter
412 1799 482 1828 hanc
504 1798 640 1835 triplicem
669 1797 859 1826 necessitatem
889 1796 992 1825 infirmi

18 1853 135 1896 eges-ceusu
148 1848 313 1884 imploratur
334 1846 486 1875 descensus
514 1845 636 1877 medici,·
666 1844 712 1873 ubi
735 1847 815 1877 nota,
844 1843 919 1880 quod
940 1844 994 1872 Do-

20 1881 42 1896 ne
57 1876 124 1896 nmina
148 1894 240 1923 minus
260 1893 400 1923 descendit
427 1893 461 1922 ad
481 1892 687 1929 reficicffndum
709 1899 743 1920 ne
772 1891 909 1919 moriatur
934 1900 994 1928 eye-

147 1945 237 1975 state,·
259 1941 290 1970 ad
313 1941 500 1974 curandum,
529 1947 564 1968 ne
585 1940 721 1968 moriatur
750 1938 939 1975 infirmitate,-
961 1939 994 1967 ad

148 1988 348 2022 liberandum,
372 1996 405 2017 ue
425 1987 562 2016 moriatur
584 1986 769 2015 adversitate.

226 2035 298 2064 Dicit
318 2043 384 2072 ergo
405 2034 535 2071 regulus:
560 2033 713 2066 Descende,
731 2032 863 2065 Domine,
886 2039 920 2060 ne
936 2039 994 2059 mo-

44 2087 131 2106 Primum.
149 2082 250 2110 riatur
269 2081 350 2118 filius
371 2089 452 2110 meus
473 2088 522 2117 per
544 2083 694 2117 egestatem
723 2078 914 2107 indevotionis·
921 2088 931 2111 ;
962 2078 996 2106 de

149 2137 205 2166 quo
225 2128 360 2157 descensu
381 2128 408 2156 in
430 2128 575 2156 Psalmoss:
601 2138 615 2151 α
637 2126 782 2155 Descendit
810 2126 881 2154 sicut
903 2125 997 2162 pluvia

150 2175 176 2204 in
198 2175 287 2204 vellus
308 2178 336 2204 et
356 2175 428 2204 sicut
443 2174 580 2203 stillicidia
601 2173 732 2205 stillantia
746 2180 830 2209 super
853 2175 995 2200 terram».

14 2227 130 2247 ⁴seeundum-
150 2238 186 2243 —
213 2222 294 2256 ltem,
323 2221 474 2254 descende,
506 2220 645 2253 Domine,
677 2227 711 2247 ne
739 2218 889 2247 moriatur
916 2218 997 2254 filius

150 2277 232 2297 meus
263 2276 312 2305 per
334 2267 538 2305 infirmitatem
565 2266 699 2295 carnalis
721 2265 936 2302 corruptivam
964 2265 997 2294 de

150 2324 206 2353 quo
226 2315 361 2344 descensu
383 2314 511 2343 Matthaei
533 2317 645 2342 octavo:
673 2325 685 2337 «
701 2312 742 2341 Ait
764 2313 853 2341 lesus:
876 2312 930 2349 Ego
952 2320 997 2341 ve-

150 2363 223 2391 niam
246 2366 273 2391 et
287 2362 391 2391 curabo
411 2370 475 2390 eum
493 2374 520 2395 »,
542 2361 666 2398 loquitur
687 2360 722 2388 de
737 2359 793 2388 filio
814 2359 996 2394 centurionis3

151 2413 178 2439 et
200 2410 258 2444 hic,
280 2409 388 2438 loannis
408 2412 525 2446 quarto,
554 2408 669 2445 rogabat
697 2407 813 2444 regulus
834 2407 938 2440 lesum,
967 2410 999 2435 ut

46 2462 135 2481 ‘renium-
151 2456 330 2485 descenderet
360 2458 388 2484 et
419 2458 529 2484 sanaret
560 2455 648 2483 filium
669 2454 737 2483 eius.
769 2471 808 2474 —
837 2454 919 2488 ltem,
951 2454 998 2482 de-

609 170 833 200 COLLATlONES
855 170 887 198 ΙΝ
909 169 1054 198 ΙΟΑΝΝΕΜ
1076 168 1144 197 CAP.
1168 168 1208 196 IV.
1231 167 1324 196 COLL.
1348 167 1412 195 xlx.

1832 164 1886 194 559

1039 246 1157 280 scende,
1182 246 1314 279 Domine,
1337 253 1371 273 ne
1392 244 1542 273 moriatur
1562 244 1643 280 filius
1662 252 1742 272 meus
1764 252 1813 280 per
1835 244 1888 272 im-

1036 293 1247 331 pugnationem
1266 291 1373 325 hostis;
1394 292 1428 320 de
1449 300 1505 328 quo
1526 291 1660 320 descensu
1684 291 1767 319 Exodi
1791 291 1887 319 tertio:

1044 352 1058 365 ε(
1072 340 1132 369 Vidi
1154 340 1328 369 afflictionem
1352 339 1445 376 populi
1462 339 1528 372 mei,
1544 339 1590 375 qui
1607 341 1648 367 est
1663 339 1690 366 in
1708 339 1841 375 Aegypto,
1862 341 1889 366 et

1040 387 1183 421 descendi,
1205 390 1237 415 ut
1258 387 1372 415 liberem
1392 394 1455 415 eum
1472 398 1498 413 ι).
1522 402 1560 406 --
1581 385 1720 414 Descende
1741 393 1821 422 ergo,
1837 385 1889 413 Do-

1040 435 1127 468 mine,
1149 434 1183 462 ad
1204 433 1393 470 reficiendam
1414 437 1553 466 mentem,
1575 432 1609 461 ad
1631 433 1802 461 curandam*
1822 441 1889 460 car-

1041 489 1123 515 nem,
1149 480 1182 509 ad
1211 480 1407 517 repellendum
1434 478 1559 513 ltostcm,
1588 488 1621 508 ne
1650 480 1786 508 moriatur
1816 479 1890 507 [ilius

1041 535 1129 556 meus.

1374 630 1501 652 Annon-rio
1523 629 1557 651 ¹5.

1121 716 1210 752 (Vers.
1235 715 1300 745 13).
1326 715 1441 749 Omnis,
1457 715 1509 753 qui
1523 714 1592 744 bibit
1612 724 1647 743 ex
1665 723 1745 753 aqua
1767 714 1836 749 hac,
1851 715 1891 743 si-

1043 763 1091 791 tiet
1112 763 1227 791 iterum.

1121 810 1289 844 Notandum,
1311 810 1386 846 quod
1407 812 1448 838 est
1475 809 1535 838 sitis
1556 809 1713 846 multiplex.
1737 810 1782 838 Est
1796 812 1888 838 autem

1043 857 1102 885 sitis
1123 856 1396 889 naturae;10annis
1427 856 1565 893 quarto⁴:
1597 856 1713 890 Omnis,
1742 856 1794 894 qui
1822 856 1892 884 bibit

1043 912 1077 932 ex
1099 912 1179 941 aqua
1201 902 1271 937 hac,
1303 904 1380 932 sitiet
1408 904 1524 932 iccium.
1550 920 1589 924 —
1614 904 1659 932 Est
1686 903 1745 932 sitis
1766 903 1891 940 eulpae;

1044 950 1222 979 Ecclesiastici
1246 951 1377 987 vigesimo
1391 951 1493 979 sexto:
1521 963 1534 976 «
1549 951 1625 979 Sicut
1639 950 1728 979 viator
1749 950 1844 979 sitiens
1859 950 1893 978 ad

1044 997 1146 1025 fontem
1168 1004 1198 1024 os
1219 997 1324 1033 aperiet
1344 1000 1372 1025 et
1392 997 1427 1025 ab
1444 997 1517 1026 omni
1539 1005 1612 1034 aqua
1627 997 1756 1034 proxima
1776 996 1851 1025 bibet
1866 998 1894 1024 et

1044 1047 1141 1072 contra
1162 1052 1270 1071 omnem
1294 1044 1387 1080 palum
1408 1044 1554 1072 sedebit».
1570 1061 1608 1064 —
1622 1044 1669 1073 Est
1690 1044 1750 1072 sitis
1768 1051 1893 1080 poenae,-

1045 1091 1128 1119 lsaiae
1150 1090 1322 1127 sexagesimo
1344 1090 1456 1127 quinto:
1484 1102 1497 1116 «
1512 1090 1588 1120 Servi
1611 1091 1663 1119 mei
1685 1090 1844 1124 comedent,
1866 1092 1894 1118 et

1046 1145 1094 1165 vos
1114 1137 1258 1171 esurietis;
1274 1137 1346 1165 servi
1368 1137 1420 1166 mei
1446 1137 1555 1171 hibent,
1577 1140 1604 1166 et
1628 1145 1677 1166 vos
1698 1137 1796 1166 sitietis
1810 1149 1836 1164 ».
1854 1152 1891 1157 —-

1047 1184 1092 1213 Est
1113 1184 1172 1213 sitis
1191 1184 1325 1221 qratiam
1348 1184 1486 1213 Psalmus:
1513 1196 1526 1209 «
1549 1184 1639 1213 Sitivit
1660 1184 1751 1212 anima
1777 1191 1839 1212 mea
1860 1183 1894 1211 ad

1046 1232 1134 1260 Deum
1157 1231 1272 1265 fortem,
1295 1231 1398 1260 vivum.
1415 1247 1451 1252 —
1468 1232 1513 1260 Est
1534 1231 1593 1260 sitis
1612 1231 1741 1269 9l07·iae;
1763 1230 1895 1259 Ecclesia-

1046 1279 1106 1307 stici
1129 1279 1260 1315 vigesimo
1281 1282 1397 1315 quarto:
1424 1290 1437 1303 «
1460 1278 1511 1315 Qui
1540 1279 1626 1307 edunt
1648 1286 1692 1307 me
1719 1278 1810 1306 adhuc
1832 1285 1895 1306 esu-

1047 1326 1135 1360 rient,
1157 1330 1184 1354 et
1206 1326 1253 1363 qui
1276 1326 1376 1355 bibunt
1398 1334 1440 1355 me
1461 1326 1553 1354 adhuc
1574 1326 1708 1354 sitient».

1381 1428 1508 1451 ΑΝΝοτΑτιο
1524 1428 1564 1450 116.

1126 1516 1214 1551 (Vers.
1239 1515 1306 1550 36.).
1333 1516 1366 1544 Et
1386 1514 1437 1553 qui
1457 1515 1535 1543 metit
1557 1515 1714 1543 mercedem
1735 1514 1850 1552 accipit.

1127 1563 1208 1596 Nota,
1241 1562 1315 1599 quod
1337 1569 1444 1590 merces
1475 1562 1527 1590 ista
1555 1564 1596 1590 est
1627 1569 1734 1590 merces
1765 1570 1894 1599 mayna,

1047 1618 1154 1639 merces
1175 1609 1269 1638 multa
1290 1613 1317 1638 et
1335 1617 1442 1638 merces
1457 1612 1585 1637 aeterna.
1598 1625 1635 1629 -—
1651 1609 1754 1637 Merces
1769 1617 1894 1646 magna,-

1048 1657 1159 1686 Genesis
1187 1656 1293 1685 decimo
1321 1656 1460 1693 quinto⁵:
1487 1655 1573 1684 «Noli
1603 1655 1715 1689 timere,
1742 1655 1894 1689 Abraham,

1049 1712 1099 1741 ego
1110 1706 1250 1740 protector
1262 1706 1328 1732 tuus
1339 1711 1410 1737 sum,
1423 1706 1449 1731 et
1464 1710 1570 1731 merces
1585 1705 1633 1731 tua
1643 1710 1742 1739 magna
1756 1701 1845 1731 nimis.
1859 1718 1896 1723 —

1049 1752 1153 1779 Merces
1174 1750 1286 1783 malm,-
1308 1751 1395 1778 Lucae
1411 1752 1506 1778 sexto:
1533 1761 1546 1774 «ι
1561 1749 1683 1778 Gaudete
1697 1752 1725 1778 et
1745 1749 1896 1783 exsultate,

1050 1798 1181 1835 quoniam
1195 1805 1302 1826 merces
1317 1801 1409 1826 vestra
1424 1797 1511 1825 multa
1525 1800 1566 1825 est
1580 1796 1608 1824 in
1623 1796 1698 1825 caelo
1709 1808 1735 1824 ιι.
1745 1813 1783 1817 -
1794 1796 1898 1825 Merces

1050 1848 1186 1878 aeterna3
1210 1844 1316 1872 loannis
1333 1846 1449 1880 quarto:
1467 1843 1525 1879 Qui
1544 1843 1624 1871 metit
1642 1843 1797 1871 mercedem
1820 1842 1897 1871 acci—

1047 1892 1093 1929 pit
1113 1895 1138 1920 et
1158 1894 1315 1928 con91·e9at
1336 1889 1469 1927 fructum
1491 1890 1521 1918 in
1542 1890 1634 1918 vitam
1656 1893 1814 1918 aeternam.

1386 1994 1513 2015 ΑΝΝοτΛτιο
1530 1993 1567 2015 17.

1132 2080 1221 2111 (Vers.
1234 2079 1266 2107 41
1276 2080 1302 2114 .).
1317 2080 1350 2107 Et
1364 2078 1455 2107 multo
1468 2078 1568 2115 plures
1583 2078 1770 2106 credideiunt
1778 2081 1899 2115 propter

1052 2135 1213 2155 Selmffllem
1235 2135 1305 2154 θῖαδ.

1132 2174 1212 2207 Nota,
1234 2173 1308 2210 quod
1330 2172 1443 2209 quidam
1470 2171 1649 2200 crediderunt
1670 2174 1784 2208 propter
1811 2170 1900 2199 verba

1053 2220 1201 2254 veritatis,
1223 2223 1255 2248 ut
1270 2219 1327 2253 isti,
1342 2219 1376 2247 de
1397 2218 1500 2255 quihus
1521 2218 1566 2247 hic
1587 2218 1704 2246 dicitur:
1727 2217 1815 2246 Multo
1833 2217 1901 2254 plu-

1053 2276 1100 2296 res
1121 2267 1311 2295 crediderunt
1324 2270 1375 2295 etc.
1399 2282 1435 2286 —
1457 2265 1522 2299 Alii,
1545 2268 1657 2302 propter
1671 2265 1758 2302 signa
1778 2268 1901 2301 potesta-

1055 2314 1092 2342 tis
1100 2324 1109 2347 ,·
1131 2321 1217 2350 supra
1238 2312 1396 2341 secundoss:
1424 2324 1436 2337 «
1450 2312 1524 2340 Multi
1548 2311 1726 2340 crediderunt
1741 2311 1768 2339 in
1790 2311 1901 2339 nomine

1054 2361 1124 2395 eius,
1146 2360 1270 2388 videntes
1284 2360 1370 2396 signa,
1385 2366 1457 2396 quae
1471 2358 1628 2387 faciebat».
1645 2375 1682 2378 —
1704 2357 1765 2391 Alii,
1788 2361 1902 2394 propter

1055 2406 1218 2443 exemplum
1245 2405 1430 2437 sanctitatis;
1459 2404 1565 2433 loannis
1593 2404 1718 2433 decimo:
1753 2415 1766 2428 «
1788 2403 1815 2431 Si
1848 2411 1901 2432 non

1056 2454 1140 2482 vultis
1161 2453 1227 2481 mihi
1251 2452 1379 2485 credere,
1401 2452 1532 2488 operibus
1553 2451 1682 2480 credite»
1708 2454 1759 2479 etc.

219 2811 225 2824 ¹
247 2812 311 2835 Vers.
328 2812 365 2834 35.
383 2824 414 2828 —
431 2812 487 2834 Tres
503 2818 569 2840 seqq.
587 2811 629 2834 loci
647 2815 700 2834 sunt
717 2812 770 2834 Luc.
788 2812 816 2838 7,
836 2812 868 2834 15,
886 2814 907 2834 et
920 2812 947 2838 8,
959 2811 1000 2839 553

157 2853 215 2874 loan.
235 2852 276 2880 11,
295 2851 331 2874 44.

217 2890 227 2903 ²
245 2891 327 2913 Psalm.
345 2891 479 2917 21,16.-
491 2891 623 2919 Sequuntur
636 2891 696 2913 loan.
709 2890 735 2917 4,
748 2890 784 2912 47.
796 2893 818 2912 et
830 2891 914 2913 Thren.
927 2891 935 2912 1
946 2907 951 2917 ,
964 2890 1003 2912 20.

219 2929 228 2942 ³
246 2930 326 2952 Psalin.
344 2930 388 2957 71,
406 2930 427 2952 6.
450 2943 479 2945 —
501 2930 557 2952 Tres
584 2929 626 2952 loci
652 2935 718 2958 seqq.
742 2932 795 2952 sunt
819 2930 896 2952 Mattli.
922 2930 946 2956 8,
972 2929 1001 2956 75

158 2970 215 2992 loan.
234 2969 259 2997 4,
278 2969 314 2991 49.
332 2973 353 2991 et
371 2969 440 2991 Exod.
458 2970 483 2995 3,
500 2968 523 2991 7.
540 2974 588 2997 seq.

1122 2810 1131 2822 '²
1149 2811 1214 2833 Vers.
1235 2810 1271 2832 13.
1288 2822 1318 2826 -
1335 2809 1438 2832 Subinde
1454 2809 1582 2837 allegantur
1599 2809 1665 2831 Eccli.
1683 2809 1723 2831 26.
1737 2809 1778 2836 t5;
1796 2808 1844 2831 lsai.
1863 2809 1903 2835 65,

1060 2851 1103 2878 '¹33
1122 2851 1156 2872 Ps.
1175 2850 1216 2878 44,
1235 2850 1256 2872 3.
1273 2853 1295 2871 et
1313 2849 1379 2872 Eccli.
1398 2849 1440 2877 24,
1458 2849 1496 2871 29.

1122 2888 1131 2901 ²⁵
1149 2890 1213 2911 Vei-s.
1227 2890 1248 2911 ·1.
1260 2901 1291 2905 -
1304 2889 1352 2911 Duo
1364 2894 1429 2917 seqq.
1442 2888 1485 2910 loci
1496 2891 1550 2910 sunt
1564 2888 1618 2910 Luc.
1631 2888 1657 2916 6,
1670 2888 1707 2910 23.
1719 2890 1741 2910 et
1753 2889 1812 2910 loan.
1826 2887 1839 2910 4
1848 2905 1853 2915 ,
1865 2888 1903 2910 36,

1122 2927 1132 2940 ⁶
1150 2928 1215 2950 Vers.
1238 2928 1274 2950 23.
1292 2940 1322 2944 —
1340 2927 1448 2956 Sequitur
1470 2927 1529 2950 loau.
1553 2927 1594 2953 10,
1616 2927 1655 2949 38.
1675 2938 1707 2943 -
1729 2927 1839 2955 Superius
1861 2933 1902 2955 pro

1059 2967 1122 2997 quod
1139 2966 1234 2997 qnidam
1253 2966 1291 2995 (ita
1310 2966 1335 2994 C)
1354 2968 1370 2988 Α
1388 2965 1452 2995 quod
1468 2965 1549 2993 multi,
1568 2966 1584 2988 B
1601 2965 1665 2995 quod
1680 2965 1730 2988 alii.

1907 387 2022 407 Notandum.

1908 810 1953 829 sitis
1971 811 2026 827 uatu-

1943 838 1982 851 rae.

1908 903 1986 926 eulpae.

1909 1043 1992 1061 Poenae.

1910 1182 1995 1202 Gratiae.

1911 1230 1994 1249 Gloriae.

1912 1560 1984 1579 Merces
1997 1560 2031 1578 tri-

1947 1583 1996 1608 plex.

1918 2167 1962 2187 'ri-ia
1976 2167 2046 2186 motiva

1953 2191 2004 2210 fidei.
