2296 3316
4 281 52 304 'lausa
60 288 121 309 cori-q·

8 307 60 327 tionis
70 307 99 325 est
107 311 121 324 i-

0 331 2 334 ’
8 330 94 351 uiolati-ia,
99 329 122 347 de

0 353 29 373 'ua
39 355 122 377 quatuor.

4 449 6 463 l

5 464 6 473 i

3 476 6 485 a

1 488 7 501 ll

4 699 84 726 juomodo
93 700 116 718 sil

26 728 87 742 causa.

7 799 8 877 l

7 883 9 896 l

8 927 9 940 l

7 964 9 983 [

7 986 9 995 l

8 1249 10 1278 l
22 1256 114 1281 Quaestio.

715 151 895 198 ὈΟΜΜΕΝΤ.
918 152 949 180 ΙΝ
971 152 1161 197 SAPIENTIAM
1182 153 1209 181 C.
1230 154 1295 182 XIV.

214 228 412 266 Infandorum
436 231 486 257 etc.
515 229 562 257 Hic
582 229 750 263 ostenditur,
771 229 845 265 quod
866 228 977 257 idolola—

134 275 187 304 tria
207 278 248 304 est
272 284 365 304 causa
380 274 470 303 liuius
490 276 704 312 corruptionis;
728 278 755 304 et
776 275 865 312 prImo
886 278 976 303 osten-

132 322 185 356 dit,
212 322 353 360 quomodo
378 321 532 350 idololatria
558 325 600 350 est
627 329 710 350 causa
740 321 864 350 omnium
892 322 976 350 malo-

133 377 197 398 rum
217 369 245 397 in
267 368 429 402 idololatris;
451 368 584 401 secundo,
596 372 716 405 propter
736 367 824 406 quid,
846 368 975 404 quoniam

133 418 247 452 propter
268 423 344 452 spem
358 415 542 452 impunitatis:
567 415 642 443 Dum
657 415 731 443 enim
747 414 896 451 confidunt
911 417 975 448 etc.;

133 462 215 490 tertio
235 461 367 495 ostendit,
386 461 460 498 quod
474 461 526 490 hoc
546 461 638 497 ipsum
659 463 700 489 est
720 461 759 489 eis
776 469 869 489 causa
887 461 976 498 pani-

134 508 235 537 tionis:
262 508 389 546 Utraque
409 510 474 541 etc.;
496 510 597 544 quarto
617 507 750 542 ostendit,
772 516 847 545 quae
874 508 909 536 sit
930 507 976 536 illa

132 555 251 592 punitio,
269 555 372 583 scilicet
392 562 473 583 casus
487 557 514 583 et
532 554 721 590 praecipitatio
739 555 767 583 in
781 555 834 583 alia
851 558 974 591 peccata:

134 601 199 630 Non
219 601 296 629 enim
317 604 368 630 etc.

211 648 299 682 (Vers.
325 648 390 685 27.).
416 646 615 684 Infandorum
640 650 690 676 etc.
718 647 756 676 Ita
782 647 840 676 dixi
853 648 873 681 ¹,
901 647 975 684 quod

133 697 173 723 tot
192 697 220 723 et
244 697 319 723 tanta
345 694 417 723 mala
444 694 547 723 faciunt
574 694 751 729 idololatrae;
779 694 974 732 infandorum

132 741 208 770 enim
228 741 391 775 idolorum,
413 741 440 769 id
460 744 501 769 est
522 740 720 775 nefandorum,
742 741 769 770 id
790 746 831 770 est
851 741 974 770 nomina-

132 787 205 816 tione
218 787 411 824 indignorum,
433 787 584 815 secundum
605 787 673 815 illud
687 787 799 816 Psalmi:
826 788 903 816 «Nec
918 795 974 816 me-

131 825 191 863 mor
212 841 260 862 ero
281 834 423 862 nominum
437 841 534 862 eorum
555 841 604 870 per
625 833 696 862 labia
710 841 772 862 mea
785 845 811 861 ».
833 832 974 870 Infando-

131 889 216 915 rum,
237 880 363 917 inquam,
381 879 526 908 idolorum
547 880 666 908 cultura
680 880 774 908 omnis
794 880 868 908 mali
880 889 974 909 eausa

131 931 187 961 est,
209 927 311 956 scilicet
331 934 380 963 per
405 926 560 956 intellectus
581 926 802 955 excaecationem
823 929 850 955 et
877 927 974 955 volun-

132 974 195 1002 tatis
222 973 444 1007 subversionem
473 976 499 1001 et
519 973 653 1007 initiam,
682 973 785 1001 scilicet
806 980 855 1009 per
883 973 974 1010 operis

131 1019 349 1053 inchoationem;
371 1023 397 1047 et
422 1018 505 1055 finis,
526 1027 576 1055 per
603 1019 726 1048 eiusdem
748 1019 973 1055 completionem,

132 1065 202 1095 sicut
229 1065 297 1094 fides
323 1068 351 1094 et
371 1066 463 1094 cultus
483 1065 532 1094 Dei
553 1073 636 1094 causa
663 1068 704 1094 est
724 1066 813 1094 omnis
835 1065 914 1099 boni,
944 1069 975 1094 ut

131 1112 229 1149 probat
256 1112 400 1149 Apostolus
427 1112 461 1140 ad
482 1112 618 1141 Hebraeos
645 1112 790 1141 undecimo
802 1112 822 1146 2,
844 1112 892 1140 ubi
917 1112 973 1141 ait:

135 1158 237 1187 «Fides
256 1161 297 1187 est
318 1158 518 1195 sperandarum
539 1158 693 1187 substantia
714 1166 810 1187 rerum
825 1170 850 1186 ».

209 1205 261 1232 San
291 1212 415 1233 comm:
448 1204 627 1233 Ecclesiastici
658 1204 801 1234 decimo³t
828 1217 842 1230 «
864 1205 973 1234 Initium

130 1251 218 1280 omnis
248 1251 352 1288 peccati
386 1251 516 1288 superbia
530 1262 561 1286 »;
591 1251 655 1280 item
686 1252 790 1288 primae
818 1251 850 1280 ad
884 1252 974 1280 Timo—

130 1298 225 1327 theum
253 1298 378 1327 sexto4:
407 1309 421 1323 «
440 1298 526 1326 Radix
553 1298 677 1327 omnium
703 1299 840 1327 malorum
868 1299 973 1336 cupidi-

130 1347 171 1374 tas
182 1355 212 1373 n:
228 1345 298 1381 male
312 1352 378 1381 ergo
398 1345 500 1373 dicitur
521 1345 579 1378 hic,
601 1344 675 1382 quod
689 1345 813 1373 omnium
834 1346 971 1374 malorum

130 1391 239 1420 initium
260 1394 301 1420 est
321 1390 485 1427 infidelitas.

207 1437 374 1472 Dicendum,
402 1438 475 1474 quod
503 1446 557 1466 non
585 1441 626 1467 est
653 1438 863 1473 inconveniens,
891 1440 973 1476 plura

129 1491 189 1513 esse
209 1483 287 1512 initia
313 1484 449 1512 malorum
470 1484 623 1513 secundum
641 1485 764 1514 diversos
778 1489 920 1522 respectus
936 1502 971 1506 —

130 1530 201 1559 sicut
215 1530 298 1558 unius
316 1530 355 1558 rei
371 1533 435 1558 sunt
453 1534 581 1568 quatuor
595 1539 706 1565 causae,
721 1532 824 1560 scilicet
838 1532 971 1566 efficiens,

129 1577 278 1605 materialis
292 1580 354 1612 etc,
368 1580 395 1605 et
413 1580 502 1606 tamen
525 1578 614 1606 unica
628 1578 655 1606 in
670 1586 726 1606 uno
746 1586 847 1615 genere
859 1595 895 1599 —
907 1579 972 1616 quia

130 1631 166 1652 ex
187 1626 265 1660 parte
286 1624 427 1652 rationalis
447 1623 618 1660 infidelitas,
639 1632 675 1653 ex
696 1627 774 1661 parte
802 1625 972 1661 concupisci-

129 1669 191 1699 bilis
212 1670 373 1707 cupiditas,
395 1678 431 1699 ex
452 1673 530 1707 parte
551 1671 696 1699 irascibilis
716 1671 855 1708 superbia
865 1671 885 1699 ⁵.

208 1716 296 1752 (Vers.
318 1716 385 1751 28.).
408 1717 469 1744 Aut
492 1717 585 1751 enim,
608 1717 678 1745 dum
705 1717 863 1750 laetamur,
892 1717 971 1745 insa-

127 1763 232 1796 niunt;
253 1762 382 1791 Glossass:
409 1774 423 1788 «
437 1763 465 1792 In
486 1763 562 1792 festis
582 1766 609 1792 et
630 1763 702 1792 ludis
717 1775 743 1797 22,
765 1766 793 1792 et
813 1764 864 1792 hoc
885 1772 973 1801 quan-

129 1813 189 1838 tum
209 1809 244 1838 ad
264 1809 368 1838 malum
389 1810 416 1838 in
438 1808 602 1847 affectione;
623 1810 792 1843 insaniant,
814 1810 891 1844 dicit,
907 1811 972 1847 quia

129 1856 232 1885 laetitia
251 1856 418 1885 irrationalis
435 1857 540 1885 insania
554 1859 608 1891 est,
623 1857 694 1885 sicut
708 1857 782 1886 risus
800 1857 972 1893 phrenetico-

129 1910 208 1936 rum3
230 1902 299 1932 Osee
320 1911 404 1931 nono:
431 1914 445 1928 «
459 1903 565 1931 Insania
584 1903 612 1931 in
627 1903 708 1931 domo
729 1903 777 1932 Dei
798 1904 895 1932 eius».
912 1906 971 1932 Aut

129 1952 203 1978 certe
221 1949 423 1978 vaticinantur
442 1948 541 1986 falsa,
563 1949 665 1978 scilicet
679 1949 746 1978 falsa
766 1950 970 1986 prophetando,

129 1998 157 2025 et
176 1996 229 2025 hoc
255 1999 390 2033 quantum
411 1996 445 2024 ad
472 1996 576 2024 malum
598 1996 798 2033 cogitationis,-
826 1997 899 2025 tertii
921 1998 970 2026 Re-

129 2050 195 2079 gum
213 2042 342 2071 ultimo⁷:
369 2054 382 2067 «
394 2043 446 2071 Ero
467 2043 581 2079 spiritus
595 2043 715 2072 mendax
735 2043 763 2071 in
784 2051 831 2072 ore
846 2044 970 2072 omnium

128 2089 327 2126 prophetarum
340 2101 366 2117 ».
383 2091 443 2118 Aut
457 2090 558 2119 vivunt
577 2090 699 2124 iniuste,
721 2093 748 2119 et
763 2090 814 2118 hoc
835 2093 969 2127 quantum

129 2135 163 2164 ad
176 2135 279 2164 malum
295 2136 536 2170 conversationis;
551 2136 727 2165 Ecclesiastae
742 2137 870 2173 septimo:
890 2149 903 2162 «
919 2137 970 2165 Im-

129 2182 192 2218 pius
211 2182 299 2211 multo
326 2185 451 2219 tempore
470 2183 537 2211 vivit
563 2183 592 2211 in
614 2184 717 2212 malitia
735 2196 761 2211 ».
784 2185 845 2212 Aut
868 2185 969 2221 peria-

129 2231 212 2263 rant,
234 2229 277 2258 vel
294 2229 460 2266 peierant⁸,
481 2232 508 2258 et
529 2230 581 2258 hoc
601 2232 737 2267 quantum
764 2231 797 2259 ad
826 2233 969 2267 peccatum

1817 158 1872 186 203

1033 229 1202 264 locutionis;
1217 231 1285 264 cito,
1301 232 1328 260 id
1342 235 1383 260 est
1397 233 1430 261 de
1451 233 1535 267 facili,
1551 237 1663 270 propter
1681 235 1780 263 malam
1794 243 1873 263 suam

1033 277 1275 311 consuetudinem;
1302 282 1414 314 propter
1442 280 1515 316 quod
1537 280 1715 310 Ecclesiastici
1741 281 1872 318 vigesimo

1033 323 1129 351 tertio:
1150 324 1303 352 «Inrationi
1324 333 1378 353 non
1393 329 1531 354 assuescat
1545 335 1576 355 os
1598 330 1690 362 tuum,
1705 328 1785 356 multi
1799 327 1871 356 enim

1033 377 1113 398 casus
1133 370 1160 397 in
1182 370 1228 398 illa
1248 383 1273 399 υ.

1111 416 1198 450 (Vers.
1228 418 1294 452 29).
1327 418 1401 446 Dani
1429 419 1504 447 enini
1533 419 1681 456 confidunt
1710 420 1741 448 in
1771 420 1870 454 idolis,

1032 470 1106 499 quae
1126 463 1188 491 sine
1209 464 1312 492 anima
1332 468 1414 498 sunt,
1436 465 1526 501 quoad
1547 466 1646 500 vitam;
1672 466 1747 495 male
1768 466 1871 494 iuran-

1032 512 1084 543 tes,
1107 509 1209 538 scilicet
1230 518 1266 538 ex
1281 514 1359 546 parte
1380 511 1433 545 rei,
1446 520 1499 547 per
1513 521 1602 550 quam
1618 514 1722 547 iurant,
1744 513 1809 550 quia
1823 521 1872 549 per

1031 555 1150 589 idolum,
1172 560 1255 585 etex
1277 560 1354 593 parte
1376 558 1428 591 rei,
1447 566 1503 594 pro
1524 567 1583 596 qua
1604 559 1709 593 iurant,
1731 560 1796 596 quia
1823 559 1872 588 sal—

1032 610 1109 636 sum,
1131 606 1227 631 contra
1246 603 1314 633 illud
1336 604 1464 632 Ieremiae
1478 608 1577 641 quarto
1588 605 1611 633 ⁹:
1638 617 1651 630 «
1667 606 1784 634 Iurabis:
1800 606 1872 634 vivit

1031 649 1179 683 Dominus,
1201 649 1228 677 in
1249 650 1364 678 veritate
1389 653 1416 678 et
1436 651 1464 678 in
1494 651 1594 679 iudicio
1618 654 1645 679 et
1669 652 1696 680 in
1718 652 1821 681 iustitia
1844 664 1870 680 ».

1032 695 1137 724 Noceri
1156 704 1185 723 se
1206 704 1264 724 non
1283 701 1417 733 sperant,
1439 697 1466 725 id
1486 700 1528 726 est
1549 706 1602 726 non
1625 698 1727 726 timent.

1109 742 1160 771 Sed
1181 742 1319 779 quomodo
1341 751 1394 771 non
1416 743 1528 778 timent,
1550 752 1613 772 cum
1634 752 1693 773 esse
1714 753 1793 773 veros
1807 745 1871 774 deos

1031 788 1165 817 credant?

1109 835 1273 869 Dicendum,
1295 836 1369 872 quod
1390 836 1452 865 licet
1472 837 1546 873 ipsos
1560 840 1591 865 ut
1611 837 1676 866 deos
1690 838 1794 872 colant,
1817 846 1871 866 non

1030 884 1121 910 tamen
1136 882 1175 910 eis
1195 882 1284 911 inesse
1307 883 1530 919 omnipotentiam
1556 887 1667 920 putant;
1686 884 1729 913 vel
1744 892 1798 913 non
1812 892 1871 913 cre-

1030 928 1112 962 dunt,
1133 928 1207 965 quod
1228 932 1339 965 peccata
1359 930 1503 958 hominurn
1517 931 1639 967 puniant.
1663 931 1695 959 Et
1715 938 1812 959 revera
1833 931 1871 959 eis

1030 982 1084 1003 non
1099 978 1214 1011 possunt
1228 984 1340 1010 nocere,
1355 980 1468 1013 propter
1483 977 1556 1013 quod
1572 977 1701 1006 Ieremiae
1718 977 1823 1006 decimo
1835 977 1871 1005 ¹⁰:

1035 1032 1049 1045 «
1062 1021 1149 1049 Nolite
1170 1022 1267 1050 timere
1288 1030 1320 1050 ea
1334 1034 1361 1056 »,
1383 1023 1486 1051 scillcet
1506 1023 1590 1057 idola,
1616 1035 1629 1048 «
1644 1023 1709 1060 quia
1730 1031 1780 1052 nec
1801 1024 1871 1052 male

1030 1075 1080 1096 nec
1101 1068 1170 1096 bene
1191 1072 1306 1105 possunt
1320 1069 1409 1098 facere
1425 1081 1454 1104 1›;
1477 1070 1524 1099 sed
1538 1073 1629 1099 tamen
1643 1079 1659 1098 a
1680 1071 1735 1099 Deo
1756 1071 1871 1107 punien-

1031 1116 1077 1142 tur
1099 1122 1149 1151 pro
1170 1118 1282 1151 peccato
1297 1116 1427 1152 periurii.

1109 1161 1197 1197 (Vers.
1223 1162 1290 1196 30.).
1312 1162 1387 1191 Unde
1409 1163 1551 1200 sequitur:
1579 1163 1705 1201 Utraque
1726 1172 1793 1201 erqo
1814 1163 1872 1192 illis

1030 1207 1168 1241 evenient,
1191 1208 1293 1237 scilicet
1321 1209 1423 1237 malum
1445 1209 1563 1246 culpae,
1588 1210 1653 1246 quia
1681 1210 1751 1239 male
1779 1210 1872 1239 iurare

1030 1254 1246 1290 permittuntur;
1275 1258 1302 1283 et
1330 1255 1433 1283 malum
1451 1264 1575 1292 poenae,
1596 1256 1662 1293 quia
1682 1259 1795 1294 propter
1820 1256 1872 1285 hoc

1029 1300 1196 1337 punientur3
1211 1301 1349 1334 evenient,
1372 1301 1497 1338 inquam,
1513 1302 1611 1339 digne,
1627 1302 1730 1331 scilicet
1750 1310 1801 1338 pro
1815 1310 1871 1331 me-

1029 1346 1089 1375 ritis
1095 1357 1102 1381 ;
1117 1347 1291 1384 Apocalypsis
1305 1347 1402 1375 ultimo
1415 1349 1449 1375 ll:
1470 1359 1483 1372 «
1498 1348 1551 1384 Qui
1572 1348 1599 1376 in
1615 1348 1743 1377 sordibus
1757 1352 1798 1376 est
1812 1356 1871 1377 sor-

1028 1393 1122 1422 descat
1148 1393 1239 1422 adhuc
1256 1406 1282 1421 ».
1314 1394 1460 1429 Quoniam
1486 1394 1561 1422 male
1581 1398 1733 1422 senserunt
1751 1394 1787 1423 'de
1817 1395 1871 1423 Deo

1029 1440 1201 1468 attendentes
1222 1440 1324 1474 idolis,
1346 1440 1372 1469 id
1393 1443 1434 1469 est
1454 1440 1578 1469 divinum
1600 1441 1707 1469 cultum
1728 1441 1806 1469 idolis
1821 1441 1870 1469 tri-

1028 1486 1151 1521 buendo,
1172 1486 1238 1515 dum
1260 1487 1354 1515 iurant
1374 1495 1424 1523 per
1444 1487 1557 1515 idolum.
1583 1488 1616 1515 Et
1629 1487 1735 1515 iniuste
1755 1487 1872 1516 iurave—

1029 1537 1100 1561 runt
1114 1533 1145 1561 in
1159 1532 1234 1561 idolo
1247 1533 1287 1566 ¹²,
1302 1536 1508 1562 contemnentes
1528 1534 1689 1567 iustitiam,
1704 1534 1807 1562 scilicet
1821 1534 1872 1562 illi-

1029 1580 1129 1613 citum,
1152 1580 1195 1608 vel
1208 1580 1308 1608 falsum
1323 1580 1451 1615 iurando,
1466 1583 1493 1609 et
1508 1581 1545 1609 ita
1558 1580 1704 1617 dupliciter
1719 1584 1813 1609 errant
1828 1581 1871 1609 vel

1028 1629 1155 1662 peccant,
1177 1626 1294 1660 scilicet,
1310 1627 1375 1663 quia
1389 1627 1482 1655 iurant
1493 1636 1547 1664 per
1561 1627 1637 1665 quod
1651 1635 1705 1655 non
1720 1627 1829 1661 debent,
1845 1631 1872 1656 et

1029 1672 1094 1708 quia
1108 1672 1201 1700 iurant
1222 1673 1253 1700 id
1273 1673 1350 1709 quod
1363 1681 1417 1701 non
1431 1673 1546 1707 debent;
1569 1673 1654 1702 Exodi
1670 1674 1801 1710 vigesimo
1816 1677 1871 1702 ter-

1029 1718 1066 1747 tio
1076 1718 1112 1746 ¹⁸:
1126 1730 1138 1744 α
1148 1719 1197 1747 Per
1209 1726 1307 1747 nomen
1319 1722 1501 1748 externorum
1512 1719 1628 1748 deorum
1640 1728 1694 1748 non
1705 1720 1832 1748 iurabitis
1842 1731 1869 1748 n.

1107 1765 1195 1801 (Vers.
1212 1765 1278 1801 31.).
1295 1765 1359 1794 Non
1373 1766 1464 1799 enim,
1486 1766 1563 1803 quasi
1585 1766 1669 1795 dicat:
1684 1769 1711 1795 et
1726 1775 1790 1795 vere
1809 1774 1870 1803 pec-

1028 1814 1091 1840 cant
1111 1812 1150 1840 sic
1170 1812 1301 1845 iurando;
1320 1821 1378 1841 non
1398 1813 1474 1841 enim
1494 1813 1678 1847 iurantium,
1700 1814 1802 1842 scilicet
1816 1814 1869 1848 sic,

1028 1861 1068 1886 est
1087 1858 1182 1886 virtus
1197 1858 1228 1892 ¹4,
1243 1858 1270 1887 id
1284 1862 1325 1887 est
1346 1867 1416 1895 opus
1438 1859 1592 1888 virtuosum
1616 1860 1657 1888 vel
1678 1860 1868 1894 meritorium;

1026 1905 1076 1933 sed
1086 1906 1271 1942 peccantium
1281 1914 1392 1942 poena,
1408 1905 1434 1934 id
1454 1909 1495 1935 est
1509 1909 1652 1942 peccatum
1674 1907 1778 1943 ipsum,
1795 1906 1868 1943 quod

1027 1952 1107 1980 etiam
1129 1955 1170 1981 est
1190 1960 1277 1989 poena
1298 1953 1519 1989 praecedentium
1540 1956 1715 1989 peccatorum
1737 1957 1764 1982 et
1788 1954 1869 1990 culpa

1027 1998 1054 2027 in
1069 2006 1105 2031 se.
1128 1999 1319 2027 Perambulat
1332 2008 1452 2036 semper,
1473 1999 1576 2028 scilicet
1589 1999 1622 2028 de
1644 2000 1716 2028 malo
1734 2000 1761 2028 in
1777 2000 1883 2037 peius,-

1026 2045 1058 2073 in
1078 2045 1238 2079 iustorum,
1260 2045 1287 2073 id
1308 2049 1350 2074 est
1370 2046 1506 2074 iustarum
1530 2054 1642 2080 rerum,
1668 2046 1771 2075 scilicet
1792 2054 1868 2074 man-

1025 2091 1153 2120 datorum
1167 2092 1229 2126 Dei,
1243 2092 1543 2129 praevaricationem3
1558 2092 1708 2129 Gregorius
1719 2093 1757 2121 ¹⁵:
1778 2105 1791 2118 α
1807 2093 1869 2121 Pec-

1025 2142 1118 2167 catum
1145 2139 1234 2172 enim‚
1265 2138 1339 2175 quod
1361 2146 1410 2175 per
1437 2138 1632 2175 poenitentiam
1660 2147 1714 2167 non
1742 2139 1867 2173 diluitur,

1026 2193 1076 2214 suo
1097 2185 1218 2222 pondere
1239 2193 1305 2214 mox
1332 2185 1367 2214 ad
1387 2184 1461 2214 aliud
1485 2186 1570 2214 trahit
1589 2197 1619 2220 »;
1642 2194 1705 2214 nam
1727 2186 1868 2214 Psalmus:

1031 2243 1045 2256 «
1058 2231 1115 2260 Fiat
1136 2231 1180 2260 via
1200 2232 1311 2260 illorum
1332 2231 1462 2260 tenebrae
1483 2235 1510 2260 et
1530 2231 1669 2260 lubricum
1684 2244 1697 2257 »
1723 2235 1774 2261 etc.

191 2476 200 2489 ¹
218 2477 277 2500 Vide
293 2484 316 2499 v.
334 2478 413 2500 22-26.
429 2490 460 2494 —
477 2478 584 2507 Sequitur
600 2478 636 2500 Ps.
657 2479 695 2507 15,
713 2479 735 2501 4.

191 2515 201 2529 ⁹
219 2517 283 2539 Vers.
302 2517 323 2539 i.

191 2553 201 2567 ³
218 2556 284 2578 Vers.
302 2555 339 2577 45.

191 2593 202 2606 ⁴
218 2594 284 2616 Vers.
303 2594 340 2616 ⁴0.

191 2630 201 2644 ⁵
218 2632 262 2655 Cfr.
280 2633 304 2655 11.
322 2633 383 2655 Sent.
400 2633 422 2655 d.
441 2633 478 2655 42.
494 2633 552 2655 dub.
569 2633 590 2656 4.
606 2646 637 2650 —
654 2634 765 2662 SuperIus
780 2641 822 2662 pro
834 2635 903 2658 unica
916 2635 970 2658 edd.

191 2707 202 2721 θ
218 2710 305 2738 Nempe
314 2709 473 2733 interlinearis
482 2716 508 2733 ex
517 2710 621 2733 Rabano.
629 2723 659 2728 ——
669 2712 722 2740 Seq.
731 2712 794 2734 locus
803 2714 837 2734 est
846 2711 904 2735 Osee
912 2713 925 2734 9
933 2729 938 2739 ,
948 2713 969 2734 8.

128 2759 161 2765 —
177 2747 280 2771 Subinde
296 2755 338 2776 pro
351 2748 545 2778 phreneticorum
562 2750 617 2772 edd.
632 2749 812 2773 haereticorum.

192 2785 200 2799 ⁷
218 2788 284 2810 Vers.
300 2788 336 2810 22.
355 2800 384 2803 —
402 2788 509 2817 Sequitur
526 2790 598 2812 Eccle.
615 2789 641 2816 7,
659 2790 695 2811 46.

193 2824 202 2837 ⁸
219 2826 330 2853 Vulgata:
348 2827 391 2849 aut
403 2826 526 2855 peierant,·
543 2827 605 2849 card.
623 2828 690 2855 Hugo
707 2830 729 2850 et
740 2829 855 2855 Lyranus:
867 2829 911 2851 aid
918 2834 970 2858 per-

130 2863 220 2887 iurant.
237 2877 267 2880 —
284 2864 387 2887 Subinde
404 2866 516 2893 allegatur
532 2866 599 2888 Eccli.
616 2867 658 2894 23,
676 2867 698 2888 9.

192 2901 202 2914 ⁹
220 2903 283 2926 Vers.
302 2905 323 2926 2.
339 2904 384 2927 Cir.
400 2904 433 2926 III.
451 2905 512 2926 Sent.
530 2905 553 2927 d.
570 2905 606 2927 39.
624 2904 681 2927 dub.
699 2906 718 2927 l.
737 2918 767 2922 —
784 2906 814 2928 Ex
826 2907 843 2928 Α
856 2907 970 2934 supplevi-

130 2947 182 2964 mus
199 2941 253 2971 qztia
267 2948 312 2971 per
329 2942 440 2965 idolum...
458 2943 546 2966 iurant.

1091 2479 1110 2492 ¹⁰
1127 2481 1192 2503 Vers.
1210 2481 1231 2503 5.

1091 2518 1109 2531 ¹¹
1127 2519 1192 2541 Vers.
1211 2520 1248 2541 Μ.

1090 2556 1109 2570 ¹²
1126 2558 1156 2580 Ita
1173 2558 1240 2580 etiam
1259 2558 1321 2581 card.
1338 2559 1405 2586 Hugo
1422 2561 1444 2581 et
1460 2559 1574 2586 Lyranus;
1592 2558 1691 2586 Vulgata
1707 2557 1732 2580 in
1748 2557 1812 2581 dolo.

1090 2595 1109 2608 ¹³
1127 2597 1191 2619 Vers.
1209 2597 1245 2619 43.

1090 2635 1109 2648 ¹⁴
1126 2637 1156 2659 Ita
1173 2636 1241 2658 etiam
1258 2635 1378 2665 Rabanus,
1396 2636 1458 2659 card.
1475 2637 1542 2664 Hugo
1554 2638 1576 2658 et
1588 2637 1702 2664 Lyranus‚
1715 2643 1768 2659 cum
1781 2636 1866 2665 quibus

1027 2675 1136 2697 convenit
1153 2675 1314 2702 Septuaginta,
1330 2674 1416 2697 omisso
1441 2678 1517 2697 tamen
1542 2676 1589 2703 est;
1607 2675 1716 2702 Vulgata:
1734 2675 1788 2698 Non
1804 2674 1866 2697 enim

1026 2713 1164 2736 iuratorum
1181 2713 1264 2736 virtus.

1090 2751 1109 2764 ¹⁶
1125 2752 1186 2774 Libr.
1203 2752 1277 2774 XXV.
1294 2753 1371 2774 Moral.
1383 2758 1402 2774 c.
1415 2752 1438 2774 9.
1449 2758 1473 2774 n.
1489 2753 1531 2774 22:
1548 2751 1620 2774 Omne
1631 2752 1719 2780 quippe
1734 2754 1866 2779 peccatum,

1027 2791 1090 2819 quod
1107 2794 1183 2813 tamen
1200 2791 1267 2813 citius
1283 2781 1422 2819 poenitendo
1438 2797 1485 2812 non
1508 2791 1615 2819 tergitur,
1633 2793 1672 2812 aut
1696 2793 1814 2818 peccatum
1833 2794 1866 2812 est

1026 2832 1048 2851 et
1065 2836 1133 2852 causa
1154 2830 1253 2857 peccati,
1270 2832 1309 2852 aut
1333 2832 1453 2857 peccatum
1478 2832 1500 2851 et
1525 2835 1598 2857 poena
1625 2829 1720 2857 peccati.
1746 2829 1864 2850 Peccatum

1026 2875 1139 2897 namque,
1155 2868 1219 2896 quod
1236 2868 1373 2896 poenitentia
1392 2874 1435 2890 non
1453 2868 1529 2896 diluit,
1547 2868 1597 2896 ipso
1615 2874 1656 2890 suo
1668 2868 1770 2895 pondere
1782 2870 1824 2889 etc.
1836 2879 1866 2882 —

1028 2907 1136 2935 Sequitur
1153 2907 1187 2929 Ps.
1206 2906 1248 2935 34,
1266 2907 1286 2928 6.

1889 427 1968 453 Propter

1901 450 1952 473 quid.

1888 752 1984 775 Quaestio.

1888 844 1937 868 Resp

1904 1168 1942 1187 Hoc
1956 1169 2015 1192 ipsum

1888 1197 1944 1218 eausa
1962 1193 2016 1216 puni-

1889 1217 1951 1233 tionis.

1913 1770 1965 1793 Quae
1979 1770 2003 1788 sit

1888 1793 1934 1820 baec
1950 1794 2003 1817 puni-

1888 1819 1920 1835 ῑιο.
