2296 3316
331 644 385 663 Nol-a.

257 1110 387 1137 contrarietas

286 1139 353 1158 prima.

293 1297 386 1317 Secunda.

314 1484 384 1503 Tertia.

256 1673 314 1697 Resp.
342 1677 362 1691 er
375 1672 385 1691 3

280 1701 301 1715 1¹0
334 1702 361 1715 as.

314 1766 377 1785 Prima
380 1780 384 1785 .

404 143 461 174 41⁹2

404 221 537 257 guantum
559 216 758 250 contritionis,
779 215 854 255 quod
874 214 1061 252 significatum
1081 218 1123 242 est
1137 213 1166 242 in
1186 213 1249 248 illo,

404 266 492 296 Lucae
512 263 629 301 septimo
641 264 669 291 ¹:
685 261 841 300 Laerymz's
854 261 946 298 coepit
963 260 1066 297 rtyare
1083 260 1170 297 pedes
1187 259 1250 288 eius

403 316 427 341 et
442 316 588 348 unquento
608 309 742 347 unyebat.
764 325 800 329 —-
825 307 1004 343 DeuotioniS,
1027 310 1055 336 et
1074 307 1127 336 hoc
1146 306 1250 344 signifi-

403 361 495 388 catum
516 360 558 386 est
578 357 623 387 hic
644 360 671 385 et
692 355 818 385 Matthaei
835 355 967 392 vigesimo
981 356 1062 383 sexto
1073 354 1102 382 ³:
1120 353 1194 382 Cum
1208 361 1250 382 es-

402 408 442 434 set
463 404 545 432 Iesus
566 403 598 432 in
611 403 696 433 domo
711 402 839 432 Simon-is
853 401 976 438 leprosi,
992 400 1114 430 accessit
1128 400 1170 429 ad
1183 408 1250 429 eum

402 450 510 479 mulier
530 448 638 479 liabens
658 448 846 478 alabastrum
867 447 1010 485 unquenti
1020 446 1144 484 pretiosi
1164 450 1190 475 et
1209 445 1250 483 ef-

402 496 482 534 fudit
501 505 590 533 supet·
610 499 700 533 caput
720 495 815 532 ipsius
835 494 1035 524 recumbentis.
1060 511 1094 514 -
1113 494 1250 531 Compas-

402 543 511 577 sionis,
532 545 560 571 et
580 543 633 572 hoc
654 542 737 571 Marci
758 542 856 571 ultimo
868 542 898 571 ⁸:
920 542 1021 570 Μανία
1035 541 1212 579 Μαςάαίθηα
1225 544 1251 569 et

402 589 503 618 Maria
523 588 623 617 Jacobi
641 592 668 617 et
688 588 802 618 Salome
822 592 954 618 emerunt
974 591 1129 623 aromata,
1153 591 1185 616 ut
1205 597 1250 616 ve-

401 636 510 665 nientes
537 639 678 673 imperent
706 636 812 664 lesum.
834 651 870 656 —-
894 635 984 664 Primo
1004 637 1147 671 unguento
1168 634 1249 663 inun-

402 685 507 720 guntur
524 683 632 720 pedes:
660 682 797 717 secundo,
819 686 930 720 eaput,-
951 682 1033 712 tertio
1054 690 1136 716 vero,
1159 685 1249 710 cotum

404 730 522 762 Domini
541 738 650 767 corpus
660 730 680 758 ⁴.

722 825 925 861 Quasi-ionas.

483 918 525 946 11.
548 918 658 953 Quaest.
681 917 698 945 I.
721 917 773 946 Sed
794 917 940 954 quaeritur
965 916 1010 945 hic
1031 916 1122 953 primo
1143 916 1176 945 de
1198 917 1250 945 hoc

402 964 475 1001 quod
496 964 578 998 dicit,
603 964 678 1001 quod
706 967 772 993 ante
792 972 842 992 sex
863 963 925 992 dies
945 962 1080 992 Paschae
1103 963 1176 992 uenit
1197 964 1250 991 Be-

403 1010 552 1045 thunium,
575 1011 622 1040 nbi
644 1014 746 1040 unctus
767 1014 809 1040 est
829 1019 845 1039 3
866 1011 966 1039 Maria:

483 1059 507 1085 1.
529 1058 599 1094 Quia
619 1057 746 1086 Matthaei
769 1057 901 1094 vigesimo
922 1057 1024 1086 sexto⁵
1045 1056 1166 1085 dicitur:
1190 1056 1249 1085 Sci-

402 1103 454 1137 tis,
476 1104 548 1141 quia
565 1107 632 1140 post
652 1103 775 1133 biduum
798 1102 915 1132 Pascha
935 1104 999 1140 fiet,
1021 1107 1048 1132 et
1073 1106 1147 1140 post,
1175 1102 1250 1139 quod

401 1150 434 1179 in
454 1150 537 1178 domo
559 1150 688 1179 Simonis
709 1153 811 1179 unctus
831 1153 873 1179 est
893 1159 910 1179 a
931 1150 1030 1179 Maria:
1052 1158 1119 1187 ergo
1140 1149 1250 1178 videtur

401 1204 451 1233 per
473 1196 595 1225 biduum
617 1200 700 1231 ante,
722 1200 749 1227 et
768 1197 813 1225 hic
827 1197 945 1231 dicitur,
960 1197 1035 1234 quod
1050 1204 1100 1234 per
1114 1205 1164 1225 sex
1178 1196 1249 1225 dies.

481 1245 507 1273 2.
533 1244 599 1272 Item
623 1243 754 1273 obiicitur
773 1244 807 1273 de
828 1245 880 1273 hoc
902 1244 975 1282 quod
996 1244 1077 1278 dicit,
1099 1243 1173 1281 quod
1195 1252 1249 1271 un-

402 1291 447 1319 aez't
467 1291 569 1327 pedes,
591 1291 657 1328 quia
684 1291 786 1321 dicitur
814 1292 942 1320 Matthaei
970 1291 1103 1328 vigesimo
1130 1290 1250 1324 sextoss,

403 1337 477 1374 quod
497 1336 599 1375 effudit
618 1345 708 1374 super
729 1340 818 1374 capnt
838 1337 909 1365 eius.
932 1337 958 1365 Si
978 1337 1076 1366 effudit
1096 1345 1181 1374 super
1203 1344 1248 1365 ca-

402 1387 468 1421 put,
490 1384 629 1421 quomodo
649 1384 733 1413 unxit
754 1385 861 1421 pedes?

481 1431 508 1460 3.
531 1431 613 1465 Item,
635 1431 668 1460 de
689 1431 742 1460 alia
770 1431 980 1465 contrarietate,
1009 1431 1074 1468 quia
1102 1431 1161 1459 ibi⁷
1183 1430 1250 1459 dici—

403 1481 467 1512 tur,
489 1478 565 1515 quod
591 1478 718 1507 videntes
745 1478 886 1516 discipuli
913 1478 1062 1515 indiynati
1088 1481 1176 1511 amnt,-
1204 1478 1250 1506 1116

401 1528 495 1554 31116111
516 1524 634 1559 dicitur,
655 1525 731 1562 quod
751 1533 831 1553 unus
849 1525 1038 1562 indignatus,
1060 1524 1163 1553 scilicet
1184 1532 1249 1561 pro-

401 1572 482 1602 ditor.

480 1619 518 1648 Ad
539 1620 589 1648 has
610 1622 667 1648 tres
688 1619 898 1648 contrarietates
918 1619 1036 1648 solvitur
1057 1626 1107 1656 per
1130 1621 1186 1647 tres
1205 1626 1249 1647 16-

401 1667 481 1704 gulas
501 1667 661 1704 Augustini,
683 1666 717 1695 de
738 1666 879 1696 Cousensu
900 1665 1179 1703 Evangelistarum⁸:

482 1714 587 1748 Prima,
612 1714 686 1751 quod
714 1714 882 1747 notandum,
904 1713 978 1750 quod
998 1712 1147 1750 aliquando
1175 1720 1249 1741 unus

400 1760 573 1798 Evangelista
593 1760 697 1798 aliquid
718 1760 784 1789 dicit
805 1760 958 1789 secundum
973 1760 1077 1789 seriem
1092 1759 1247 1794 historiae,

465 1950 472 1963 ¹
491 1951 557 1974 Vers.
575 1951 614 1973 38.

464 1988 473 2002 ²
491 1990 555 2013 Vers.
574 1990 595 2012 6.
612 1995 662 2018 seq.
678 1989 772 2012 Plurimi
798 1989 867 2012 codd.
892 1989 951 2012 Cum
974 1988 1121 2012 recumberet
1138 1992 1190 2017 etc,
1207 1990 1248 2012 cir.

402 2030 470 2052 Marc.
488 2029 528 2057 ⁴4,
546 2030 567 2052 3.
1116 2027 1126 2040 ³
1144 2029 1210 2051 Vers.
1228 2029 1249 2051 ’1.

464 2067 474 2080 ⁶
491 2068 537 2091 Cir.
554 2068 672 2095 Bernard.,
690 2068 763 2090 Sei-m.
781 2068 819 2090 87.
842 2067 872 2090 de
893 2067 995 2090 Diversis
1013 2067 1077 2091 (alias
1094 2067 1133 2090 52.
1152 2073 1179 2090 ex
1196 2067 1249 2089 Par-

402 2107 446 2136 vis)
464 2114 487 2130 n.
505 2107 531 2134 6;
550 2107 623 2130 Serm.
641 2107 678 2129 90.
697 2107 726 2129 de
751 2106 853 2129 Diversis
879 2106 944 2136 (alias
966 2106 1003 2129 55.
1021 2109 1043 2128 et
1060 2106 1098 2128 56.
1115 2112 1142 2129 ex
1159 2106 1248 2135 Parvis)

403 2153 444 2174 per
461 2148 547 2174 totum;
566 2147 639 2168 Serm.
656 2146 679 2168 in
696 2145 761 2169 Cant.
778 2151 847 2168 serm.
867 2146 904 2168 to.
922 2152 944 2168 11.
962 2145 983 2168 4.
1001 2151 1067 2174 seqq.
1085 2148 1107 2168 et
1123 2151 1193 2168 serm.
1212 2146 1248 2168 i2.

402 2192 424 2208 n.
443 2186 465 2207 1.
481 2192 548 2214 seqq.

465 2223 476 2236 ⁶
492 2225 557 2247 Vers.
576 2226 598 2247 2.
618 2227 640 2247 et
657 2225 678 2247 6.
696 2237 727 2241 —
744 2225 804 2248 loan.
823 2224 859 2253 42,
878 2224 904 2247 i:
922 2225 984 2247 lesus
1001 2230 1058 2252 ergo
1075 2226 1127 2246 ante
1144 2230 1183 2247 sex
1199 2224 1252 2247 dies

403 2263 503 2285 Paschae
519 2265 561 2286 etc.
1113 2260 1123 2274 ⁶
1141 2262 1206 2285 Vers.
1224 2262 1247 2284 7.

466 2300 474 2314 ⁷
493 2303 570 2325 Matth.
587 2303 630 2330 26,
647 2303 669 2325 8.
686 2315 718 2320 —
734 2303 796 2325 loan.
814 2303 858 2329 1¹2,
876 2302 902 2324 4:
920 2301 979 2324 Dixit
996 2307 1052 2330 ergo
1070 2308 1131 2324 unus
1147 2304 1190 2324 etc.

466 2341 476 2354 ⁵
492 2342 553 2365 Libr.
571 2343 596 2365 ll.
612 2349 633 2365 c.
649 2342 687 2365 78.
704 2345 727 2365 et
743 2342 781 2365 79.
798 2349 820 2365 n.
839 2342 950 2365 '153-156.

466 2380 476 2394 ⁹
493 2382 546 2404 Loc.
562 2382 600 2404 cit.
618 2388 640 2404 n.
659 2382 714 2404 ⁴53:
732 2382 778 2404 Sed
794 2381 836 2411 qui
861 2382 890 2404 ita
916 2384 1038 2404 moventur
1059 2380 1210 2411 [Matthaeum
1227 2384 1249 2403 et

404 2421 505 2443 Marcum
523 2427 573 2443 esse
590 2422 717 2444 contrarios
734 2422 822 2450 Ioanni]
844 2427 890 2444 non
915 2422 1053 2450 intelligunt,
1071 2422 1209 2443 Mattliaeum
1227 2423 1249 2443 et

406 2460 507 2483 Marcum
519 2460 574 2482 illud
585 2460 650 2488 quod
662 2461 684 2483 in
696 2461 806 2483 Bethania
818 2461 849 2483 de
860 2463 979 2489 unguento
992 2462 1078 2483 sactum
1090 2463 1147 2488 erat,
1158 2460 1249 2490 recapi-

406 2498 504 2522 tulando
516 2499 628 2527 posuisse,
640 2505 687 2521 non
696 2500 753 2529 post
763 2500 825 2522 illam
837 2499 867 2522 de
878 2499 950 2523 biduo
962 2500 1158 2528 praedicationem
1170 2505 1248 2528 suam,

405 2538 447 2560 sed
458 2539 512 2561 ante
523 2538 570 2560 iam
583 2539 667 2560 sactum
675 2555 681 2565 ,
698 2544 752 2561 cum
763 2539 840 2562 adhuc
852 2545 890 2562 sex
902 2539 952 2562 dies
964 2542 1040 2562 essent
1052 2539 1081 2561 ad
1094 2539 1188 2561 Pascha.
1200 2539 1248 2561 Non

405 2577 466 2598 enim
491 2576 614 2605 quisquam
636 2583 730 2605 eorum,
747 2584 801 2600 cum
826 2578 930 2607 dixisset,
948 2581 1001 2606 post
1023 2578 1120 2601 biduum
1147 2579 1249 2601 futurum

406 2614 504 2643 Pascha,
522 2615 554 2637 sic
571 2615 673 2638 adiunxit
689 2616 720 2638 de
734 2616 772 2638 illo
791 2617 849 2639 facto
866 2617 889 2639 In
906 2617 1028 2644 Bethania,
1046 2620 1071 2639 ut
1082 2617 1182 2639 diceret:
1193 2617 1250 2639 Post

405 2652 474 2681 haec,
491 2659 544 2676 eum
561 2657 621 2676 esset
633 2654 656 2676 in
666 2654 785 2682 Bethania;
804 2656 846 2678 sed
863 2656 992 2678 Matthaeus
1005 2656 1113 2685 quidem:
1133 2655 1192 2679 Cum
1208 2662 1249 2679 aii-

407 2693 453 2715 tem
464 2693 534 2720 esset,
550 2693 634 2721 inquit,
646 2694 711 2716 Iesus
723 2694 749 2716 in
758 2693 873 2717 Bethania
879 2703 889 2723 ,·
906 2695 996 2717 Marcus
1007 2697 1098 2717 autem:
1115 2694 1175 2718 Cum
1191 2696 1251 2718 esset

405 2730 547 2759 Bethmaiae;
564 2732 627 2760 quod
640 2732 719 2761 utique
730 2733 873 2761 intelligitur,
885 2736 907 2756 et
921 2736 1045 2763 antequam
1058 2734 1096 2756 illa
1104 2734 1249 2762 dicerentur,

405 2776 466 2799 quae
482 2773 535 2793 ante
552 2770 650 2794 biduum
666 2772 765 2794 Paschae
777 2772 837 2794 dicta
854 2775 907 2795 511111
923 2776 966 2796 ete.
983 2772 1028 2796 Csr.
1040 2779 1110 2801 supra
1123 2779 1177 2801 pag.
1195 2773 1249 2800 268,

405 2811 460 2832 nota
477 2810 500 2831 2.

469 2846 488 2860 ¹⁰
505 2848 563 2871 lbid.
579 2855 602 2871 n.
620 2849 676 2871 455:
694 2850 729 2872 ille
745 2852 822 2873 autem
835 2851 997 2878 calumniator,
1009 2851 1028 2873 si
1041 2854 1087 2874 tam
1104 2851 1250 2879 pertinaciter

407 2893 490 2910 caecus
507 2890 552 2915 est,
569 2891 593 2910 ut
610 2889 808 2917 Evangelistarum
825 2891 975 2913 concordiam
1000 2891 1030 2913 de
1046 2890 1161 2914 alabastro
1178 2891 1249 2913 fracto

406 2925 486 2956 [Marc.
505 2927 542 2954 14,
559 2927 589 2956 3.]
608 2929 713 2955 frangere
730 2931 836 2955 conetur,
853 2929 918 2957 prius
933 2929 1031 2958 accipiat
1047 2930 1153 2958 perfusos
1170 2930 1250 2958 pedes,

1020 135 1190 166 COMMENT.
1212 136 1245 165 IN
1266 135 1412 165 IOANNEM
1433 135 1461 163 C.
1484 134 1537 163 XII.

1306 214 1376 242 alter
1396 212 1462 241 dicit
1483 220 1533 249 per
1554 212 1834 249 recapitulationem.
1856 213 1888 241 Et
1902 221 1952 250 per
1967 213 2020 243 1106
2034 213 2152 243 solvitur

1307 259 1448 296 primum;
1470 259 1537 296 quia
1556 259 1711 288 Matthaeus
1738 259 1946 296 recapitulando
1972 260 2053 295 dicit,
2082 260 2154 290 sicut

1306 306 1408 335 ibidem
1430 306 1579 335 ostendit⁹.

1386 352 1512 382 Secunda
1539 353 1636 389 regula
1662 355 1720 387 est,
1748 352 1823 389 quod
1847 360 1922 382 unus
1942 353 2062 387 mnittit,
2084 353 2154 383 aiter

1306 399 1394 432 dicit,-
1415 401 1443 428 et
1464 401 1618 435 utrumque
1640 398 1742 428 factum
1771 402 1828 433 est,
1856 399 1904 428 sed
1925 407 1979 428 non
2000 402 2154 437 utrumque

1307 446 1342 475 ab
1363 448 1485 483 utroque
1505 445 1629 479 dictum;
1651 445 1690 474 sic
1711 445 1829 474 solvitur
1850 445 2019 475 seeundum:
2041 446 2107 483 quia
2127 448 2155 475 et

1307 492 1390 529 pedes
1410 492 1494 522 unxit
1521 495 1548 521 et
1568 491 1667 521 deinde
1688 495 1777 522 totum
1799 500 1884 529 super
1909 495 1993 530 caput
2013 492 2110 522 effudit
2122 493 2153 521 1⁰.

1385 539 1478 568 Tertia
1499 539 1596 576 regula
1616 542 1674 573 est,
1695 539 1770 576 quod
1785 547 1845 568 mos
1859 542 1900 568 est
1916 539 2153 577 Evangelistarum

1306 586 1443 623 pluralem
1464 593 1614 614 numerum
1637 593 1687 622 pro
1708 585 1843 622 singulari
1864 593 1967 622 ponere
1988 594 2038 623 per
2059 593 2155 623 synec-

1306 633 1432 667 dochem
1455 635 1482 661 et
1503 632 1564 661 ideo
1584 632 1718 661 dixerunt
1739 632 1800 666 alii,
1828 632 1902 670 quod
1929 632 2057 670 discipuli
2085 632 2155 661 indi-

1306 680 1397 717 gnati,
1420 680 1533 709 Ioannes
1554 679 1688 716 exprimit
1707 679 1835 716 proprie,
1857 679 1921 717 quis
1940 679 2067 709 sueritn.

1388 728 1431 756 1⁰2.
1454 727 1564 763 Quaest.
1588 726 1615 755 11.
1639 726 1706 755 Item
1724 726 1870 763 quaeritur
1891 726 1925 756 de
1946 727 1998 756 1106
2019 726 2094 764 quod
2114 726 2155 755 di-

1307 773 1344 802 cit
1365 773 1552 810 Evangehsta,
1571 774 1593 802 1.
1609 773 1684 810 quod
1698 772 1778 802 Iudas
1792 773 1831 802 sic
1845 773 1937 808 dimit,
1959 781 2018 802 non
2035 773 2107 812 quia
2121 773 2155 802 de

1307 820 1402 857 eyenis
1421 820 1583 857 pertinebat
1605 820 1645 849 ad
1664 828 1739 849 eum.
1761 836 1800 840 ——-
1821 819 1876 849 Sed
1896 823 2020 849 eontra:
2036 820 2100 849 Erat
2114 819 2155 849 di-

1307 871 1470 904 spensator:
1492 875 1559 904 ergo
1580 867 1743 903 pertinebat.

1386 915 1412 942 2.
1436 914 1500 942 Item
1523 914 1603 947 dicit,
1634 913 1708 950 quod
1728 912 1783 951 fui·
1804 916 1869 942 erat
1888 917 1914 942 et
1938 914 2045 942 loculos
2070 913 2156 943 liabe—

1308 960 1376 994 bat;
1398 961 1472 990 unde
1492 964 1549 994 651,
1572 960 1646 998 quod
1674 960 1809 989 Dominus
1834 960 1943 990 volebat
1969 960 2025 990 suri
2051 961 2155 990 loculos

1307 1007 1503 1037 committere?
1524 1024 1563 1028 —
1584 1007 1718 1042 Videtur,
1739 1007 1813 1044 quod
1837 1007 1917 1037 daret
1937 1007 1962 1037 61
1982 1007 2154 1037 occasionem

1306 1054 1446 1091 peccandi.

1387 1101 1412 1130 3.
1436 1102 1518 1135 Item,
1539 1110 1627 1138 quare
1648 1110 1703 1130 non
1724 1101 1861 1139 corripuit
1874 1109 1939 1131 eum
1953 1101 2103 1136 Dominus,
2118 1109 2155 1131 ex

1307 1156 1364 1185 quo
1384 1148 1503 1182 56161131,
1525 1156 1589 1177 611111
1608 1156 1668 1177 6556
1689 1148 1716 1177 111
1740 1151 1875 1185 peccato?

1386 1195 1412 1223 4,
1436 1195 1518 1229 Item,
1541 1203 1605 1224 cum
1626 1195 1763 1224 Dominus
1782 1198 1855 1224 esset
1881 1195 1909 1224 in
1936 1197 2064 1224 extrema
2087 1203 2156 1232 pau-

1306 1245 1414 1279 pertate
1435 1245 1462 1271 et
1482 1242 1668 1279 praecepisset
1688 1242 1831 1279 discipulis
1852 1251 1906 1271 non
1928 1242 2052 1279 recipere
2072 1250 2156 1279 pecu-

1307 1290 1380 1318 niam
1394 1290 1436 1324 121;
1458 1290 1532 1318 unde
1554 1293 1611 1324 est,
1633 1289 1708 1327 quod
1728 1290 1834 1319 loculos
1855 1289 1999 1319 habebat?

1389 1338 1412 1365 1.
1425 1336 1491 1365 Dico
1502 1336 1536 1365 ad
1548 1336 1685 1373 primum,
1696 1336 1771 1373 quod
1778 1336 1924 1374 pertinere
1937 1336 2085 1373 dupliciter
2100 1340 2155 1366 est:

1306 1386 1355 1412 aut
1369 1386 1504 1420 quantum
1519 1383 1553 1411 ad
1567 1383 1711 1417 affectum,
1726 1386 1775 1411 aut
1789 1385 1926 1420 quantum
1936 1383 1971 1412 ad
1982 1383 2105 1412 officium
2114 1383 2154 1418 ¹⁸;

1306 1430 1398 1467 primo
1419 1430 1500 1459 modo
1521 1438 1576 1458 11011
1597 1429 1762 1467 pertinebat,
1784 1429 1905 1459 secundo
1926 1430 2007 1459 modo
2028 1430 2076 1459 sic.

1386 1478 1412 1505 Ξ.
1435 1476 1473 1505 Λᾶ
1494 1476 1647 1505 secundum
1668 1476 1745 1510 dico,
1766 1476 1842 1514 quod
1868 1476 1974 1513 duplex
1994 1476 2047 1505 fuit
2067 1477 2154 1512 ratio,

1306 1523 1410 1552 scilicet
1431 1523 1525 1552 divini
1545 1523 1651 1552 iudicii
1670 1523 1850 1561 dispensatio
1869 1526 1896 1553 et
1919 1527 2023 1553 nostra
2044 1523 2156 1553 instru-

1305 1571 1377 1600 ctio.-
1399 1570 1495 1598 divini
1513 1570 1619 1598 iudicii
1638 1570 1816 1607 dispensatio
1838 1570 1866 1599 in
1887 1570 1953 1605 hoc,
1974 1570 2050 1608 quod
2063 1571 2156 1599 Domi-

1305 1625 1359 1646 nus
1379 1617 1451 1646 malo
1471 1617 1531 1646 eius
1552 1617 1689 1646 desiderio
1709 1617 1908 1652 satisfaciebat,
1922 1617 1995 1646 sicut
2015 1625 2113 1647 avaros
2127 1617 2156 1646 in

1304 1664 1442 1702 praesenti
1463 1665 1547 1699 ditat;
1568 1667 1601 1693 ut
1621 1664 1704 1693 etiam
1725 1664 1805 1693 Iudas
1826 1672 1881 1693 11011
1902 1665 2019 1694 haberet
2038 1672 2156 1694 excusa—

1305 1711 1424 1745 tionem,
1444 1711 1520 1748 quod
1535 1711 1665 1748 proderet
1683 1711 1832 1740 Dominum
1852 1714 1967 1748 propter
1988 1711 2110 1749 inopiam
2122 1712 2154 1740 1⁴².

1306 1757 1416 1788 Nostro.
1446 1758 1618 1792 instructio,
1650 1758 1716 1795 quia
1745 1758 1866 1787 ostendit
1895 1758 2047 1793 Dominus,
2078 1758 2154 1796 quod

1306 1952 1430 1978 antequam
1448 1949 1503 1971 illud
1529 1950 1626 1971 fractum
1651 1952 1723 1976 esset,
1742 1951 1766 1971 ut
1784 1949 1805 1971 in
1824 1949 1914 1976 integro
1930 1950 2074 1976 remaneret,
2091 1948 2152 1971 unde

1305 1989 1375 2011 etiam
1388 1991 1457 2017 caput
1469 1988 1659 2016 pertunderetur;
1674 1988 1712 2010 ubi
1726 1989 1824 2010 fractura
1837 1988 1874 2010 illa
1885 1990 1959 2010 totum
1971 1987 2099 2010 effunderet
2110 1990 2152 2010 etc.

1369 2026 1387 2039 ¹¹
1405 2028 1458 2050 Loc.
1476 2027 1513 2049 cit.
1530 2033 1552 2049 n.
1572 2027 1624 2049 156.
1642 2026 1686 2049 Csr.
1703 2033 1774 2055 supra
1792 2032 1812 2049 c.
1830 2027 1852 2049 6.
1868 2033 1892 2049 n.
1910 2026 1947 2049 42.
1964 2026 2101 2054 Responsio.
2121 2026 2154 2048 De

1305 2066 1449 2097 synecdoche
1466 2067 1506 2089 cir.
1524 2072 1594 2094 supra
1611 2072 1666 2094 pag.
1685 2065 1737 2093 405,
1755 2068 1808 2088 nota
1826 2066 1849 2088 8.

1370 2105 1389 2120 ¹‘2
1405 2105 1451 2128 Cir.
1469 2106 1523 2128 Luc.
1542 2106 1563 2134 9,
1581 2106 1604 2127 3.
1620 2108 1642 2127 et
1659 2105 1696 2127 58.

1369 2143 1389 2159 ¹³
1406 2146 1485 2168 Plures
1496 2145 1572 2173 codd.‚
1585 2147 1610 2167 ut
1622 2145 1640 2167 A
1650 2145 1667 2166 Β
1678 2145 1696 2167 D
1705 2145 1723 2167 11
1734 2145 1770 2167 lK
1781 2145 1805 2171 L,
1816 2146 1860 2168 aut
1868 2145 1987 2174 quantum
1995 2143 2027 2167 ad
2035 2143 2152 2174 effectum,

1305 2186 1349 2208 aut
1365 2185 1483 2214 quantum
1499 2184 1532 2207 ad
1548 2183 1661 2213 affectum
1673 2184 1731 2212 (non
1747 2183 1857 2206 convenit
1868 2189 1923 2206 cum
1934 2189 1983 2212 seq.
1995 2183 2155 2211 propositione

1306 2224 1349 2247 nisi
1366 2223 1473 2246 membra
1498 2225 1690 2252 transponantur:
1707 2225 1747 2246 aut
1771 2226 1884 2252 quantum
1910 2222 1942 2246 ad
1957 2222 2071 2253 affectum
2087 2223 2153 2250 etc.);

1305 2266 1383 2286 nostra
1400 2263 1478 2290 lectio,
1503 2269 1564 2292 quae
1588 2262 1709 2285 exhibetur
1727 2262 1757 2285 ab
1773 2262 1823 2285 aliis
1845 2262 1922 2290 codd.‚
1938 2262 1976 2285 ed.
1998 2264 2020 2284 et
2036 2262 2154 2289 Gorrano,

1306 2303 1455 2325 confirmatur
1472 2302 1541 2325 etiam
1559 2309 1572 2325 a
1588 2303 1613 2325 B.
1631 2302 1725 2330 Albert.,
1742 2301 1831 2325 Postilla
1848 2301 1873 2324 in
1889 2302 1950 2324 10311.
1968 2301 2010 2330 12,
2028 2302 2055 2329 6,
2073 2300 2114 2324 tibi
2125 2301 2156 2323 ad

1306 2341 1472 2369 obiectionem,
1489 2342 1553 2371 quod
1570 2341 1700 2369 pertinebat
1724 2341 1754 2363 ad
1779 2341 1859 2364 ludam
1875 2340 1905 2363 de
1922 2339 2014 2368 egenis,
2031 2340 2085 2369 quia
2102 2339 2155 2362 bur-

1306 2381 1380 2404 sarius
1397 2381 1488 2404 Domini
1506 2383 1567 2408 erat,
1585 2381 1618 2404 sic
1638 2380 1774 2409 respondet:
1793 2380 1839 2403 Sed
1864 2379 1894 2402 ad
1910 2380 1955 2402 1106
1971 2379 2074 2407 dicatur,
2090 2379 2156 2408 quod

1306 2423 1340 2443 est
1353 2420 1500 2450 pertinentia
1524 2426 1557 2443 ew
1580 2419 1668 2450 officio,
1686 2422 1709 2442 et
1733 2420 1777 2442 hoc
1802 2419 1873 2441 modo
1895 2418 1955 2441 bene
1980 2417 2109 2446 pertinebat
2124 2417 2156 2440 ad

1306 2466 1370 2487 eum;
1391 2463 1413 2482 et
1426 2459 1570 2489 pertinentia
1587 2465 1618 2482 ex
1635 2465 1695 2482 σανα
1711 2458 1856 2488 affectuosa,
1873 2460 1896 2481 et
1912 2458 1945 2481 516
1960 2463 2008 2480 11011
2025 2456 2156 2486 pertinebat

1306 2498 1336 2521 ad
1354 2505 1421 2526 eum,
1438 2498 1493 2527 quia
1510 2504 1557 2521 non
1573 2497 1670 2521 curabat
1686 2497 1716 2520 de
1733 2497 1826 2520 miseria
1843 2502 1972 2525 egenorum
1989 2498 2034 2519 etc.
2049 2507 2081 2513 --
2097 2496 2155 2519 Infe-

1306 2538 1355 2560 rius
1367 2540 1420 2566 post
1436 2543 1485 2560 non
1498 2536 1634 2567 pertinebat
1648 2536 1686 2559 ed.
1703 2536 1768 2559 addit
1784 2535 1817 2559 ad
1831 2535 1931 2564 Iudam,
1951 2535 2069 2558 Gorranus
2085 2535 2154 2563 legit:

1306 2576 1338 2599 ad
1355 2575 1439 2599 ludum
1456 2575 1485 2599 de
1500 2575 1579 2605 eqenis
1595 2574 1773 2603 subveniendis,
1791 2574 1832 2598 sed
1847 2573 1950 2598 secundo
1967 2572 2046 2597 modo.

1369 2614 1389 2628 ¹⁴
1405 2615 1533 2643 chrysost,
1551 2615 1573 2637 in
1592 2616 1653 2637 ioan.
1673 2615 1752 2637 homil.
1769 2614 1807 2637 65.
1830 2614 1895 2642 (alias
1918 2613 1965 2642 64.)
1982 2619 2005 2635 n.
2022 2613 2049 2635 2:
2067 2612 2154 2641 Quodsi

1306 2655 1359 2684 quis
1376 2657 1482 2683 quaerat,
1500 2661 1542 2677 cur
1559 2654 1602 2676 t'uri
1620 2654 1706 2676 loculos
1723 2659 1854 2682 pauperum
1866 2651 2008 2675 commiserit
2019 2654 2042 2674 et
2055 2657 2153 2674 avarum

1307 2694 1490 2722 dispensatorem
1516 2694 1604 2722 fecerit;
1629 2692 1839 2721 respondebimus,
1866 2698 1917 2714 rem
1945 2697 2052 2714 arcanam
2081 2697 2154 2714 unum

1306 2740 1375 2756 nosse
1392 2734 1478 2761 Deum;
1503 2733 1587 2762 quodsi
1612 2733 1734 2762 quidpiam
1752 2732 1780 2755 sit
1804 2731 1957 2754 coniectando
1973 2730 2112 2753 dicendum:
2130 2732 2155 2753 ut

1306 2779 1399 2795 omnem
1416 2774 1516 2795 auferret
1532 2772 1685 2795 excusationis
1701 2777 1803 2794 causam.
1821 2771 1869 2793 Non
1884 2770 1945 2792 enim
1962 2770 2040 2793 dicere
2057 2772 2154 2798 poterat,

1306 2817 1331 2833 se
1347 2817 1374 2833 ex
1392 2811 1543 2839 pecuniarum
1561 2816 1641 2833 amore
1658 2810 1682 2833 id
1700 2810 1793 2837 secisse,
1810 2815 1865 2832 cum
1877 2811 1955 2837 posset
1966 2808 2085 2837 cupiditati
2098 2813 2154 2830 suae

1307 2856 1334 2872 ex
1350 2850 1430 2872 loculis
1448 2851 1522 2872 facere
1538 2850 1606 2877 satis,
1622 2849 1664 2872 sed
1681 2856 1708 2872 ex
1730 2848 1816 2877 ingenti
1841 2848 1955 2877 nequitia,
1972 2853 2044 2876 quam
2061 2846 2155 2869 volebat

1306 2889 1411 2913 Christus
1426 2889 1548 2918 cohibere,
1566 2889 1708 2917 indulgentia
1725 2894 1781 2917 erga
1797 2888 1862 2911 illum
1880 2888 1953 2910 multa*
1973 2893 2036 2910 usus.
2052 2886 2099 2910 Cir.
2118 2893 2157 2909 su-

1307 2935 1349 2958 pra
1366 2936 1387 2952 c.
1406 2930 1429 2952 6.
1445 2936 1468 2952 n.
1487 2930 1539 2952 112.

2171 361 2267 392 Secunda„
2288 359 2294 379 ll

2171 547 2241 568 Tertia.
2286 549 2296 568 ,1³
