2296 3316
21 258 31 277 d
39 257 62 276 sit
72 256 105 275 Pa-

7 261 88 309 quietus.

17 345 20 360 Ι
53 342 57 345 .

14 633 18 680 l

14 705 17 736 l

16 751 17 777 l

15 863 17 895 s
28 858 103 886 ltlloctus

35 885 97 906 ipsius.

14 996 103 1025 lbabitatio

14 1024 80 1045 ἱ111111111-

15 1878 52 1902 plex
63 1884 101 1903 gra·

28 1902 58 1920 tia.

726 120 895 150 COMMENT.
918 120 950 149 IN
971 120 1116 150 ΙΟΑΝΝΕΜ
1137 120 1164 149 C.
1188 121 1252 150 XIV.

198 201 244 230 25.
267 200 355 234 (Vers.
380 199 447 236 16.).
470 200 529 237 Eyo
551 198 660 236 roqabo
684 199 817 232 Patrem,
832 201 857 226 et
871 197 965 227 alium

121 246 310 276 Paracletum
329 245 412 275 dabit
432 245 519 274 vobis.
550 245 725 274 Paracletus
745 244 847 273 dicitur
869 251 966 274 conso-

120 295 190 323 lator
217 293 260 322 vel
288 292 455 325 advocatus;
477 291 570 320 alium
591 291 672 325 dicit,
692 291 721 319 in
742 298 799 327 qno
818 290 910 319 innuit
936 298 966 320 se

120 340 317 369 consolatorem
327 342 356 368 et
364 339 529 367 advocatum
539 348 547 371 ς
561 337 668 374 primae
682 337 789 366 loannis
801 336 924 366 secundo
936 338 945 354 ¹
958 347 965 365 :

125 398 138 412 ιι
152 387 319 415 Advocatum
340 385 475 414 habemus
494 384 570 421 apud
591 385 699 413 Patrem
714 384 803 412 lesum
824 383 966 413 Christum

119 433 223 462 iustum
236 444 265 461 αν.
287 432 377 461 Alium
398 431 561 460 advocatum
587 430 722 467 promittit
742 430 783 459 eis
802 433 947 459 aeternum
959 452 966 465 ‚

120 479 184 516 quia
204 478 263 515 ipse
283 477 439 507 consolator
458 477 486 506 in
507 476 664 513 praesentia
685 476 821 512 corporali
836 484 892 505 non
906 475 966 505 fue-

119 527 163 554 rat
182 525 235 554 nisi
254 524 290 553 ad
310 527 429 561 tempus.
457 524 492 552 Ut
509 527 629 552 maneat
647 522 797 552 vobiscum
818 522 850 551 iu
874 526 965 552 aeter-

119 580 211 605 aum‚·
231 579 286 600 non
307 571 346 600 sic
366 571 394 600 in
416 571 497 605 Saul,
518 571 552 599 de
573 578 629 607 quo
644 570 725 607 primi
741 570 846 606 Regum
859 569 966 598 decimo

119 618 240 647 sextoff:
267 629 281 644 «
294 618 414 655 Spiritus
441 617 549 646 Domini
571 617 685 646 recessit
705 624 722 645 a
741 617 806 645 Saul
821 628 835 642 n
860 618 911 645 etc.
933 616 966 645 Et

119 665 181 702 quis
201 665 237 694 sit
257 665 308 694 iste
327 665 493 698 advocatus,
515 664 626 693 subdit:

196 712 242 740 26.
264 712 354 748 (Vers.
380 711 445 747 17.).
469 711 615 748 Spiritum
629 711 778 746 veritatis,
793 710 840 748 qui
856 718 872 739 a
885 710 965 739 Patre

119 758 256 796 procedit,
277 758 369 792 dabit,
390 758 494 786 scilicet
513 757 599 786 alium
620 757 792 786 Paracletum
819 757 965 795 Spiritum

118 805 250 834 veritatis
270 807 321 833 etc.
344 805 421 833 Hunc
449 804 581 841 Spiritum
609 803 740 833 describit
767 806 902 841 quantum
931 803 965 831 ad

119 849 264 888 effectum,
292 850 367 879 unde
387 853 466 879 vocat
489 849 633 887 Spiritum
655 850 802 884 veritatis,
823 850 889 887 quia
917 849 964 877 do-

120 899 163 926 cet
184 904 264 930 vera,
285 896 357 925 sicut
377 896 492 933 spiritus
520 896 625 925 erroris
652 896 738 931 falsa3
767 896 838 925 infra
858 896 965 924 decimo

120 943 239 973 sexto³:
265 954 279 968 «ι
294 942 363 972 Cum
384 943 506 977 venerit,
527 942 636 972 docebit
657 951 705 972 vos
732 950 842 972 omnem
864 942 965 971 verita-

120 993 175 1020 tem
189 1001 216 1018 ».
237 989 374 1019 Describit
393 990 477 1019 etiam
498 993 633 1026 quantum
648 990 682 1019 ad
703 988 878 1026 hospitium,
900 988 966 1025 quia

119 1045 173 1066 nou
194 1036 222 1065 in
243 1036 417 1071 infidelibus,
439 1036 487 1065 sed
507 1036 651 1071 fidelibus,
672 1044 728 1065 non
750 1036 777 1064 in
798 1035 966 1064 animalibus

119 1083 295 1118 hominibus,
320 1083 368 1113 scd
389 1083 600 1120 spiritualibus;
622 1086 736 1120 propter
756 1082 831 1120 quod
853 1082 965 1111 subdit:

121 1131 210 1166 Quem
237 1130 368 1159 mundus
395 1138 454 1159 ηοη
478 1133 569 1167 potest
597 1130 734 1167 accipere.
765 1130 796 1158 Et
817 1130 888 1158 ratio
909 1131 966 1163 est,

119 1176 184 1213 quia
204 1183 303 1205 caecus
323 1179 365 1205 est
392 1183 442 1213 per
470 1176 677 1209 infidelitatem;
706 1175 777 1213 quia
804 1183 863 1203 non
890 1174 967 1203 videt

119 1231 200 1257 eum,
221 1222 376 1260 cognitione
396 1226 507 1259 aperta,
528 1231 579 1251 uec
603 1223 658 1251 scit
680 1230 763 1256 eum,
787 1228 966 1258 quacumque

119 1269 316 1306 intelligentia;
344 1269 498 1306 Sapientiae
519 1269 651 1306 primo4:
678 1280 692 1294 a
706 1268 827 1305 Spiritus
854 1270 967 1296 sanctus

120 1315 280 1352 disciplinae
307 1316 420 1353 effugiet
446 1316 543 1345 fictum
565 1318 592 1344 et
612 1315 719 1344 auferet
739 1322 770 1343 se
790 1322 806 1342 a
826 1313 968 1350 cogitatio-

118 1362 216 1397 nibus,
243 1370 316 1400 quae
335 1366 402 1392 sunt
422 1363 528 1399 absque
548 1362 691 1391 intellectu
706 1372 732 1395 »;
754 1363 782 1389 et
803 1361 910 1397 primae
931 1360 965 1389 ad

118 1409 274 1439 Corinthios
299 1410 441 1439 secundo:
469 1409 625 1438 «Animalis
653 1409 737 1437 homo
765 1416 820 1437 non
848 1407 967 1444 percipit

118 1464 150 1486 ea
170 1464 242 1493 quae
262 1457 311 1485 Dei
340 1459 445 1486 sunt».
474 1457 527 1484 Vos
554 1459 653 1484 autem
681 1454 855 1492 cognoscetis
882 1463 965 1488 eum,

119 1503 189 1541 quia
210 1503 292 1540 apud
318 1511 368 1531 vos
395 1502 523 1531 mauebit
549 1505 574 1529 et
598 1502 630 1529 iu
656 1500 737 1529 vobis
764 1500 836 1534 erit;
864 1501 965 1537 Apoca-

119 1549 203 1586 lypsis
230 1549 351 1578 secundo
364 1549 392 1576 ⁵:
419 1560 434 1574 a
448 1548 571 1577 Vincenti
597 1547 668 1576 dabo
695 1555 795 1576 manna
823 1547 964 1576 abscondi-

119 1598 192 1630 tum,
213 1598 240 1624 et
260 1595 331 1624 dabo
351 1595 390 1624 illi
410 1595 547 1624 calculum
568 1594 732 1628 candidum,
753 1596 780 1623 et
801 1594 829 1622 in
858 1594 965 1623 calculo

119 1650 217 1671 nomen
238 1642 387 1679 scriptum,
408 1641 483 1679 quod
497 1649 577 1670 nemo
598 1641 662 1675 scit,
683 1641 736 1670 nisi
757 1641 805 1677 qui
826 1641 963 1678 accipit».

119 1690 158 1718 De
177 1690 230 1718 hac
250 1688 348 1717 notitia
367 1688 521 1725 Sapientiae
540 1687 647 1716 decimo
667 1688 780 1724 quinto:
807 1699 820 1713 «
835 1687 918 1717 Nosse
937 1690 964 1716 te

119 1739 308 1765 consummata
328 1735 433 1764 iustitia
453 1737 510 1768 est,
531 1737 559 1762 et
583 1734 654 1763 scire
675 1734 807 1763 iustitiam
829 1736 856 1762 et
877 1734 965 1763 virtu-

119 1785 173 1811 tem
195 1785 271 1811 tuam
292 1782 373 1810 radix
394 1784 436 1810 est
456 1781 669 1809 immortalitatis
694 1792 720 1809 ».
755 1781 785 1808 Et
812 1780 963 1810 notandum

118 1829 192 1866 quod
212 1828 293 1857 dicit:
315 1828 405 1865 Apud
424 1836 475 1856 vos
495 1827 622 1856 manebit
642 1831 669 1856 et
688 1828 719 1856 in
739 1826 819 1856 vobis
840 1827 907 1861 erit,
930 1827 966 1855 si-

117 1876 250 1913 gnificans
270 1876 406 1912 duplicem
435 1875 551 1912 gratiam
573 1875 692 1911 Spiritus
718 1874 822 1902 sancti:
845 1882 966 1910 praeve-

118 1922 241 1951 nientem
261 1925 289 1951 et
308 1922 541 1959 subsequentem
564 1921 724 1949 Psalmusss:
751 1931 765 1946 «
780 1920 967 1949 Misericordia

119 1970 178 1998 eius
198 1969 356 2006 praeveniet
374 1976 418 1997 me
431 1979 464 2002 »3
485 1971 513 1997 et
533 1968 561 1996 in
582 1968 635 1996 alio
657 1968 777 1997 Psalmo:
804 1979 817 1992 «
833 1967 865 1996 Et
885 1967 966 1996 mise-

119 2015 237 2044 ricordia
257 2018 305 2044 tua
326 2015 514 2052 subsequetur
543 2022 585 2043 me
612 2015 742 2043 omnibus
769 2014 867 2042 diebus
882 2013 966 2042 -vitae

119 2070 196 2091 meae
209 2074 222 2087 »
231 2085 236 2090 .

182 2230 193 2243 ²
208 2231 276 2254 Vers.
294 2231 316 2253 l.
332 2243 363 2248 -
375 2231 485 2258 (ἰτεςοῐκ,
497 2231 522 2253 ll.
533 2231 616 2253 Homil.
628 2231 650 2252 in
663 2231 752 2258 Evang.
763 2230 843 2252 homil.
855 2230 892 2252 30.
905 2237 927 2253 11.
939 2230 966 2252 3;

120 2269 206 2292 Graeca
223 2270 339 2292 locutione
357 2269 497 2292 Paracletus
509 2269 586 2291 Latina
600 2268 729 2292 advocatus
746 2269 843 2296 dicitur,
861 2269 898 2291 vel
915 2274 967 2291 con-

119 2308 217 2332 solator.
234 2308 280 2332 Ctr.
295 2309 354 2332 infra
371 2315 393 2332 n.
412 2309 448 2331 36.

181 2348 191 2364 ²
208 2348 274 2372 Vers,
293 2347 329 2370 ⁴4.

181 2385 191 2398 ²
208 2387 275 2409 vers.
293 2387 329 2409 ⁴3.
349 2399 378 2403 —
394 2386 470 2414 Cyrill.
496 2386 628 2413 Alexandr..
655 2386 676 2408 in
699 2387 761 2408 hunc
778 2385 836 2408 lom:
856 2385 967 2409 Veritatis

120 2424 251 2454 Spiritum,
268 2425 292 2448 id
309 2427 344 2449 est
360 2425 407 2447 Filii
426 2425 472 2453 (cui
489 2425 574 2449 veritas
590 2424 771 2452 appropriatur:
787 2425 838 2454 qu
849 2430 904 2448 sum
915 2423 965 2452 via,

119 2463 207 2487 veritas
224 2464 284 2493 em).
310 2464 491 2492 Theophyiact„
510 2464 531 2486 in
549 2465 610 2486 hunc
634 2464 726 2487 locum:
747 2463 866 2493 Spu-itum
888 2466 966 2487 autem

120 2503 238 2532 veritalis,
256 2503 342 2532 inquit,
360 2505 404 2526 hoc
421 2506 456 2526 est
471 2503 578 2531 spiritum
596 2509 643 2526 non
655 2503 739 2525 veteris
756 2503 965 2531 testamenti;nam

120 2542 156 2564 illa
173 2542 249 2570 figura
265 2545 300 2565 est
317 2545 339 2565 et
355 2542 455 2569 umbra;
472 2542 514 2565 sed
531 2543 599 2571 novi,
617 2542 680 2571 quod
697 2545 731 2565 est
746 2542 840 2565 veritas.

181 2580 192 2594 ⁴
210 2581 275 2604 Vera.
292 2581 314 2604 5.
331 2593 363 2599 —·
379 2582 488 2610 Sequitur
505 2582 520 2603 l.
537 2581 589 2604 Cor.
608 2582 635 2609 2,
653 2581 690 2605 14.

182 2618 192 2631 ⁶
209 2620 275 2642 Vers.
293 2620 329 2642 47.
346 2632 377 2637 —
394 2619 498 2643 Subinde
514 2621 626 2647 allegatur
643 2620 697 2648 Sap.
716 2621 758 2647 ⁴5,
776 2620 798 2643 3.

181 2658 191 2671 ⁴³
208 2660 290 2682 Psalm.
307 2659 350 2687 58,
370 2660 405 2681 Μ.
422 2662 444 2681 et
461 2659 497 2681 Ps.
514 2659 555 2687 22,
574 2659 596 2681 6.
613 2671 643 2676 -
661 2660 693 2682 De
709 2659 783 2687 gratia
797 2658 965 2689 praeveniente

121 2700 143 2719 et
158 2697 312 2727 subsequente
328 2699 369 2722 cfr.
385 2698 409 2721 ll.
427 2698 488 2721 Seni.
505 2697 528 2720 d.
546 2698 584 2720 27.
600 2697 658 2721 dub.
676 2698 697 2721 4.

181 2734 190 2749 ”
208 2736 273 2760 Vere.
284 2736 308 2760 7.
318 2748 350 2754 —
361 2737 440 2760 Glossa
457 2736 582 2760 ordinaria
600 2736 636 2765 (ex
647 2737 751 2765 August,
765 2737 786 2759 iu
803 2737 863 2760 loun.
876 2737 966 2763 Evang.

122 2777 149 2797 tr.
157 2774 194 2797 75.
204 2781 227 2797 n.
243 2775 286 2804 ll):
298 2775 353 2799 Non
363 2774 512 2804 relinquam:
522 2775 570 2798 Non
580 2775 609 2797 ita
621 2775 714 2799 dabitur
726 2776 825 2804 Spiritus
834 2782 876 2804 pro
886 2781 931 2802 mc,
942 2777 967 2799 ut

122 2819 166 2841 ego
177 2814 244 2837 etiam
254 2820 302 2837 non
309 2814 353 2837 sim
362 2813 492 2838 vobiscum.
506 2813 615 2843 Orplumi
626 2815 725 2843 Graece,
738 2813 826 2844 pupilli
837 2814 915 2837 Latine
925 2815 966 2836 est.

184 2850 193 2863 ⁸
210 2853 274 2874 Vers.
293 2852 328 2874 40.
346 2856 368 2875 et
385 2852 422 2879 44,
439 2852 505 2875 cuius
522 2852 593 2875 verba
612 2853 648 2875 ed.
666 2853 757 2881 integra
772 2853 861 2880 allegat.

184 2888 193 2902 ⁹
210 2891 309 2918 Vulgata
334 2890 424 2914 videtis.
439 2903 470 2907 —
490 2891 598 2920 Sequitur
623 2890 707 2913 Habac.
732 2892 758 2918 2,
781 2891 801 2913 4.
825 2890 870 2914 Csr.
896 2896 965 2918 supra

215 2937 241 2960 S.
260 2937 349 2960 Bonav.
359 2949 390 2954 —
403 2937 470 2959 Tom.
488 2938 525 2959 Vl.

1807 121 1860 152 441

1099 199 1146 227 27.
1168 198 1257 234 (Vers.
1282 199 1347 234 18.).
1370 198 1434 227 Non
1455 198 1621 236 relinquam
1637 206 1689 227 vos
1705 197 1863 235 orphanos.

1022 244 1069 273 llic
1082 244 1204 273 secundo
1217 244 1359 282 discipulis
1379 245 1507 274 mandata
1520 244 1731 274 observantibus
1742 245 1864 281 promit-

1023 290 1056 319 tit
1074 290 1213 319 solatium
1233 291 1267 320 de
1288 299 1338 320 sua
1361 291 1531 325 visitatione;
1553 294 1667 328 propter
1688 291 1762 328 quod
1782 291 1862 320 dicit:

1022 335 1087 365 Non
1104 336 1268 374 relinquam
1290 346 1340 366 voe
1361 336 1524 374 orphanos,
1546 337 1573 366 id
1594 339 1636 366 est
1652 337 1803 372 desolatos;
1819 346 1863 367 ve-

1020 382 1104 411 niam
1118 383 1159 412 ad
1177 391 1244 417 voe,
1261 384 1394 413 visitando
1415 383 1532 418 scilicet3
1554 383 1636 413 Marci
1652 383 1750 412 ultimo
1762 384 1772 400 ⁷
1793 383 1865 413 dixit

1021 429 1154 466 Angelus:
1181 441 1193 454 «
1208 430 1354 459 Praecedet
1374 438 1423 459 vos
1443 430 1470 459 in
1491 430 1654 465 Galilaeam;
1676 430 1713 459 ibi
1734 438 1797 460 eum
1824 431 1864 459 vi-

1020 476 1134 510 debitis,
1156 476 1227 506 sicut
1248 476 1319 506 dixit
1334 477 1411 506 vobis
1425 488 1452 505 ».
1475 477 1507 506 Et
1527 478 1598 506 sicut
1613 477 1731 514 Spiritus
1752 480 1864 507 sanctus

1020 530 1074 551 non
1099 522 1219 552 mittitur
1247 523 1298 552 nisi
1318 523 1353 552 ad
1380 523 1482 557 bonos,
1503 524 1542 552 sic
1569 527 1596 553 et
1616 523 1717 553 Christi
1746 524 1864 554 visitatio

1021 571 1127 597 tantum
1150 569 1243 602 bonis;
1266 572 1413 605 propterea
1435 569 1543 598 subdit:

1099 615 1145 643 28.
1168 615 1256 651 (Vers.
1281 615 1346 650 19.).
1370 614 1474 643 Adhuc
1498 616 1662 650 modicum,
1681 620 1709 645 et
1734 617 1864 645 muudus

1021 670 1065 690 me
1085 661 1147 690 iam
1167 670 1225 690 uon
1245 661 1336 695 videt,
1359 662 1424 698 quia
1445 665 1506 698 post
1527 663 1679 699 passionem
1705 671 1760 692 non
1780 671 1864 700 appa-

1020 709 1078 738 ruit
1109 709 1271 743 mundanis,
1302 709 1350 738 sed
1381 708 1533 745 Apostolis;
1564 710 1681 738 Actuum
1712 709 1817 739 decimo
1836 710 1863 738 ⁸:

1023 767 1038 780 «
1054 755 1133 784 Dedit
1153 763 1217 784 eum
1238 755 1413 785 manifestum
1436 755 1495 784 fieri
1517 763 1572 784 non
1593 756 1666 784 omni
1688 756 1802 792 populo,
1817 757 1864 785 sed

1020 803 1137 832 testibus
1158 802 1358 839 praeordinatis
1378 810 1394 831 a
1414 802 1471 832 Deo
1485 814 1511 829 u.
1530 802 1583 830 Vos
1597 805 1695 831 autem
1707 802 1839 838 videbitis
1854 803 1865 820 ⁹

1021 896 1074 929 tis,
1096 903 1146 932 per
1168 896 1250 924 vitam
1278 895 1397 932 gratiae,
1418 903 1490 932 quae
1517 895 1664 924 inchoatur
1684 894 1712 923 in
1733 894 1801 929 fide;
1830 894 1867 929 de,

1021 950 1077 979 qua
1097 942 1223 971 Habacuc
1243 942 1379 971 secundo:
1404 951 1417 967 (ι
1433 942 1524 971 iustus
1544 945 1636 971 autem
1653 949 1733 971 meus
1753 949 1788 971 ex
1811 941 1864 970 fide

1021 988 1130 1018 vivit».
1152 988 1184 1017 Et
1204 989 1278 1025 quod
1300 989 1370 1018 hanc
1391 989 1474 1018 vitam
1497 989 1559 1018 fidei
1574 988 1711 1026 perfectae
1732 992 1797 1018 tunc
1816 989 1864 1017 ha-

1021 1034 1116 1069 beant,
1137 1038 1289 1064 monstrat:

1101 1082 1147 1110 29.
1168 1081 1257 1117 (Vers.
1280 1082 1347 1115 2Ο,).
1371 1082 1406 1111 Iu
1436 1082 1488 1110 illa
1518 1082 1565 1111 die
1595 1090 1644 1111 vos
1674 1082 1863 1119 cognoscetis,

1021 1128 1094 1165 quia
1113 1136 1163 1165 eqo
1183 1136 1251 1157 sum
1271 1128 1303 1156 in
1323 1129 1414 1157 Patre
1433 1137 1495 1157 meo
1502 1139 1512 1162 ;
1532 1129 1561 1157 in
1588 1137 1644 1165 quo
1665 1131 1778 1157 notatur
1802 1136 1865 1165 per-

1022 1181 1152 1202 sonarum
1173 1173 1310 1203 distinctio
1334 1177 1362 1203 et
1381 1175 1473 1204 unitas
1497 1175 1644 1209 essentiae;
1666 1175 1739 1212 quod
1761 1178 1866 1212 spectat

1021 1220 1055 1249 ad
1075 1220 1157 1249 fidem
1179 1220 1320 1249 Trinitatis
1332 1221 1366 1255 1⁰;
1387 1224 1411 1249 et
1424 1230 1475 1250 003
1489 1222 1520 1250 in
1541 1230 1598 1255 me,
1614 1225 1639 1251 et
1653 1230 1703 1258 eqo
1717 1221 1749 1250 iri
1770 1221 1863 1255 vobis,

1021 1274 1071 1303 per
1092 1267 1221 1303 gratiam,
1243 1270 1270 1296 et
1290 1267 1343 1296 hoc
1370 1270 1475 1304 spectat
1495 1268 1529 1297 ad
1549 1268 1632 1297 fidem
1660 1268 1864 1304 redemptionis.

1028 1314 1081 1342 Vos
1108 1314 1139 1342 in
1159 1322 1220 1348 me,
1251 1314 1323 1344 sicut
1347 1314 1482 1351 palmites
1510 1315 1537 1344 in
1563 1315 1632 1348 vite;
1663 1314 1733 1342 infra
1759 1314 1866 1343 decimo

1022 1360 1137 1397 quinto:
1162 1372 1176 1385 «
1191 1361 1246 1398 Ego
1266 1368 1327 1390 sum
1358 1361 1432 1395 vitis,
1454 1369 1502 1390 vos
1530 1360 1672 1397 palmites;
1693 1362 1810 1388 *manete
1838 1360 1865 1388 in

1023 1415 1067 1436 me
1081 1419 1107 1437 ι»,
1127 1408 1159 1436 Et
1179 1416 1228 1445 eqo
1249 1408 1280 1437 in
1300 1407 1395 1442 vobis,
1418 1408 1489 1437 sicut
1510 1406 1691 1436 inhabitator
1712 1407 1739 1435 in
1760 1407 1865 1435 habita-

1021 1454 1099 1484 culo:
1125 1466 1139 1479 «
1154 1455 1297 1491 Templum
1320 1455 1368 1484 Dei
1386 1457 1512 1484 sanctum
1533 1457 1590 1488 est,
1611 1454 1686 1491 quod
1699 1454 1765 1483 estis
1779 1462 1865 1488 vos»,

1021 1501 1126 1537 primae
1146 1501 1180 1530 ad
1201 1501 1358 1530 Corinthios
1379 1501 1469 1530 tertio.

1099 1548 1146 1576 30.
1168 1548 1257 1585 (Vers.
1280 1549 1348 1582 21).
1372 1547 1430 1583 Qui
1450 1546 1534 1575 liabet
1557 1547 1709 1576 mandata.
1732 1547 1865 1583 Tangitur

1020 1594 1066 1623 hic
1079 1593 1209 1627 tertium,
1223 1593 1328 1622 scilicet
1349 1593 1415 1629 quia
1428 1592 1642 1622 observantibus
1657 1592 1785 1621 mandata
1794 1600 1866 1629 ,pro-

1021 1640 1148 1669 mittitur
1166 1640 1343 1676 praemium.
1368 1639 1398 1668 Et
1419 1639 1489 1668 ratio
1509 1639 1595 1668 huius
1622 1642 1678 1673 est,
1703 1639 1769 1675 quia
1790 1639 1866 1672 talis⁷

1021 1687 1069 1723 qui
1091 1689 1183 1715 servat
1197 1686 1337 1719 mandata,
1358 1685 1482 1722 diligitur
1503 1693 1519 1713 a
1533 1685 1660 1719 Domino,
1682 1688 1709 1713 et
1729 1685 1790 1713 ideo
1804 1685 1866 1714 bea-

1022 1733 1144 1762 tificatur
1164 1737 1190 1762 et
1210 1733 1395 1769 glorificatum
1418 1735 1531 1769 propter
1545 1732 1619 1768 quod
1639 1732 1719 1761 dicit:
1743 1732 1801 1767 Qui
1814 1731 1865 1760 lia-

1023 1780 1064 1809 bet
1083 1779 1228 1809 mandata
1250 1787 1314 1808 mea
1333 1782 1360 1809 et
1378 1782 1475 1807 servat
1495 1787 1546 1812 ea,
1569 1778 1614 1807 ille
1634 1782 1690 1812 est,
1719 1779 1771 1816 qui
1800 1778 1865 1806 dili-

1021 1827 1063 1864 9it
1084 1835 1145 1860 me,-
1165 1826 1245 1863 quia,
1267 1826 1339 1855 sicut
1353 1826 1418 1855 dicit
1431 1825 1581 1863 Gregorius
1593 1826 1624 1859 ¹¹,
1651 1837 1665 1851 «
1679 1825 1805 1862 probatio
1825 1825 1866 1853 di-

1022 1874 1147 1903 lectionis
1176 1873 1312 1903 exhibitio
1340 1876 1381 1902 est
1409 1873 1500 1909 operis
1518 1883 1549 1906 „;
1581 1872 1655 1901 unde
1686 1872 1713 1901 in
1744 1872 1864 1901 Psalmo:

1026 1932 1041 1946 «
1052 1920 1158 1948 lustitia
1172 1920 1245 1948 illius
1260 1920 1287 1948 in
1308 1919 1379 1948 lilios
1393 1919 1514 1948 filiorum
1534 1919 1577 1948 his
1592 1919 1638 1955 qui
1658 1921 1769 1947 servant
1785 1921 1865 1947 testa-

1022 1969 1147 1997 mentum
1168 1966 1228 1995 eius
1255 1969 1282 1995 et
1301 1973 1437 1994 memores
1468 1968 1533 1994 sunt
1560 1965 1753 1994 mandatorum
1778 1964 1866 2001 ipsius

1022 2013 1056 2042 ad
1071 2013 1230 2042 >faciendum
1252 2021 1284 2041 ea
1298 2025 1324 2040 υ.
1347 2012 1399 2049 Qui
1421 2012 1459 2041 sic
1480 2015 1586 2045 servat,
1608 2012 1653 2040 ille
1674 2011 1784 2048 quidem
1806 2011 1879 2039 dili--

1022 2060 1061 2097 git
1082 2067 1160 2094 vere,
1182 2068 1235 2088 non
1258 2060 1342 2088 verbo
1363 2062 1486 2092 tantum,
1507 2058 1579 2087 sicut
1593 2058 1647 2092 illi,
1661 2057 1695 2086 de
1710 2057 1812 2094 quibus
1826 2057 1866 2085 di-

1023 2236 1077 2258 pag.
1090 2230 1148 2257 292,
1160 2232 1211 2252 nota
1224 2229 1247 2251 7.
1258 2228 1315 2251 Cod.
1327 2229 1343 2250 E
1356 2228 1434 2250 Iustus
1446 2232 1512 2249 meus
1524 2232 1554 2248 ez
1566 2225 1611 2255 fide
1622 2231 1666 2248 sua
1679 2225 1746 2248 vivet.
1761 2226 1865 2252 August„

1023 2268 1045 2291 in
1062 2269 1122 2292 loan.
1140 2269 1228 2295 Evang.
1245 2270 1271 2290 tr.
1289 2266 1327 2290 75,
1345 2272 1368 2288 n.
1380 2266 1406 2294 3,
1418 2265 1485 2292 dicit,
1500 2264 1564 2294 quod
1579 2272 1590 2284 a
1598 2264 1657 2286 duas
1674 2263 1866 2291 resurrectiones,

1022 2314 1088 2331 suam
1103 2308 1188 2330 scilicet
1205 2313 1257 2329 mox
1275 2307 1375 2328 suturam
1393 2308 1416 2327 et
1432 2307 1532 2327 nostram
1546 2304 1567 2325 in
1579 2303 1663 2325 saeculi
1675 2303 1719 2325 fine
1731 2306 1865 2330 venturam,

1021 2347 1116 2370 duobus
1141 2346 1218 2368 verbis
1244 2345 1370 2373 praesentis
1395 2343 1505 2371 temporis
1521 2342 1575 2372 [eqo
1592 2341 1656 2372 vivo]
1679 2345 1701 2364 et
1722 2342 1789 2364 futuri
1812 2342 1865 2372 [ros

1022 2385 1112 2416 vivetis]
1130 2386 1246 2413 eleganter
1264 2383 1412 2411 breviterque
1428 2382 1535 2410 promisit
1547 2390 1569 2403 n.

1086 2423 1105 2436 ¹⁰
1122 2424 1166 2446 Cir.
1183 2429 1253 2451 supra
1271 2429 1293 2445 n.
1312 2423 1347 2444 Μ.
1365 2434 1395 2438 -
1413 2422 1462 2443 Duo
1487 2427 1551 2449 seqq.
1572 2420 1615 2442 loci
1637 2422 1688 2443 sunt
1707 2421 1768 2442 ioan.
1786 2420 1825 2448 Ἰ15,
1844 2420 1864 2442 4.

1022 2470 1083 2492 seq:
1097 2463 1184 2485 Moneta
1202 2462 1224 2484 in
1242 2468 1290 2489 me,
1304 2463 1326 2483 et
1343 2466 1386 2488 ego
1403 2460 1425 2482 in
1444 2458 1535 2483 vobiS...
1546 2460 1594 2487 Ego
1611 2465 1663 2481 sum
1680 2459 1744 2486 vitis,
1761 2465 1803 2481 vos
1821 2459 1864 2486 pal-

1022 2503 1104 2530 mites;
1122 2504 1144 2524 et
1161 2502 1176 2523 l.
1191 2500 1243 2524 Cor.
1262 2501 1289 2527 3,
1307 2499 1342 2522 «17.
1366 2499 1444 2522 Glossa
1465 2498 1639 2521 interlinearis:
1658 2497 1719 2526 Quia
1744 2504 1786 2527 eqo
1811 2504 1863 2520 sum

1022 2541 1047 2564 in
1064 2542 1136 2564 Patre
1152 2546 1215 2568 meo,
1233 2542 1257 2562 ut
1277 2539 1355 2561 radius
1380 2539 1401 2560 iu
1426 2538 1486 2564 sole,
1503 2544 1574 2560 unum
1592 2543 1645 2560 cum
1664 2537 1728 2565 ipso;
1745 2538 1768 2560 et
1783 2543 1824 2560 ros
1841 2536 1864 2559 in

1022 2585 1071 2607 me,
1088 2581 1113 2601 ut
1129 2578 1234 2607 palmites
1260 2578 1281 2599 in
1308 2576 1365 2604 vite;
1382 2578 1404 2599 et
1424 2582 1467 2605 eqo
1492 2575 1517 2598 in
1540 2575 1616 2602 vobis,
1638 2578 1662 2597 ut
1687 2575 1718 2597 ait
1742 2575 1866 2603 Apostolus

1021 2617 1101 2647 [Rom.
1119 2618 1145 2644 8,
1164 2616 1226 2645 l0.]:
1244 2616 1272 2639 Si
1287 2616 1366 2639 autem
1384 2614 1492 2638 Christus
1513 2614 1537 2637 in
1556 2613 1622 2637 nobis
1640 2613 1767 2644 [Vulgataz
1785 2613 1810 2636 in
1826 2619 1865 2636 vo-

1023 2655 1057 2679 bis
1074 2655 1125 2685 estJ.
1142 2655 1185 2679 Csr.
1204 2656 1308 2682 August„
1324 2654 1346 2677 in
1365 2655 1424 2676 ioan.
1441 2654 1528 2681 Evang.
1546 2656 1573 2676 tr.
1590 2653 1627 2675 75.
1646 2659 1669 2675 n.
1687 2652 1708 2674 4.

1086 2694 1103 2707 ²¹
1122 2694 1184 2717 Libr.
1203 2695 1227 2716 ll.
1245 2694 1326 2716 Ilomil.
1343 2694 1364 2715 in
1382 2694 1468 2722 Evang.
1486 2693 1563 2715 homil.
1581 2693 1618 2714 30.
1635 2698 1657 2714 n.
1676 2692 1698 2714 4.
1715 2703 1746 2708 -
1764 2691 1866 2713 Subinde

1023 2735 1150 2762 allegantur
1167 2734 1202 2755 ΡΞ.
1219 2733 1275 2759 (102,
1294 2733 1331 2754 17.
1349 2733 1385 2754 18.
1402 2734 1424 2755 et
1441 2733 1456 2754 1.
1472 2732 1532 2754 ioan.
1543 2732 1569 2759 3,
1588 2732 1626 2754 18.
1643 2731 1748 2758 August„
1766 2730 1788 2752 in
1807 2731 1866 2752 ioan.

1022 2774 1110 2800 Evang.
1128 2775 1155 2796 tr.
1172 2772 1210 2796 75,
1227 2778 1250 2793 n.
1270 2771 1298 2793 5:
1318 2770 1364 2798 Qui
1379 2770 1447 2794 habet
1463 2771 1485 2793 in
1502 2770 1614 2793 memoria
1631 2771 1653 2793 et
1669 2770 1751 2792 servat
1767 2769 1788 2791 in
1806 2769 1866 2795 vite;

1023 2812 1065 2842 qui
1080 2810 1149 2834 luzbet
1169 2812 1190 2834 in
1213 2810 1359 2833 sermonibus
1376 2811 1398 2833 et
1413 2810 1492 2833 servat
1509 2809 1530 2832 in
1549 2808 1669 2837 moribus;
1686 2808 1729 2838 qui
1744 2808 1811 2831 habet
1827 2814 1865 2830 au-

1024 2850 1108 2873 diendo
1125 2851 1146 2872 et
1162 2850 1240 2872 servat
1258 2849 1376 2875 faciendo;
1399 2851 1438 2871 aut
1462 2847 1503 2878 qui
1523 2847 1591 2871 lwbet
1614 2847 1719 2870 faciendo
1744 2848 1765 2871 et
1786 2849 1865 2869 servat

1023 2888 1207 2917 perseverando,
1224 2888 1272 2917 ipse
1289 2889 1334 2915 est,
1352 2887 1438 2915 inquit,
1455 2886 1497 2916 qui
1512 2886 1590 2915 diliqit
1606 2892 1652 2909 me.

1741 2932 1769 2954 56

1883 203 1995 223 seeundum.

991 843 995 847 ”
1021 857 1081 882 me,·
1102 849 1174 886 quia
1195 857 1245 886 eqo
1265 849 1344 883 vivo,
1366 856 1415 885 per
1436 848 1519 877 vitam
1541 848 1659 885 gloriae,
1681 851 1707 876 et
1726 856 1776 876 vos
1790 848 1864 877 vive·
1878 856 1950 880 Duplex
1963 857 2005 875 vita.

1883 1557 1972 1576 Tertium.
