2296 3316
276 268 365 288 Tertium.

272 1246 369 1270 Quartum.

384 137 440 166 326

461 214 507 242 44.
530 213 619 248 (Vers.
640 211 707 248 ΞΒ.)
738 211 883 240 Dixerunt
909 210 1016 247 ενροῑ.ι
1040 209 1118 245 Quid
1137 208 1228 246 faeie-

382 267 449 288 mus
469 263 520 288 ete.
543 258 677 295 Tangitur
698 257 742 286 hic
764 256 892 290 tertium,
908 256 1011 285 seilicet
1025 254 1228 283 dubitantium

383 305 554 338 imituctim
574 313 629 334 non
650 304 723 333 enim
752 303 934 340 intelligentes
955 302 1057 331 Christi
1078 301 1228 330 correctio-

383 361 462 387 nem,
482 352 617 389 incipiunt
643 351 771 380 dubitare
802 353 829 379 et
857 357 1001 387 quaerere.
1032 349 1147 385 Propter
1176 348 1228 376 hoc

383 400 435 428 ait:
458 399 603 427 Diaeerunt
622 406 691 436 erqo
722 398 762 426 ad
789 405 869 431 eum,
891 396 995 425 scilieet
1021 395 1125 424 Iudaei:
1150 394 1228 430 Quid

384 445 543 483 faciemus,
564 449 599 473 ut
618 452 771 481 operemur
786 451 875 481 opera
890 443 965 471 bona
982 442 1034 470 Dei
1040 441 1053 470 ξ)
1069 441 1130 470 Ideo
1145 448 1229 478 quae-

384 492 482 521 rebant
502 491 536 520 de
556 491 731 528 operatione,
753 490 819 527 quia
840 497 888 526 per
903 489 977 517 illam
992 488 1120 517 volebant
1135 487 1229 516 venire

384 538 411 567 in
433 538 618 567 refectionem.
640 537 664 566 Is
684 537 757 566 enim
778 539 819 565 est
833 536 917 569 ord0;
933 534 1069 564 secundae
1090 534 1124 562 ad
1145 534 1230 562 Thes-

384 585 566 614 salonicenses
587 584 724 612 ultimo⁸x
750 594 763 608 <z
779 583 831 619 Qui
857 591 912 611 non
940 582 1047 610 laborat
1074 589 1127 609 non
1153 588 1230 608 man-

384 632 513 666 ducet»;
536 630 749 659 Proverbiorum
777 629 954 658 duodecimo:
985 640 998 653 α
1018 627 1069 664 Qui
1097 630 1230 664 operatur

385 682 488 708 terram
519 685 598 707 suam
634 676 806 706 saturabitur
837 676 956 713 panibus
980 686 1007 703 ».
1037 674 1068 702 Et
1096 673 1231 702 Dominus

384 727 551 763 quaerentes
570 732 617 753 eos
638 724 766 758 instruit;
788 723 861 752 unde
883 722 991 751 subdit:

464 773 510 801 45.
533 772 621 808 (Vers.
644 771 712 807 29).
742 769 898 807 Respondit
928 769 1009 797 Iesus
1030 771 1056 796 et
1076 767 1153 796 diaez't
1172 766 1230 800 eis,

385 819 489 848 scilicet
510 818 710 856 quaerentibus
729 820 757 846 et
787 816 993 845 dubitantibus:
1015 814 1076 843 Hoc
1096 817 1138 842 est
1158 821 1231 850 opus

386 867 455 900 Dei,
477 869 511 894 ut
531 865 657 894 credatis
678 864 708 893 in
730 872 812 897 eum,
835 871 918 901 quem
933 861 1013 890 misit
1034 861 1087 889 ille.
1116 861 1177 888 Hoc
1191 864 1232 889 est

386 921 459 951 opus
480 913 600 946 bonum,
616 911 783 948 principium
804 909 930 938 omnium
952 908 1089 937 bonorum
1104 915 1231 944 operum,

387 959 516 997 quoniam
537 958 638 987 dicitur
658 957 693 986 ad
713 957 850 985 Hebraeos
870 954 1051 984 undecimo-‘³1
1072 965 1085 979 ε(
1101 954 1163 982 Sine
1179 953 1231 982 fide

385 1006 553 1043 impossibile
568 1008 609 1034 est
623 1005 731 1042 plaeere
753 1004 809 1033 Deo
824 1015 851 1031 ».
875 1003 927 1039 Qui
949 1002 1009 1031 vult
1030 1002 1100 1030 bene
1121 1000 1230 1038 operari

386 1061 401 1081 a
416 1052 469 1081 fide
490 1052 571 1080 debet
591 1050 728 1088 incipere;
749 1049 861 1078 Genesis
881 1049 987 1078 decimo
1009 1048 1118 1085 quinto:
1139 1058 1152 1072 «
1167 1046 1232 1075 Cre-

385 1099 453 1128 didit
480 1099 617 1127 Abraham
646 1098 715 1131 Deo,
746 1100 774 1126 et
805 1099 965 1134 reputatum
998 1098 1040 1124 est
1070 1095 1094 1123 ei
1126 1094 1161 1122 ad
1190 1094 1232 1122 iu-

387 1145 491 1174 stitiam
506 1157 532 1173 n.

465 1192 511 1221 46.
534 1192 623 1228 (Vers.
646 1191 714 1226 30.)
737 1190 882 1219 Dixerunt
902 1197 970 1227 erqo
992 1189 1018 1217 ei
1031 1191 1082 1217 ete.
1098 1187 1233 1225 Tangitur

387 1239 433 1268 hio
453 1241 601 1276 quartum,
623 1237 727 1267 scilieet
754 1236 995 1266 contemnentium
1020 1238 1046 1264 et
1065 1234 1233 1272 superbien-

389 1285 463 1314 tium
483 1284 666 1318 humiliatioe
687 1284 817 1313 nolebant
837 1283 911 1312 enim
932 1282 1041 1311 Christo
1056 1281 1169 1310 eredere
1184 1289 1234 1318 per

390 1332 482 1370 signa,
504 1340 576 1369 quae
596 1331 737 1365 viderant,
759 1330 837 1368 quasi
868 1330 972 1358 maiora
994 1330 1072 1366 signa
1103 1328 1236 1357 vidissent

389 1381 483 1415 patres
502 1386 609 1407 eorum.
632 1378 779 1414 Propterea
806 1377 914 1405 dicunt:
946 1376 1030 1412 Quod
1049 1384 1117 1412 eryo
1139 1378 1170 1403 tu
1195 1374 1235 1402 si-

388 1434 482 1463 qnum
501 1424 596 1462 fucis,
618 1428 651 1453 ut
671 1424 825 1453 videamus
845 1427 871 1452 et
901 1424 1057 1452 credamus
1085 1421 1155 1451 tibi?
1177 1422 1235 1450 Non

390 1472 463 1501 enim
484 1472 602 1501 eredunt
622 1471 748 1505 Hebraei,
770 1471 822 1499 nisi
844 1470 920 1507 signa
942 1469 1066 1503 videant3
1082 1469 1187 1505 primae
1201 1467 1235 1495 ad

390 1519 547 1548 Corinthios
568 1519 694 1556 primo4:
721 1529 733 1543 ει
749 1517 839 1546 Iudaei
861 1517 939 1554 signa
959 1519 1139 1553 quaerunt».
1158 1514 1236 1550 Quid

391 1565 547 1602 operaris?
568 1565 650 1601 Quasi
665 1564 772 1593 dicant:
787 1563 854 1600 quid
869 1570 1000 1599 magnum
1022 1562 1130 1591 fecisti?
1152 1560 1235 1589 Modi-

391 1620 455 1641 cum
486 1615 540 1646 est,
568 1612 642 1649 quod
663 1611 750 1640 fecisti
782 1614 911 1647 respectu
939 1610 998 1638 eius
1027 1608 1101 1646 quod
1132 1608 1235 1637 sactum

391 1663 432 1688 est
452 1659 480 1687 in
501 1659 618 1688 deserto.

468 1706 515 1734 47.
538 1706 626 1738 (Vers.
649 1705 716 1740 31.).
740 1705 846 1733 Patres
866 1703 961 1732 nostri
980 1702 1237 1731 manducaverunt

390 1761 502 1781 manna
532 1752 565 1780 in
595 1752 720 1785 deserto,
749 1759 803 1779 non
836 1758 932 1787 panem
966 1749 1166 1782 hordeaceum,
1189 1748 1237 1777 sed

391 1799 548 1832 caelestem;
564 1798 637 1827 unde
652 1801 679 1826 et
700 1797 835 1826 subdunt:
853 1797 935 1825 Sicut
948 1796 1091 1833 seriptum
1106 1799 1160 1823 est.-
1177 1795 1236 1823 Pa-

390 1855 455 1874 nem
476 1846 510 1874 de
540 1845 617 1874 caelo
638 1845 716 1873 dedit
742 1844 782 1873 eis
813 1844 1005 1872 manduca-re.
1035 1842 1174 1879 Scriptum
1195 1845 1237 1871 est

391 1893 418 1922 in
440 1892 584 1921 Psalm05:
612 1892 736 1920 «Panem
759 1891 924 1928 Angelorum
947 1889 1122 1918 manducavit
1143 1889 1235 1922 homo,

391 1939 494 1968 cibaria
514 1938 587 1967 misit
615 1938 654 1967 eis
681 1938 709 1966 in
737 1937 947 1966 abundantia».
977 1936 1020 1964 Sic
1048 1935 1236 1964 efferebantur

390 1986 424 2015 de
444 1985 580 2014 miraculo
600 1987 709 2013 ostenso
730 1984 872 2021 patribus,
894 1984 1102 2012 contemnentes
1116 1981 1237 2009 miraeu-

391 2033 449 2062 lum
473 2032 591 2066 Christi;
622 2035 649 2060 et
676 2031 811 2059 Dominus
838 2038 885 2059 eos
917 2030 1045 2058 humiliat
1072 2029 1237 2062 ostendens,

391 2079 465 2117 quod
486 2079 630 2116 Scriptura
650 2079 696 2106 illa
717 2086 772 2106 non
792 2080 834 2106 est
854 2077 968 2113 impleta
988 2084 1038 2113 per
1052 2077 1172 2112 Moysen,
1189 2075 1236 2104 sed

391 2126 522 2163 impletur
542 2133 592 2162 per
613 2125 713 2162 ipsum.
737 2125 884 2160 Propterea
905 2122 1012 2151 subdit:

471 2173 517 2201 48.
540 2172 628 2205 (Vers.
651 2171 718 2206 32).
741 2170 839 2199 Dieit⁶
861 2178 929 2207 erqo
951 2169 991 2197 eis
1012 2169 1110 2197 Iesus.-
1127 2169 1236 2202 Amen,

393 2229 477 2249 amen
495 2219 559 2248 dico
580 2218 672 2247 vobis:
695 2217 759 2246 Non
787 2217 897 2255 Moyses
924 2216 1002 2244 dedit
1028 2215 1108 2244 vobis
1129 2223 1236 2251 panem

393 2267 427 2296 de
447 2266 540 2300 eaelo,
561 2266 633 2295 sicut
647 2265 693 2293 illa
707 2264 851 2301 Scriptura
872 2263 1013 2300 loquitur;
1029 2270 1099 2296 non,
1115 2262 1237 2298 inquam,

456 2446 463 2458 ¹
483 2446 580 2473 Vulgata
597 2445 661 2468 addit
677 2444 709 2468 acl
725 2451 792 2472 eum,
809 2444 873 2473 quod
891 2443 959 2466 etiam
977 2443 1046 2465 codd.
1063 2442 1132 2470 paulo
1145 2442 1238 2464 inferius

393 2484 507 2508 exhibent.
525 2484 628 2507 Subinde
645 2486 697 2512 post
714 2489 788 2513 opera
806 2483 903 2510 Vulgata
920 2482 1004 2504 omittit
1021 2480 1090 2504 bona.

456 2523 465 2536 ²
484 2524 549 2546 Vers.
571 2524 604 2545 l0.
621 2535 652 2540 —
669 2523 777 2551 Sequitur
795 2523 862 2544 Prov.
880 2522 921 2549 ⁴2,
941 2522 976 2543 ll.

456 2561 465 2574 ²³
482 2563 548 2584 Vers.
566 2562 588 2584 6.
604 2573 635 2578 -
653 2562 705 2590 Seq.
722 2561 786 2583 locus
803 2563 836 2583 est
852 2561 909 2582 Gen.
928 2559 968 2588 115,
987 2560 1007 2581 6.

456 2600 466 2612 ‘²
484 2601 548 2622 Vers.
566 2601 602 2622 22.
1015 2596 1024 2609 ⁶
1041 2597 1123 2619 Psalm.
1140 2596 1184 2623 77,
1201 2596 1239 2618 25.

456 2638 466 2651 ⁶
484 2639 580 2666 Vulgata
597 2638 671 2661 Dia-tt.
688 2650 719 2655 ——
737 2637 839 2660 Subinde
857 2637 984 2664 allegantur
1002 2637 1015 2658 l.
1033 2635 1084 2658 Cor.
1104 2636 1145 2662 to,
1167 2635 1201 2657 11.
1218 2637 1240 2656 et

394 2679 471 2701 Matth.
488 2678 514 2706 6,
532 2678 568 2699 11.

457 2715 466 2728 ⁷
484 2717 527 2739 Pro
545 2722 614 2739 verns
632 2716 729 2744 Vulgata
747 2715 796 2738 Dei.
812 2727 843 2732 —
859 2715 968 2743 Sequitur
984 2715 1045 2736 loan.
1064 2714 1105 2740 lo,
1124 2714 1161 2735 lo.

456 2754 466 2767 ὅ
483 2756 584 2778 Enarrat.
601 2756 623 2777 in
641 2755 676 2777 Ps.
696 2755 752 2781 119,
770 2760 792 2776 n.
809 2755 839 2776 2:
856 2753 980 2782 Quomodo
997 2759 1053 2780 ergo
1070 2752 1148 2774 eibum
1167 2754 1239 2774 mater

394 2795 507 2822 comedit,
524 2796 549 2817 nt
566 2800 607 2822 per
624 2799 716 2815 carnem
734 2793 830 2815 traiieiat
851 2792 881 2814 ad
904 2792 1012 2814 infantem
1035 2791 1069 2813 lac
1092 2791 1190 2819 sactum,
1207 2790 1239 2813 sie

394 2833 460 2856 cibus
476 2833 617 2861 Angelorum
635 2832 758 2858 Dominus,
781 2830 880 2854 Verbum
893 2836 949 2853 curo
961 2830 1052 2859 factum
1069 2830 1102 2852 est
1119 2828 1195 2858 [loun.
1213 2828 1239 2855 l,

399 2871 459 2901 14.],
475 2874 498 2894 et.
514 2873 586 2894 [actus
603 2873 637 2893 est
654 2871 696 2893 lac.
713 2871 738 2892 Et
755 2870 810 2892 dicit.
826 2870 949 2898 Apostolus
968 2868 996 2898 [l.
1013 2868 1064 2891 Cor.
1083 2868 1108 2895 3,
1126 2867 1174 2896 <Z.]:
1193 2867 1239 2890 Lac

397 2910 459 2933 robis
473 2911 558 2939 potum
579 2909 644 2937 dedi,
661 2914 710 2931 non
732 2914 823 2935 escam,
840 2907 948 2930 nondum
970 2907 1032 2929 enim
1052 2905 1181 2935 poteratis,
1199 2906 1239 2928 sed

1003 131 1172 160 COMMENT.
1195 131 1228 159 IN
1248 129 1394 159 IOANNEM
1415 129 1443 158 C.
1465 129 1507 159 vl.

1283 216 1365 242 vere,
1388 207 1435 236 sed
1456 207 1564 245 typice,
1586 207 1667 244 quia,
1689 206 1761 235 sicut
1781 205 1883 234 dieitur
1898 205 2003 242 primae
2024 205 2059 234 ad
2079 205 2129 235 Co-

1284 254 1403 282 rinthios
1422 254 1543 287 decimo,
1570 265 1583 278 «
1597 252 1689 281 onmia
1710 252 1738 280 in
1759 251 1850 289 figura
1877 253 2071 289 contingebant
2098 254 2130 283 il-

1284 301 1318 329 lis
1332 312 1359 328 ».
1382 300 1437 329 Sed
1460 300 1549 329 Pater
1570 308 1652 328 meus
1673 299 1726 327 dat
1745 298 1825 327 vobis
1843 307 1951 336 panem
1972 308 2075 329 verum
2095 301 2130 330 de

1285 347 1380 380 eaelo,-
1401 349 1428 375 et
1449 346 1509 375 ideo
1529 346 1564 375 ab
1595 346 1654 383 ipso
1685 345 1820 382 petimus:
1847 357 1860 370 «
1876 345 1975 374 Panem
2003 350 2131 376 nostrum

1286 392 1580 430 supersubstantialem
1601 392 1636 421 da
1656 392 1735 420 nobis
1757 391 1875 426 hodie»,
1898 392 2025 421 Matthaei
2040 396 2129 422 sexto.

1286 440 1318 468 Et
1339 440 1473 468 rationem
1496 439 1581 468 huius
1602 438 1706 467 reddit:

1364 486 1411 515 49.
1433 486 1522 522 (Vers.
1545 486 1612 522 33.).
1643 485 1737 514 Panis
1764 485 1840 514 enim
1867 486 1977 514 verus⁷
2002 490 2059 521 est,
2080 487 2134 526 qui

1286 533 1320 561 de
1340 532 1418 561 eaelo
1439 532 1582 561 deseendit
1602 536 1629 561 et
1648 533 1700 561 dat
1720 533 1811 561 vitam
1826 533 1936 561 mundo
1943 543 1954 567 ;
1975 536 2003 562 et
2023 534 2068 563 hic
2083 542 2130 571 pa-

1286 580 1330 608 nis
1349 588 1404 608 non
1419 580 1471 608 fuit
1485 587 1597 613 manna,
1612 580 1659 608 sed
1674 579 1814 614 Christus,
1829 579 1901 608 infra
1914 579 2036 609 decimo:
2055 580 2132 618 «Ego

1287 627 1365 661 veni,
1386 629 1418 655 ut
1445 626 1528 654 vitam
1557 626 1676 654 habeant
1703 629 1730 654 et
1755 625 1942 655 abundantius
1970 626 2130 656 habeant».

1288 673 1462 702 Descendere
1475 673 1510 701 de
1524 672 1616 706 eaelo,
1631 672 1683 701 hoc
1698 675 1739 701 est
1760 672 1787 700 in
1802 680 1913 701 carnem
1932 673 2042 708 venire3
2058 673 2132 702 unde

1287 718 1456 756 Augustinus
1467 718 1494 746 ⁸:
1514 729 1528 743 «
1543 718 1680 752 Verbum,
1703 718 1776 755 quod
1791 722 1851 747 erat
1865 719 1943 756 panis
1958 719 2132 756 Angelorum,

1287 765 1353 794 dum
1380 765 1521 794 deseendit
1549 765 1576 793 in
1604 772 1732 799 earnem,
1755 765 1874 794 vertitur
1902 765 1930 794 in
1962 766 2003 795 lac
2030 774 2133 803 parvu-

1288 812 1378 840 lorum
1394 823 1421 839 ».

1609 905 1809 941 Quaus‘riones

1369 1000 1414 1028 50.
1436 1000 1546 1036 Quaest.
1569 999 1586 1027 1.
1619 998 1769 1035 Quaeritur
1800 998 1834 1027 de
1865 999 1917 1028 hoc
1948 999 2022 1036 quod
2052 999 2133 1028 dicit:

1291 1047 1439 1083 Quaeritis
1459 1055 1517 1080 me,
1539 1054 1597 1074 non
1618 1045 1690 1084 quia
1710 1045 1826 1074 vidistis
1840 1045 1936 1083 siqua.
1953 1062 1990 1066 —
2007 1045 2133 1075 Contra:

1290 1094 1380 1131 Supra
1400 1093 1496 1123 eodem
1508 1093 1534 1121 ⁹:
1557 1092 1735 1130 Sequebatur
1756 1100 1822 1121 eum
1843 1092 1998 1121 multitudo
2012 1101 2134 1131 mayna,

1289 1142 1361 1180 quia.
1383 1140 1519 1169 videbant
1540 1140 1627 1177 siyna
1649 1142 1700 1168 ete.

1370 1188 1544 1216 Respouneo:
1566 1186 1731 1221 Dicendum,
1760 1186 1834 1223 quod
1861 1186 2043 1215 contrarietas
2068 1187 2135 1216 haec

1291 1235 1408 1264 solvitur
1429 1234 1592 1271 dupliciter:
1614 1241 1670 1262 uno
1692 1233 1773 1262 modo
1795 1241 1844 1270 per
1859 1233 2020 1262 relationem
2042 1233 2077 1262 ad
2091 1233 2135 1262 di-

1290 1291 1377 1311 versa
1398 1286 1544 1319 tempora:
1567 1281 1633 1318 quia
1660 1281 1698 1309 illi
1730 1281 1827 1315 iidem,
1849 1281 1898 1318 qui
1928 1281 2020 1318 primo
2048 1281 2136 1310 secuti

1291 1331 1357 1358 sunt
1377 1331 1491 1366 propter
1510 1328 1614 1365 siyna,
1636 1327 1811 1365 postmodum
1833 1327 1941 1363 refecti,
1963 1328 2050 1357 secuti
2071 1330 2137 1357 sunt

1292 1377 1405 1413 propter
1426 1383 1515 1403 escas.
1537 1374 1594 1403 Alio
1614 1374 1694 1403 modo
1716 1374 1833 1403 solvitur
1848 1382 1897 1412 per
1919 1375 2081 1404 relationem
2102 1375 2137 1404 ad

1291 1422 1425 1450 diuersas
1443 1429 1602 1458 personas.-
1624 1421 1690 1458 quia
1710 1425 1863 1458 utrumque
1884 1428 1983 1450 verum
1998 1424 2054 1456 est;
2076 1421 2138 1458 qui-

1291 1469 1354 1497 dam
1375 1468 1449 1497 enim
1470 1468 1659 1505 sequebantur
1680 1471 1794 1505 propter
1814 1468 1917 1506 siqua,
1940 1468 2052 1506 quidam
2073 1476 2138 1505 pro-

1292 1518 1353 1552 pter
1367 1523 1456 1543 escas
1473 1531 1509 1535 —
1524 1514 1600 1543 Unde
1614 1515 1765 1543 notandum
1775 1538 1782 1549 ,
1797 1515 1871 1552 quod
1886 1515 2010 1553 quinque
2024 1515 2139 1544 fuerunt
2155 1514 2242 1557 {ffiggf

1293 1569 1406 1595 causae,
1421 1569 1508 1598 quare
1523 1561 1609 1598 aliqui
1625 1561 1814 1598 sequebantur
1829 1562 1987 1596 Dominum,
2009 1569 2080 1599 quae
2095 1561 2139 1591 his

1292 1608 1420 1637 versibus
1441 1607 1633 1636 continentur:

1387 1685 1492 1713 Morbus,
1510 1686 1589 1714 signa,
1606 1686 1685 1715 cibus,
1703 1685 1859 1714 blasphemia,
1876 1687 1963 1715 dogma
1982 1688 2045 1709 suere

1387 1723 1489 1752 Causae,
1507 1730 1548 1747 cur
1565 1724 1689 1747 Dominum
1707 1725 1773 1748 turba
1791 1728 1869 1748 secuta
1888 1724 1965 1748 suit¹⁰.

1373 1795 1417 1823 51.
1440 1795 1550 1831 Quaest.
1573 1795 1602 1823 11.
1625 1795 1691 1824 Item
1713 1795 1860 1832 quaeritur
1881 1795 1915 1824 de
1937 1795 1990 1824 hoe
2004 1795 2079 1832 quod
2099 1795 2140 1824 di-

1293 1842 1345 1870 cit:
1370 1841 1543 1878 Operamini
1561 1850 1620 1870 non
1634 1841 1745 1876 eibum,
1761 1842 1813 1880 qui
1822 1842 1908 1879 perit.
1924 1842 2039 1878 Quaerit
2052 1841 2139 1878 Chry-

1293 1890 1431 1916 sostomus
1444 1889 1481 1916 ¹¹:
1506 1891 1604 1917 utrum
1631 1888 1729 1917 debeat
1756 1889 1839 1916 homo
1863 1888 1973 1925 operari
2000 1896 2052 1925 pro
2079 1887 2140 1917 cibo

1294 1935 1449 1971 corporali?
1472 1951 1508 1955 —
1530 1934 1608 1971 Quod
1629 1943 1697 1969 non,
1719 1935 1844 1964 videtur:

1373 1981 1423 2010 Per
1444 1981 1564 2009 litteram
1584 1981 1673 2010 istam.
1695 1998 1734 2002 -—
1755 1982 1837 2015 Item,
1860 1981 1987 2010 Matthaei
2008 1981 2139 2010 sextoss:

1294 2028 1387 2057 Nolite
1406 2028 1523 2056 solliciti
1542 2036 1613 2062 esse,
1636 2028 1707 2066 quid
1728 2028 1910 2057 manducetis
1931 2031 1982 2057 etc.
2005 2044 2043 2048 —
2058 2028 2139 2063 Item,

1294 2076 1383 2104 Lucae
1403 2075 1509 2104 decimo
1522 2075 1544 2092 ¹³
1566 2075 1744 2112 reprehendit
1759 2075 1894 2104 Dominus
1908 2075 2052 2110 Martham,
2067 2083 2139 2113 quae

1294 2122 1367 2150 circa
1388 2121 1481 2150 cibum
1503 2121 1674 2158 corporalem
1704 2122 1819 2150 sollicita
1839 2124 1908 2150 erat.
1931 2122 2002 2159 Ergo
2023 2130 2077 2150 non
2100 2121 2140 2151 vi-

1294 2168 1392 2202 detur,
1414 2168 1488 2205 quod
1508 2168 1606 2197 debeat
1627 2168 1710 2196 homo
1725 2176 1776 2205 pro
1790 2168 1851 2197 cibo
1866 2168 2003 2205 corporali
2018 2168 2138 2205 operari.

1372 2214 1500 2243 Comus:
1525 2214 1630 2243 Primae
1650 2214 1684 2243 ad
1706 2215 1963 2244 Thessalonicenses
1987 2215 2139 2252 quart0¹4t

1297 2261 1470 2298 Operamini
1499 2261 1636 2289 manibus
1666 2262 1793 2295 vestris,
1827 2262 1905 2290 sieut
1935 2261 2141 2299 praecepimus

1294 2447 1337 2464 nec
1353 2441 1432 2464 adhuc
1449 2440 1542 2471 quidem
1556 2441 1661 2471 potestis.
1680 2443 1739 2470 Ergo
1757 2442 1835 2464 dando
1852 2443 1887 2464 lae
1904 2442 2023 2464 descendit
2039 2441 2069 2464 ad
2091 2447 2141 2469 par-

1295 2481 1374 2507 vulos,
1391 2484 1413 2502 et
1424 2480 1478 2509 quia
1495 2481 1625 2508 descendit,
1642 2481 1821 2503 descendentem
1834 2481 1898 2503 dedit
1909 2483 1951 2503 ete.
1963 2480 2009 2503 Cl'r.
2020 2480 2044 2502 in
2055 2480 2092 2503 Ps.
2104 2480 2142 2502 30.

1295 2522 1393 2541 enarrat.
1410 2520 1432 2541 2.
1449 2526 1471 2541 n.
1491 2519 1513 2541 9.

1358 2556 1368 2569 ⁹
1386 2559 1450 2580 Vers.
1469 2559 1489 2580 2.

1358 2595 1378 2608 ¹⁰
1395 2598 1417 2619 ln
1440 2596 1570 2620 Comme-nt.
1592 2604 1604 2620 a
1628 2598 1736 2620 Vaticana
1762 2598 1798 2620 ed.
1821 2597 1865 2620 sul)
1887 2597 1981 2620 nomine
1997 2597 2083 2619 Bonav.
2100 2596 2143 2618 im-

1297 2643 1377 2665 presso
1394 2637 1502 2659 additur:

1409 2693 1515 2720 Morbus,
1532 2699 1605 2720 amor,
1623 2692 1694 2719 mira,
1711 2691 1836 2720 sapientia,
1854 2691 1926 2713 virtus
1943 2693 1965 2712 et
1981 2690 2031 2712 ira:

1409 2732 1448 2754 His
1465 2732 1512 2759 egit
1528 2731 1604 2754 varias
1620 2730 1686 2759 plebs
1703 2730 1754 2759 tibi,
1772 2730 1873 2757 Christe,
1891 2729 1947 2752 vias.

1360 2785 1377 2798 ¹¹
1397 2787 1419 2808 ln
1437 2787 1497 2808 loan.
1515 2786 1592 2808 homil.
1611 2785 1647 2808 44.
1666 2784 1730 2813 (alias
1748 2784 1793 2813 43.)
1812 2790 1835 2806 n.
1854 2784 1874 2805 l.

1360 2824 1378 2837 ¹²
1396 2826 1462 2848 Vers.
1480 2826 1516 2848 31.

1360 2863 1379 2877 ¹³
1397 2866 1462 2887 Vers.
1482 2864 1519 2887 41.

1359 2903 1378 2916 ¹⁴³
1397 2904 1462 2926 Vers.
1481 2904 1518 2926 ll.

2151 1187 2210 1211 neap.

2152 1234 2181 1253 Du
2195 1234 2225 1253 lex
2239 1221 2276 1254 xio«¹
2293 1230 2296 1259 Ι
