2296 3316
256 488 283 507 De
297 489 368 512 quarto.

255 629 366 655 Liberalitas

242 657 366 679 communica—

244 677 306 694 tionis.

250 1286 305 1305 Ratio
316 1292 363 1305 colu-

248 1310 362 1329 munic-andi.

396 171 449 199 154
990 172 1159 202 COMMENT.
1182 174 1214 202 lN
1235 174 1426 205 SAPIENTIAM
1448 177 1475 205 C.
1500 177 1551 205 VII.
2294 165 2296 193 Ι

390 249 537 282 omnium,
559 249 662 278 scilicet
683 249 836 283 bonorum,
857 253 951 278 mater
978 254 1036 283 est,-
1057 251 1237 280 Ecclesiastici

389 295 522 331 vigesimo
553 299 671 333 quarto:
698 307 711 321 «
734 296 789 333 Ego
820 299 908 325 mater
940 297 1053 334 pulcrae
1084 297 1237 327 dilectionis

388 345 415 370 et
447 341 553 371 timoris
575 354 588 368 ι»
617 346 688 375 etc:
724 343 789 372 item
824 343 944 372 ibidem:
975 356 988 370 «
1011 344 1039 373 ln
1072 352 1114 373 me
1149 345 1238 382 gratia

388 388 477 417 omnis
491 400 504 413 υ
531 392 582 418 etc.

467 436 562 472 Quam
583 437 646 465 sine
665 437 778 474 fictione
799 440 849 466 etc.
879 438 926 467 Hic
947 439 1037 476 prImo
1059 439 1181 476 tangitur
1203 439 1236 468 iz·-

387 483 525 512 beraiitas
546 485 803 514 communicationis
824 485 985 523 sapientiae3
1008 487 1142 520 secundo,
1158 487 1236 515 ratio

387 530 641 559 eommtmica'ndi:
665 531 803 567 Infinitus
824 532 900 561 enim
922 531 1088 561 thesaurus.

465 577 553 613 (Vers.
588 578 651 613 13.).
683 579 778 615 Quam
807 580 869 608 sine
895 579 1025 616 fictione,
1053 580 1080 608 id
1108 583 1149 609 est
1178 582 1235 609 toto

385 624 480 657 corde,
494 624 587 653 didici
595 647 603 658 ,
619 625 724 660 sciens,
739 627 813 663 quod
834 638 846 651 a
858 626 977 664 Spiritus
990 629 1102 655 sanctus
1116 626 1235 664 discipli-

385 679 436 699 nae
458 670 569 707 effugiet
597 671 693 700 fictum
710 684 740 706 »‚
762 681 848 709 supra
875 673 1002 710 primo¹;
1025 673 1090 701 item
1120 673 1234 701 Prover-

384 717 494 746 biorum
509 717 643 746 secundo:
670 730 683 743 «
696 719 721 747 Si
737 719 889 756 quaesieris
909 727 969 748 eam
985 719 1063 757 quasi
1079 720 1234 757 pecuniam,

384 770 411 794 et
431 764 502 793 sicut
524 765 671 794 thesauros
692 766 819 795 effoderis
840 767 913 795 illam
929 778 942 792 ιι
968 770 1019 795 etc.
1047 767 1082 795 Et
1107 766 1169 795 siue
1190 767 1234 795 in-

385 811 464 841 vidia
495 813 690 846 conmiiinieo,
713 813 816 842 scilicet
838 814 915 842 utilia
942 822 997 842 non
1029 814 1234 849 subtrahendo,

383 867 468 896 supra
500 862 595 888 sexto:
622 870 635 884 ει
655 860 749 897 Neque
777 868 840 889 cum
872 861 974 889 invidia
995 860 1151 890 tabescente
1183 861 1235 890 iter

385 906 492 935 habebo
508 916 534 940 »;
556 906 620 934 item
650 906 863 936 Proverbiorum
891 907 1003 945 quinto:
1030 919 1043 933 «
1067 908 1234 938 Deriventur

382 953 470 982 sontes
492 953 531 981 tui
552 952 626 981 foras
641 965 666 981 n.
690 954 724 981 Et
746 952 919 983 honestatem
941 954 1033 988 iliius,
1062 954 1088 983 id
1110 958 1151 983 est
1172 956 1234 992 pul-

383 1000 564 1033 critudinem,
587 1008 644 1028 non
665 999 827 1034 abscondo,
850 1001 943 1029 verbis
963 1001 1090 1030 obscuris
1104 1001 1233 1037 velando;

384 1047 563 1075 Ecclesiastici
595 1049 696 1084 quarto
712 1047 738 1074 2;
766 1059 779 1071 «
800 1048 858 1076 Non
889 1048 1040 1077 abscondas
1072 1048 1233 1085 sapientiam

380 1096 455 1123 tuam
477 1093 504 1121 in
525 1093 624 1121 decore
645 1093 705 1121 eius
720 1104 751 1126 »;
780 1093 845 1122 item
874 1094 1053 1123 Ecclesiastici
1080 1094 1231 1131 vigesimo:

385 1152 398 1166 «ι
414 1140 550 1177 Sapientia
569 1140 702 1168 absconsa
723 1144 750 1169 et
775 1141 924 1170 thesaurus
946 1141 1064 1176 invisus,
1085 1149 1157 1179 quae
1178 1142 1232 1171 uti-

381 1187 442 1216 litas
463 1187 490 1215 in
506 1187 633 1224 utrisque
645 1190 678 1214 »t

459 1234 547 1269 (Vers.
568 1234 629 1270 Ili.).
649 1233 785 1270 [nfinitus
800 1235 876 1263 enim
892 1234 1049 1264 thesaurus
1063 1240 1113 1270 est,
1130 1236 1156 1265 in
1172 1236 1231 1271 illa,

381 1280 563 1314 hominibas;
585 1280 658 1309 unde
680 1284 707 1309 et
736 1281 950 1311 inexhauribilis
971 1287 1012 1311 est
1037 1290 1086 1319 per
1107 1290 1231 1312 commu-

379 1328 557 1361 nicationem,
580 1330 607 1356 et
628 1328 689 1357 ideo
710 1328 776 1357 dicit
798 1329 905 1358 Tullius
920 1329 940 1363 ³,
962 1329 1035 1366 quod
1057 1329 1171 1358 scientia
1190 1334 1231 1359 est

379 1376 478 1405 nobilis
499 1376 649 1404 thesaurus
670 1376 793 1410 animae,
815 1384 887 1413 quae
907 1376 1056 1405 distributa
1077 1377 1175 1413 recipit
1189 1377 1230 1405 in-

380 1426 552 1452 crementum
573 1425 600 1451 et
620 1431 736 1451 avarum
763 1423 928 1460 dedignatur
949 1431 1148 1460 possessorenu
1177 1424 1228 1453 nisi

379 1470 553 1507 publicetur,
575 1470 703 1499 elabitur.
726 1470 938 1507 Augustinus4:
964 1482 977 1495 «
993 1470 1079 1499 Omne
1107 1471 1228 1506 bonum,

379 1517 453 1555 quod
467 1517 556 1546 dando
571 1526 625 1546 non
647 1517 754 1551 deficit,
770 1518 792 1546 si
808 1518 927 1547 habetur
941 1522 967 1547 et
982 1526 1036 1547 non
1050 1518 1145 1553 datur,
1161 1527 1228 1548 non-

379 1564 445 1593 dum
461 1565 595 1597 habetur,
617 1565 736 1601 qualiter
759 1565 916 1594 habendum
938 1568 980 1594 est
999 1577 1025 1600 »;
1049 1566 1228 1596 Ecclesiastici

379 1611 482 1648 primo:
509 1623 522 1636 «
537 1611 653 1640 Omnem
674 1611 787 1640 domum
808 1612 882 1641 illius
897 1612 1022 1649 implebit
1038 1621 1054 1641 a
1075 1614 1228 1650 generatio-

378 1657 477 1691 nibus,
499 1661 525 1686 et
547 1658 722 1694 receptacula
742 1667 758 1686 a
779 1659 918 1687 thesauris
939 1659 1013 1687 illius
1028 1671 1054 1687 ».
1079 1660 1154 1695 Quo,
1177 1661 1228 1689 sci-

378 1704 440 1732 licet
462 1704 594 1732 thesauro
625 1705 790 1741 sapientiae,
816 1705 868 1743 qui
890 1706 938 1734 asi
957 1710 1042 1740 sum,
1075 1707 1227 1736 secundum

377 1750 452 1778 illam
474 1758 502 1779 se
533 1751 667 1788 regendo,
693 1752 855 1789 participes
882 1751 957 1789 facti
982 1757 1051 1780 sunt
1079 1753 1229 1783 amicitiae

379 1797 430 1826 Dei
436 1808 446 1830 ,·
467 1798 541 1826 unde
563 1798 634 1826 infra
655 1798 788 1827 eodem⁵z
809 1811 822 1824 «
835 1799 939 1828 Amicos
960 1800 1008 1828 Dei
1030 1803 1056 1828 et
1077 1801 1228 1837 prophetas

376 1844 520 1873 constituit
534 1857 559 1872 υ.
588 1845 713 1882 Propter
733 1846 921 1883 disciplinae,
944 1846 970 1874 id
992 1850 1033 1875 est
1061 1847 1226 1884 sapientiae,

376 1892 467 1925 dona,
494 1900 565 1929 quae
594 1892 696 1921 habent
723 1901 778 1921 non
800 1901 849 1930 per
871 1901 949 1922 suam
975 1894 1156 1929 industriam,
1178 1895 1226 1923 sed

376 1939 495 1975 Spiritus
516 1939 603 1968 sancti
632 1939 870 1975 distributionem,
899 1941 1052 1970 secundum
1080 1941 1148 1970 illud
1169 1942 1226 1979 pri-

376 1993 436 2014 mae
456 1985 490 2014 ad
511 1986 669 2015 Corinthios
689 1987 868 2016 duodecimo:
895 1988 992 2016 «Haec
1018 1988 1109 2016 onmia
1125 2000 1151 2023 »‚
1173 1989 1225 2017 sci-

375 2032 438 2060 licet
458 2032 529 2060 dona
556 2033 725 2069 gratiarum,
751 2037 912 2071 «operatur
941 2042 1014 2063 uuus
1041 2038 1124 2072 atque
1152 2035 1224 2064 idem

376 2078 506 2115 Spiritus,
521 2079 647 2109 dividens
661 2080 789 2117 singulis,
805 2084 889 2118 prout
903 2081 1000 2109 vult».
1015 2081 1224 2117 Commemlati,

374 2127 401 2155 id
422 2130 464 2155 est
481 2127 714 2156 commendabiles
735 2128 839 2162 effecti,
861 2128 964 2157 scilicet
981 2129 1037 2158 Deo
1058 2132 1085 2157 et
1106 2129 1225 2158 homini-

375 2174 439 2207 bus;
462 2174 598 2203 secundae
613 2174 646 2203 ad
661 2174 818 2204 Corinthios
833 2176 951 2204 decimo:
978 2187 991 2201 «
1003 2176 1060 2204 Non
1082 2176 1155 2205 enim
1177 2177 1225 2214 qui

375 2228 403 2249 se
424 2221 515 2257 ipsum
544 2221 733 2255 commendat,
755 2222 800 2251 ille
825 2223 959 2259 probatus
980 2226 1037 2257 est,
1066 2223 1113 2252 sed
1141 2232 1223 2261 quem

374 2267 448 2296 Deus
469 2268 683 2296 commendat».

436 2436 443 2449 ¹
463 2438 528 2460 Vers.
548 2438 570 2460 5.
588 2451 618 2455 —
637 2439 770 2468 Sequuntur
787 2440 856 2462 Prox‘.
873 2441 900 2467 2,
919 2438 940 2462 t.
957 2447 1018 2469 seq,
1031 2442 1085 2469 Sap.
1103 2442 1130 2470 6,
1148 2442 1186 2464 25.
1203 2444 1225 2464 et

373 2477 441 2499 J‘rov.
458 2477 484 2505 ὅ,
506 2478 540 2500 16.

435 2515 444 2528 ²
461 2517 527 2539 Vers.
545 2518 587 2544 28,
605 2517 645 2540 ubi
666 2524 710 2551 pro
734 2517 784 2541 eius
802 2519 903 2546 Vulgata
922 2525 982 2547 suo,·
1001 2519 1056 2542 ibid.
1075 2521 1117 2548 20,
1136 2521 1172 2543 32.
1191 2523 1225 2543 est

372 2560 422 2583 seq.
440 2555 510 2578 locus.

436 2592 445 2605 ³
462 2594 507 2617 C[r.
524 2595 601 2618 Oratio
622 2602 665 2624 pro
683 2597 766 2619 Archia
784 2600 863 2625 poeta,
881 2604 900 2619 c.
919 2598 944 2625 6,
963 2597 1000 2620 ubi
1018 2599 1167 2626 reprehendit
1183 2605 1223 2621 eos

373 2634 414 2662 qui
431 2634 538 2656 scientias
554 2635 628 2657 solum
647 2635 690 2657 sibi
709 2636 765 2663 ipsis
787 2640 923 2664 comparant
940 2637 977 2664 ita,
997 2646 1008 2657 ιι
1021 2641 1045 2660 ut
1062 2638 1117 2660 nihil
1136 2638 1224 2666 possint

374 2678 400 2695 ex
418 2673 453 2695 his
470 2679 547 2701 neque
565 2674 594 2695 ad
617 2680 766 2697 communem
790 2676 872 2698 afferre
894 2677 991 2698 fructum
1015 2683 1090 2705 neque
1112 2677 1133 2699 in
1160 2684 1223 2705 aspe-

374 2715 436 2734 ctum
454 2712 577 2741 lucemque
593 2714 696 2740 proferre
708 2723 730 2735 n.
748 2714 797 2736 Lib.
810 2715 824 2736 l.
836 2714 865 2737 de
878 2715 941 2737 Offic.
954 2721 973 2737 c.
987 2715 1022 2737 42.
1035 2716 1113 2744 docet,
1129 2717 1221 2744 officiis,
1246 2732 1252 2747 Ἴ

373 2756 434 2779 quae
450 2751 562 2773 maiorem
580 2752 677 2774 afferunt
696 2753 830 2781 utilitatem,
853 2760 904 2776 esse
926 2755 1123 2777 annumerandam
1141 2755 1223 2778 doctri-

373 2795 427 2812 nam
444 2796 523 2812 rerum
542 2792 699 2813 honestarum.
716 2792 765 2814 Lib⁷
784 2793 815 2815 Ill.
834 2793 863 2815 de
879 2793 951 2816 Finib.
970 2800 989 2816 c.
1009 2794 1044 2816 19.
1056 2795 1167 2822 ostendit,
1184 2801 1222 2817 na-

373 2829 445 2851 turale
467 2836 529 2857 esse,
553 2839 565 2850 ιι
578 2833 602 2853 ut
622 2831 733 2858 prodesse
755 2832 854 2855 velimus
876 2839 946 2861 quam
965 2833 1082 2861 plurimis,
1099 2834 1222 2862 imprimis-

372 2874 418 2897 que
436 2869 540 2891 docendo
554 2878 575 2891 υ.
592 2882 623 2886 -—
640 2870 683 2892 Pro
701 2870 756 2893 dicit
774 2871 866 2895 Tullius
884 2872 938 2895 edd.
955 2872 1049 2895 dicitur.

434 2907 444 2919 ⁴
461 2907 523 2930 Libr.
546 2909 559 2930 l.
581 2909 610 2931 de
634 2909 709 2931 Doctr.
732 2910 867 2937 christiana,
887 2918 907 2933 c.
926 2912 947 2934 l.
969 2918 992 2934 n.
1011 2912 1035 2934 t:
1052 2913 1133 2935 Omnis
1158 2913 1219 2936 enim

371 2953 420 2974 res,
439 2953 499 2975 quae
517 2948 594 2970 dando
612 2954 657 2970 non
675 2949 764 2976 deficit,
782 2950 838 2972 (lum
856 2950 955 2972 habetur
972 2954 994 2973 et
1010 2957 1056 2973 non
1074 2952 1150 2979 datur,
1167 2958 1221 2975 non·

371 2986 427 3009 dum
446 2986 554 3015 habetur,
572 2988 692 3016 quomodo
710 2988 815 3011 habenda
833 2992 873 3011 est.
886 3002 916 3006 —
928 2990 1036 3019 Sequitur
1054 2991 1120 3014 Eccli.
1141 2992 1162 3020 i,
1180 2992 1218 3014 21¹.

1422 254 1505 278 Tettio·
1517 254 1631 285 ostendit,
1649 262 1662 278 a
1680 262 1721 286 quo
1737 254 1874 285 sapientiam
1892 255 2007 280 didicerit.

1374 331 1447 361 Milii
1467 336 1565 361 autem
1586 333 1663 362 dedit
1684 334 1761 362 Deus
1788 334 1882 363 dicere
1903 337 1953 363 etc.
1976 335 2022 364 Hic
2050 338 2142 365 osten·
2159 346 2236 366 Divisio.

1293 377 1349 412 dit,
1371 387 1387 407 a
1408 387 1464 416 quo
1492 380 1652 417 sapientiam
1673 380 1814 415 didicerit;
1843 383 1870 410 et
1897 381 1987 418 primo
2008 382 2141 417 ostendit,
2290 387 2295 422 l

1293 425 1357 462 quis
1371 433 1435 455 eum
1449 427 1558 461 docuit,
1580 427 1714 460 secundo,
1737 428 1830 465 qualia
1850 427 1958 457 docuit:
1981 429 2045 466 lpse
2065 429 2142 458 enim
2268 424 2295 465 ’ξ4

1292 469 1368 500 mili-i
1388 475 1456 507 etc.;
1479 474 1573 508 tertio,
1595 482 1644 511 per
1673 473 1745 511 quod
1767 473 1888 503 medium
1916 474 2008 511 ipsum
2029 475 2141 504 docuit:
2279 491 2283 514 2

1295 518 1435 548 Oiimiam
1456 520 1533 549 enim
1554 520 1664 559 artifex
1686 523 1736 550 etc.

1576 613 1664 644 Primo,
1682 613 1732 645 quis
1750 614 1860 639 docuerit.

1371 700 1461 736 (Vers.
1497 700 1562 736 15.).
1585 700 1657 729 Milii
1680 705 1777 730 autem
1799 704 1850 731 etc.
1880 702 1951 732 Bene
1972 703 2046 732 dixi:
2078 704 2141 740 Quo
2154 682 2294 742 Expositioiiri

1291 747 1344 786 qai
1364 746 1413 775 usi
1432 750 1503 776 sant
1522 751 1587 782 etc.;
1609 756 1660 786 ego
1673 751 1767 778 autem
1782 757 1851 779 usus
1866 758 1941 785 sum;
1963 753 2074 785 autem,
2089 759 2141 788 pro
2182 738 2250 758 ¹⁰⁹³¹¹⁵¹
2288 741 2293 806 Ι

1291 793 1373 831 quia;
1394 793 1469 822 milii
1494 794 1573 823 dedit
1601 795 1677 824 Deus
1698 796 1808 831 dicere,
1830 797 1857 825 id
1884 800 1926 826 est
1952 806 2005 826 non
2032 799 2140 827 tantum

1291 840 1378 875 scire,
1411 841 1458 869 sed
1490 841 1571 870 etiam
1603 842 1721 878 docere;
1754 843 1837 872 Isaiae
1868 844 2139 882 quinquagesim0⁶:
2287 807 2292 871 l

1297 887 1459 916 «Dominus
1480 888 1554 917 dedit
1582 888 1648 917 mihi
1672 889 1794 926 linguam
1819 890 1972 926 eruditam,
1997 894 2028 920 ut
2055 891 2139 921 sciam
2288 882 2292 920 1

1291 937 1448 964 sustentare
1469 943 1549 969 eum,
1572 936 1619 973 qui
1652 936 1745 973 lapsus
1775 939 1832 971 est,
1864 937 1990 966 verbo».
2024 938 2139 974 Dicere,
2288 937 2291 988 1

1291 981 1421 1018 inquam,
1443 991 1477 1010 ea·
1498 983 1652 1017 sementia,
1675 983 1700 1011 id
1722 986 1763 1012 est
1780 983 1939 1013 definitione
1959 985 2053 1020 firma;
2075 987 2140 1015 Pro-

1291 1028 1453 1057 verbiorum
1482 1029 1663 1058 duodecimo:
1694 1041 1707 1055 «
1729 1030 1842 1059 Labium
1872 1031 1996 1061 veritatis
2026 1032 2142 1062 firmum
2287 1007 2291 1057 Ι

1290 1074 1344 1103 erit
1361 1074 1388 1103 in
1411 1079 1579 1113 perpetuum
1591 1087 1621 1110 »;
1638 1076 1774 1105 Psalmus:
1795 1076 1856 1106 «Os
1877 1077 1941 1106 iusti
1961 1078 2139 1109 meditabitur
2287 1060 2291 1129 Ι

1290 1121 1465 1158 sapientiam,
1487 1125 1515 1151 et
1542 1122 1635 1159 lingua
1656 1123 1715 1152 eius
1744 1123 1874 1160 loquetur
1905 1124 2084 1160 iudicium»,
2112 1126 2139 1155 id

1289 1171 1331 1197 est
1352 1168 1462 1198 firmam
1491 1170 1662 1198 sententiam.
1688 1170 1720 1198 Et
1746 1178 1943 1207 praesumere.
1969 1172 2137 1208 Notandum,
2151 1141 2291 1257 Duplex-prael

1289 1215 1364 1252 quod
1392 1219 1433 1245 est
1460 1217 1630 1253 praesumtio
1655 1217 1864 1254 arrogantiae,
1895 1218 1929 1247 de
1960 1227 2016 1256 qua
2047 1220 2137 1249 Iudith
2174 1209 2246 1227 'mmm'
2276 1236 2277 1244 κ

1288 1265 1369 1291 sexto
1381 1263 1407 1291 ⁷:
1434 1275 1447 1288 «
1464 1264 1671 1292 Praesumentes
1691 1263 1725 1292 de
1746 1271 1775 1292 se
1796 1266 1823 1293 et
1843 1264 1877 1293 de
1892 1272 1942 1293 sua
1962 1265 2067 1295 virtute
2080 1267 2137 1304 glo-

1288 1309 1392 1339 riantes
1414 1310 1544 1339 humilias
1559 1322 1585 1338 ».
1602 1311 1632 1339 Et
1653 1314 1694 1339 est
1708 1311 1879 1347 praesumtio
1900 1311 2090 1349 confidentiae
2103 1314 2137 1343 de

1287 1356 1392 1386 virtute
1412 1357 1505 1385 divina
1526 1360 1552 1386 et
1567 1357 1768 1392 misericordia,
1790 1358 1823 1387 de
1837 1366 1893 1395 qua
1913 1358 2026 1387 ibidem:
2053 1360 2135 1389 «Non

1287 1402 1458 1440 derelinquis
1486 1405 1695 1440 praesumentes
1722 1404 1755 1433 [le
1776 1407 1803 1433 te
1822 1416 1836 1430 2>
1861 1407 1929 1439 etc.;
1952 1404 2017 1434 item
2045 1405 2135 1435 Iudith

1287 1458 1375 1479 nono:
1403 1462 1416 1475 «
1439 1451 1544 1479 Exaudi
1577 1459 1620 1480 me
1642 1451 1771 1480 miseram
1802 1451 1836 1480 de
1867 1454 1915 1480 tua
1947 1452 2136 1482 misericordia

1286 1500 1551 1533 praesumentem».
1577 1498 1611 1525 Et
1628 1506 1830 1534 praesumere,
1852 1498 1879 1526 id
1900 1501 1942 1527 est
1966 1498 2135 1528 confidenter

1286 1551 1381 1580 agere,
1397 1544 1502 1581 digna,
1525 1544 1627 1573 scilicet
1642 1552 1738 1581 opera,
1761 1544 1868 1573 horam
1882 1554 1957 1584 qaae
1973 1544 2048 1574 mihi
2061 1546 2135 1575 dan-

1286 1594 1346 1625 tar,
1368 1591 1394 1619 id
1416 1594 1457 1620 est
1478 1591 1567 1620 facere
1588 1600 1673 1628 opera
1693 1595 1808 1621 strenua
1832 1596 1858 1621 et
1878 1592 2017 1627 decentia,
2037 1601 2135 1622 secun-

1285 1639 1352 1668 dum
1373 1639 1445 1668 dona
1465 1639 1532 1668 mihi
1548 1639 1660 1673 collata3
1681 1651 1694 1664 «
1710 1640 1753 1668 cui
1769 1640 1841 1669 enim
1858 1641 1920 1677 plus
1941 1640 2133 1676 committitur,

1285 1685 1349 1722 plus
1373 1685 1408 1714 ab
1433 1693 1464 1714 eo
1490 1685 1651 1722 requiretur
1666 1685 1677 1702 ⁸
1692 1698 1718 1714 ».
1755 1687 1901 1722 Quoniam
1929 1687 2002 1724 ipse,
2031 1687 2135 1716 scilicet

1285 1733 1372 1767 Deus,
1395 1732 1556 1769 sapientiae
1577 1733 1638 1761 ditat
1653 1736 1708 1767 est‚·
1723 1733 1830 1763 Glossa:
1851 1746 1864 1759 «
1879 1734 1906 1763 Id
1928 1737 1969 1763 est
1990 1737 2133 1769 (νησίον-ιη

1285 1778 1465 1819 Ecclesiastici
1488 1779 1592 1815 primo:
1619 1791 1632 1804 «
1647 1778 1743 1808 Omnis
1764 1780 1897 1818 sapientia
1917 1789 1933 1810 a
1947 1781 2064 1810 Domino
2078 1781 2134 1810 Deo

1285 1828 1367 1854 est».
1391 1826 1456 1854 Item
1478 1826 1581 1859 ciator;
1603 1826 1690 1855 Iacobi
1712 1827 1817 1864 primo:
1845 1840 1858 1853 «
1877 1828 1903 1857 Si
1925 1828 1988 1866 quis
2008 1831 2132 1857 vestrum

1284 1872 1388 1910 indiget
1408 1873 1556 1910 sapientia,
1582 1874 1702 1910 postulet
1725 1883 1741 1903 a
1765 1875 1822 1904 Deo
1840 1888 1853 1901 »
1882 1879 1933 1905 etc.
1960 1877 1996 1905 Et
2018 1875 2133 1913 sapien-

1284 1919 1359 1948 tiam
1380 1920 1556 1954 eiizenclator,
1579 1920 1605 1948 id
1627 1924 1668 1949 est
1690 1925 1854 1956 corrector;
1876 1923 2050 1960 Apocalypsis
2079 1924 2133 1952 ter-

1284 1966 1338 1995 tio:
1366 1978 1378 1991 ε(
1394 1967 1449 2004 Ego
1476 1975 1546 2004 quos
1574 1975 1636 1995 amo
1664 1976 1780 2005 arguo»
1812 1972 1878 2004 etc,
1906 1970 2010 1999 scilicet
2037 1970 2059 1999 si
2086 1978 2133 1999 eos

1283 2021 1378 2043 errare
1400 2014 1427 2043 in
1449 2014 1541 2051 aliquo
1563 2015 1710 2052 contingat.

1440 2078 1586 2106 Quandoque
1604 2077 1680 2100 bonus
1697 2079 1807 2102 dormitat
1824 2080 1939 2103 Homerus
1947 2078 1964 2103 ⁹.

1363 2132 1427 2161 ltem
1449 2133 1631 2169 Augustinus:
1647 2133 1748 2163 Errare
1762 2137 1871 2171 potero,
1887 2135 2044 2164 haereticus
2061 2144 2132 2164 nun·
2277 2136 2280 2186 l

1283 2187 1367 2215 quam
1390 2186 1446 2207 ero.
2270 2184 2296 2207 Ἣ

1362 2225 1450 2261 (Vers.
1470 2226 1534 2262 16.).
1558 2227 1593 2254 In
1611 2235 1705 2255 mana
1720 2228 1797 2256 euim
1813 2228 1894 2257 iliius
1908 2232 1958 2258 etc.
1975 2229 2046 2258 Bene
2059 2229 2131 2264 dixi,

1283 2272 1357 2309 quod
1378 2272 1440 2300 dax
1461 2276 1502 2301 est
1522 2276 1547 2301 et
1568 2274 1736 2302 emendator
1756 2275 1953 2312 sapientiam‚·
1980 2276 2012 2305 in
2039 2285 2131 2305 mana

1345 2441 1354 2454 ⁶
1372 2443 1438 2466 Vers.
1455 2443 1492 2465 27.
1510 2456 1540 2460 —
1557 2444 1608 2466 Duo
1625 2450 1690 2473 seqq.
1708 2445 1752 2467 loci
1775 2448 1828 2468 sunt
1849 2446 1864 2468 1.
1881 2445 1932 2469 Cor.
1952 2446 1994 2474 12,
2012 2446 2050 2469 Μ.
2066 2449 2088 2469 et
2107 2447 2131 2469 ll.

1283 2480 1335 2504 Cor.
1353 2482 1393 2509 io,
1412 2482 1447 2504 ts.

1311 2514 1313 2516 ¹
1344 2519 1354 2532 ὅ
1372 2522 1437 2544 Vers.
1455 2522 1476 2544 4.
1493 2535 1523 2538 —
1542 2523 1675 2551 Sequuntur
1692 2523 1760 2545 Prov.
1779 2524 1821 2550 42,
1840 2524 1877 2546 -19,
1893 2527 1916 2547 et
1932 2525 1967 2547 ΡΒ.
1985 2525 2027 2552 36,
2045 2525 2081 2547 30.

1344 2559 1353 2572 ⁷
1371 2561 1436 2583 Vers.
1454 2561 1496 2588 115,
1519 2560 1557 2583 ubi
1583 2562 1652 2584 etiam
1678 2564 1712 2584 est
1737 2569 1786 2591 seq.
1809 2564 1888 2592 locus;
1911 2563 1991 2586 tertius
2015 2566 2049 2586 est
2073 2563 2130 2586 ibid.

1281 2599 1305 2626 9,
1324 2599 1365 2621 ⁴7:
1383 2600 1469 2622 Exaudi
1487 2606 1524 2622 me
1541 2600 1649 2622 miseram
1667 2601 1832 2628 deprecantem
1850 2604 1872 2624 et
1889 2602 1918 2624 de
1934 2604 1978 2624 etc.

1304 2648 1309 2649 ν
1343 2637 1352 2649 ⁸
1369 2639 1424 2661 Luc.
1437 2639 1478 2666 ἸΞ,
1497 2639 1541 2661 48ε
1559 2639 1625 2662 Omni
1643 2642 1734 2667 autem,
1746 2640 1783 2663 cui
1801 2641 1899 2663 multum
1917 2641 1997 2664 datum
2009 2644 2061 2669 -est,
2073 2642 2130 2664 mul-

1280 2680 1327 2699 tum
1351 2680 1474 2706 quaeretur
1491 2678 1521 2700 ab
1539 2684 1578 2705 eo,
1596 2682 1619 2701 et
1641 2679 1679 2702 cui
1701 2680 1927 2702 commendaverunt
1949 2681 2059 2709 multum,
2077 2673 2129 2709 plus

1279 2718 1358 2744 petent
1379 2716 1409 2738 ab
1432 2722 1466 2739 eo.
1489 2729 1520 2732 —
1543 2718 1676 2746 Sequuntur
1701 2719 1779 2741 Glossa
1806 2718 1966 2742 interlinearis
1990 2718 2128 2748 (Rabanusz

1279 2755 1414 2786 Sap‘wntiae
1430 2756 1482 2779 dua:
1498 2757 1560 2779 Deus
1577 2760 1623 2784 est,
1641 2758 1752 2787 quoniam
1772 2758 1919 2786 omnipotens
1939 2759 2004 2781 Pater
2027 2758 2129 2781 incarne·
2272 2751 2274 2780 l

1279 2796 1346 2818 tionis
1363 2796 1474 2824 unigeniti
1492 2796 1539 2818 Filii
1557 2797 1592 2819 sui
1609 2799 1690 2820 auctor
1707 2800 1739 2820 est
1759 2796 1825 2826 etr.);
1842 2797 1909 2820 Eccli.
1930 2798 1949 2825 1,
1967 2798 1992 2827 t;
2010 2798 2054 2820 Iac.
2072 2798 2093 2826 sl,
2106 2798 2127 2820 5.
2259 2786 2274 2854 ⁴1·

1278 2838 1301 2857 et
1318 2835 1387 2863 Apoc.
1406 2836 1432 2862 3,
1451 2836 1487 2858 49.
2262 2832 2265 2837 ’

1340 2872 1350 2886 ⁹
1367 2875 1452 2902 Horat„
1469 2875 1540 2903 Epist.
1557 2875 1587 2897 ad
1603 2875 1696 2898 Pisones
1714 2876 1772 2905 (sive
1790 2876 1819 2899 de
1836 2877 1889 2899 Arte
1906 2876 1976 2905 poet.)
1994 2883 2017 2899 v.
2031 2876 2084 2899 359.
2096 2889 2128 2893 —
2271 2862 2273 2904 Ι

1278 2914 1310 2935 De
1332 2920 1381 2942 seq.
1403 2914 1513 2936 sententia
1538 2915 1674 2943 Augustini,
1697 2921 1740 2943 pro
1765 2921 1811 2944 qua
1836 2916 1947 2944 allegatur
1972 2917 1987 2938 I.
2010 2916 2039 2938 de
2063 2916 2127 2938 Trin.

1278 2959 1297 2975 c.
1319 2952 1363 2975 1-4.
1381 2953 1416 2982 (ex
1439 2953 1526 2982 quibus
1551 2953 1629 2982 colligi
1654 2956 1742 2982 potest,
1759 2955 1895 2983 praesertim
1918 2961 1945 2978 ex
1965 2961 1985 2978 c.
2002 2955 2024 2977 3.
2041 2962 2062 2977 n.
2081 2955 2126 2983 5.)‚

1276 2992 1331 3015 vide
1348 2994 1403 3015 tom.
1420 2993 1457 3015 IV.
1476 2999 1529 3021 pag.
1547 2993 1606 3020 313,
1623 2996 1681 3016 nota
1695 2994 1716 3016 8.
