2296 3316
375 141 432 170 294
990 135 1160 164 COMMENT.
1182 135 1215 164 lN
1235 134 1382 164 IOANNEM
1401 134 1430 163 C.
1452 133 1494 163 lv.

231 227 288 269 ”em-²6
300 231 359 268 ἰἯι-
374 218 515 247 ciendum.
538 216 608 249 Quia
628 215 741 250 mulier,
755 215 805 244 etsi
820 217 892 243 esset
905 214 1041 248 excitata,
1055 221 1110 242 non
1126 215 1217 242 tamen

374 268 434 294 erat
454 263 624 297 illuminata;
644 262 706 291 ideo
735 262 869 290 Dominus
900 269 954 289 non
979 260 1071 289 statim
1100 259 1218 289 verbum

374 310 436 340 fidei
458 309 602 347 proponit,
623 308 671 338 sed
691 308 744 337 hoc
764 308 860 337 ordine
882 307 1020 344 procedit:
1036 306 1126 344 primo
1140 314 1219 335 rene-

374 357 414 386 lat
434 359 593 388 secretuim
620 354 742 384 secundo
768 352 940 391 manifestat
968 353 1110 386 dubium,-
1136 353 1218 382 tertio

374 411 441 433 vero
461 403 556 440 aperit
575 401 646 439 fidei
664 404 892 430 sacramentum.

452 450 497 478 29.
513 449 602 484 (Vers.
621 448 686 484 15.).
702 447 810 476 Mulieri
830 447 915 484 igitur
930 447 983 475 iam
998 446 1100 484 petenti
1116 454 1217 484 aquam

228 504 361 531 inpositione
373 496 412 525 ita
432 496 593 533 promissam
615 497 643 524 et
663 502 699 524 ex
720 494 773 523 hoc
798 493 978 523 consentienti
1000 493 1108 522 revelat
1127 501 1218 521 secre-

261 528 355 570 ‘ffissffinh
374 547 454 575 tum,-
468 545 581 579 propter
602 541 677 578 quod
697 540 817 570 ostendit
838 540 996 577 petitionem
1011 540 1151 569 mulieris:
1169 540 1218 568 Di-

372 590 410 619 cit
430 589 457 618 ei
468 590 476 606 ¹
491 588 598 617 mulier
617 591 668 617 etc.
692 588 730 617 lta
751 587 915 625 promiserat
929 587 952 616 ei
969 587 1103 616 Dominus
1117 595 1217 624 aquam

371 636 590 669 indeficientem;
612 635 684 664 hanc
705 635 773 672 petit
794 634 910 663 mulier:
935 634 1063 668 Domine,
1084 634 1125 662 da
1145 633 1220 663 mihi

373 682 449 712 hanc
469 690 596 721 aquam,
619 685 651 710 ut
681 690 740 710 non
769 681 872 710 sitiam
899 690 989 720 neque
1017 681 1134 709 veniam
1162 680 1218 709 huc

372 729 503 759 haurire.
526 729 558 758 Et
578 729 637 758 sitis
658 731 718 757 erat
731 728 754 757 ei
771 728 893 765 poenalis
913 730 941 757 et
962 728 1039 757 labor
1053 728 1217 762 hauriendi;

372 779 399 806 et
429 776 489 805 ideo
510 776 619 813 petebat
649 775 753 804 donum
775 775 839 810 Dei,
861 775 941 812 quia,
964 775 1036 803 sicut
1056 774 1122 803 dicit
1152 774 1218 803 Gre-

372 823 467 861 gorius
478 823 499 857 2,
526 834 539 848 «κ
553 822 641 856 mala,
662 830 734 859 quae
754 829 804 850 nos
834 822 879 850 hic
900 824 1046 858 premunt,
1068 820 1101 849 ad
1130 820 1218 849 Deum

371 870 413 899 ire
434 870 643 907 compellunt».
666 869 815 906 Propterea
842 868 975 897 Dominus
1005 870 1084 896 vocat
1104 875 1218 904 oppres-

372 925 417 947 sos
437 916 565 946 Matthaei
586 916 747 945 undecimo:
774 927 787 941 «
801 915 898 944 Venite
919 915 953 943 ad
974 922 1034 949 me,
1050 922 1154 948 omnes,
1169 914 1217 951 qui

372 964 502 993 laboratis
523 966 550 993 et
570 963 675 992 onerati
697 963 779 996 estis,
801 965 828 991 et
849 970 899 999 ego
920 961 1042 990 reficiam
1057 969 1144 989 vos».
1159 961 1218 989 Mu-

371 1011 431 1040 lieri
453 1010 538 1048 igitur
559 1010 598 1038 sic
619 1009 721 1046 petenti
737 1009 872 1037 Dominus
887 1008 982 1045 aperit
995 1011 1154 1041 secretum,
1170 1007 1218 1036 sed

371 1066 425 1086 non
456 1057 563 1091 statim,
585 1064 619 1085 ne
650 1056 825 1093 indignetur,
847 1055 912 1092 quia
942 1054 1144 1088 conviciosum;
1171 1054 1218 1083 sed

371 1104 540 1134 occasionem
561 1103 667 1132 dicendi
689 1103 813 1140 quaerit,
834 1102 908 1131 unde
929 1102 1073 1139 sequitur:

450 1150 495 1180 30.
518 1150 606 1185 (Vers.
635 1151 700 1185 16.).
731 1149 807 1178 Dicit
834 1149 861 1178 ei
888 1149 984 1177 Iesus:
1023 1149 1114 1183 Vade,
1145 1157 1219 1177 voca

370 1199 470 1227 virum
485 1201 579 1231 tuum,
593 1205 648 1225 non
663 1205 712 1234 per
727 1196 946 1230 matrimonium,
961 1196 1008 1225 sed
1023 1204 1072 1233 per
1087 1195 1216 1230 abusum,

371 1249 397 1273 et
416 1245 481 1273 veni
501 1243 565 1273 huc.
595 1245 653 1273 Non
684 1244 737 1273 hoc
765 1244 886 1278 dicebat,
908 1244 974 1281 quia
995 1243 1135 1277 crederet,
1157 1250 1218 1271 eam

371 1292 475 1321 habere
496 1292 605 1327 virum,
627 1291 674 1321 sed
688 1294 720 1320 ut
741 1291 917 1328 respondenti
943 1293 1082 1320 secretum
1103 1290 1137 1319 de
1157 1290 1218 1319 viro

371 1339 482 1368 revelet.
504 1339 599 1368 Unde:
994 1347 996 1355 .

451 1385 497 1414 31.
527 1385 616 1421 (Vers.
652 1385 715 1422 17.).
745 1384 900 1422 Respondit
931 1384 1037 1412 mulier
1069 1387 1094 1412 et
1124 1383 1216 1412 dixit.-

374 1431 437 1460 Non
459 1430 547 1460 habeo
568 1432 675 1460 virum.
698 1432 739 1460 Ex
770 1432 822 1460 hac
853 1431 942 1460 veraci
965 1430 1143 1467 responsione
1164 1430 1217 1458 Do-

371 1479 480 1513 minus,
501 1478 643 1508 occasione
667 1479 800 1516 'accepta,
822 1478 915 1507 subdit
942 1477 1040 1519 secreti
1072 1476 1217 1505 revelatio-

372 1533 443 1554 nem.
466 1525 542 1554 Unde
562 1528 590 1554 et
610 1525 751 1562 sequitur:
774 1525 852 1553 Dicit
878 1525 904 1553 ei
924 1524 1023 1553 Iesus.-
1045 1524 1119 1552 Bene
1139 1523 1217 1552 dixi-

371 1572 423 1606 sta,
443 1581 502 1601 non
523 1571 611 1600 habeo
631 1572 748 1606 virum,
770 1572 836 1608 quia
857 1579 954 1600 verum
976 1571 1099 1600 confessa
1119 1572 1168 1599 est.

451 1618 496 1648 32.
519 1619 607 1655 (Vers.
632 1619 697 1654 18.).
722 1618 853 1656 Quinque
874 1618 950 1647 enim
971 1618 1051 1646 viros
1072 1616 1215 1651 habuisti,

371 1673 449 1700 ecce,
471 1665 577 1694 revelat
594 1665 759 1702 praeterita,
781 1668 805 1693 et
826 1664 903 1693 hune
931 1673 1015 1703 quem
1036 1663 1133 1698 habes,
1158 1673 1217 1692 non

370 1715 411 1740 est
431 1715 500 1740 tuus
520 1711 584 1745 vir,-
606 1710 700 1746 hune,
721 1711 749 1740 id
769 1715 811 1740 est
831 1710 895 1745 hic;
915 1711 1059 1744 antiptosis
1079 1714 1121 1740 est
1131 1712 1150 1740 ³.
1167 1712 1217 1740 Re-

370 1759 443 1788 velat
463 1759 630 1795 praesentia,
652 1763 679 1787 et
701 1762 732 1787 ut
752 1767 807 1788 non
828 1759 1002 1796 indignetur,
1023 1767 1121 1788 verum
1143 1766 1216 1788 com-

370 1805 496 1834 mendat:
518 1805 579 1834 Hoc
609 1814 674 1834 vere
704 1806 814 1834 dixisti.
838 1806 865 1834 In
894 1811 950 1843 quo
981 1806 1100 1835 traditur
1128 1805 1217 1834 forma

370 1852 621 1889 praedicatoribus,
643 1856 690 1887 ut,
712 1860 776 1881 cum
797 1853 894 1881 volunt
921 1853 1097 1882 audientibus
1124 1853 1217 1882 dicere

370 1907 483 1936 aspera,
506 1899 677 1928 immisceant
691 1902 718 1928 et
738 1900 844 1933 dulcia;
867 1900 939 1928 unde
961 1900 1062 1928 Paulus
1076 1900 1147 1928 hanc
1161 1899 1216 1928 for-

1275 220 1348 241 mam
1379 212 1507 241 servabat
1540 212 1646 249 primae
1676 211 1711 240 ad
1743 211 1901 241 Corinthios
1931 212 2118 241 undecimo4:

1279 258 1415 293 «Laudo,
1436 259 1538 296 inquit,
1559 262 1630 288 vos?
1651 258 1679 287 in
1700 258 1753 287 hoc
1773 266 1827 287 non
1843 258 1962 293 laudo»;
1978 267 2032 287 non
2046 259 2120 288 enim

1273 306 1386 334 omnino
1406 305 1634 343 reprehendebat.

1354 352 1399 381 33.
1421 353 1546 391 Mys-tice.
1576 351 1680 381 Mulier
1700 354 1742 381 est
1769 359 1834 388 pars
1854 351 1968 381 inferior
1990 353 2118 387 rationis;
2136 360 2230 408 ἓξὲξ.)

1272 399 1321 428 vir
1334 399 1395 428 eius
1409 399 1545 428 naturalis
1558 401 1586 428 et
1600 398 1738 436 legitimus
1752 401 1794 427 est
1808 406 1873 436 pars
1887 399 2029 436 superior,
2045 402 2120 429 recte

1273 446 1440 480 diiudicans;
1461 446 1568 483 primae
1582 445 1616 474 ad
1636 445 1793 474 Corinthios
1807 445 1954 474 undecimo
1965 445 1989 474 ⁶:
2011 446 2062 475 Vir
2079 450 2121 475 est

1274 493 1373 530 imayo
1394 496 1420 521 et
1438 492 1535 530 yloria
1559 492 1690 526 Domini,
1712 492 1818 520 mutter
1839 495 1936 521 autem
1963 496 2005 521 est
2022 493 2120 530 yterio,

1273 540 1341 569 viri.
1367 556 1404 561 —
1428 540 1498 568 Haec
1530 539 1630 568 mulier
1659 538 1888 576 reprehenditur,
1920 539 1994 577 quod
2023 539 2120 569 habuit

1274 587 1401 625 quinque
1420 586 1516 620 virm,
1542 586 1653 623 quando
1673 585 1798 623 quinque
1819 586 1910 615 carnis
1937 586 2064 616 sensibus
2092 587 2119 616 iu

1274 634 1388 663 infantia
1407 633 1571 667 deservivit,
1599 633 1647 670 qui
1679 632 1703 661 ei
1732 632 1960 670 principabantur
1989 637 2120 671 tanquam

1274 680 1326 709 viri
1337 680 1357 708 θ.
1381 680 1474 708 Pueri
1487 683 1552 708 sunt
1573 679 1620 716 qui
1642 681 1801 716 sequuntur
1821 679 1957 708 desideria
1975 679 2120 715 iuvenilia,

1274 729 1388 764 propter
1403 726 1478 764 quod
1498 725 1564 754 dicit
1577 726 1722 762 Apostolus
1743 725 1880 754 secundae
1893 726 1928 755 ad
1946 726 2120 755 Timotheum

1274 772 1433 802 secundo⁷:
1456 772 1601 800 Iuvenitia
1628 772 1774 801 desideria
1794 771 1873 810 fuge.
1895 773 1966 801 Haec
1986 772 2122 802 desideria

1274 819 1416 853 iuvenilia,
1438 819 1489 848 etsi
1510 819 1657 848 videantur
1677 819 1783 853 dulcia,
1810 822 1900 848 tamen
1922 823 1987 849 sunt
2007 828 2120 857 aspera;

1274 866 1348 895 unde
1369 866 1560 903 significantur
1585 873 1634 902 per
1661 866 1786 903 quinque
1813 866 1878 903 iuga
1904 867 2005 902 boum;
2033 868 2122 896 Lucae

1273 913 1381 942 decimo
1411 915 1526 950 quarto:
1559 913 1635 950 Iuya
1665 912 1750 941 boum
1772 913 1829 942 emi
1848 913 1991 952 quinque,
2019 914 2122 943 scilicet

1274 960 1398 997 quinque
1426 967 1559 988 sensuum
1580 959 1676 996 gravia
1702 959 1845 989 desideria.
1871 976 1908 982 —
1933 961 2042 990 Primus
2062 961 2120 996 vir,

1273 1011 1393 1045 qustum
1408 1007 1474 1035 huic
1494 1007 1620 1035 serviunt
1634 1006 1736 1043 gulosi,
1758 1007 1786 1035 in
1801 1015 1922 1044 quorum
1940 1015 2059 1044 persona
2073 1008 2122 1037 Ec-

1274 1054 1416 1083 clesiastae
1444 1053 1565 1083 secundo
1579 1053 1606 1082 ⁸:
1628 1053 1729 1082 Melius
1744 1057 1785 1082 est
1805 1054 1949 1083 comedere
1977 1058 2002 1083 et
2030 1054 2123 1083 bibere

1274 1103 1299 1129 et
1329 1100 1475 1129 ostendere
1501 1100 1620 1128 animae
1650 1108 1722 1128 suae
1751 1099 1847 1134 bona;
1878 1100 1962 1129 Isaiae
1989 1100 2121 1138 vigesimo

1274 1147 1414 1177 secundo:
1445 1147 1636 1176 Comedamus
1663 1150 1688 1175 et
1716 1146 1858 1176 bibamus.
1891 1164 1928 1168 —
1960 1148 2121 1183 Secundus,

1274 1198 1386 1228 tactus‚·
1408 1194 1474 1223 huic
1488 1194 1614 1223 serviunt
1635 1194 1797 1229 luxuriosi,
1819 1194 1847 1223 in
1861 1203 1983 1232 quorum
2006 1203 2122 1232 persona

1274 1241 1428 1279 Sapientiae
1442 1241 1563 1270 secundo
1575 1241 1598 1269 ⁹:
1622 1241 1743 1270 Nullum
1756 1242 1795 1270 sit
1811 1245 1952 1279 pratum,
1974 1242 2051 1281 quod
2063 1251 2122 1271 non

1271 1292 1459 1326 pertranseat
1479 1288 1604 1317 luxuria
1623 1292 1735 1317 nostra.
1755 1288 1843 1318 Nemo
1864 1292 2000 1318 nostrum
2020 1298 2121 1318 exsors

1273 1336 1311 1364 sit
1342 1336 1482 1364 luxuriae
1512 1339 1638 1364 nostrae.
1664 1352 1701 1356 —
1726 1336 1852 1371 Tertius,
1881 1335 2029 1373 olfactus5
2057 1336 2122 1365 huic

1273 1382 1434 1411 deserviunt
1455 1382 1600 1416 deliciosi,
1621 1382 1649 1410 in
1671 1390 1792 1419 quorum
1815 1390 1932 1419 persona
1952 1383 2054 1412 dicitur
2075 1383 2122 1411 Sa-

1273 1429 1391 1466 pientiae
1419 1428 1540 1457 secundo
1556 1429 1593 1456 ¹⁰:
1620 1429 1779 1466 Unyuentis
1799 1437 1861 1458 nos'
1879 1429 2070 1467 impleamus,
2098 1433 2123 1459 et

1272 1484 1332 1504 non
1348 1478 1513 1513 praetereat
1539 1484 1592 1503 nos
1612 1475 1666 1512 llos
1695 1476 1849 1512 temporis;
1871 1485 2042 1505 coronemus
2069 1485 2122 1506 nos

1273 1523 1350 1552 rosis
1370 1526 1421 1551 etc.
1437 1539 1474 1543 —
1489 1523 1624 1559 Quartus,
1643 1523 1739 1556 visus,-
1758 1523 1824 1563 huic
1838 1523 2000 1553 deserviunt
2019 1524 2122 1558 avari;

1272 1569 1452 1599 Ecclesiastici
1473 1569 1579 1598 decimo
1608 1572 1709 1607 quarto
1721 1571 1759 1598 ¹¹:
1781 1570 1964 1599 Insatiabilis
1990 1574 2032 1599 est
2055 1580 2122 1600 ocu-

1272 1616 1319 1645 lus
1340 1616 1442 1653 cupidi
1468 1617 1500 1645 in
1516 1621 1634 1653 partem
1661 1616 1845 1655 iniquitatis‚·
1865 1625 1924 1646 non
1944 1617 2121 1653 satiabitur,

1272 1663 1360 1692 donec
1375 1666 1529 1692 consumat
1543 1662 1709 1701 arefaciens
1723 1664 1858 1693 animam
1878 1673 1975 1693 suam.
1990 1682 2025 1686 —-
2037 1665 2122 1702 Quin-

1273 1713 1333 1745 tus,
1355 1711 1495 1744 auditus;
1517 1711 1582 1740 huic
1604 1711 1765 1740 deserviunt
1786 1712 1899 1740 curiosi
1905 1722 1915 1746 ;
1936 1712 2055 1741 Actuum
2075 1712 2122 1742 de-

1273 1759 1343 1787 cimo
1371 1758 1487 1795 septimo
1503 1759 1542 1786 ¹2:
1566 1757 1751 1786 Athenienses
1772 1758 1812 1787 ad
1832 1757 1907 1787 nihil
1926 1759 2011 1788 aliud
2033 1767 2122 1788 vaea-

1273 1805 1342 1833 bant
1363 1805 1422 1833 nisi
1442 1809 1494 1833 aut
1516 1805 1625 1839 (licere,
1648 1808 1702 1833 aut
1723 1805 1829 1834 audire
1850 1805 1966 1844 aliquid
1985 1806 2061 1835 nooi.

1352 1852 1537 1889 Redarguitur
1556 1852 1590 1881 de
1610 1852 1671 1881 viro
1692 1856 1772 1881 sexto
1793 1861 1851 1881 non
1871 1862 1933 1882 suo.
1949 1853 1996 1882 Hic
2017 1853 2060 1882 vir
2080 1857 2122 1884 est

1273 1908 1366 1933 error,
1389 1907 1444 1936 quo
1465 1899 1557 1927 anima
1577 1899 1725 1928 abducitur
1746 1902 1774 1928 et
1788 1900 1939 1929 seducitur.
1962 1900 2016 1929 Hoc
2036 1901 2121 1938 igitur

433 2063 441 2076 ¹
458 2065 558 2093 Vulgata
574 2064 606 2087 ad
621 2070 683 2087 eum.
695 2077 726 2082 —
738 2065 849 2093 Superius
860 2064 934 2087 verbo
947 2065 1046 2088 ostendit
1058 2066 1135 2094 plures
1147 2066 1216 2088 codd.

370 2104 501 2131 praefigunt
519 2103 645 2132 Dominus,
663 2104 682 2126 D
693 2110 749 2126 vero
761 2107 813 2132 post
824 2103 932 2127 mulieris
944 2106 1036 2133 supplet
1047 2105 1216 2134 Evanyelista;

370 2142 408 2165 ed.
424 2142 479 2170 legit
494 2142 596 2172 Propter
611 2142 675 2172 quod
690 2142 758 2166 audit
770 2142 907 2172 petitionem
923 2143 1031 2166 mulieris
1048 2143 1153 2167 dicentis.

432 2179 441 2193 2
458 2182 519 2203 Haec
536 2182 646 2204 sententia
665 2183 761 2204 formata
778 2182 869 2204 videtur
886 2188 912 2205 ex
938 2183 964 2205 ils
986 2189 1046 2212 quae
1066 2183 1175 2211 Gregor.,
1191 2184 1216 2206 Il.

370 2220 453 2243 Homil.
470 2220 493 2242 in
510 2221 597 2248 Evang.
614 2221 693 2243 homil.
710 2213 747 2243 362
765 2227 786 2243 n.
804 2222 831 2249 9,
848 2222 956 2249 proponit
972 2222 996 2244 in
1013 2222 1161 2250 explicatione
1179 2229 1216 2250 pa-

370 2259 462 2282 rabolae
484 2260 514 2282 de
536 2260 636 2283 invitatis
658 2260 688 2283 ad
709 2266 818 2288 coenam,
835 2261 874 2289 qui
892 2267 916 2283 se
937 2264 1089 2288 excusarunt;
1120 2261 1160 2284 ubi
1185 2262 1217 2284 di-

370 2299 428 2321 citur
445 2299 509 2327 (Luc.
528 2299 568 2327 14,
586 2299 647 2328 23.).:
669 2299 785 2329 Compelle
807 2299 911 2328 intrare,
934 2301 960 2323 ut
982 2299 1109 2329 impleatur
1131 2299 1216 2324 domus

370 2343 429 2360 mea.
447 2337 479 2360 lbi
497 2338 593 2366 Gregor.
610 2338 667 2361 inter
683 2338 726 2360 alia
744 2338 811 2361 dicit:
828 2339 872 2367 Qui
888 2345 946 2367 ergo
963 2339 1031 2361 huius
1043 2339 1123 2361 mundi
1135 2339 1216 2362 adver-

369 2376 474 2398 sitatibus
492 2377 556 2399 sracti
573 2377 603 2399 ad
620 2377 659 2399 Dei
677 2383 780 2399 amorem
798 2378 896 2400 redeunt
911 2380 980 2407 atque
992 2384 1004 2400 a
1016 2378 1143 2406 praesentis
1155 2378 1216 2400 vitae

370 2415 490 2437 desideriis
507 2416 661 2444 corriguntur,
677 2416 735 2444 quid
752 2416 801 2444 isti,
817 2417 898 2439 fratres
915 2416 972 2445 mei,
984 2416 1026 2438 nisi
1037 2417 1215 2445 compelluntur,

369 2457 394 2476 ut
410 2454 508 2476 intrent?
526 2453 570 2477 Csr.
589 2455 621 2477 lll.
638 2455 716 2477 Moral.
733 2461 752 2477 c.
771 2455 793 2477 9.
809 2461 833 2477 n.
852 2455 887 2478 t5.
905 2458 927 2478 et
944 2456 1024 2478 XXlll.
1041 2461 1060 2478 e.
1083 2455 1120 2478 26.
1137 2463 1160 2478 n.
1178 2455 1215 2479 46.

369 2499 417 2521 seq.
434 2493 542 2521 August„
560 2494 583 2515 in
600 2494 660 2516 loau.
678 2495 764 2522 Evang.
782 2497 809 2517 tr.
828 2495 864 2521 15.
883 2501 905 2516 n.
923 2495 965 2517 47:
983 2495 1017 2517 Ad
1035 2494 1138 2517 laborem
1157 2495 1216 2518 indi-

369 2532 444 2559 gentia
462 2532 561 2559 cogebat
577 2532 782 2562 [Samaritanam]‚
799 2536 822 2556 et
838 2533 942 2556 laborem
954 2534 1075 2556 infirmitas
1085 2534 1214 2557 recusabat.

368 2569 458 2592 Utinam
476 2570 565 2592 audiret
582 2570 669 2600 [Matth.
689 2571 730 2600 tl,
748 2571 811 2601 28.]:
832 2571 909 2595 Venite
920 2571 952 2594 ad
962 2578 1006 2600 me,
1025 2578 1118 2600 omnes,
1131 2572 1174 2602 qui
1184 2571 1215 2595 la-

370 2608 458 2632 boratis
475 2611 497 2632 et
513 2609 606 2633 onerati
621 2609 688 2638 estis,
706 2611 727 2633 et
743 2616 785 2640 eqo
802 2616 844 2634 vos
860 2610 967 2641 reficiam
983 2614 1026 2633 etc.

431 2646 441 2659 ὅ
457 2648 539 2676 nitar„
556 2650 580 2671 ll.
596 2649 626 2671 de
644 2649 708 2671 Trin.
725 2656 748 2671 n.
766 2650 808 2672 31:
829 2658 840 2669 c
852 2649 895 2672 Cui
912 2649 1035 2680 [Domino]
1052 2653 1104 2679 post
1116 2651 1214 2673 multum

369 2692 499 2710 sermonem
516 2693 590 2716 aquae
614 2688 683 2710 vivae
704 2691 727 2711 et
751 2689 854 2717 quinque
872 2689 976 2712 virorum
993 2692 1015 2712 et
1031 2696 1092 2712 nunc
1108 2689 1158 2712 eius
1174 2690 1214 2719 qui

369 2729 429 2750 esset
450 2726 554 2755 alienus,
572 2727 654 2749 mulier
671 2728 801 2755 respondit:
822 2727 935 2756 Domine,
957 2728 1129 2757 animadverto,
1152 2728 1216 2759 quod

365 2765 483 2795 propheta
500 2772 524 2788 es
533 2774 544 2785 n
564 2768 607 2788 ete.
624 2766 695 2788 Simili
712 2767 784 2789 modo
795 2767 887 2795 exponit
898 2768 1006 2796 August.‚
1019 2768 1041 2790 in
1054 2768 1114 2790 loan.
1126 2769 1215 2796 Evang.

368 2807 397 2827 tr.
411 2804 445 2826 15.
458 2811 480 2827 n.
497 2805 534 2826 20.
552 2805 595 2827 Atii
610 2808 687 2828 autem
703 2812 799 2828 censere
816 2806 930 2835 videntur,
947 2807 1015 2830 etiam
1033 2808 1136 2837 quinque
1152 2808 1215 2831 viros

368 2843 439 2866 ruisse
456 2843 598 2872 illegitimos3
614 2844 647 2866 sic
664 2843 741 2872 Cyrill.
758 2845 891 2873 Alexandr„
908 2846 930 2868 in
949 2847 1010 2869 hunc
1026 2847 1115 2869 locum:
1127 2847 1214 2870 Utiliter

369 2885 447 2905 autem
463 2889 602 2911 responsum
619 2883 669 2906 eius
684 2883 780 2911 probat,
797 2891 844 2913 quo
856 2885 922 2913 dixit,
934 2886 1010 2908 virum
1023 2892 1048 2908 se
1059 2893 1104 2909 non
1116 2886 1214 2915 habere,

368 2922 460 2945 tametsi
476 2928 489 2944 a
508 2924 554 2945 tarn
570 2922 647 2945 multis
665 2924 738 2946 ruerat
754 2927 863 2952 corrupta
881 2927 924 2948 etc.
940 2937 972 2942 —
987 2926 1012 2948 ln
1027 2925 1102 2954 prima
1119 2926 1214 2955 explica-

1273 2066 1334 2088 tione
1351 2066 1470 2088 maniseste
1487 2068 1521 2088 est
1537 2065 1610 2088 realis
1631 2065 1762 2089 antithesis.
1785 2067 1807 2089 Si
1831 2067 1884 2096 quis
1905 2067 1978 2090 verba
1998 2067 2120 2092 antithesis

1272 2106 1306 2127 est
1323 2104 1375 2127 velit
1392 2105 1477 2126 referre
1499 2104 1528 2127 ad
1550 2105 1611 2127 illam
1637 2104 1823 2128 substitutionem
1846 2106 1973 2129 accusativi
1990 2113 2033 2134 pro
2050 2107 2122 2129 nomi-

1273 2144 1362 2171 nativo,
1380 2146 1433 2166 tunc
1450 2143 1571 2167 antithesis
1584 2147 1644 2166 esset
1654 2144 1736 2174 flaura
1748 2145 1953 2174 yrammaticalis,
1975 2153 2034 2175 qua,
2051 2148 2077 2169 ut
2088 2146 2120 2169 di-

1273 2183 1303 2205 cit
1314 2183 1443 2210 Forceilini,
1460 2192 1468 2202 tx
1480 2182 1558 2206 littera
1571 2183 1602 2213 [et
1613 2184 1650 2206 hic
1662 2183 1744 2213 casus]
1757 2185 1849 2212 ponitur
1861 2191 1904 2213 pro
1916 2185 1988 2208 littera
2001 2194 2022 2208 n.
2035 2197 2066 2202 —
2078 2187 2121 2209 Pro

1273 2222 1336 2246 hunc
1355 2223 1450 2250 Vulgata
1469 2222 1514 2251 (ed.
1532 2223 1653 2251 recentior)
1672 2226 1694 2246 et
1711 2224 1747 2245 alii
1765 2224 1919 2247 communiter
1936 2227 1958 2247 et
1974 2227 2036 2247 recte
2048 2230 2120 2248 nuno.

1335 2260 1345 2273 ⁴³
1362 2262 1428 2284 Vers.
1446 2263 1483 2284 22.

1335 2299 1344 2312 ⁵
1363 2301 1428 2323 Vers.
1450 2300 1475 2329 7,
1499 2300 1539 2323 ubi
1559 2302 1657 2330 Vulgata
1680 2301 1723 2324 Dei
1746 2308 1789 2330 pro
1814 2302 1917 2326 Domini.
1939 2303 1984 2326 Cir.
2008 2304 2034 2326 ll.
2059 2304 2121 2326 Sent.

1272 2340 1295 2362 d.
1315 2340 1350 2362 16.
1367 2346 1388 2362 a.
1406 2340 1426 2362 2.
1444 2346 1467 2369 q.
1485 2341 1506 2362 2.
1524 2340 1553 2362 ad
1570 2340 1588 2362 l.
1600 2341 1626 2369 2,
1644 2340 1683 2363 ubi
1701 2341 1724 2363 in
1741 2344 1793 2363 nota
1811 2341 1899 2364 adiecta
1917 2342 1977 2365 allati
1993 2345 2047 2365 sunt
2063 2342 2119 2370 loci,

1272 2379 1295 2401 in
1312 2378 1398 2408 quibus
1415 2380 1510 2407 August.
1528 2380 1626 2402 candem
1644 2380 1683 2402 dat
1699 2380 1880 2408 expositionem,
1898 2381 1927 2403 de
1944 2387 1990 2410 qua
2007 2382 2048 2404 cfr.
2064 2381 2122 2404 ibid.

1272 2418 1303 2441 lit.
1320 2418 1432 2446 Magistri,
1451 2419 1473 2440 d.
1492 2419 1574 2441 XXIV.
1592 2425 1611 2441 e.
1630 2419 1651 2442 5.
1669 2426 1734 2448 seqq.

1335 2455 1344 2468 ‘³
1361 2457 1406 2480 Cfr.
1424 2456 1531 2485 August,
1547 2458 1568 2480 in
1586 2458 1647 2480 loan.
1667 2459 1753 2486 Evang.
1772 2462 1798 2481 tr.
1817 2459 1852 2481 15.
1870 2465 1894 2481 n.
1912 2459 1949 2481 21.
1967 2465 2017 2488 seq.

1335 2494 1343 2507 ⁷
1362 2496 1428 2518 Vers.
1446 2497 1483 2518 22.
1499 2508 1530 2513 -—
1547 2497 1600 2525 Seq.
1623 2496 1687 2519 locus
1708 2499 1743 2519 est
1764 2497 1818 2519 Luc.
1843 2497 1885 2526 tt,
1908 2497 1946 2519 19.
1968 2497 2075 2525 Gregor.,
2095 2497 2119 2520 ll.

1272 2535 1356 2557 Homil.
1374 2535 1396 2557 in
1413 2536 1500 2562 Evang.
1517 2535 1596 2558 homil.
1607 2536 1645 2558 36.
1656 2542 1678 2558 n.
1692 2535 1718 2558 4:
1731 2536 1791 2564 Quid
1809 2536 1831 2558 in
1848 2537 1952 2565 quinque
1969 2536 2030 2564 iugis
2046 2535 2119 2558 boum

1272 2573 1313 2596 nisi
1331 2574 1435 2602 quinque
1452 2574 1556 2601 corporis
1577 2580 1658 2597 sensus
1681 2575 1827 2603 accipimus?
1843 2587 1875 2592 —
1892 2575 2004 2603 Superius
2026 2580 2069 2603 pro
2086 2573 2119 2597 iu

1271 2612 1358 2635 venilia
1378 2613 1420 2635 EN
1442 2613 1569 2636 sensibilia.
1588 2614 1652 2642 Quae
1674 2617 1802 2643 sequuntur
1824 2617 1877 2642 post
1899 2613 2000 2637 verbum
2017 2613 2120 2642 Apostoli

1272 2652 1295 2674 11.
1313 2652 1373 2674 Tim.
1390 2653 1412 2674 2.
1430 2658 1503 2681 usque
1525 2652 1555 2674 ad
1572 2652 1734 2682 Redaryuitur
1756 2653 1893 2676 omittuntur
1916 2653 1945 2676 ab
1967 2654 1983 2676 E
2000 2653 2120 2681 primitus,

1271 2691 1314 2713 sed
1330 2690 1359 2713 ab
1375 2692 1445 2721 altera
1463 2697 1534 2714 manu
1551 2692 1628 2715 addita
1647 2696 1708 2715 sunt.

1334 2728 1343 2742 ⁸
1361 2731 1426 2753 Vers.
1445 2731 1486 2753 24:
1504 2731 1584 2754 Nonne
1601 2732 1706 2754 melius...
1729 2731 1790 2755 bona
1813 2732 1843 2755 de
1865 2731 1984 2755 laboribus
2006 2732 2073 2755 suis?
2091 2744 2118 2748 —

1272 2769 1380 2798 sequitur
1397 2769 1447 2792 1sai.
1465 2771 1507 2799 22,
1526 2770 1563 2793 13.
1592 2762 1596 2764 ’

1334 2807 1343 2821 ⁹
1362 2809 1426 2832 Vers.
1445 2810 1466 2831 8.
1484 2816 1532 2839 seq.

1334 2846 1354 2860 ¹⁰
1373 2849 1438 2871 Vers.
1455 2849 1477 2871 7.
1494 2855 1543 2878 seq.

1334 2886 1352 2899 ¹¹
1370 2887 1435 2910 Vers.
1452 2888 1479 2915 9,
1496 2888 1537 2910 ubi
1554 2895 1596 2916 pro
1613 2888 1638 2912 in
1651 2890 1747 2918 partem
1765 2889 1862 2917 Vulgata
1880 2889 1904 2912 in
1918 2891 1996 2919 parte.

1333 2926 1352 2940 ¹²
1370 2928 1437 2951 Vers.
1454 2928 1492 2950 21.
1508 2927 1554 2950 Csr.
1571 2934 1642 2956 supra
1659 2934 1714 2957 pag.
1732 2930 1774 2957 16,
1791 2932 1844 2953 nota
1865 2931 1886 2954 1.

2139 966 2268 1010 ¹22ffl'3‘?“
2284 978 2285 981 ’

2285 1118 2291 1366 l

2287 1375 2291 1546 l

2289 1585 2292 1677 Ι
