2296 3316
909 119 941 147 IN
962 118 1116 152 IOANNEM.
1829 125 1884 152 245

369 196 510 225 Exposmo
531 204 613 225 nnius
635 196 759 225 Pnorooi.

224 291 267 318 12.
283 289 350 318 Huic
365 289 436 318 libro
450 282 601 326 praemittit
615 289 796 326 Hieronymus
811 289 985 326 Prologum1,

142 336 170 364 in
191 344 247 373 quo
266 335 424 364 notificatur
445 343 515 372 opus
529 335 726 372 multipliciter.
741 335 807 363 Nam
822 335 913 372 primo
929 338 986 363 tan-

142 383 217 420 gitur
231 382 361 420 dignitas
381 382 542 419 scriptoris.
559 381 683 410 Secundo
698 389 779 416 vero,
794 381 899 410 modus
912 382 986 410 sei-z·-

143 429 235 463 bendi,
247 429 297 458 ibi:
311 429 436 466 Denique
450 427 645 466 manifestans
660 428 691 456 z'n
706 428 870 465 Evangelio.
883 429 984 462 Tertio,

142 479 253 513 tempus
273 478 300 504 et
321 475 400 504 locus
421 475 566 509 scribendi,
588 475 641 503 ibi:
662 475 723 503 Hoc
743 478 840 503 autem
856 476 985 512 Euange-

142 521 214 550 lium
235 522 355 559 scripsit
375 522 405 550 z'n
427 521 509 550 Asia.
532 521 651 558 Quarto,
666 521 760 549 obitus
775 521 916 555 auctoris,
932 521 984 549 ibi:

143 569 178 597 Et
198 567 244 597 ltz'c
264 573 305 606 esc
324 568 461 602 Ioannes,
484 568 536 606 qui
554 568 655 596 sciens.
678 568 793 602 Ultimo,
815 568 886 596 ordo
906 568 985 597 istius

141 615 175 644 ad
196 615 249 644 alia
270 615 429 652 Evangelia,
451 615 503 644 ibi:
533 616 639 644 Tamen
657 619 723 653 post
744 624 840 644 omnes
867 616 985 653 scripsit

142 662 340 700 Evaiiyelz'um.

220 706 395 747 Dignitatem
427 709 511 747 igitur
542 710 664 739 auctoris
695 710 721 739 in
754 711 806 739 lioc
836 711 983 748 exprimit,

140 756 214 794 quod
240 767 254 782 «τ
268 756 346 793 virgo
366 765 382 785 a
402 756 519 786 Domino
533 757 566 786 de
590 758 694 795 nuptiis
717 760 759 787 est
780 761 893 787 vocatus
909 770 935 793 »,
958 762 984 787 et

140 802 213 840 quod
229 803 379 840 virginitati
399 803 459 832 eius
480 812 578 841 magna
592 808 619 833 et
633 804 734 833 nobilia
749 805 903 833 testimonia
922 813 984 842 per-

141 850 285 885 hibentur,
307 851 410 880 scilicet
430 851 531 880 Christi
552 852 693 881 familiaris
714 852 822 881 dilectio
843 855 870 881 et
891 853 984 881 Matris

141 898 295 927 commissio
307 898 325 927 ².
843 922 846 925 .

218 945 337 973 Modum
358 953 424 974 vero
444 945 591 974 scribendi
603 946 732 976 describit
751 955 901 976 consonum
916 947 983 975 scri-

140 991 214 1020 benti
236 991 264 1020 in
285 992 352 1026 lioc,
375 992 447 1029 quod
470 992 535 1029 quia
555 993 673 1030 scriptor
698 997 757 1022 erat
784 1002 866 1022 carne
894 993 984 1022 incor-

141 1039 263 1076 ruptus3
285 1042 312 1068 et
332 1039 366 1068 de
387 1039 490 1076 nuptiis
512 1043 636 1074 vocatus;
653 1040 712 1069 ideo
734 1040 823 1077 primo
849 1041 985 1068 «inchoat

141 1086 359 1122 incorruptibilis
382 1086 462 1114 Verbi
484 1087 687 1123 generationem
703 1099 730 1121 »,
752 1091 779 1116 et
799 1087 896 1116 deinde
912 1087 984 1115 inter

139 1133 227 1170 signa
248 1133 358 1162 inchoat
379 1141 394 1161 a
415 1133 566 1162 mutatione
587 1142 674 1170 aquae
696 1134 723 1162 in
745 1134 840 1162 vinum
861 1134 932 1162 sacta
957 1134 984 1162 in

141 1180 259 1217 nuptiis;
281 1188 317 1209 ex
339 1181 382 1209 liis
407 1192 420 1205 (ι
436 1180 596 1214 ostendens,
618 1182 692 1217 quod
714 1181 773 1218 ipsc
794 1184 854 1209 erat
868 1193 895 1215 »‚
911 1180 983 1217 quod

140 1230 182 1256 est
201 1235 301 1256 nomen
314 1228 334 1261 4,
356 1231 383 1256 et
405 1231 511 1256 tantum
533 1228 592 1256 vult
612 1227 716 1262 dicere,
738 1231 872 1265 quantum
894 1230 985 1256 osten-

139 1273 224 1308 dens,
245 1273 335 1310 qualis
365 1276 439 1308 erat,
462 1274 532 1302 sicut
563 1274 747 1303 communiter
776 1274 931 1311 loquimur:
955 1277 985 1302 tu

141 1322 279 1349 monstras
299 1320 373 1357 quod
394 1328 431 1349 es.

205 1889 213 1903 ¹
230 1891 342 1918 Prologus
359 1891 401 1913 iste
418 1897 462 1913 non
484 1891 557 1913 solum
575 1897 589 1912 a
611 1891 709 1914 Bonav..
727 1891 767 1913 sed
789 1891 857 1913 etiam
880 1890 909 1912 al)
927 1891 988 1917 aliis,

141 1936 165 1952 V.
178 1936 201 1958 g.
212 1930 237 1951 B.
253 1929 359 1956 Alberto,
377 1929 440 1951 card.
457 1930 553 1957 lingone
571 1933 593 1951 et
609 1930 712 1957 L3rnn0,
730 1930 870 1957 Hieronymo
887 1929 989 1951 attribui-

142 1971 191 1996 tur;
208 1969 247 1991 sed
267 1969 328 1996 ipse,
345 1971 457 1997 (plantum
475 1969 573 1995 scimus,
591 1969 613 1990 in
630 1969 741 1996 operibns
757 1969 849 1991 Hieron.
863 1975 909 1990 non
922 1968 989 1990 liabe-

142 2010 186 2035 tur,
202 2007 286 2034 immo,
305 2009 328 2029 nt
344 2013 370 2030 ex
388 2007 538 2035 sequentibus
555 2009 628 2036 patet,
645 2014 691 2029 non
714 2007 805 2029 HIeron.
828 2007 904 2035 ipsum
926 2013 989 2029 com-

142 2047 229 2075 posuit,
247 2047 288 2069 sed
305 2050 385 2069 auctor
402 2047 502 2075 ignotus.
519 2046 564 2069 Csr.
581 2053 651 2075 snpra
668 2053 722 2075 pag.
740 2047 792 2073 243,
810 2049 864 2069 nota
880 2048 901 2068 ⁴2.

205 2084 213 2097 ²
232 2085 318 2113 Duplex
331 2086 374 2107 lioc
383 2085 520 2113 virginitatis
530 2086 617 2108 loannis
626 2086 782 2108 testimoninm
793 2092 804 2107 a
815 2085 919 2108 Patribus
928 2092 989 2108 com-

143 2124 242 2146 muniter
258 2125 358 2151 ull'ertnr,
376 2124 444 2146 etiam
462 2123 491 2146 ab
508 2124 612 2151 llieron.;
630 2126 669 2147 cl'r.
688 2125 757 2152 Epist.
776 2124 828 2146 l27.
847 2125 910 2151 (alias
927 2124 987 2152 4603

143 2163 159 2185 1.
175 2165 256 2185 contra
272 2163 343 2185 lovin.
361 2170 384 2185 n.
402 2163 443 2190 263
462 2164 551 2191 Prolog.
573 2163 700 2186 Comment.
719 2164 742 2185 in
765 2164 851 2191 Evang.
874 2164 987 2185 Matthaei.

143 2201 210 2230 Quod
228 2208 283 2224 vero
301 2203 396 2224 loannes
417 2211 427 2222 «ι
441 2203 506 2230 virgo
523 2209 536 2224 a
554 2203 650 2225 Domino
668 2203 697 2225 de
714 2203 799 2230 nuptiis
813 2205 847 2224 est
859 2206 955 2224 vocatus
967 2212 987 2230 n,

142 2246 189 2263 non
206 2243 283 2263 narrat
300 2241 404 2269 hieron„
421 2241 462 2264 sed
480 2241 552 2269 Beda,
570 2242 631 2269 apud
650 2248 720 2270 quem
733 2242 806 2269 prima
819 2241 887 2263 liuius
899 2241 987 2269 prologi

142 2285 209 2307 pars,
227 2280 307 2308 paucis
330 2279 407 2302 verbis
428 2281 532 2307 mutatis,
556 2281 669 2303 invenitur
691 2281 712 2303 in
736 2280 879 2308 expositione
901 2281 989 2308 Evnng.

143 2318 204 2341 ioan.
223 2319 243 2347 il,
262 2319 287 2341 ἰε
304 2319 348 2341 iste
365 2321 398 2341 est
415 2319 529 2347 siquidem
553 2320 649 2342 loannes
667 2326 725 2342 unus
742 2326 768 2342 ex
790 2320 908 2347 discipulis
928 2319 988 2342 Cliri-

143 2357 183 2384 sti,
199 2364 270 2386 quem
287 2358 398 2380 Dominus
415 2358 444 2380 de
460 2358 584 2386 fluctivaga
605 2359 738 2387 nuptiarum
761 2361 896 2386 tempestate
918 2359 989 2386 virgi-

143 2403 196 2420 nem
213 2397 317 2426 vocavit,
334 2398 400 2420 cuius
417 2398 540 2425 xirgiuitati
558 2398 579 2420 iu
597 2399 640 2420 lioc
663 2398 745 2425 duplex
763 2398 786 2419 in
809 2398 934 2426 Evangelio
951 2398 989 2420 ‹la-

143 2438 187 2464 tur,
204 2436 269 2465 quod
285 2439 307 2458 et
325 2443 380 2464 prae
397 2437 478 2459 ceteris
494 2437 590 2459 dilectus
607 2443 618 2458 a
631 2438 678 2459 Dco
692 2437 781 2465 dicitnr,
794 2439 816 2459 et
827 2437 879 2459 linic
892 2440 987 2459 matrem

142 2481 210 2497 suam
227 2475 256 2497 de
273 2476 355 2498 tlirono
372 2475 447 2498 crucis
464 2476 634 2498 commendavit
652 2477 725 2503 Dens,
744 2481 767 2498 nt
785 2476 904 2504 Virginem
923 2476 989 2504 virgo

143 2516 253 2536 servaret.
270 2513 315 2537 Csr.
332 2515 346 2536 l.
364 2515 446 2537 llomil.
459 2515 536 2537 homil.
549 2515 570 2537 8.
583 2515 605 2537 in
622 2515 660 2538 die
678 2516 745 2537 natali
763 2517 786 2538 S.
803 2516 891 2538 loannis
903 2522 987 2543 evang.

206 2550 215 2564 ⁸
232 2552 305 2581 Beda,
323 2553 338 2575 l.
355 2553 524 2575 llomil.liomil.
543 2554 564 2575 8.
581 2554 602 2575 in
620 2554 657 2576 dle
675 2554 742 2576 natali
760 2555 782 2576 S.
800 2555 888 2577 loannis
905 2561 987 2582 evang.

144 2591 213 2619 (circa
226 2591 304 2620 tinem)
313 2599 320 2613 ι
336 2592 360 2614 Ει
373 2593 417 2614 1ιοε
434 2592 518 2620 virgini
536 2592 684 2620 privilegium
697 2596 757 2615 recte
769 2593 912 2621 servabatur,
924 2597 948 2615 nt
960 2594 989 2616 ad

144 2631 268 2653 scrutanda
289 2630 358 2653 Verbi
373 2631 560 2661 incorruptibilt's·
577 2635 719 2654 sacramenta
737 2633 870 2660 incorrupto
883 2633 931 2660 ipsc
944 2640 988 2655 non

146 2669 220 2691 solum
233 2670 315 2697 corde,
328 2670 369 2692 sed
381 2673 402 2692 et
415 2676 512 2698 corpere
523 2671 630 2699 proderet
645 2671 668 2700 (ἱ)
681 2671 798 2699 prodiret?
816 2672 989 2699 procede1etz’).

144 2719 176 2724 —
192 2707 249 2731 Cum
267 2707 283 2731 C
294 2709 310 2731 N
329 2709 450 2736 posuimus
466 2715 597 2732 consonum
614 2709 725 2733 scribenti
730 2719 739 2738 ,·
764 2710 832 2733 ccteri
853 2711 921 2733 codd.
939 2716 990 2733 con-

143 2752 231 2770 sonum
254 2747 395 2776 scripturae,
413 2754 472 2777 quae
489 2748 554 2771 lectio
572 2749 648 2771 minus
666 2750 779 2772 contextui
797 2749 910 2778 congruit.

207 2784 217 2797 ⁴
234 2786 323 2808 Scilicet
346 2787 461 2815 loannes,
483 2787 533 2809 θὼς
557 2787 619 2816 quod
639 2789 674 2810 cst
695 2787 726 2810 ibi
749 2788 937 2814 innonmmtnm,
962 2789 990 2811 ad

146 2830 206 2853 quae
223 2825 293 2847 verba
311 2826 398 2848 Bonelli
414 2828 488 2848 notat:
508 2835 519 2846 α
531 2827 580 2849 Non
598 2826 657 2849 enim
676 2827 698 2849 in
721 2827 845 2855 Evangelio
863 2829 885 2850 S.
903 2827 991 2850 loannis

146 2863 284 2891 nominatur,
301 2864 353 2892 quis
371 2865 437 2887 suerit
453 2865 489 2887 ille
506 2871 617 2893 sponsus;
634 2865 696 2888 unde
718 2865 824 2888 ‹lix-orsae
846 2866 905 2888 cuca
929 2866 991 2888 illum

147 2905 236 2926 exortae
253 2906 306 2926 sunt
323 2904 442 2931 opiniones
455 2913 476 2926 u.
494 2905 518 2926 B.
535 2904 654 2933 Albertns,
672 2905 695 2926 in
711 2911 752 2927 sna
770 2905 871 2932 Postilla,
890 2906 950 2927 tinne
962 2906 991 2927 lo-

1123 198 1230 225 Locum
1250 198 1397 227 scribendi
1417 199 1481 228 dicit
1501 211 1514 225 ιι
1528 200 1613 229 fuisse
1634 201 1660 229 in
1680 201 1761 230 Asia⁵
1777 212 1803 236 »;
1820 205 1886 230 tem-

1040 251 1099 280 pus
1120 251 1185 272 vero
1206 243 1270 278 suit,
1293 244 1358 281 quia
1378 245 1476 274 ultimo
1497 249 1557 282 post
1579 248 1779 284 Apocalypsim;
1802 252 1829 277 et
1849 249 1886 277 ita

1043 289 1149 318 loannis
1177 290 1355 327 Evangelium
1380 292 1432 320 fuit
1458 292 1555 321 ultimo
1587 293 1658 322 inter
1688 294 1771 323 libros
1792 303 1885 325 sacrae

1043 336 1201 373 Scripturae
1222 338 1373 374 scriptum;
1396 341 1423 367 et
1444 339 1627 376 congruebat,
1649 344 1695 375 ut,
1714 341 1785 370 sicut
1806 343 1831 371 in
1854 343 1885 371 li-

1042 383 1093 411 bro
1107 383 1197 419 primo
1212 384 1330 420 scripto,
1345 385 1418 421 quod
1434 388 1475 413 est
1494 397 1507 410 α
1522 386 1686 424 principium
1702 390 1828 424 canonis,
1844 390 1884 418 in-

1042 430 1222 466 corruptibile
1244 431 1410 468 principium
1432 425 1610 468 praenotatur
1625 447 1651 470 »,
1667 436 1703 464 ita
1718 440 1744 465 et
1766 437 1793 465 in
1815 437 1885 465 libro

1042 477 1140 505 ultimo
1168 477 1308 514 scriptoss:
1331 479 1366 507 Ιη
1393 479 1541 517 prt'ncz'pz'o
1565 486 1628 510 crat
1656 483 1791 517 Verbum,
1814 484 1886 512 sicut

1042 523 1092 551 ibi:
1114 524 1150 552 In
1167 524 1315 562 principio
1337 527 1460 561 creavit,
1482 531 1509 556 ct
1530 529 1597 563 hoc,
1618 529 1751 558 «dicente
1770 530 1887 558 Domino

1042 570 1069 598 in
1091 571 1266 608 Apocalypsi:
1289 573 1347 610 Egyo
1369 582 1435 601 sum
1457 574 1546 612 alpha
1560 579 1584 603 et
1600 584 1701 612 ωηερε(
1716 588 1741 603 ».
1762 576 1837 604 Unde
1859 577 1886 604 in

1042 618 1216 656 Apocalypsis
1247 620 1337 656 primo
1367 624 1409 650 est
1439 622 1632 651 determinatio
1659 623 1719 650 eius
1747 622 1821 659 quod
1847 626 1888 651 est

1041 665 1156 694 dicente.
1172 683 1211 687 -
1227 665 1274 695 Vel
1294 668 1373 696 aliter
1395 671 1484 705 potest
1505 669 1573 705 legi,
1588 671 1620 697 ut
1646 680 1658 692 «
1675 668 1737 696 sinis
1762 669 1887 697 incorru-

1042 712 1144 749 ptibilis
1165 721 1213 750 per
1236 714 1369 751 virginem
1391 714 1524 743 reddatur
1545 715 1572 742 in
1595 715 1795 751 Apocalypsi»,
1817 723 1887 752 quae

1041 762 1082 788 est
1104 760 1218 789 ultimus
1239 760 1308 789 liber
1330 761 1455 794 canonis,
1479 761 1542 789 licet
1563 769 1617 788 non
1639 761 1737 789 ultimo
1758 762 1886 798 scriptus.

1041 807 1092 835 Sed
1113 808 1203 844 prima
1224 808 1314 836 littera
1336 808 1423 844 magis
1445 809 1576 835 consonat
1591 807 1691 835 verbis.

1122 854 1238 882 Obitum
1258 854 1390 882 auctoris
1411 853 1543 883 describit
1565 856 1695 890 tanquam
1718 854 1887 889 mirabilem,

1041 901 1106 938 quia
1127 901 1275 937 praescivit
1296 901 1406 937 ipsum;
1427 904 1454 929 et
1475 908 1539 929 cum
1561 900 1656 929 multis
1678 901 1818 929 miraculis
1840 901 1889 930 sso-

1042 947 1155 980 ruisset,
1179 947 1237 975 sine
1258 947 1352 975 dolore
1373 947 1407 975 de
1428 947 1480 975 hac
1502 947 1558 975 vita
1580 947 1714 976 transivit.
1731 947 1782 976 Sed
1798 951 1888 976 tamen

1042 994 1093 1021 hoc
1115 993 1198 1021 habet
1219 993 1417 1021 dubitationem
1432 993 1450 1020 ⁷.

1123 1039 1262 1067 Ordinem
1284 1039 1318 1067 ad
1338 1039 1391 1068 alia
1412 1039 1557 1076 Evangelia
1578 1041 1678 1077 tangit,
1700 1041 1765 1077 quia
1792 1041 1889 1069 ultimo

1042 1086 1160 1123 scripsit.
1185 1086 1216 1114 Et
1237 1086 1289 1115 hoc
1310 1086 1433 1117 debitum
1455 1086 1507 1115 fuit
1527 1087 1551 1115 ei
1573 1088 1615 1116 vel
1637 1091 1668 1116 ut
1689 1088 1788 1125 virgini
1811 1096 1889 1116 vere-

1042 1133 1161 1166 cundae,
1178 1133 1220 1161 vel
1235 1136 1267 1161 ut
1282 1133 1380 1169 virgini
1396 1133 1589 1170 incorruptae,
1611 1135 1651 1163 vel
1667 1138 1697 1163 nt
1712 1134 1811 1171 virgini
1827 1142 1889 1171 per-

1042 1179 1144 1213 fectae3
1166 1179 1226 1207 ideo
1247 1179 1342 1207 debuit
1370 1187 1579 1215 consummare,
1602 1184 1691 1210 tamen
1715 1182 1794 1218 plene
1816 1181 1892 1209 ordi—'

1043 1234 1106 1254 nem
1128 1229 1240 1262 tangere
1272 1230 1394 1260 recusat,
1417 1230 1448 1255 nt
1478 1228 1538 1256 aliis
1569 1228 1691 1257 fructum
1723 1228 1824 1257 laboris
1846 1236 1890 1257 rc—

1044 1273 1149 1309 linquat
1161 1272 1180 1300 ⁵⁵.

1046 1897 1099 1912 cnm
1116 1891 1145 1913 ita
1163 1891 1267 1919 exponit:
1289 1900 1299 1911 a
1309 1892 1334 1914 Et
1350 1893 1393 1914 hoc
1404 1892 1500 1921 quidem
1516 1892 1639 1915 scribendo
1652 1893 1716 1921 facit,
1728 1893 1891 1922 manufestum&

1046 1930 1096 1958 ipso
1114 1931 1183 1958 tacto,
1202 1930 1224 1952 in
1243 1930 1383 1960 Euanqelto,
1401 1932 1432 1953 sic
1455 1937 1467 1953 a
1485 1937 1509 1953 se
1532 1931 1659 1959 descripto,
1677 1931 1740 1961 qnod
1762 1933 1815 1954 erat
1837 1932 1892 1961 lpse.

1047 1970 1087 1991 Vel
1105 1969 1168 1998 quod
1183 1971 1235 1992 ertit
1251 1969 1310 1999 ipse,
1328 1970 1367 1998 qui
1386 1970 1490 1998 virgineo
1508 1970 1619 1993 intellectu
1639 1973 1660 1992 et
1677 1971 1810 2002 incorrupto
1828 1971 1893 2000 aqui-

1045 2008 1090 2030 lina
1108 2008 1172 2029 visus
1189 2008 1272 2030 virtute
1287 2009 1320 2030 sic
1331 2011 1449 2031 aeternum
1462 2009 1540 2031 lumen
1551 2012 1732 2037 conspexerat».
1744 2009 1812 2032 Card.
1826 2010 1892 2037 Hngo

1046 2047 1090 2069 sic:
1109 2046 1249 2075 Ostendens,
1267 2048 1380 2070 Dominus
1402 2048 1486 2070 scilicet
1508 2049 1531 2070 in
1554 2049 1589 2071 illo
1613 2049 1737 2076 miraculo,
1761 2049 1824 2078 quod
1846 2049 1894 2078 ipse

1046 2088 1109 2113 crat,
1127 2086 1150 2108 id
1168 2088 1201 2108 est
1218 2086 1273 2115 qnid
1291 2090 1349 2115 erat,
1372 2087 1457 2109 scilicet
1479 2087 1553 2114 Deus;
1575 2093 1600 2109 ex
1624 2087 1674 2115 ipso
1698 2087 1759 2109 enim
1784 2087 1893 2109 miraculo

1046 2126 1155 2153 ostendit,
1174 2132 1198 2148 se
1215 2132 1265 2148 csse
1282 2126 1364 2148 Deum.
1381 2126 1422 2148 Vel
1439 2126 1483 2148 sic:
1497 2125 1636 2153 Ostcmlmm,
1650 2126 1699 2154 ipse
1711 2127 1819 2153 loannes,
1832 2126 1895 2155 qitod

1046 2163 1094 2193 ipse
1111 2165 1174 2191 erat,
1194 2164 1241 2191 ille,
1259 2164 1288 2186 ad
1305 2164 1370 2187 cuius
1388 2165 1479 2192 nuptias
1497 2164 1608 2187 Dominus
1626 2164 1666 2186 suit
1683 2165 1799 2187 imitatus.

1108 2201 1117 2214 ⁵
1135 2202 1180 2225 Cir.
1197 2209 1266 2231 snpra
1284 2209 1337 2231 pag.
1355 2202 1412 2231 243,
1431 2206 1484 2225 nota
1504 2203 1524 2225 11.

1108 2240 1117 2253 Β
1134 2241 1190 2269 Cap.
1210 2242 1230 2268 l,
1251 2242 1271 2264 l.
1293 2254 1323 2258 —-
1346 2243 1477 2270 Sequuntur
1500 2243 1556 2265 Gen.
1576 2243 1595 2269 l,
1617 2243 1636 2264 l.
1653 2246 1675 2264 ct
1697 2243 1767 2270 Apoc.
1787 2243 1807 2270 l,
1826 2243 1846 2264 8.
1865 2254 1895 2258 —

1047 2282 1158 2309 Superius
1176 2288 1218 2309 pro
1236 2281 1332 2304 [ommi-5
1350 2281 1530 2311 Ecansselium...
1547 2282 1662 2312 scripmm
1681 2288 1728 2304 non
1746 2282 1813 2309 pauci
1826 2281 1894 2304 codd.

1046 2321 1171 2343 loannes...
1188 2320 1298 2349 scriptus.
1317 2320 1420 2342 Subinde
1432 2327 1474 2348 pro
1488 2320 1550 2350 qnod
1561 2322 1595 2344 est
1602 2320 1751 2350 principium
1763 2321 1800 2343 cd.
1817 2323 1895 2343 contra

1047 2361 1093 2381 sere
1111 2365 1191 2382 omnes
1208 2359 1276 2381 codd.
1295 2359 1337 2388 qui
1353 2361 1387 2382 est
1399 2359 1556 2389 principium.

1109 2397 1116 2409 ⁷
1136 2398 1239 2425 Ilici-on„
1252 2398 1281 2420 de
1293 2398 1354 2421 Viris
1365 2398 1503 2427 illustribus,
1516 2405 1535 2421 c.
1548 2399 1569 2421 9.
1581 2399 1623 2421 ait:
1638 2400 1682 2421 «Et
1695 2400 1811 2421 consectus
1824 2400 1895 2427 senio,

1046 2437 1188 2465 sexagesimo
1209 2440 1291 2459 octavo
1314 2440 1366 2465 post
1388 2437 1519 2465 passionem
1542 2438 1632 2460 Domini
1650 2444 1709 2460 anno
1727 2438 1760 2467 (id
1783 2441 1816 2461 est
1833 2439 1897 2461 Chri-

1046 2477 1072 2499 sti
1096 2476 1298 2504 rl00.)'1nortnns,
1316 2477 1375 2499 iuxta
1394 2477 1491 2499 cundem
1510 2476 1591 2499 urbem
1610 2478 1714 2505 sepultus
1731 2481 1762 2499 est
1776 2487 1797 2500 n.
1823 2479 1895 2504 Bello,

1046 2516 1061 2538 l.
1078 2516 1161 2538 llomil.
1174 2515 1252 2537 liomil.
1270 2516 1291 2537 8.
1312 2515 1332 2537 ιιι
1351 2515 1388 2537 die
1405 2516 1472 2537 natali
1490 2516 1511 2537 S.
1529 2516 1618 2538 Ioannis
1635 2522 1731 2544 evang.,
1748 2517 1814 2539 dicit:
1835 2517 1897 2539 Sicut

1047 2556 1109 2577 enim
1127 2555 1148 2577 ιιι
1166 2555 1257 2577 Patrnm
1275 2554 1353 2577 litteris
1370 2555 1514 2581 invenimus,
1532 2561 1584 2577 enm
1603 2556 1671 2583 longo
1693 2556 1810 2578 consectus
1832 2557 1895 2578 senio

1047 2595 1126 2621 sciict,
1144 2594 1263 2616 imminere
1280 2593 1341 2616 diem
1360 2600 1463 2616 recessus
1485 2594 1533 2621 sni,
1551 2594 1684 2616 convocatis
1701 2594 1820 2622 discipulis
1836 2595 1896 2623 suis,

1048 2636 1099 2661 post
1116 2633 1202 2655 monita
1220 2633 1401 2655 exhortationum
1419 2638 1445 2655 ac
1463 2632 1581 2655 Missurum
1595 2632 1773 2655 celebrationem
1790 2633 1895 2655 ultimum

1047 2672 1080 2694 eis
1098 2672 1214 2698 x·alese(·.it;
1232 2671 1314 2694 deinde
1337 2671 1479 2693 descendens
1502 2671 1522 2693 in
1546 2671 1663 2694 defossum
1686 2672 1817 2699 sepulturae
1841 2677 1896 2693 snae

1048 2711 1135 2739 locum,
1155 2712 1215 2733 sacta
1230 2710 1332 2732 oratione
1349 2710 1468 2738 appositus
1485 2713 1517 2733 est
1539 2711 1569 2733 ad
1586 2715 1663 2738 patres
1686 2717 1753 2737 snos,
1772 2713 1817 2732 tam
1839 2710 1896 2732 libcr

1048 2756 1059 2772 a
1078 2750 1157 2772 dolore
1183 2749 1262 2771 mortis
1284 2755 1353 2777 quam
1372 2755 1383 2771 a
1401 2749 1547 2776 corruptione
1565 2750 1639 2771 carnis
1663 2749 1777 2772 invenitur
1799 2749 1894 2771 alienus,

1048 2788 1093 2811 Csr.
1112 2788 1167 2810 infra
1186 2788 1310 2816 expositio,
1328 2794 1347 2810 c.
1365 2788 1401 2815 21,
1420 2788 1457 2810 23.

1112 2825 1120 2838 Β
1139 2827 1200 2849 idem
1224 2827 1346 2855 Prologus,
1371 2826 1415 2849 sub
1438 2827 1532 2849 nomine
1557 2828 1662 2854 Hieron,
1685 2826 1805 2849 exhibetur
1827 2824 1895 2848 eliam

1050 2866 1150 2894 (omissis
1166 2866 1194 2888 iis
1216 2872 1275 2894 qnae
1293 2866 1322 2888 ad
1343 2866 1494 2894 evangelium
1517 2868 1628 2895 spectant)
1656 2866 1676 2888 in
1699 2865 1812 2893 principio
1834 2865 1897 2892 Apo-

1049 2905 1159 2932 calypsis.
