<?xml version="1.0" encoding="UTF-8"?>
<!DOCTYPE html PUBLIC "-//W3C//DTD XHTML 1.0 Transitional//EN"
    "http://www.w3.org/TR/xhtml1/DTD/xhtml1-transitional.dtd">
<html xmlns="http://www.w3.org/1999/xhtml" xml:lang="en" lang="en">
 <head>
  <title>
</title>
<meta http-equiv="Content-Type" content="text/html;charset=utf-8" />
  <meta name='ocr-system' content='tesseract 3.04.00' />
  <meta name='ocr-capabilities' content='ocr_page ocr_carea ocr_par ocr_line ocrx_word'/>
</head>
<body>
  <div class='ocr_page' id='page_1' title='image "./doctorisseraphic06bona_0376.png"; bbox 0 0 2296 3316; ppageno 0'>
   <div class='ocr_carea' id='block_1_1' title="bbox 255 793 386 841">
    <p class='ocr_par' dir='ltr' id='par_1_1' title="bbox 255 793 386 841">
     <span class='ocr_line' id='line_1_1' title="bbox 255 793 386 817; baseline -0.015 -4"><span class='ocrx_word' id='word_1_1' title='bbox 255 794 313 817; x_wconf 71' lang='lat' dir='ltr'>Resp.</span> <span class='ocrx_word' id='word_1_2' title='bbox 323 793 339 811; x_wconf 81' lang='lat'>1.</span> <span class='ocrx_word' id='word_1_3' title='bbox 350 798 386 811; x_wconf 87' lang='lat' dir='ltr'>non</span> 
     </span>
     <span class='ocr_line' id='line_1_2' title="bbox 279 817 364 841; baseline -0.012 -6"><span class='ocrx_word' id='word_1_4' title='bbox 279 817 364 841; x_wconf 77' lang='lat' dir='ltr'>probata.</span> 
     </span>
    </p>
   </div>
   <div class='ocr_carea' id='block_1_2' title="bbox 294 934 383 957">
    <p class='ocr_par' dir='ltr' id='par_1_2' title="bbox 294 934 383 957">
     <span class='ocr_line' id='line_1_3' title="bbox 294 934 383 957; baseline 0 -5"><span class='ocrx_word' id='word_1_5' title='bbox 294 934 350 957; x_wconf 73' lang='lat' dir='ltr'>Resp.</span> <span class='ocrx_word' id='word_1_6' title='bbox 365 934 383 952; x_wconf 69' lang='lat'>2.</span> 
     </span>
    </p>
   </div>
   <div class='ocr_carea' id='block_1_3' title="bbox 259 1592 392 1682">
    <p class='ocr_par' dir='ltr' id='par_1_3' title="bbox 259 1592 392 1682">
     <span class='ocr_line' id='line_1_4' title="bbox 259 1592 392 1616; baseline -0.015 -4"><span class='ocrx_word' id='word_1_7' title='bbox 259 1592 355 1616; x_wconf 81' lang='lat' dir='ltr'>Expositio</span> <span class='ocrx_word' id='word_1_8' title='bbox 362 1592 392 1611; x_wconf 88' lang='lat' dir='ltr'>lit-</span> 
     </span>
     <span class='ocr_line' id='line_1_5' title="bbox 292 1616 363 1635; baseline 0 -1"><span class='ocrx_word' id='word_1_9' title='bbox 292 1616 363 1635; x_wconf 77' lang='lat' dir='ltr'>tex-alis.</span> 
     </span>
     <span class='ocr_line' id='line_1_6' title="bbox 277 1640 390 1661; baseline 0 -3"><span class='ocrx_word' id='word_1_10' title='bbox 277 1640 348 1661; x_wconf 83' lang='lat' dir='ltr'>Primo.</span> <span class='ocrx_word' id='word_1_11' title='bbox 362 1640 390 1658; x_wconf 91' lang='lat' dir='ltr'>in-</span> 
     </span>
     <span class='ocr_line' id='line_1_7' title="bbox 290 1663 376 1682; baseline 0 0"><span class='ocrx_word' id='word_1_12' title='bbox 290 1663 376 1682; x_wconf 80' lang='lat' dir='ltr'>structio.</span> 
     </span>
    </p>
   </div>
   <div class='ocr_carea' id='block_1_4' title="bbox 404 146 460 176">
    <p class='ocr_par' dir='ltr' id='par_1_4' title="bbox 404 146 460 176">
     <span class='ocr_line' id='line_1_8' title="bbox 404 146 460 176; baseline -0.018 0"><span class='ocrx_word' id='word_1_13' title='bbox 404 146 460 176; x_wconf 70' lang='lat'>332</span> 
     </span>
    </p>
   </div>
   <div class='ocr_carea' id='block_1_5' title="bbox 397 219 1252 1103">
    <p class='ocr_par' dir='ltr' id='par_1_5' title="bbox 397 219 1248 398">
     <span class='ocr_line' id='line_1_9' title="bbox 398 219 1248 255; baseline -0.005 -2"><span class='ocrx_word' id='word_1_14' title='bbox 398 224 470 254; x_wconf 85' lang='lat' dir='ltr'>tione</span> <span class='ocrx_word' id='word_1_15' title='bbox 491 222 604 251; x_wconf 73' lang='lat' dir='ltr'>erroris</span> <span class='ocrx_word' id='word_1_16' title='bbox 631 221 801 255; x_wconf 82' lang='lat' dir='ltr'>amovendi,</span> <span class='ocrx_word' id='word_1_17' title='bbox 824 221 931 250; x_wconf 88' lang='lat' dir='ltr'>ratione</span> <span class='ocrx_word' id='word_1_18' title='bbox 959 219 1136 249; x_wconf 76' lang='lat' dir='ltr'>humilitatis</span> <span class='ocrx_word' id='word_1_19' title='bbox 1157 224 1248 249; x_wconf 75' lang='lat' dir='ltr'>osten-</span> 
     </span>
     <span class='ocr_line' id='line_1_10' title="bbox 399 266 1248 305; baseline -0.006 -6"><span class='ocrx_word' id='word_1_20' title='bbox 399 270 508 299; x_wconf 80' lang='lat' dir='ltr'>dendae</span> <span class='ocrx_word' id='word_1_21' title='bbox 521 270 539 297; x_wconf 91' lang='lat'>¹.</span> <span class='ocrx_word' id='word_1_22' title='bbox 562 269 605 297; x_wconf 83' lang='lat' dir='ltr'>Sic</span> <span class='ocrx_word' id='word_1_23' title='bbox 626 268 700 302; x_wconf 90' lang='lat' dir='ltr'>dico,</span> <span class='ocrx_word' id='word_1_24' title='bbox 721 267 796 305; x_wconf 83' lang='lat' dir='ltr'>quod</span> <span class='ocrx_word' id='word_1_25' title='bbox 817 267 870 296; x_wconf 85' lang='lat' dir='ltr'>hoc</span> <span class='ocrx_word' id='word_1_26' title='bbox 892 267 974 296; x_wconf 90' lang='lat' dir='ltr'>tertio</span> <span class='ocrx_word' id='word_1_27' title='bbox 1001 266 1084 295; x_wconf 90' lang='lat' dir='ltr'>modo</span> <span class='ocrx_word' id='word_1_28' title='bbox 1111 266 1195 295; x_wconf 87' lang='lat' dir='ltr'>Filius</span> <span class='ocrx_word' id='word_1_29' title='bbox 1216 274 1248 295; x_wconf 89' lang='lat' dir='ltr'>ea</span> 
     </span>
     <span class='ocr_line' id='line_1_11' title="bbox 397 313 1248 354; baseline -0.005 -9"><span class='ocrx_word' id='word_1_30' title='bbox 397 323 468 354; x_wconf 83' lang='lat' dir='ltr'>quae</span> <span class='ocrx_word' id='word_1_31' title='bbox 490 319 555 344; x_wconf 86' lang='lat' dir='ltr'>sunt</span> <span class='ocrx_word' id='word_1_32' title='bbox 575 314 733 348; x_wconf 81' lang='lat' dir='ltr'>Trinitatis,</span> <span class='ocrx_word' id='word_1_33' title='bbox 755 314 828 343; x_wconf 89' lang='lat' dir='ltr'>Patri</span> <span class='ocrx_word' id='word_1_34' title='bbox 842 313 1016 351; x_wconf 81' lang='lat' dir='ltr'>appropriat,</span> <span class='ocrx_word' id='word_1_35' title='bbox 1037 316 1070 342; x_wconf 86' lang='lat' dir='ltr'>ut</span> <span class='ocrx_word' id='word_1_36' title='bbox 1083 320 1134 341; x_wconf 92' lang='lat' dir='ltr'>nos</span> <span class='ocrx_word' id='word_1_37' title='bbox 1155 313 1248 342; x_wconf 92' lang='lat' dir='ltr'>humi-</span> 
     </span>
     <span class='ocr_line' id='line_1_12' title="bbox 399 361 802 398; baseline -0.007 -6"><span class='ocrx_word' id='word_1_38' title='bbox 399 363 459 392; x_wconf 87' lang='lat' dir='ltr'>liari</span> <span class='ocrx_word' id='word_1_39' title='bbox 481 363 589 397; x_wconf 81' lang='lat' dir='ltr'>doceat;</span> <span class='ocrx_word' id='word_1_40' title='bbox 611 364 638 390; x_wconf 85' lang='lat' dir='ltr'>et</span> <span class='ocrx_word' id='word_1_41' title='bbox 659 361 697 390; x_wconf 87' lang='lat' dir='ltr'>sic</span> <span class='ocrx_word' id='word_1_42' title='bbox 719 363 802 398; x_wconf 89' lang='lat' dir='ltr'>patet.</span> 
     </span>
    </p>

    <p class='ocr_par' dir='ltr' id='par_1_6' title="bbox 399 406 1245 486">
     <span class='ocr_line' id='line_1_13' title="bbox 477 406 1245 445; baseline -0.004 -7"><span class='ocrx_word' id='word_1_43' title='bbox 477 410 522 438; x_wconf 85' lang='lat'>80.</span> <span class='ocrx_word' id='word_1_44' title='bbox 553 409 662 445; x_wconf 87' lang='lat' dir='ltr'>Quaest.</span> <span class='ocrx_word' id='word_1_45' title='bbox 689 408 730 436; x_wconf 93' lang='lat' dir='ltr'>IV.</span> <span class='ocrx_word' id='word_1_46' title='bbox 760 407 910 444; x_wconf 82' lang='lat' dir='ltr'>Quaeritur</span> <span class='ocrx_word' id='word_1_47' title='bbox 937 407 971 436; x_wconf 86' lang='lat' dir='ltr'>de</span> <span class='ocrx_word' id='word_1_48' title='bbox 992 407 1045 436; x_wconf 85' lang='lat' dir='ltr'>hoc</span> <span class='ocrx_word' id='word_1_49' title='bbox 1066 406 1141 445; x_wconf 85' lang='lat' dir='ltr'>quod</span> <span class='ocrx_word' id='word_1_50' title='bbox 1161 406 1245 435; x_wconf 88' lang='lat' dir='ltr'>dicit:</span> 
     </span>
     <span class='ocr_line' id='line_1_14' title="bbox 399 454 859 486; baseline -0.007 -1"><span class='ocrx_word' id='word_1_51' title='bbox 399 458 496 486; x_wconf 77' lang='lat' dir='ltr'>Erunt</span> <span class='ocrx_word' id='word_1_52' title='bbox 516 464 614 484; x_wconf 76' lang='lat' dir='ltr'>onmes</span> <span class='ocrx_word' id='word_1_53' title='bbox 634 454 769 484; x_wconf 71' lang='lat' dir='ltr'>docibiles</span> <span class='ocrx_word' id='word_1_54' title='bbox 792 454 844 483; x_wconf 83' lang='lat' dir='ltr'>Dei</span> <span class='ocrx_word' id='word_1_55' title='bbox 851 464 859 482; x_wconf 84' lang='grc'>.-</span> 
     </span>
    </p>

    <p class='ocr_par' dir='ltr' id='par_1_7' title="bbox 479 499 1247 538">
     <span class='ocr_line' id='line_1_15' title="bbox 479 499 1247 538; baseline -0.004 -7"><span class='ocrx_word' id='word_1_56' title='bbox 479 505 502 531; x_wconf 78' lang='lat'>¹1.</span> <span class='ocrx_word' id='word_1_57' title='bbox 526 502 595 538; x_wconf 86' lang='lat' dir='ltr'>Quia</span> <span class='ocrx_word' id='word_1_58' title='bbox 610 502 661 530; x_wconf 88' lang='lat' dir='ltr'>hoc</span> <span class='ocrx_word' id='word_1_59' title='bbox 678 501 830 530; x_wconf 78' lang='lat' dir='ltr'>certissime</span> <span class='ocrx_word' id='word_1_60' title='bbox 844 500 945 529; x_wconf 85' lang='lat' dir='ltr'>falsum</span> <span class='ocrx_word' id='word_1_61' title='bbox 966 502 1009 529; x_wconf 88' lang='lat' dir='ltr'>est</span> <span class='ocrx_word' id='word_1_62' title='bbox 1026 500 1054 528; x_wconf 93' lang='lat' dir='ltr'>in</span> <span class='ocrx_word' id='word_1_63' title='bbox 1075 499 1150 528; x_wconf 89' lang='lat' dir='ltr'>omni</span> <span class='ocrx_word' id='word_1_64' title='bbox 1165 502 1247 528; x_wconf 88' lang='lat' dir='ltr'>statu.</span> 
     </span>
    </p>

    <p class='ocr_par' dir='ltr' id='par_1_8' title="bbox 399 546 1250 728">
     <span class='ocr_line' id='line_1_16' title="bbox 477 546 1249 586; baseline -0.005 -8"><span class='ocrx_word' id='word_1_65' title='bbox 477 552 502 578; x_wconf 59' lang='lat'>⁹2.</span> <span class='ocrx_word' id='word_1_66' title='bbox 527 549 608 583; x_wconf 88' lang='lat' dir='ltr'>Item,</span> <span class='ocrx_word' id='word_1_67' title='bbox 631 548 771 586; x_wconf 88' lang='lat' dir='ltr'>quomodo</span> <span class='ocrx_word' id='word_1_68' title='bbox 785 555 884 576; x_wconf 85' lang='lat' dir='ltr'>verum</span> <span class='ocrx_word' id='word_1_69' title='bbox 906 549 948 576; x_wconf 88' lang='lat' dir='ltr'>est</span> <span class='ocrx_word' id='word_1_70' title='bbox 969 546 1037 575; x_wconf 93' lang='lat' dir='ltr'>illud</span> <span class='ocrx_word' id='word_1_71' title='bbox 1052 546 1127 584; x_wconf 85' lang='lat' dir='ltr'>quod</span> <span class='ocrx_word' id='word_1_72' title='bbox 1147 546 1249 575; x_wconf 83' lang='lat' dir='ltr'>dieitur</span> 
     </span>
     <span class='ocr_line' id='line_1_17' title="bbox 400 593 1249 633; baseline -0.006 -6"><span class='ocrx_word' id='word_1_73' title='bbox 400 597 477 627; x_wconf 86' lang='lat' dir='ltr'>Ioelis</span> <span class='ocrx_word' id='word_1_74' title='bbox 504 595 625 626; x_wconf 89' lang='lat' dir='ltr'>secundo</span> <span class='ocrx_word' id='word_1_75' title='bbox 640 595 668 624; x_wconf 73' lang='lat'>2:</span> <span class='ocrx_word' id='word_1_76' title='bbox 691 593 852 633; x_wconf 77' lang='lat' dir='ltr'>Effundam</span> <span class='ocrx_word' id='word_1_77' title='bbox 879 595 913 624; x_wconf 86' lang='lat' dir='ltr'>de</span> <span class='ocrx_word' id='word_1_78' title='bbox 933 594 1043 632; x_wconf 73' lang='lat' dir='ltr'>spiritu</span> <span class='ocrx_word' id='word_1_79' title='bbox 1070 602 1132 622; x_wconf 83' lang='lat' dir='ltr'>meo</span> <span class='ocrx_word' id='word_1_80' title='bbox 1159 602 1249 631; x_wconf 78' lang='lat' dir='ltr'>super</span> 
     </span>
     <span class='ocr_line' id='line_1_18' title="bbox 399 641 1250 676; baseline -0.005 -3"><span class='ocrx_word' id='word_1_81' title='bbox 399 653 511 673; x_wconf 80' lang='lat' dir='ltr'>omnem</span> <span class='ocrx_word' id='word_1_82' title='bbox 536 651 674 676; x_wconf 81' lang='lat' dir='ltr'>carnem,·</span> <span class='ocrx_word' id='word_1_83' title='bbox 705 645 732 672; x_wconf 91' lang='lat' dir='ltr'>et</span> <span class='ocrx_word' id='word_1_84' title='bbox 759 642 886 671; x_wconf 89' lang='lat' dir='ltr'>similiter</span> <span class='ocrx_word' id='word_1_85' title='bbox 907 641 976 670; x_wconf 92' lang='lat' dir='ltr'>illud</span> <span class='ocrx_word' id='word_1_86' title='bbox 1007 641 1106 670; x_wconf 80' lang='lat' dir='ltr'>Isaiae:</span> <span class='ocrx_word' id='word_1_87' title='bbox 1134 641 1250 669; x_wconf 82' lang='lat' dir='ltr'>Ponam</span> 
     </span>
     <span class='ocr_line' id='line_1_19' title="bbox 400 688 1002 728; baseline -0.005 -8"><span class='ocrx_word' id='word_1_88' title='bbox 400 699 496 721; x_wconf 76' lang='lat' dir='ltr'>omnes</span> <span class='ocrx_word' id='word_1_89' title='bbox 516 690 593 728; x_wconf 76' lang='lat' dir='ltr'>filios</span> <span class='ocrx_word' id='word_1_90' title='bbox 614 693 679 718; x_wconf 73' lang='lat' dir='ltr'>tuos</span> <span class='ocrx_word' id='word_1_91' title='bbox 699 690 796 718; x_wconf 75' lang='lat' dir='ltr'>doctos</span> <span class='ocrx_word' id='word_1_92' title='bbox 817 697 837 718; x_wconf 85' lang='lat' dir='ltr'>a</span> <span class='ocrx_word' id='word_1_93' title='bbox 860 688 1002 717; x_wconf 76' lang='lat' dir='ltr'>Domino?</span> 
     </span>
    </p>

    <p class='ocr_par' dir='ltr' id='par_1_9' title="bbox 400 734 1250 869">
     <span class='ocr_line' id='line_1_20' title="bbox 478 734 1250 773; baseline -0.005 -7"><span class='ocrx_word' id='word_1_94' title='bbox 478 739 641 767; x_wconf 65' lang='lat' dir='ltr'>Resposmzo</span> <span class='ocrx_word' id='word_1_95' title='bbox 657 736 809 766; x_wconf 89' lang='lat' dir='ltr'>secundum</span> <span class='ocrx_word' id='word_1_96' title='bbox 826 735 1009 773; x_wconf 78' lang='lat' dir='ltr'>Augustinum</span> <span class='ocrx_word' id='word_1_97' title='bbox 1022 734 1043 769; x_wconf 81' lang='lat'>⁸,</span> <span class='ocrx_word' id='word_1_98' title='bbox 1057 734 1131 772; x_wconf 91' lang='lat' dir='ltr'>quod</span> <span class='ocrx_word' id='word_1_99' title='bbox 1153 742 1250 762; x_wconf 80' lang='lat' dir='ltr'>omnes</span> 
     </span>
     <span class='ocr_line' id='line_1_21' title="bbox 400 781 1250 822; baseline -0.006 -8"><span class='ocrx_word' id='word_1_100' title='bbox 400 785 543 814; x_wconf 77' lang='lat' dir='ltr'>distribuit</span> <span class='ocrx_word' id='word_1_101' title='bbox 563 792 614 822; x_wconf 87' lang='lat' dir='ltr'>pro</span> <span class='ocrx_word' id='word_1_102' title='bbox 633 783 790 821; x_wconf 73' lang='lat' dir='ltr'>yeneribus</span> <span class='ocrx_word' id='word_1_103' title='bbox 805 782 987 819; x_wconf 82' lang='lat' dir='ltr'>singulorum.</span> <span class='ocrx_word' id='word_1_104' title='bbox 1002 797 1042 803; x_wconf 89' lang='lat'>—-</span> <span class='ocrx_word' id='word_1_105' title='bbox 1057 781 1108 810; x_wconf 84' lang='lat' dir='ltr'>Sed</span> <span class='ocrx_word' id='word_1_106' title='bbox 1124 784 1190 810; x_wconf 85' lang='lat' dir='ltr'>tunc</span> <span class='ocrx_word' id='word_1_107' title='bbox 1204 788 1250 809; x_wconf 88' lang='lat' dir='ltr'>au-</span> 
     </span>
     <span class='ocr_line' id='line_1_22' title="bbox 400 829 1018 869; baseline -0.008 -7"><span class='ocrx_word' id='word_1_108' title='bbox 400 833 513 862; x_wconf 83' lang='lat' dir='ltr'>ctoritas</span> <span class='ocrx_word' id='word_1_109' title='bbox 534 839 634 869; x_wconf 86' lang='lat' dir='ltr'>parum</span> <span class='ocrx_word' id='word_1_110' title='bbox 656 831 760 859; x_wconf 82' lang='lat' dir='ltr'>valeret</span> <span class='ocrx_word' id='word_1_111' title='bbox 781 830 815 858; x_wconf 91' lang='lat' dir='ltr'>ad</span> <span class='ocrx_word' id='word_1_112' title='bbox 836 829 1018 867; x_wconf 89' lang='lat' dir='ltr'>propositum.</span> 
     </span>
    </p>

    <p class='ocr_par' dir='ltr' id='par_1_10' title="bbox 400 875 1251 1058">
     <span class='ocr_line' id='line_1_23' title="bbox 480 875 1250 916; baseline -0.006 -8"><span class='ocrx_word' id='word_1_113' title='bbox 480 880 594 916; x_wconf 76' lang='lat' dir='ltr'>Propter</span> <span class='ocrx_word' id='word_1_114' title='bbox 622 879 674 907; x_wconf 88' lang='lat' dir='ltr'>hoc</span> <span class='ocrx_word' id='word_1_115' title='bbox 705 878 785 906; x_wconf 82' lang='lat' dir='ltr'>aliter</span> <span class='ocrx_word' id='word_1_116' title='bbox 806 876 967 913; x_wconf 81' lang='lat' dir='ltr'>exponitur,</span> <span class='ocrx_word' id='word_1_117' title='bbox 1000 875 1074 913; x_wconf 88' lang='lat' dir='ltr'>quod</span> <span class='ocrx_word' id='word_1_118' title='bbox 1102 875 1150 912; x_wconf 88' lang='lat' dir='ltr'>qui</span> <span class='ocrx_word' id='word_1_119' title='bbox 1177 875 1250 904; x_wconf 86' lang='lat' dir='ltr'>docti</span> 
     </span>
     <span class='ocr_line' id='line_1_24' title="bbox 401 922 1249 959; baseline -0.006 -4"><span class='ocrx_word' id='word_1_120' title='bbox 401 930 483 956; x_wconf 84' lang='lat' dir='ltr'>erunt</span> <span class='ocrx_word' id='word_1_121' title='bbox 508 925 682 954; x_wconf 86' lang='lat' dir='ltr'>docebuntur</span> <span class='ocrx_word' id='word_1_122' title='bbox 703 932 719 952; x_wconf 90' lang='lat' dir='ltr'>a</span> <span class='ocrx_word' id='word_1_123' title='bbox 740 924 809 957; x_wconf 89' lang='lat' dir='ltr'>Deo,</span> <span class='ocrx_word' id='word_1_124' title='bbox 831 926 858 952; x_wconf 89' lang='lat' dir='ltr'>et</span> <span class='ocrx_word' id='word_1_125' title='bbox 879 923 974 952; x_wconf 89' lang='lat' dir='ltr'>nullus</span> <span class='ocrx_word' id='word_1_126' title='bbox 995 922 1046 951; x_wconf 89' lang='lat' dir='ltr'>nisi</span> <span class='ocrx_word' id='word_1_127' title='bbox 1069 930 1118 959; x_wconf 87' lang='lat' dir='ltr'>per</span> <span class='ocrx_word' id='word_1_128' title='bbox 1143 922 1249 959; x_wconf 52' lang='lat' dir='ltr'>ipsuum</span> 
     </span>
     <span class='ocr_line' id='line_1_25' title="bbox 400 969 1251 1002; baseline -0.006 0"><span class='ocrx_word' id='word_1_129' title='bbox 400 974 461 1002; x_wconf 90' lang='lat' dir='ltr'>ideo</span> <span class='ocrx_word' id='word_1_130' title='bbox 483 981 580 1001; x_wconf 78' lang='lat' dir='ltr'>omnes</span> <span class='ocrx_word' id='word_1_131' title='bbox 607 970 741 1000; x_wconf 72' lang='lat' dir='ltr'>docibiles</span> <span class='ocrx_word' id='word_1_132' title='bbox 752 973 772 998; x_wconf 78' lang='lat'>⁴.</span> <span class='ocrx_word' id='word_1_133' title='bbox 804 970 836 999; x_wconf 91' lang='lat' dir='ltr'>Et</span> <span class='ocrx_word' id='word_1_134' title='bbox 864 970 902 999; x_wconf 84' lang='lat' dir='ltr'>sic</span> <span class='ocrx_word' id='word_1_135' title='bbox 933 969 1084 998; x_wconf 83' lang='lat' dir='ltr'>auctoritas</span> <span class='ocrx_word' id='word_1_136' title='bbox 1114 969 1187 998; x_wconf 85' lang='lat' dir='ltr'>valet</span> <span class='ocrx_word' id='word_1_137' title='bbox 1217 969 1251 997; x_wconf 87' lang='lat' dir='ltr'>ad</span> 
     </span>
     <span class='ocr_line' id='line_1_26' title="bbox 401 1019 584 1058; baseline -0.016 -9"><span class='ocrx_word' id='word_1_138' title='bbox 401 1019 584 1058; x_wconf 85' lang='lat' dir='ltr'>propositum.</span> 
     </span>
    </p>

    <p class='ocr_par' dir='ltr' id='par_1_11' title="bbox 480 1063 1252 1103">
     <span class='ocr_line' id='line_1_27' title="bbox 480 1063 1252 1103; baseline -0.005 -8"><span class='ocrx_word' id='word_1_139' title='bbox 480 1067 525 1095; x_wconf 81' lang='lat'>81.</span> <span class='ocrx_word' id='word_1_140' title='bbox 550 1066 585 1094; x_wconf 87' lang='lat' dir='ltr'>Et</span> <span class='ocrx_word' id='word_1_141' title='bbox 602 1065 707 1102; x_wconf 81' lang='lat' dir='ltr'>panis,</span> <span class='ocrx_word' id='word_1_142' title='bbox 729 1073 813 1103; x_wconf 77' lang='lat' dir='ltr'>quenz</span> <span class='ocrx_word' id='word_1_143' title='bbox 838 1073 889 1101; x_wconf 67' lang='lat' dir='ltr'>eqo</span> <span class='ocrx_word' id='word_1_144' title='bbox 910 1063 993 1092; x_wconf 83' lang='lat' dir='ltr'>dabo.</span> <span class='ocrx_word' id='word_1_145' title='bbox 1016 1064 1106 1101; x_wconf 85' lang='lat' dir='ltr'>Supra</span> <span class='ocrx_word' id='word_1_146' title='bbox 1133 1063 1252 1092; x_wconf 86' lang='lat' dir='ltr'>ostendit</span> 
     </span>
    </p>
   </div>
   <div class='ocr_carea' id='block_1_6' title="bbox 255 1110 1253 1194">
    <p class='ocr_par' dir='ltr' id='par_1_12' title="bbox 255 1110 1253 1194">
     <span class='ocr_line' id='line_1_28' title="bbox 255 1110 1251 1149; baseline -0.004 -7"><span class='ocrx_word' id='word_1_147' title='bbox 255 1121 383 1149; x_wconf 47' lang='lat' dir='ltr'>secundam,</span> <span class='ocrx_word' id='word_1_148' title='bbox 400 1114 551 1147; x_wconf 85' lang='lat' dir='ltr'>Dominus,</span> <span class='ocrx_word' id='word_1_149' title='bbox 573 1121 602 1142; x_wconf 88' lang='lat' dir='ltr'>se</span> <span class='ocrx_word' id='word_1_150' title='bbox 623 1120 682 1141; x_wconf 79' lang='lat' dir='ltr'>esse</span> <span class='ocrx_word' id='word_1_151' title='bbox 703 1120 803 1149; x_wconf 90' lang='lat' dir='ltr'>panem</span> <span class='ocrx_word' id='word_1_152' title='bbox 824 1111 994 1141; x_wconf 80' lang='lat' dir='ltr'>reficientem</span> <span class='ocrx_word' id='word_1_153' title='bbox 1009 1111 1162 1140; x_wconf 81' lang='lat' dir='ltr'>secundum</span> <span class='ocrx_word' id='word_1_154' title='bbox 1178 1110 1251 1138; x_wconf 82' lang='lat' dir='ltr'>divi-</span> 
     </span>
     <span class='ocr_line' id='line_1_29' title="bbox 267 1147 1253 1194; baseline -0.003 -5"><span class='ocrx_word' id='word_1_155' title='bbox 267 1147 385 1189; x_wconf 48' lang='lat' dir='ltr'>ffiwsssscffi&#39;-</span> <span class='ocrx_word' id='word_1_156' title='bbox 400 1169 471 1190; x_wconf 80' lang='lat' dir='ltr'>nam</span> <span class='ocrx_word' id='word_1_157' title='bbox 492 1163 637 1194; x_wconf 89' lang='lat' dir='ltr'>naturam;</span> <span class='ocrx_word' id='word_1_158' title='bbox 656 1159 701 1188; x_wconf 88' lang='lat' dir='ltr'>hic</span> <span class='ocrx_word' id='word_1_159' title='bbox 723 1159 841 1188; x_wconf 84' lang='lat' dir='ltr'>ostendit</span> <span class='ocrx_word' id='word_1_160' title='bbox 856 1158 1010 1188; x_wconf 86' lang='lat' dir='ltr'>secundum</span> <span class='ocrx_word' id='word_1_161' title='bbox 1032 1157 1204 1186; x_wconf 69' lang='lat' dir='ltr'>humanam.</span> <span class='ocrx_word' id='word_1_162' title='bbox 1221 1157 1253 1186; x_wconf 88' lang='lat' dir='ltr'>Et</span> 
     </span>
    </p>
   </div>
   <div class='ocr_carea' id='block_1_7' title="bbox 267 1194 385 1259">
    <p class='ocr_par' dir='ltr' id='par_1_13' title="bbox 267 1194 385 1259">
     <span class='ocr_line' id='line_1_30' title="bbox 267 1194 384 1212; baseline -0.009 0"><span class='ocrx_word' id='word_1_163' title='bbox 267 1194 312 1212; x_wconf 81' lang='lat' dir='ltr'>dum</span> <span class='ocrx_word' id='word_1_164' title='bbox 330 1195 384 1211; x_wconf 85' lang='lat' dir='ltr'>natu-</span> 
     </span>
     <span class='ocr_line' id='line_1_31' title="bbox 268 1217 385 1243; baseline -0.009 -8"><span class='ocrx_word' id='word_1_165' title='bbox 268 1222 308 1235; x_wconf 89' lang='lat' dir='ltr'>ram</span> <span class='ocrx_word' id='word_1_166' title='bbox 321 1217 385 1243; x_wconf 72' lang='lat' dir='ltr'>hnma-</span> 
     </span>
     <span class='ocr_line' id='line_1_32' title="bbox 268 1242 367 1259; baseline -0.01 0"><span class='ocrx_word' id='word_1_167' title='bbox 268 1246 311 1259; x_wconf 81' lang='lat' dir='ltr'>nam</span> <span class='ocrx_word' id='word_1_168' title='bbox 325 1242 367 1258; x_wconf 83' lang='lat' dir='ltr'>tria.</span> 
     </span>
    </p>
   </div>
   <div class='ocr_carea' id='block_1_8' title="bbox 401 1205 1257 2134">
    <p class='ocr_par' dir='ltr' id='par_1_14' title="bbox 401 1205 1253 1528">
     <span class='ocr_line' id='line_1_33' title="bbox 401 1205 1253 1245; baseline -0.005 -8"><span class='ocrx_word' id='word_1_169' title='bbox 401 1208 531 1245; x_wconf 87' lang='lat' dir='ltr'>quoniam</span> <span class='ocrx_word' id='word_1_170' title='bbox 555 1208 606 1236; x_wconf 85' lang='lat' dir='ltr'>hoc</span> <span class='ocrx_word' id='word_1_171' title='bbox 627 1206 773 1235; x_wconf 83' lang='lat' dir='ltr'>videbatur</span> <span class='ocrx_word' id='word_1_172' title='bbox 794 1206 895 1235; x_wconf 77' lang='lat' dir='ltr'>falsum</span> <span class='ocrx_word' id='word_1_173' title='bbox 916 1208 943 1234; x_wconf 90' lang='lat' dir='ltr'>et</span> <span class='ocrx_word' id='word_1_174' title='bbox 963 1213 1094 1242; x_wconf 86' lang='lat' dir='ltr'>asperum</span> <span class='ocrx_word' id='word_1_175' title='bbox 1124 1205 1181 1234; x_wconf 88' lang='lat' dir='ltr'>sive</span> <span class='ocrx_word' id='word_1_176' title='bbox 1201 1205 1253 1233; x_wconf 90' lang='lat' dir='ltr'>du-</span> 
     </span>
     <span class='ocr_line' id='line_1_34' title="bbox 403 1252 1253 1291; baseline -0.005 -7"><span class='ocrx_word' id='word_1_177' title='bbox 403 1263 484 1289; x_wconf 86' lang='lat' dir='ltr'>rum,</span> <span class='ocrx_word' id='word_1_178' title='bbox 506 1255 566 1283; x_wconf 90' lang='lat' dir='ltr'>ideo</span> <span class='ocrx_word' id='word_1_179' title='bbox 587 1255 655 1283; x_wconf 83' lang='lat' dir='ltr'>haec</span> <span class='ocrx_word' id='word_1_180' title='bbox 677 1262 741 1291; x_wconf 90' lang='lat' dir='ltr'>pars</span> <span class='ocrx_word' id='word_1_181' title='bbox 763 1253 845 1282; x_wconf 83' lang='lat' dir='ltr'>habet</span> <span class='ocrx_word' id='word_1_182' title='bbox 867 1257 924 1282; x_wconf 86' lang='lat' dir='ltr'>tres</span> <span class='ocrx_word' id='word_1_183' title='bbox 939 1256 1040 1290; x_wconf 87' lang='lat' dir='ltr'>partes.</span> <span class='ocrx_word' id='word_1_184' title='bbox 1064 1252 1155 1281; x_wconf 87' lang='lat' dir='ltr'>Primo</span> <span class='ocrx_word' id='word_1_185' title='bbox 1176 1252 1253 1289; x_wconf 84' lang='lat' dir='ltr'>poni-</span> 
     </span>
     <span class='ocr_line' id='line_1_35' title="bbox 404 1299 1253 1336; baseline -0.004 -6"><span class='ocrx_word' id='word_1_186' title='bbox 404 1306 450 1331; x_wconf 88' lang='lat' dir='ltr'>tur</span> <span class='ocrx_word' id='word_1_187' title='bbox 472 1301 626 1330; x_wconf 65' lang='lat' dir='ltr'>instructio</span> <span class='ocrx_word' id='word_1_188' title='bbox 654 1300 793 1334; x_wconf 85' lang='lat' dir='ltr'>fidelium;</span> <span class='ocrx_word' id='word_1_189' title='bbox 819 1300 956 1334; x_wconf 77' lang='lat' dir='ltr'>serundo,</span> <span class='ocrx_word' id='word_1_190' title='bbox 978 1299 1066 1336; x_wconf 87' lang='lat' dir='ltr'>ipsius</span> <span class='ocrx_word' id='word_1_191' title='bbox 1095 1299 1253 1335; x_wconf 76' lang='lat' dir='ltr'>confirma-</span> 
     </span>
     <span class='ocr_line' id='line_1_36' title="bbox 404 1346 1253 1385; baseline -0.004 -8"><span class='ocrx_word' id='word_1_192' title='bbox 404 1349 442 1377; x_wconf 91' lang='lat' dir='ltr'>tio</span> <span class='ocrx_word' id='word_1_193' title='bbox 470 1351 584 1385; x_wconf 87' lang='lat' dir='ltr'>propter</span> <span class='ocrx_word' id='word_1_194' title='bbox 616 1347 780 1376; x_wconf 85' lang='lat' dir='ltr'>ludaeorum</span> <span class='ocrx_word' id='word_1_195' title='bbox 812 1347 945 1383; x_wconf 80' lang='lat' dir='ltr'>litigium,</span> <span class='ocrx_word' id='word_1_196' title='bbox 971 1346 1007 1375; x_wconf 88' lang='lat' dir='ltr'>ibi</span> <span class='ocrx_word' id='word_1_197' title='bbox 1028 1346 1053 1374; x_wconf 86' lang='lat'>⁵:</span> <span class='ocrx_word' id='word_1_198' title='bbox 1086 1346 1253 1384; x_wconf 75' lang='lat' dir='ltr'>Litiyabant</span> 
     </span>
     <span class='ocr_line' id='line_1_37' title="bbox 405 1393 1253 1434; baseline -0.005 -9"><span class='ocrx_word' id='word_1_199' title='bbox 405 1405 473 1434; x_wconf 67' lang='lat' dir='ltr'>erqo</span> <span class='ocrx_word' id='word_1_200' title='bbox 496 1394 600 1424; x_wconf 78' lang='lat' dir='ltr'>Iudaei</span> <span class='ocrx_word' id='word_1_201' title='bbox 619 1398 684 1428; x_wconf 89' lang='lat' dir='ltr'>etc.;</span> <span class='ocrx_word' id='word_1_202' title='bbox 711 1394 806 1428; x_wconf 90' lang='lat' dir='ltr'>tertio,</span> <span class='ocrx_word' id='word_1_203' title='bbox 834 1393 921 1431; x_wconf 88' lang='lat' dir='ltr'>ipsius</span> <span class='ocrx_word' id='word_1_204' title='bbox 941 1393 1111 1430; x_wconf 63' lang='lat' dir='ltr'>ezplanatio</span> <span class='ocrx_word' id='word_1_205' title='bbox 1139 1396 1253 1430; x_wconf 87' lang='lat' dir='ltr'>propter</span> 
     </span>
     <span class='ocr_line' id='line_1_38' title="bbox 404 1439 1253 1480; baseline -0.005 -9"><span class='ocrx_word' id='word_1_206' title='bbox 404 1443 605 1480; x_wconf 82' lang='lat' dir='ltr'>discipulorum</span> <span class='ocrx_word' id='word_1_207' title='bbox 626 1441 798 1475; x_wconf 85' lang='lat' dir='ltr'>scandalum,</span> <span class='ocrx_word' id='word_1_208' title='bbox 826 1440 878 1469; x_wconf 86' lang='lat' dir='ltr'>ibi:</span> <span class='ocrx_word' id='word_1_209' title='bbox 901 1441 980 1469; x_wconf 82' lang='lat' dir='ltr'>Haec</span> <span class='ocrx_word' id='word_1_210' title='bbox 1002 1440 1079 1468; x_wconf 72' lang='lat' dir='ltr'>dixit</span> <span class='ocrx_word' id='word_1_211' title='bbox 1099 1440 1131 1468; x_wconf 83' lang='lat' dir='ltr'>in</span> <span class='ocrx_word' id='word_1_212' title='bbox 1159 1439 1253 1477; x_wconf 79' lang='lat' dir='ltr'>Syna-</span> 
     </span>
     <span class='ocr_line' id='line_1_39' title="bbox 403 1490 677 1528; baseline -0.007 -9"><span class='ocrx_word' id='word_1_213' title='bbox 403 1499 480 1528; x_wconf 66' lang='lat' dir='ltr'><em>909OE</em></span> <span class='ocrx_word' id='word_1_214' title='bbox 501 1490 605 1518; x_wconf 75' lang='lat' dir='ltr'>docens</span> <span class='ocrx_word' id='word_1_215' title='bbox 626 1492 677 1518; x_wconf 87' lang='lat' dir='ltr'>etc.</span> 
     </span>
    </p>

    <p class='ocr_par' dir='ltr' id='par_1_15' title="bbox 404 1533 1257 2134">
     <span class='ocr_line' id='line_1_40' title="bbox 485 1533 1254 1573; baseline -0.005 -8"><span class='ocrx_word' id='word_1_216' title='bbox 485 1537 573 1573; x_wconf 76' lang='lat' dir='ltr'>(Vers.</span> <span class='ocrx_word' id='word_1_217' title='bbox 587 1536 654 1569; x_wconf 63' lang='lat'>52).</span> <span class='ocrx_word' id='word_1_218' title='bbox 670 1536 828 1564; x_wconf 74' lang='lat' dir='ltr'>Instructio</span> <span class='ocrx_word' id='word_1_219' title='bbox 843 1535 936 1564; x_wconf 87' lang='lat' dir='ltr'>brevis</span> <span class='ocrx_word' id='word_1_220' title='bbox 950 1534 1077 1571; x_wconf 89' lang='lat' dir='ltr'>ponitur,</span> <span class='ocrx_word' id='word_1_221' title='bbox 1093 1533 1120 1562; x_wconf 78' lang='lat' dir='ltr'>In</span> <span class='ocrx_word' id='word_1_222' title='bbox 1131 1541 1187 1570; x_wconf 89' lang='lat' dir='ltr'>qua</span> <span class='ocrx_word' id='word_1_223' title='bbox 1198 1541 1254 1561; x_wconf 84' lang='lat' dir='ltr'>car·</span> 
     </span>
     <span class='ocr_line' id='line_1_41' title="bbox 406 1580 1255 1619; baseline -0.006 -7"><span class='ocrx_word' id='word_1_224' title='bbox 406 1592 468 1612; x_wconf 87' lang='lat' dir='ltr'>nem</span> <span class='ocrx_word' id='word_1_225' title='bbox 490 1591 568 1612; x_wconf 84' lang='lat' dir='ltr'>suam</span> <span class='ocrx_word' id='word_1_226' title='bbox 590 1583 655 1611; x_wconf 85' lang='lat' dir='ltr'>dicit</span> <span class='ocrx_word' id='word_1_227' title='bbox 677 1590 736 1611; x_wconf 86' lang='lat' dir='ltr'>esse</span> <span class='ocrx_word' id='word_1_228' title='bbox 758 1590 872 1619; x_wconf 85' lang='lat' dir='ltr'>panem;</span> <span class='ocrx_word' id='word_1_229' title='bbox 894 1584 1008 1618; x_wconf 86' lang='lat' dir='ltr'>propter</span> <span class='ocrx_word' id='word_1_230' title='bbox 1029 1580 1103 1617; x_wconf 90' lang='lat' dir='ltr'>quod</span> <span class='ocrx_word' id='word_1_231' title='bbox 1123 1580 1204 1608; x_wconf 91' lang='lat' dir='ltr'>dicit:</span> <span class='ocrx_word' id='word_1_232' title='bbox 1221 1580 1255 1607; x_wconf 87' lang='lat' dir='ltr'>Et</span> 
     </span>
     <span class='ocr_line' id='line_1_42' title="bbox 404 1627 1254 1668; baseline -0.005 -10"><span class='ocrx_word' id='word_1_233' title='bbox 404 1630 494 1668; x_wconf 68' lang='lat' dir='ltr'>panis</span> <span class='ocrx_word' id='word_1_234' title='bbox 508 1633 573 1664; x_wconf 84' lang='lat' dir='ltr'>etc.;</span> <span class='ocrx_word' id='word_1_235' title='bbox 589 1630 627 1658; x_wconf 87' lang='lat' dir='ltr'>ita</span> <span class='ocrx_word' id='word_1_236' title='bbox 647 1637 697 1666; x_wconf 86' lang='lat' dir='ltr'>ego</span> <span class='ocrx_word' id='word_1_237' title='bbox 718 1637 780 1657; x_wconf 89' lang='lat' dir='ltr'>sum</span> <span class='ocrx_word' id='word_1_238' title='bbox 802 1628 880 1665; x_wconf 81' lang='lat' dir='ltr'>panis</span> <span class='ocrx_word' id='word_1_239' title='bbox 895 1628 1047 1657; x_wconf 82' lang='lat' dir='ltr'>secundum</span> <span class='ocrx_word' id='word_1_240' title='bbox 1065 1627 1254 1660; x_wconf 69' lang='lat' dir='ltr'>Divinitatem3</span> 
     </span>
     <span class='ocr_line' id='line_1_43' title="bbox 406 1674 1255 1713; baseline -0.006 -7"><span class='ocrx_word' id='word_1_241' title='bbox 406 1686 468 1707; x_wconf 89' lang='lat' dir='ltr'>sum</span> <span class='ocrx_word' id='word_1_242' title='bbox 484 1677 565 1705; x_wconf 88' lang='lat' dir='ltr'>etiam</span> <span class='ocrx_word' id='word_1_243' title='bbox 580 1676 659 1713; x_wconf 90' lang='lat' dir='ltr'>panis</span> <span class='ocrx_word' id='word_1_244' title='bbox 670 1676 823 1705; x_wconf 84' lang='lat' dir='ltr'>secundum</span> <span class='ocrx_word' id='word_1_245' title='bbox 839 1683 963 1709; x_wconf 74' lang='lat' dir='ltr'>carnem3</span> <span class='ocrx_word' id='word_1_246' title='bbox 979 1674 1052 1703; x_wconf 88' lang='lat' dir='ltr'>unde</span> <span class='ocrx_word' id='word_1_247' title='bbox 1067 1674 1144 1702; x_wconf 84' lang='lat' dir='ltr'>dicit:</span> <span class='ocrx_word' id='word_1_248' title='bbox 1158 1674 1255 1711; x_wconf 83' lang='lat' dir='ltr'>Etpa-</span> 
     </span>
     <span class='ocr_line' id='line_1_44' title="bbox 406 1720 1255 1761; baseline -0.005 -9"><span class='ocrx_word' id='word_1_249' title='bbox 406 1724 466 1757; x_wconf 74' lang='lat' dir='ltr'>nis,</span> <span class='ocrx_word' id='word_1_250' title='bbox 479 1732 562 1761; x_wconf 77' lang='lat' dir='ltr'>quenz</span> <span class='ocrx_word' id='word_1_251' title='bbox 574 1731 623 1760; x_wconf 75' lang='lat' dir='ltr'>eyo</span> <span class='ocrx_word' id='word_1_252' title='bbox 635 1722 720 1756; x_wconf 75' lang='lat' dir='ltr'>dabo,</span> <span class='ocrx_word' id='word_1_253' title='bbox 733 1722 837 1751; x_wconf 88' lang='lat' dir='ltr'>scilicet</span> <span class='ocrx_word' id='word_1_254' title='bbox 847 1722 881 1750; x_wconf 87' lang='lat' dir='ltr'>ad</span> <span class='ocrx_word' id='word_1_255' title='bbox 892 1721 1086 1754; x_wconf 80' lang='lat' dir='ltr'>reficiendum,</span> <span class='ocrx_word' id='word_1_256' title='bbox 1102 1720 1255 1749; x_wconf 84' lang='lat' dir='ltr'>seeundum</span> 
     </span>
     <span class='ocr_line' id='line_1_45' title="bbox 407 1769 1255 1808; baseline -0.005 -9"><span class='ocrx_word' id='word_1_257' title='bbox 407 1770 481 1808; x_wconf 90' lang='lat' dir='ltr'>quod</span> <span class='ocrx_word' id='word_1_258' title='bbox 495 1770 616 1807; x_wconf 88' lang='lat' dir='ltr'>petimus</span> <span class='ocrx_word' id='word_1_259' title='bbox 630 1770 657 1798; x_wconf 92' lang='lat' dir='ltr'>in</span> <span class='ocrx_word' id='word_1_260' title='bbox 678 1770 802 1798; x_wconf 87' lang='lat' dir='ltr'>oratione</span> <span class='ocrx_word' id='word_1_261' title='bbox 817 1769 964 1797; x_wconf 84' lang='lat' dir='ltr'>dominica:</span> <span class='ocrx_word' id='word_1_262' title='bbox 985 1780 998 1793; x_wconf 86' lang='lat'>«</span> <span class='ocrx_word' id='word_1_263' title='bbox 1015 1769 1113 1797; x_wconf 83' lang='lat' dir='ltr'>Panem</span> <span class='ocrx_word' id='word_1_264' title='bbox 1128 1771 1255 1797; x_wconf 85' lang='lat' dir='ltr'>nostruin</span> 
     </span>
     <span class='ocr_line' id='line_1_46' title="bbox 407 1814 1255 1855; baseline -0.004 -9"><span class='ocrx_word' id='word_1_265' title='bbox 407 1817 702 1855; x_wconf 75' lang='lat' dir='ltr'>supersubstantialem</span> <span class='ocrx_word' id='word_1_266' title='bbox 717 1817 752 1845; x_wconf 85' lang='lat' dir='ltr'>da</span> <span class='ocrx_word' id='word_1_267' title='bbox 765 1817 845 1845; x_wconf 90' lang='lat' dir='ltr'>nobis</span> <span class='ocrx_word' id='word_1_268' title='bbox 860 1816 941 1845; x_wconf 87' lang='lat' dir='ltr'>hodie</span> <span class='ocrx_word' id='word_1_269' title='bbox 953 1828 980 1850; x_wconf 86' lang='lat'>»‚</span> <span class='ocrx_word' id='word_1_270' title='bbox 1000 1815 1127 1844; x_wconf 82' lang='lat' dir='ltr'>Matthaei</span> <span class='ocrx_word' id='word_1_271' title='bbox 1143 1814 1255 1849; x_wconf 75' lang='lat' dir='ltr'>sexto⁶;</span> 
     </span>
     <span class='ocr_line' id='line_1_47' title="bbox 406 1862 1256 1901; baseline -0.004 -8"><span class='ocrx_word' id='word_1_272' title='bbox 406 1873 478 1894; x_wconf 81' lang='lat' dir='ltr'>caro</span> <span class='ocrx_word' id='word_1_273' title='bbox 499 1872 564 1893; x_wconf 77' lang='lat' dir='ltr'>mea</span> <span class='ocrx_word' id='word_1_274' title='bbox 582 1867 635 1897; x_wconf 78' lang='lat' dir='ltr'>est,</span> <span class='ocrx_word' id='word_1_275' title='bbox 657 1872 729 1901; x_wconf 87' lang='lat' dir='ltr'>quae</span> <span class='ocrx_word' id='word_1_276' title='bbox 744 1864 848 1892; x_wconf 84' lang='lat' dir='ltr'>scilicet</span> <span class='ocrx_word' id='word_1_277' title='bbox 863 1863 964 1897; x_wconf 75' lang='lat' dir='ltr'>reticit3</span> <span class='ocrx_word' id='word_1_278' title='bbox 986 1863 1091 1899; x_wconf 88' lang='lat' dir='ltr'>primae</span> <span class='ocrx_word' id='word_1_279' title='bbox 1106 1862 1140 1890; x_wconf 88' lang='lat' dir='ltr'>ad</span> <span class='ocrx_word' id='word_1_280' title='bbox 1161 1862 1256 1890; x_wconf 86' lang='lat' dir='ltr'>Corin-</span> 
     </span>
     <span class='ocr_line' id='line_1_48' title="bbox 408 1910 1257 1947; baseline -0.004 -7"><span class='ocrx_word' id='word_1_281' title='bbox 408 1912 480 1940; x_wconf 90' lang='lat' dir='ltr'>thios</span> <span class='ocrx_word' id='word_1_282' title='bbox 495 1911 613 1940; x_wconf 81' lang='lat' dir='ltr'>decimo:</span> <span class='ocrx_word' id='word_1_283' title='bbox 634 1910 750 1944; x_wconf 87' lang='lat' dir='ltr'>«Panis,</span> <span class='ocrx_word' id='word_1_284' title='bbox 765 1918 848 1947; x_wconf 83' lang='lat' dir='ltr'>quein</span> <span class='ocrx_word' id='word_1_285' title='bbox 864 1910 1030 1946; x_wconf 78' lang='lat' dir='ltr'>frangimus,</span> <span class='ocrx_word' id='word_1_286' title='bbox 1046 1917 1137 1938; x_wconf 90' lang='lat' dir='ltr'>nonne</span> <span class='ocrx_word' id='word_1_287' title='bbox 1155 1916 1257 1945; x_wconf 88' lang='lat' dir='ltr'>corpus</span> 
     </span>
     <span class='ocr_line' id='line_1_49' title="bbox 407 1956 1257 1990; baseline -0.005 -3"><span class='ocrx_word' id='word_1_288' title='bbox 407 1958 515 1987; x_wconf 89' lang='lat' dir='ltr'>Domini</span> <span class='ocrx_word' id='word_1_289' title='bbox 536 1961 577 1986; x_wconf 85' lang='lat' dir='ltr'>est</span> <span class='ocrx_word' id='word_1_290' title='bbox 589 1960 625 1986; x_wconf 66' lang='grc' dir='ltr'>»ἵ</span> <span class='ocrx_word' id='word_1_291' title='bbox 641 1958 701 1986; x_wconf 80' lang='lat' dir='ltr'>Pro</span> <span class='ocrx_word' id='word_1_292' title='bbox 722 1957 828 1985; x_wconf 78' lang='lat' dir='ltr'>mundi</span> <span class='ocrx_word' id='word_1_293' title='bbox 841 1957 916 1990; x_wconf 74' lang='lat' dir='ltr'>¹vita,</span> <span class='ocrx_word' id='word_1_294' title='bbox 935 1956 999 1984; x_wconf 87' lang='lat' dir='ltr'>data</span> <span class='ocrx_word' id='word_1_295' title='bbox 1013 1956 1114 1984; x_wconf 86' lang='lat' dir='ltr'>scilicet</span> <span class='ocrx_word' id='word_1_296' title='bbox 1137 1959 1178 1984; x_wconf 90' lang='lat' dir='ltr'>est</span> <span class='ocrx_word' id='word_1_297' title='bbox 1192 1963 1257 1984; x_wconf 81' lang='lat' dir='ltr'>caro</span> 
     </span>
     <span class='ocr_line' id='line_1_50' title="bbox 407 2002 1256 2041; baseline -0.005 -8"><span class='ocrx_word' id='word_1_298' title='bbox 407 2005 522 2038; x_wconf 85' lang='lat' dir='ltr'>Christi,</span> <span class='ocrx_word' id='word_1_299' title='bbox 544 2012 607 2033; x_wconf 87' lang='lat' dir='ltr'>cum</span> <span class='ocrx_word' id='word_1_300' title='bbox 623 2004 758 2041; x_wconf 85' lang='lat' dir='ltr'>supplicio</span> <span class='ocrx_word' id='word_1_301' title='bbox 772 2006 814 2032; x_wconf 91' lang='lat' dir='ltr'>est</span> <span class='ocrx_word' id='word_1_302' title='bbox 834 2003 974 2040; x_wconf 80' lang='lat' dir='ltr'>exposita,</span> <span class='ocrx_word' id='word_1_303' title='bbox 990 2002 1070 2031; x_wconf 87' lang='lat' dir='ltr'>iuxta</span> <span class='ocrx_word' id='word_1_304' title='bbox 1088 2002 1156 2030; x_wconf 91' lang='lat' dir='ltr'>illud</span> <span class='ocrx_word' id='word_1_305' title='bbox 1170 2002 1256 2030; x_wconf 82' lang='lat' dir='ltr'>Thre-</span> 
     </span>
     <span class='ocr_line' id='line_1_51' title="bbox 407 2049 1256 2086; baseline -0.006 -6"><span class='ocrx_word' id='word_1_306' title='bbox 407 2059 508 2080; x_wconf 90' lang='lat' dir='ltr'>norum</span> <span class='ocrx_word' id='word_1_307' title='bbox 530 2051 611 2080; x_wconf 89' lang='lat' dir='ltr'>tertio</span> <span class='ocrx_word' id='word_1_308' title='bbox 627 2051 652 2079; x_wconf 91' lang='lat'>⁷:</span> <span class='ocrx_word' id='word_1_309' title='bbox 680 2062 694 2075; x_wconf 71' lang='lat' dir='ltr'>&lt;r</span> <span class='ocrx_word' id='word_1_310' title='bbox 712 2050 793 2078; x_wconf 82' lang='lat' dir='ltr'>Dabit</span> <span class='ocrx_word' id='word_1_311' title='bbox 820 2049 986 2086; x_wconf 83' lang='lat' dir='ltr'>percutienti</span> <span class='ocrx_word' id='word_1_312' title='bbox 1008 2057 1037 2077; x_wconf 87' lang='lat' dir='ltr'>se</span> <span class='ocrx_word' id='word_1_313' title='bbox 1064 2049 1207 2077; x_wconf 84' lang='lat' dir='ltr'>maxillam</span> <span class='ocrx_word' id='word_1_314' title='bbox 1228 2060 1256 2082; x_wconf 85' lang='lat'>»,</span> 
     </span>
     <span class='ocr_line' id='line_1_52' title="bbox 408 2095 1255 2134; baseline -0.005 -7"><span class='ocrx_word' id='word_1_315' title='bbox 408 2098 491 2127; x_wconf 90' lang='lat' dir='ltr'>immo</span> <span class='ocrx_word' id='word_1_316' title='bbox 522 2101 610 2127; x_wconf 91' lang='lat' dir='ltr'>totum</span> <span class='ocrx_word' id='word_1_317' title='bbox 642 2105 759 2134; x_wconf 88' lang='lat' dir='ltr'>corpus;</span> <span class='ocrx_word' id='word_1_318' title='bbox 791 2096 865 2125; x_wconf 88' lang='lat' dir='ltr'>unde</span> <span class='ocrx_word' id='word_1_319' title='bbox 896 2096 979 2125; x_wconf 88' lang='lat' dir='ltr'>Isaiae</span> <span class='ocrx_word' id='word_1_320' title='bbox 1010 2095 1255 2133; x_wconf 79' lang='lat' dir='ltr'>quinquagesimo:</span> 
     </span>
    </p>
   </div>
   <div class='ocr_carea' id='block_1_9' title="bbox 410 2238 1260 2971">
    <p class='ocr_par' dir='ltr' id='par_1_16' title="bbox 410 2238 1258 2346">
     <span class='ocr_line' id='line_1_53' title="bbox 473 2238 1258 2267; baseline -0.003 -5"><span class='ocrx_word' id='word_1_321' title='bbox 473 2239 481 2252; x_wconf 95' lang='lat'>¹</span> <span class='ocrx_word' id='word_1_322' title='bbox 499 2239 544 2262; x_wconf 85' lang='lat' dir='ltr'>Csr.</span> <span class='ocrx_word' id='word_1_323' title='bbox 562 2241 577 2262; x_wconf 93' lang='grc'>1.</span> <span class='ocrx_word' id='word_1_324' title='bbox 595 2240 656 2262; x_wconf 78' lang='lat' dir='ltr'>Sent.</span> <span class='ocrx_word' id='word_1_325' title='bbox 675 2240 698 2261; x_wconf 89' lang='lat' dir='ltr'>d.</span> <span class='ocrx_word' id='word_1_326' title='bbox 715 2239 752 2261; x_wconf 84' lang='lat'>34.</span> <span class='ocrx_word' id='word_1_327' title='bbox 770 2245 792 2267; x_wconf 90' lang='lat' dir='ltr'>q.</span> <span class='ocrx_word' id='word_1_328' title='bbox 811 2239 832 2261; x_wconf 84' lang='lat'>3.</span> <span class='ocrx_word' id='word_1_329' title='bbox 850 2241 871 2261; x_wconf 84' lang='lat' dir='ltr'>et</span> <span class='ocrx_word' id='word_1_330' title='bbox 888 2238 1004 2267; x_wconf 69' lang='lat' dir='ltr'>Breriloq.</span> <span class='ocrx_word' id='word_1_331' title='bbox 1021 2245 1044 2266; x_wconf 88' lang='lat' dir='ltr'>p.</span> <span class='ocrx_word' id='word_1_332' title='bbox 1062 2238 1076 2260; x_wconf 93' lang='lat' dir='ltr'>l.</span> <span class='ocrx_word' id='word_1_333' title='bbox 1094 2244 1114 2260; x_wconf 83' lang='lat' dir='ltr'>c.</span> <span class='ocrx_word' id='word_1_334' title='bbox 1132 2238 1154 2260; x_wconf 87' lang='grc'>6.</span> <span class='ocrx_word' id='word_1_335' title='bbox 1170 2250 1201 2254; x_wconf 92' lang='grc'>-</span> <span class='ocrx_word' id='word_1_336' title='bbox 1218 2239 1258 2260; x_wconf 85' lang='lat' dir='ltr'>Su-</span> 
     </span>
     <span class='ocr_line' id='line_1_54' title="bbox 410 2276 1258 2308; baseline -0.002 -7"><span class='ocrx_word' id='word_1_337' title='bbox 410 2279 487 2307; x_wconf 86' lang='lat' dir='ltr'>perius</span> <span class='ocrx_word' id='word_1_338' title='bbox 512 2285 554 2306; x_wconf 88' lang='lat' dir='ltr'>pro</span> <span class='ocrx_word' id='word_1_339' title='bbox 582 2278 650 2306; x_wconf 75' lang='lat' dir='ltr'>Quod</span> <span class='ocrx_word' id='word_1_340' title='bbox 674 2277 816 2308; x_wconf 73' lang='lat' dir='ltr'>appropriat</span> <span class='ocrx_word' id='word_1_341' title='bbox 840 2278 859 2300; x_wconf 82' lang='grc' dir='ltr'>Α</span> <span class='ocrx_word' id='word_1_342' title='bbox 878 2277 946 2305; x_wconf 73' lang='lat' dir='ltr'>Quod</span> <span class='ocrx_word' id='word_1_343' title='bbox 962 2276 1145 2306; x_wconf 71' lang='lat' dir='ltr'>appropriatur.</span> <span class='ocrx_word' id='word_1_344' title='bbox 1163 2277 1258 2299; x_wconf 82' lang='lat' dir='ltr'>lnserius</span> 
     </span>
     <span class='ocr_line' id='line_1_55' title="bbox 410 2315 1157 2346; baseline -0.003 -6"><span class='ocrx_word' id='word_1_345' title='bbox 410 2324 452 2346; x_wconf 91' lang='lat' dir='ltr'>pro</span> <span class='ocrx_word' id='word_1_346' title='bbox 472 2317 592 2340; x_wconf 70' lang='lat' dir='ltr'>Trinitatis</span> <span class='ocrx_word' id='word_1_347' title='bbox 609 2324 654 2339; x_wconf 89' lang='lat' dir='ltr'>non</span> <span class='ocrx_word' id='word_1_348' title='bbox 672 2317 739 2345; x_wconf 83' lang='lat' dir='ltr'>pauci</span> <span class='ocrx_word' id='word_1_349' title='bbox 757 2317 826 2339; x_wconf 84' lang='lat' dir='ltr'>codd.</span> <span class='ocrx_word' id='word_1_350' title='bbox 846 2316 942 2339; x_wconf 74' lang='lat' dir='ltr'>Deitatis</span> <span class='ocrx_word' id='word_1_351' title='bbox 960 2316 997 2338; x_wconf 85' lang='lat' dir='ltr'>vel</span> <span class='ocrx_word' id='word_1_352' title='bbox 1015 2315 1157 2339; x_wconf 76' lang='lat' dir='ltr'>Dioinitatis.</span> 
     </span>
    </p>

    <p class='ocr_par' dir='ltr' id='par_1_17' title="bbox 472 2355 1068 2385">
     <span class='ocr_line' id='line_1_56' title="bbox 472 2355 1068 2385; baseline -0.002 -7"><span class='ocrx_word' id='word_1_353' title='bbox 472 2355 480 2368; x_wconf 81' lang='lat'><strong>²</strong></span> <span class='ocrx_word' id='word_1_354' title='bbox 498 2357 563 2379; x_wconf 74' lang='lat' dir='ltr'>Vers.</span> <span class='ocrx_word' id='word_1_355' title='bbox 582 2357 619 2378; x_wconf 79' lang='lat'>28.</span> <span class='ocrx_word' id='word_1_356' title='bbox 635 2368 667 2373; x_wconf 90' lang='lat'><strong>—</strong></span> <span class='ocrx_word' id='word_1_357' title='bbox 683 2356 791 2385; x_wconf 83' lang='lat' dir='ltr'>Sequitur</span> <span class='ocrx_word' id='word_1_358' title='bbox 809 2356 858 2378; x_wconf 84' lang='lat' dir='ltr'>lsai.</span> <span class='ocrx_word' id='word_1_359' title='bbox 875 2355 918 2384; x_wconf 81' lang='lat'>54,</span> <span class='ocrx_word' id='word_1_360' title='bbox 940 2356 973 2378; x_wconf 76' lang='lat'>12.</span> <span class='ocrx_word' id='word_1_361' title='bbox 991 2358 1013 2377; x_wconf 91' lang='lat' dir='ltr'>et</span> <span class='ocrx_word' id='word_1_362' title='bbox 1034 2355 1068 2377; x_wconf 89' lang='grc'>13.</span> 
     </span>
    </p>

    <p class='ocr_par' dir='ltr' id='par_1_18' title="bbox 411 2394 1260 2971">
     <span class='ocr_line' id='line_1_57' title="bbox 472 2394 1257 2423; baseline 0 -6"><span class='ocrx_word' id='word_1_363' title='bbox 472 2394 482 2407; x_wconf 74' lang='lat'>⁵</span> <span class='ocrx_word' id='word_1_364' title='bbox 499 2395 613 2418; x_wconf 81' lang='lat' dir='ltr'>Enchirid.</span> <span class='ocrx_word' id='word_1_365' title='bbox 636 2401 656 2418; x_wconf 84' lang='lat' dir='ltr'>c.</span> <span class='ocrx_word' id='word_1_366' title='bbox 681 2396 731 2418; x_wconf 87' lang='grc'>103.</span> <span class='ocrx_word' id='word_1_367' title='bbox 752 2402 775 2418; x_wconf 92' lang='lat' dir='ltr'>n.</span> <span class='ocrx_word' id='word_1_368' title='bbox 799 2395 841 2423; x_wconf 78' lang='lat'>27,</span> <span class='ocrx_word' id='word_1_369' title='bbox 864 2395 904 2417; x_wconf 90' lang='lat' dir='ltr'>ubi</span> <span class='ocrx_word' id='word_1_370' title='bbox 928 2395 1007 2422; x_wconf 87' lang='lat' dir='ltr'>docet,</span> <span class='ocrx_word' id='word_1_371' title='bbox 1030 2394 1130 2417; x_wconf 87' lang='lat' dir='ltr'>verbum</span> <span class='ocrx_word' id='word_1_372' title='bbox 1155 2395 1257 2423; x_wconf 84' lang='lat' dir='ltr'>Apostoli</span> 
     </span>
     <span class='ocr_line' id='line_1_58' title="bbox 413 2433 1257 2464; baseline 0 -9"><span class='ocrx_word' id='word_1_373' title='bbox 413 2433 441 2463; x_wconf 93' lang='lat'>[1.</span> <span class='ocrx_word' id='word_1_374' title='bbox 459 2433 519 2456; x_wconf 88' lang='lat' dir='ltr'>Tim.</span> <span class='ocrx_word' id='word_1_375' title='bbox 540 2435 565 2461; x_wconf 77' lang='lat'>2,</span> <span class='ocrx_word' id='word_1_376' title='bbox 585 2433 628 2462; x_wconf 84' lang='lat'>4.]:</span> <span class='ocrx_word' id='word_1_377' title='bbox 648 2433 695 2462; x_wconf 75' lang='lat' dir='ltr'>Qui</span> <span class='ocrx_word' id='word_1_378' title='bbox 711 2439 792 2457; x_wconf 78' lang='lat' dir='ltr'>omnes</span> <span class='ocrx_word' id='word_1_379' title='bbox 810 2433 916 2457; x_wconf 75' lang='lat' dir='ltr'>homines</span> <span class='ocrx_word' id='word_1_380' title='bbox 935 2433 986 2457; x_wconf 73' lang='lat' dir='ltr'>cult</span> <span class='ocrx_word' id='word_1_381' title='bbox 1000 2433 1079 2457; x_wconf 69' lang='lat' dir='ltr'>salvos</span> <span class='ocrx_word' id='word_1_382' title='bbox 1096 2433 1155 2464; x_wconf 72' lang='lat' dir='ltr'>fieri,</span> <span class='ocrx_word' id='word_1_383' title='bbox 1171 2434 1257 2462; x_wconf 86' lang='lat' dir='ltr'>duplici</span> 
     </span>
     <span class='ocr_line' id='line_1_59' title="bbox 411 2472 1257 2502; baseline 0 -7"><span class='ocrx_word' id='word_1_384' title='bbox 411 2472 481 2495; x_wconf 86' lang='lat' dir='ltr'>modo</span> <span class='ocrx_word' id='word_1_385' title='bbox 498 2479 566 2500; x_wconf 83' lang='lat' dir='ltr'>posse</span> <span class='ocrx_word' id='word_1_386' title='bbox 583 2474 678 2501; x_wconf 82' lang='lat' dir='ltr'>exponi,</span> <span class='ocrx_word' id='word_1_387' title='bbox 697 2474 744 2496; x_wconf 89' lang='lat' dir='ltr'>scil.</span> <span class='ocrx_word' id='word_1_388' title='bbox 763 2473 787 2495; x_wconf 75' lang='lat'>4⁰</span> <span class='ocrx_word' id='word_1_389' title='bbox 809 2476 941 2502; x_wconf 70' lang='lat' dir='ltr'>«tanquam</span> <span class='ocrx_word' id='word_1_390' title='bbox 964 2473 1090 2500; x_wconf 87' lang='lat' dir='ltr'>diceretur,</span> <span class='ocrx_word' id='word_1_391' title='bbox 1108 2473 1196 2495; x_wconf 87' lang='lat' dir='ltr'>nullum</span> <span class='ocrx_word' id='word_1_392' title='bbox 1220 2474 1257 2496; x_wconf 92' lang='lat' dir='ltr'>ho-</span> 
     </span>
     <span class='ocr_line' id='line_1_60' title="bbox 411 2513 1258 2541; baseline 0.001 -6"><span class='ocrx_word' id='word_1_393' title='bbox 411 2513 497 2535; x_wconf 87' lang='lat' dir='ltr'>minem</span> <span class='ocrx_word' id='word_1_394' title='bbox 514 2513 564 2535; x_wconf 84' lang='lat' dir='ltr'>fieri</span> <span class='ocrx_word' id='word_1_395' title='bbox 580 2513 683 2541; x_wconf 72' lang='lat' dir='ltr'>salvum,</span> <span class='ocrx_word' id='word_1_396' title='bbox 700 2513 743 2535; x_wconf 87' lang='lat' dir='ltr'>nisi</span> <span class='ocrx_word' id='word_1_397' title='bbox 761 2519 831 2541; x_wconf 86' lang='lat' dir='ltr'>quem</span> <span class='ocrx_word' id='word_1_398' title='bbox 855 2513 904 2535; x_wconf 85' lang='lat' dir='ltr'>fieri</span> <span class='ocrx_word' id='word_1_399' title='bbox 928 2513 976 2541; x_wconf 83' lang='lat' dir='ltr'>ipse</span> <span class='ocrx_word' id='word_1_400' title='bbox 997 2513 1095 2535; x_wconf 85' lang='lat' dir='ltr'>voluerit</span> <span class='ocrx_word' id='word_1_401' title='bbox 1107 2520 1133 2541; x_wconf 76' lang='lat'>»3</span> <span class='ocrx_word' id='word_1_402' title='bbox 1151 2514 1176 2535; x_wconf 80' lang='lat'>2⁰</span> <span class='ocrx_word' id='word_1_403' title='bbox 1197 2522 1207 2532; x_wconf 64' lang='lat' dir='ltr'>a</span> <span class='ocrx_word' id='word_1_404' title='bbox 1219 2516 1258 2535; x_wconf 81' lang='lat' dir='ltr'>aut</span> 
     </span>
     <span class='ocr_line' id='line_1_61' title="bbox 412 2551 1258 2581; baseline 0 -8"><span class='ocrx_word' id='word_1_405' title='bbox 412 2554 473 2574; x_wconf 87' lang='lat' dir='ltr'>certe</span> <span class='ocrx_word' id='word_1_406' title='bbox 490 2552 522 2574; x_wconf 83' lang='lat' dir='ltr'>sic</span> <span class='ocrx_word' id='word_1_407' title='bbox 539 2552 626 2574; x_wconf 88' lang='lat' dir='ltr'>dietum</span> <span class='ocrx_word' id='word_1_408' title='bbox 639 2555 684 2574; x_wconf 84' lang='lat' dir='ltr'>est:</span> <span class='ocrx_word' id='word_1_409' title='bbox 698 2551 746 2579; x_wconf 73' lang='lat' dir='ltr'>Qut</span> <span class='ocrx_word' id='word_1_410' title='bbox 761 2558 841 2575; x_wconf 80' lang='lat' dir='ltr'>omnes</span> <span class='ocrx_word' id='word_1_411' title='bbox 859 2551 964 2575; x_wconf 81' lang='lat' dir='ltr'>homines</span> <span class='ocrx_word' id='word_1_412' title='bbox 981 2552 1034 2575; x_wconf 71' lang='lat' dir='ltr'>vult</span> <span class='ocrx_word' id='word_1_413' title='bbox 1044 2551 1123 2575; x_wconf 74' lang='lat' dir='ltr'>salvos</span> <span class='ocrx_word' id='word_1_414' title='bbox 1135 2551 1199 2581; x_wconf 75' lang='lat' dir='ltr'>fieri,</span> <span class='ocrx_word' id='word_1_415' title='bbox 1212 2558 1258 2574; x_wconf 86' lang='lat' dir='ltr'>non</span> 
     </span>
     <span class='ocr_line' id='line_1_62' title="bbox 412 2590 1258 2619; baseline -0.001 -7"><span class='ocrx_word' id='word_1_416' title='bbox 412 2590 475 2618; x_wconf 83' lang='lat' dir='ltr'>quod</span> <span class='ocrx_word' id='word_1_417' title='bbox 492 2591 568 2612; x_wconf 89' lang='lat' dir='ltr'>nullus</span> <span class='ocrx_word' id='word_1_418' title='bbox 586 2591 705 2613; x_wconf 85' lang='lat' dir='ltr'>hominum</span> <span class='ocrx_word' id='word_1_419' title='bbox 718 2594 788 2618; x_wconf 86' lang='lat' dir='ltr'>esset,</span> <span class='ocrx_word' id='word_1_420' title='bbox 801 2597 871 2619; x_wconf 87' lang='lat' dir='ltr'>quem</span> <span class='ocrx_word' id='word_1_421' title='bbox 889 2591 980 2613; x_wconf 77' lang='lat' dir='ltr'>salvum</span> <span class='ocrx_word' id='word_1_422' title='bbox 998 2590 1047 2612; x_wconf 80' lang='lat' dir='ltr'>fieri</span> <span class='ocrx_word' id='word_1_423' title='bbox 1064 2591 1143 2617; x_wconf 85' lang='lat' dir='ltr'>nollet,</span> <span class='ocrx_word' id='word_1_424' title='bbox 1155 2590 1194 2619; x_wconf 92' lang='lat' dir='ltr'>qui</span> <span class='ocrx_word' id='word_1_425' title='bbox 1212 2590 1258 2611; x_wconf 85' lang='lat' dir='ltr'>vir-</span> 
     </span>
     <span class='ocr_line' id='line_1_63' title="bbox 413 2629 1259 2658; baseline 0.001 -8"><span class='ocrx_word' id='word_1_426' title='bbox 413 2631 472 2651; x_wconf 83' lang='lat' dir='ltr'>tutes</span> <span class='ocrx_word' id='word_1_427' title='bbox 489 2629 653 2652; x_wconf 80' lang='lat' dir='ltr'>miraculorum</span> <span class='ocrx_word' id='word_1_428' title='bbox 672 2630 744 2652; x_wconf 80' lang='lat' dir='ltr'>Iacere</span> <span class='ocrx_word' id='word_1_429' title='bbox 767 2630 839 2652; x_wconf 87' lang='lat' dir='ltr'>noluit</span> <span class='ocrx_word' id='word_1_430' title='bbox 861 2630 924 2658; x_wconf 87' lang='lat' dir='ltr'>apud</span> <span class='ocrx_word' id='word_1_431' title='bbox 947 2636 987 2652; x_wconf 85' lang='lat' dir='ltr'>eos</span> <span class='ocrx_word' id='word_1_432' title='bbox 1008 2636 1068 2658; x_wconf 90' lang='lat' dir='ltr'>quos</span> <span class='ocrx_word' id='word_1_433' title='bbox 1090 2629 1146 2652; x_wconf 86' lang='lat' dir='ltr'>dicit</span> <span class='ocrx_word' id='word_1_434' title='bbox 1167 2632 1259 2652; x_wconf 82' lang='lat' dir='ltr'>acturos</span> 
     </span>
     <span class='ocr_line' id='line_1_64' title="bbox 415 2666 1259 2697; baseline 0.001 -9"><span class='ocrx_word' id='word_1_435' title='bbox 415 2666 483 2689; x_wconf 81' lang='lat' dir='ltr'>ruisse</span> <span class='ocrx_word' id='word_1_436' title='bbox 500 2668 676 2696; x_wconf 82' lang='lat' dir='ltr'>poenitentiam,</span> <span class='ocrx_word' id='word_1_437' title='bbox 694 2668 713 2690; x_wconf 89' lang='lat' dir='ltr'>si</span> <span class='ocrx_word' id='word_1_438' title='bbox 737 2668 840 2697; x_wconf 83' lang='lat' dir='ltr'>secisset;</span> <span class='ocrx_word' id='word_1_439' title='bbox 858 2668 899 2691; x_wconf 88' lang='lat' dir='ltr'>sed</span> <span class='ocrx_word' id='word_1_440' title='bbox 916 2671 941 2691; x_wconf 91' lang='lat' dir='ltr'>ut</span> <span class='ocrx_word' id='word_1_441' title='bbox 958 2674 1038 2691; x_wconf 79' lang='lat' dir='ltr'>omnes</span> <span class='ocrx_word' id='word_1_442' title='bbox 1061 2667 1167 2690; x_wconf 77' lang='lat' dir='ltr'>homines</span> <span class='ocrx_word' id='word_1_443' title='bbox 1189 2673 1259 2689; x_wconf 87' lang='lat' dir='ltr'>omne</span> 
     </span>
     <span class='ocr_line' id='line_1_65' title="bbox 414 2706 1259 2736; baseline 0.001 -8"><span class='ocrx_word' id='word_1_444' title='bbox 414 2712 488 2734; x_wconf 84' lang='lat' dir='ltr'>genus</span> <span class='ocrx_word' id='word_1_445' title='bbox 504 2707 632 2729; x_wconf 87' lang='lat' dir='ltr'>humanum</span> <span class='ocrx_word' id='word_1_446' title='bbox 650 2707 805 2735; x_wconf 77' lang='lat' dir='ltr'>intelligamus</span> <span class='ocrx_word' id='word_1_447' title='bbox 822 2714 864 2735; x_wconf 78' lang='lat' dir='ltr'>per</span> <span class='ocrx_word' id='word_1_448' title='bbox 883 2713 1043 2736; x_wconf 77' lang='lat' dir='ltr'>quascumque</span> <span class='ocrx_word' id='word_1_449' title='bbox 1060 2707 1199 2729; x_wconf 78' lang='lat' dir='ltr'>differentias</span> <span class='ocrx_word' id='word_1_450' title='bbox 1216 2706 1259 2729; x_wconf 90' lang='lat' dir='ltr'>dis-</span> 
     </span>
     <span class='ocr_line' id='line_1_66' title="bbox 413 2744 1259 2774; baseline 0.001 -7"><span class='ocrx_word' id='word_1_451' title='bbox 413 2744 538 2767; x_wconf 84' lang='lat' dir='ltr'>tributum:</span> <span class='ocrx_word' id='word_1_452' title='bbox 556 2751 636 2773; x_wconf 77' lang='lat' dir='ltr'>reges,</span> <span class='ocrx_word' id='word_1_453' title='bbox 654 2746 770 2774; x_wconf 75' lang='lat' dir='ltr'>privatos,</span> <span class='ocrx_word' id='word_1_454' title='bbox 782 2746 882 2774; x_wconf 80' lang='lat' dir='ltr'>nobiles,</span> <span class='ocrx_word' id='word_1_455' title='bbox 895 2746 1008 2774; x_wconf 78' lang='lat' dir='ltr'>ignobiles</span> <span class='ocrx_word' id='word_1_456' title='bbox 1020 2755 1030 2766; x_wconf 67' lang='lat' dir='ltr'>n</span> <span class='ocrx_word' id='word_1_457' title='bbox 1051 2749 1094 2769; x_wconf 84' lang='lat' dir='ltr'>etc.</span> <span class='ocrx_word' id='word_1_458' title='bbox 1106 2746 1151 2768; x_wconf 84' lang='lat' dir='ltr'>Csr.</span> <span class='ocrx_word' id='word_1_459' title='bbox 1164 2746 1193 2768; x_wconf 88' lang='lat' dir='ltr'>de</span> <span class='ocrx_word' id='word_1_460' title='bbox 1205 2745 1259 2768; x_wconf 91' lang='lat' dir='ltr'>Cor-</span> 
     </span>
     <span class='ocr_line' id='line_1_67' title="bbox 413 2785 1259 2813; baseline 0.001 -7"><span class='ocrx_word' id='word_1_461' title='bbox 413 2787 472 2812; x_wconf 86' lang='lat' dir='ltr'>rept.</span> <span class='ocrx_word' id='word_1_462' title='bbox 489 2787 511 2806; x_wconf 84' lang='lat' dir='ltr'>et</span> <span class='ocrx_word' id='word_1_463' title='bbox 528 2785 615 2812; x_wconf 79' lang='lat' dir='ltr'>gratia,</span> <span class='ocrx_word' id='word_1_464' title='bbox 632 2791 652 2807; x_wconf 81' lang='lat' dir='ltr'>c.</span> <span class='ocrx_word' id='word_1_465' title='bbox 673 2785 707 2807; x_wconf 80' lang='lat'>14.</span> <span class='ocrx_word' id='word_1_466' title='bbox 725 2792 748 2807; x_wconf 90' lang='lat' dir='ltr'>n.</span> <span class='ocrx_word' id='word_1_467' title='bbox 766 2785 802 2807; x_wconf 83' lang='lat'>44.</span> <span class='ocrx_word' id='word_1_468' title='bbox 826 2786 883 2808; x_wconf 85' lang='lat' dir='ltr'>Vide</span> <span class='ocrx_word' id='word_1_469' title='bbox 902 2786 970 2808; x_wconf 79' lang='lat' dir='ltr'>etiam</span> <span class='ocrx_word' id='word_1_470' title='bbox 988 2787 1002 2808; x_wconf 91' lang='lat' dir='ltr'>I.</span> <span class='ocrx_word' id='word_1_471' title='bbox 1020 2786 1082 2808; x_wconf 83' lang='lat' dir='ltr'>Sent.</span> <span class='ocrx_word' id='word_1_472' title='bbox 1099 2786 1123 2808; x_wconf 86' lang='lat' dir='ltr'>d.</span> <span class='ocrx_word' id='word_1_473' title='bbox 1143 2785 1179 2807; x_wconf 84' lang='lat'>46.</span> <span class='ocrx_word' id='word_1_474' title='bbox 1197 2791 1220 2813; x_wconf 86' lang='lat' dir='ltr'>q.</span> <span class='ocrx_word' id='word_1_475' title='bbox 1242 2785 1259 2807; x_wconf 87' lang='lat' dir='ltr'>l.</span> 
     </span>
     <span class='ocr_line' id='line_1_68' title="bbox 414 2823 1260 2854; baseline 0.001 -9"><span class='ocrx_word' id='word_1_476' title='bbox 414 2824 437 2846; x_wconf 90' lang='lat' dir='ltr'>in</span> <span class='ocrx_word' id='word_1_477' title='bbox 455 2829 519 2851; x_wconf 77' lang='lat' dir='ltr'>corp.</span> <span class='ocrx_word' id='word_1_478' title='bbox 535 2836 566 2840; x_wconf 97' lang='lat'><strong>—</strong></span> <span class='ocrx_word' id='word_1_479' title='bbox 583 2824 616 2846; x_wconf 87' lang='lat' dir='ltr'>De</span> <span class='ocrx_word' id='word_1_480' title='bbox 633 2823 793 2847; x_wconf 82' lang='lat' dir='ltr'>distributione</span> <span class='ocrx_word' id='word_1_481' title='bbox 807 2831 854 2854; x_wconf 79' lang='lat' dir='ltr'>pro</span> <span class='ocrx_word' id='word_1_482' title='bbox 871 2824 995 2854; x_wconf 69' lang='lat' dir='ltr'>qeneribus</span> <span class='ocrx_word' id='word_1_483' title='bbox 1011 2824 1177 2854; x_wconf 70' lang='lat' dir='ltr'>stnyulorum,</span> <span class='ocrx_word' id='word_1_484' title='bbox 1191 2823 1224 2853; x_wconf 92' lang='lat' dir='ltr'>(v.</span> <span class='ocrx_word' id='word_1_485' title='bbox 1237 2830 1260 2851; x_wconf 80' lang='lat' dir='ltr'>g.</span> 
     </span>
     <span class='ocr_line' id='line_1_69' title="bbox 415 2863 1259 2893; baseline 0.002 -9"><span class='ocrx_word' id='word_1_486' title='bbox 415 2869 483 2885; x_wconf 89' lang='lat' dir='ltr'>omne</span> <span class='ocrx_word' id='word_1_487' title='bbox 500 2863 585 2884; x_wconf 80' lang='lat' dir='ltr'>animal</span> <span class='ocrx_word' id='word_1_488' title='bbox 603 2863 644 2885; x_wconf 83' lang='lat' dir='ltr'>suit</span> <span class='ocrx_word' id='word_1_489' title='bbox 660 2863 684 2885; x_wconf 90' lang='lat' dir='ltr'>in</span> <span class='ocrx_word' id='word_1_490' title='bbox 701 2870 752 2886; x_wconf 83' lang='lat' dir='ltr'>arca</span> <span class='ocrx_word' id='word_1_491' title='bbox 770 2864 835 2892; x_wconf 79' lang='lat' dir='ltr'>Noe),</span> <span class='ocrx_word' id='word_1_492' title='bbox 857 2864 893 2886; x_wconf 86' lang='lat' dir='ltr'>cui</span> <span class='ocrx_word' id='word_1_493' title='bbox 916 2864 1040 2892; x_wconf 89' lang='lat' dir='ltr'>opponitur</span> <span class='ocrx_word' id='word_1_494' title='bbox 1062 2863 1193 2887; x_wconf 85' lang='lat' dir='ltr'>distributio</span> <span class='ocrx_word' id='word_1_495' title='bbox 1212 2869 1259 2893; x_wconf 83' lang='lat' dir='ltr'>pro</span> 
     </span>
     <span class='ocr_line' id='line_1_70' title="bbox 414 2901 1260 2931; baseline 0.001 -7"><span class='ocrx_word' id='word_1_496' title='bbox 414 2901 516 2931; x_wconf 70' lang='lat' dir='ltr'>sinyulis</span> <span class='ocrx_word' id='word_1_497' title='bbox 534 2908 660 2931; x_wconf 61' lang='lat' dir='ltr'>penei-um,</span> <span class='ocrx_word' id='word_1_498' title='bbox 682 2903 722 2924; x_wconf 76' lang='lat' dir='ltr'>csr.</span> <span class='ocrx_word' id='word_1_499' title='bbox 740 2902 796 2924; x_wconf 86' lang='lat' dir='ltr'>Petr.</span> <span class='ocrx_word' id='word_1_500' title='bbox 813 2903 920 2930; x_wconf 62' lang='lat' dir='ltr'>Hispan,</span> <span class='ocrx_word' id='word_1_501' title='bbox 938 2903 1051 2925; x_wconf 79' lang='lat' dir='ltr'>Summul.</span> <span class='ocrx_word' id='word_1_502' title='bbox 1074 2906 1100 2925; x_wconf 84' lang='lat' dir='ltr'>tr.</span> <span class='ocrx_word' id='word_1_503' title='bbox 1124 2902 1151 2926; x_wconf 82' lang='lat' dir='ltr'>de</span> <span class='ocrx_word' id='word_1_504' title='bbox 1173 2902 1260 2925; x_wconf 56' lang='lat' dir='ltr'>Besbi—</span> 
     </span>
     <span class='ocr_line' id='line_1_71' title="bbox 417 2940 1039 2971; baseline 0.002 -8"><span class='ocrx_word' id='word_1_505' title='bbox 417 2940 499 2964; x_wconf 83' lang='lat' dir='ltr'>ctione.</span> <span class='ocrx_word' id='word_1_506' title='bbox 514 2953 545 2957; x_wconf 97' lang='lat'><strong>—</strong></span> <span class='ocrx_word' id='word_1_507' title='bbox 563 2941 603 2963; x_wconf 89' lang='lat' dir='ltr'>Ed.</span> <span class='ocrx_word' id='word_1_508' title='bbox 620 2941 704 2963; x_wconf 87' lang='lat' dir='ltr'>omittit</span> <span class='ocrx_word' id='word_1_509' title='bbox 720 2940 851 2964; x_wconf 72' lang='lat' dir='ltr'>secundnm</span> <span class='ocrx_word' id='word_1_510' title='bbox 869 2942 1039 2971; x_wconf 72' lang='lat' dir='ltr'>Auqustinunt.</span> 
     </span>
    </p>
   </div>
   <div class='ocr_carea' id='block_1_10' title="bbox 1285 2281 1290 2968">
    <p class='ocr_par' dir='ltr' id='par_1_19' title="bbox 1285 2281 1290 2968">
     <span class='ocr_line' id='line_1_72' title="bbox 1285 2281 1290 2968; baseline 0 0"><span class='ocrx_word' id='word_1_511' title='bbox 1285 2281 1290 2968; x_wconf 95' lang='lat' dir='ltr'> </span> 
     </span>
    </p>
   </div>
   <div class='ocr_carea' id='block_1_11' title="bbox 1026 143 1534 173">
    <p class='ocr_par' dir='ltr' id='par_1_20' title="bbox 1026 143 1534 173">
     <span class='ocr_line' id='line_1_73' title="bbox 1026 143 1534 173; baseline 0.002 -1"><span class='ocrx_word' id='word_1_512' title='bbox 1026 143 1197 172; x_wconf 80' lang='lat' dir='ltr'>COMMENT.</span> <span class='ocrx_word' id='word_1_513' title='bbox 1220 144 1252 173; x_wconf 89' lang='grc' dir='ltr'>ΙΝ</span> <span class='ocrx_word' id='word_1_514' title='bbox 1274 144 1420 173; x_wconf 84' lang='grc' dir='ltr'>ΙΟΑΝΝΕΜ</span> <span class='ocrx_word' id='word_1_515' title='bbox 1441 145 1469 173; x_wconf 91' lang='lat' dir='ltr'>C.</span> <span class='ocrx_word' id='word_1_516' title='bbox 1492 145 1534 173; x_wconf 89' lang='lat' dir='ltr'>VI.</span> 
     </span>
    </p>
   </div>
   <div class='ocr_carea' id='block_1_12' title="bbox 1305 221 2159 1476">
    <p class='ocr_par' dir='ltr' id='par_1_21' title="bbox 1305 221 2155 436">
     <span class='ocr_line' id='line_1_74' title="bbox 1309 221 2155 260; baseline 0.004 -11"><span class='ocrx_word' id='word_1_517' title='bbox 1309 233 1323 247; x_wconf 69' lang='grc' dir='ltr'>(ι</span> <span class='ocrx_word' id='word_1_518' title='bbox 1338 221 1445 258; x_wconf 90' lang='lat' dir='ltr'>Corpus</span> <span class='ocrx_word' id='word_1_519' title='bbox 1465 230 1559 251; x_wconf 88' lang='lat' dir='ltr'>meum</span> <span class='ocrx_word' id='word_1_520' title='bbox 1584 222 1647 251; x_wconf 87' lang='lat' dir='ltr'>dedi</span> <span class='ocrx_word' id='word_1_521' title='bbox 1674 222 1895 259; x_wconf 76' lang='lat' dir='ltr'>percutientibus</span> <span class='ocrx_word' id='word_1_522' title='bbox 1918 225 1946 251; x_wconf 90' lang='lat' dir='ltr'>et</span> <span class='ocrx_word' id='word_1_523' title='bbox 1970 230 2054 260; x_wconf 85' lang='lat' dir='ltr'>genas</span> <span class='ocrx_word' id='word_1_524' title='bbox 2080 231 2155 253; x_wconf 86' lang='lat' dir='ltr'>meas</span> 
     </span>
     <span class='ocr_line' id='line_1_75' title="bbox 1305 268 2155 304; baseline 0.002 -8"><span class='ocrx_word' id='word_1_525' title='bbox 1305 268 1471 297; x_wconf 90' lang='lat' dir='ltr'>vellentibus</span> <span class='ocrx_word' id='word_1_526' title='bbox 1486 279 1517 301; x_wconf 77' lang='grc' dir='ltr'>»ς</span> <span class='ocrx_word' id='word_1_527' title='bbox 1533 271 1560 297; x_wconf 88' lang='lat' dir='ltr'>et</span> <span class='ocrx_word' id='word_1_528' title='bbox 1575 276 1629 296; x_wconf 90' lang='lat' dir='ltr'>non</span> <span class='ocrx_word' id='word_1_529' title='bbox 1650 270 1758 297; x_wconf 87' lang='lat' dir='ltr'>tantum</span> <span class='ocrx_word' id='word_1_530' title='bbox 1773 268 1807 296; x_wconf 83' lang='lat' dir='ltr'>ad</span> <span class='ocrx_word' id='word_1_531' title='bbox 1828 269 2052 304; x_wconf 85' lang='lat' dir='ltr'>percutiendum,</span> <span class='ocrx_word' id='word_1_532' title='bbox 2071 269 2155 298; x_wconf 88' lang='lat' dir='ltr'>immo</span> 
     </span>
     <span class='ocr_line' id='line_1_76' title="bbox 1305 313 2154 353; baseline 0.002 -11"><span class='ocrx_word' id='word_1_533' title='bbox 1305 313 1387 342; x_wconf 86' lang='lat' dir='ltr'>etiam</span> <span class='ocrx_word' id='word_1_534' title='bbox 1408 314 1443 342; x_wconf 91' lang='lat' dir='ltr'>ad</span> <span class='ocrx_word' id='word_1_535' title='bbox 1473 314 1688 348; x_wconf 84' lang='lat' dir='ltr'>immolandum;</span> <span class='ocrx_word' id='word_1_536' title='bbox 1720 314 1794 343; x_wconf 88' lang='lat' dir='ltr'>unde</span> <span class='ocrx_word' id='word_1_537' title='bbox 1821 314 1855 343; x_wconf 89' lang='lat' dir='ltr'>ad</span> <span class='ocrx_word' id='word_1_538' title='bbox 1882 315 2013 352; x_wconf 85' lang='lat' dir='ltr'>Ephesios</span> <span class='ocrx_word' id='word_1_539' title='bbox 2041 315 2154 353; x_wconf 89' lang='lat' dir='ltr'>quinto:</span> 
     </span>
     <span class='ocr_line' id='line_1_77' title="bbox 1310 360 2155 397; baseline 0.006 -11"><span class='ocrx_word' id='word_1_540' title='bbox 1310 371 1323 385; x_wconf 69' lang='grc' dir='ltr'>ιι</span> <span class='ocrx_word' id='word_1_541' title='bbox 1337 360 1461 389; x_wconf 89' lang='lat' dir='ltr'>Tradidit</span> <span class='ocrx_word' id='word_1_542' title='bbox 1481 360 1661 397; x_wconf 86' lang='lat' dir='ltr'>semetipsum</span> <span class='ocrx_word' id='word_1_543' title='bbox 1682 368 1733 397; x_wconf 90' lang='lat' dir='ltr'>pro</span> <span class='ocrx_word' id='word_1_544' title='bbox 1753 360 1833 390; x_wconf 86' lang='lat' dir='ltr'>nobis</span> <span class='ocrx_word' id='word_1_545' title='bbox 1859 361 2026 391; x_wconf 90' lang='lat' dir='ltr'>oblationem</span> <span class='ocrx_word' id='word_1_546' title='bbox 2053 363 2081 390; x_wconf 85' lang='lat' dir='ltr'>et</span> <span class='ocrx_word' id='word_1_547' title='bbox 2105 361 2155 391; x_wconf 88' lang='lat' dir='ltr'>ho-</span> 
     </span>
     <span class='ocr_line' id='line_1_78' title="bbox 1305 406 1504 436; baseline 0 -1"><span class='ocrx_word' id='word_1_548' title='bbox 1305 406 1386 435; x_wconf 90' lang='lat' dir='ltr'>stiam</span> <span class='ocrx_word' id='word_1_549' title='bbox 1407 407 1464 436; x_wconf 87' lang='lat' dir='ltr'>Deo</span> <span class='ocrx_word' id='word_1_550' title='bbox 1478 418 1504 435; x_wconf 89' lang='lat'>».</span> 
     </span>
    </p>

    <p class='ocr_par' dir='ltr' id='par_1_22' title="bbox 1306 453 2155 670">
     <span class='ocr_line' id='line_1_79' title="bbox 1383 453 2154 492; baseline 0.001 -9"><span class='ocrx_word' id='word_1_551' title='bbox 1383 455 1430 483; x_wconf 73' lang='lat'>82.</span> <span class='ocrx_word' id='word_1_552' title='bbox 1455 453 1621 492; x_wconf 69' lang='lat' dir='ltr'>Litiyabant</span> <span class='ocrx_word' id='word_1_553' title='bbox 1642 463 1710 491; x_wconf 71' lang='lat' dir='ltr'>erqo</span> <span class='ocrx_word' id='word_1_554' title='bbox 1733 454 1844 483; x_wconf 80' lang='lat' dir='ltr'>Iudaei.</span> <span class='ocrx_word' id='word_1_555' title='bbox 1874 454 1963 484; x_wconf 87' lang='lat' dir='ltr'>Posita</span> <span class='ocrx_word' id='word_1_556' title='bbox 1988 457 2029 484; x_wconf 90' lang='lat' dir='ltr'>est</span> <span class='ocrx_word' id='word_1_557' title='bbox 2050 455 2154 484; x_wconf 89' lang='lat' dir='ltr'>instru-</span> 
     </span>
     <span class='ocr_line' id='line_1_80' title="bbox 1306 501 2155 539; baseline 0.001 -9"><span class='ocrx_word' id='word_1_558' title='bbox 1306 501 1375 535; x_wconf 84' lang='lat' dir='ltr'>ctio,</span> <span class='ocrx_word' id='word_1_559' title='bbox 1397 501 1442 530; x_wconf 86' lang='lat' dir='ltr'>hic</span> <span class='ocrx_word' id='word_1_560' title='bbox 1457 501 1578 530; x_wconf 89' lang='lat' dir='ltr'>secundo</span> <span class='ocrx_word' id='word_1_561' title='bbox 1592 501 1708 538; x_wconf 89' lang='lat' dir='ltr'>ponitur</span> <span class='ocrx_word' id='word_1_562' title='bbox 1722 503 1835 538; x_wconf 90' lang='lat' dir='ltr'>propter</span> <span class='ocrx_word' id='word_1_563' title='bbox 1851 501 2014 531; x_wconf 89' lang='lat' dir='ltr'>Iudaeorum</span> <span class='ocrx_word' id='word_1_564' title='bbox 2036 502 2155 539; x_wconf 84' lang='lat' dir='ltr'>litigium</span> 
     </span>
     <span class='ocr_line' id='line_1_81' title="bbox 1306 547 2154 586; baseline 0.001 -10"><span class='ocrx_word' id='word_1_565' title='bbox 1306 547 1499 584; x_wconf 75' lang='lat' dir='ltr'>confirmatio</span> <span class='ocrx_word' id='word_1_566' title='bbox 1529 547 1561 576; x_wconf 90' lang='lat' dir='ltr'>Et</span> <span class='ocrx_word' id='word_1_567' title='bbox 1581 547 1672 584; x_wconf 90' lang='lat' dir='ltr'>primo</span> <span class='ocrx_word' id='word_1_568' title='bbox 1693 548 1806 584; x_wconf 90' lang='lat' dir='ltr'>ponitur</span> <span class='ocrx_word' id='word_1_569' title='bbox 1828 547 1992 576; x_wconf 88' lang='lat' dir='ltr'>Iudaeorum</span> <span class='ocrx_word' id='word_1_570' title='bbox 2014 548 2154 586; x_wconf 63' lang='lat' dir='ltr'>iitiyatim</span> 
     </span>
     <span class='ocr_line' id='line_1_82' title="bbox 1306 593 2154 632; baseline 0.001 -10"><span class='ocrx_word' id='word_1_571' title='bbox 1306 594 1442 628; x_wconf 85' lang='lat' dir='ltr'>secundo,</span> <span class='ocrx_word' id='word_1_572' title='bbox 1458 593 1609 623; x_wconf 83' lang='lat' dir='ltr'>doctrinae</span> <span class='ocrx_word' id='word_1_573' title='bbox 1623 593 1823 631; x_wconf 75' lang='lat' dir='ltr'>confirmatio,</span> <span class='ocrx_word' id='word_1_574' title='bbox 1839 594 1876 622; x_wconf 90' lang='lat' dir='ltr'>ibi</span> <span class='ocrx_word' id='word_1_575' title='bbox 1888 594 1899 611; x_wconf 78' lang='lat'>⁸</span> <span class='ocrx_word' id='word_1_576' title='bbox 1913 605 1919 622; x_wconf 90' lang='lat'>:</span> <span class='ocrx_word' id='word_1_577' title='bbox 1936 594 2018 623; x_wconf 80' lang='lat' dir='ltr'>Dixit</span> <span class='ocrx_word' id='word_1_578' title='bbox 2030 603 2099 632; x_wconf 71' lang='lat' dir='ltr'>erqo</span> <span class='ocrx_word' id='word_1_579' title='bbox 2114 594 2154 623; x_wconf 77' lang='lat' dir='ltr'>eis</span> 
     </span>
     <span class='ocr_line' id='line_1_83' title="bbox 1306 641 1396 670; baseline -0.011 0"><span class='ocrx_word' id='word_1_580' title='bbox 1306 641 1396 670; x_wconf 77' lang='lat' dir='ltr'>Iesus.</span> 
     </span>
    </p>

    <p class='ocr_par' dir='ltr' id='par_1_23' title="bbox 1306 687 2159 1476">
     <span class='ocr_line' id='line_1_84' title="bbox 1386 687 2155 726; baseline 0.001 -10"><span class='ocrx_word' id='word_1_581' title='bbox 1386 688 1475 724; x_wconf 79' lang='lat' dir='ltr'>(Vers.</span> <span class='ocrx_word' id='word_1_582' title='bbox 1499 687 1567 723; x_wconf 80' lang='lat'>53.).</span> <span class='ocrx_word' id='word_1_583' title='bbox 1589 687 1728 725; x_wconf 65' lang='lat' dir='ltr'>Litigatio</span> <span class='ocrx_word' id='word_1_584' title='bbox 1748 687 1835 725; x_wconf 85' lang='lat' dir='ltr'>igitur</span> <span class='ocrx_word' id='word_1_585' title='bbox 1855 690 1916 717; x_wconf 87' lang='lat' dir='ltr'>erat</span> <span class='ocrx_word' id='word_1_586' title='bbox 1936 688 1970 717; x_wconf 88' lang='lat' dir='ltr'>de</span> <span class='ocrx_word' id='word_1_587' title='bbox 1990 688 2059 724; x_wconf 88' lang='lat' dir='ltr'>hoc,</span> <span class='ocrx_word' id='word_1_588' title='bbox 2080 688 2155 726; x_wconf 89' lang='lat' dir='ltr'>quod</span> 
     </span>
     <span class='ocr_line' id='line_1_85' title="bbox 1306 735 2155 773; baseline 0.001 -10"><span class='ocrx_word' id='word_1_589' title='bbox 1306 742 1418 764; x_wconf 84' lang='lat' dir='ltr'>carnem</span> <span class='ocrx_word' id='word_1_590' title='bbox 1441 742 1520 763; x_wconf 90' lang='lat' dir='ltr'>suam</span> <span class='ocrx_word' id='word_1_591' title='bbox 1539 743 1646 772; x_wconf 84' lang='lat' dir='ltr'>panem</span> <span class='ocrx_word' id='word_1_592' title='bbox 1674 735 1800 770; x_wconf 89' lang='lat' dir='ltr'>dixerat;</span> <span class='ocrx_word' id='word_1_593' title='bbox 1828 735 1903 772; x_wconf 91' lang='lat' dir='ltr'>quod</span> <span class='ocrx_word' id='word_1_594' title='bbox 1931 735 1982 773; x_wconf 90' lang='lat' dir='ltr'>ipsi</span> <span class='ocrx_word' id='word_1_595' title='bbox 2008 735 2155 765; x_wconf 86' lang='lat' dir='ltr'>carnaliter</span> 
     </span>
     <span class='ocr_line' id='line_1_86' title="bbox 1309 781 2155 820; baseline 0.001 -10"><span class='ocrx_word' id='word_1_596' title='bbox 1309 781 1505 819; x_wconf 82' lang='lat' dir='ltr'>intelligebant.</span> <span class='ocrx_word' id='word_1_597' title='bbox 1522 782 1670 818; x_wconf 84' lang='lat' dir='ltr'>Propterea</span> <span class='ocrx_word' id='word_1_598' title='bbox 1683 781 1762 810; x_wconf 88' lang='lat' dir='ltr'>dicit:</span> <span class='ocrx_word' id='word_1_599' title='bbox 1779 782 1947 820; x_wconf 70' lang='lat' dir='ltr'>Litiqabant</span> <span class='ocrx_word' id='word_1_600' title='bbox 1959 791 2027 820; x_wconf 69' lang='lat' dir='ltr'>erqo</span> <span class='ocrx_word' id='word_1_601' title='bbox 2043 781 2155 811; x_wconf 76' lang='lat' dir='ltr'>ludaei.</span> 
     </span>
     <span class='ocr_line' id='line_1_87' title="bbox 1307 828 2157 867; baseline 0.001 -10"><span class='ocrx_word' id='word_1_602' title='bbox 1307 828 1400 857; x_wconf 88' lang='lat' dir='ltr'>Primo</span> <span class='ocrx_word' id='word_1_603' title='bbox 1420 828 1672 862; x_wconf 75' lang='lat' dir='ltr'>murmurabant,</span> <span class='ocrx_word' id='word_1_604' title='bbox 1700 828 1748 857; x_wconf 88' lang='lat' dir='ltr'>sed</span> <span class='ocrx_word' id='word_1_605' title='bbox 1775 829 1857 858; x_wconf 88' lang='lat' dir='ltr'>modo</span> <span class='ocrx_word' id='word_1_606' title='bbox 1886 829 2018 867; x_wconf 67' lang='lat' dir='ltr'>litigant,</span> <span class='ocrx_word' id='word_1_607' title='bbox 2046 829 2157 867; x_wconf 86' lang='lat' dir='ltr'>quando</span> 
     </span>
     <span class='ocr_line' id='line_1_88' title="bbox 1307 875 2157 914; baseline 0.001 -10"><span class='ocrx_word' id='word_1_608' title='bbox 1307 876 1362 905; x_wconf 87' lang='lat' dir='ltr'>alto</span> <span class='ocrx_word' id='word_1_609' title='bbox 1383 878 1410 904; x_wconf 89' lang='lat' dir='ltr'>et</span> <span class='ocrx_word' id='word_1_610' title='bbox 1431 879 1528 913; x_wconf 88' lang='lat' dir='ltr'>aperto</span> <span class='ocrx_word' id='word_1_611' title='bbox 1555 883 1684 904; x_wconf 90' lang='lat' dir='ltr'>sermone</span> <span class='ocrx_word' id='word_1_612' title='bbox 1706 875 1907 905; x_wconf 87' lang='lat' dir='ltr'>contradicunt.</span> <span class='ocrx_word' id='word_1_613' title='bbox 1930 876 2050 914; x_wconf 83' lang='lat' dir='ltr'>Litigiosi</span> <span class='ocrx_word' id='word_1_614' title='bbox 2078 878 2157 905; x_wconf 86' lang='lat' dir='ltr'>erant</span> 
     </span>
     <span class='ocr_line' id='line_1_89' title="bbox 1308 922 2157 960; baseline 0.001 -9"><span class='ocrx_word' id='word_1_615' title='bbox 1308 922 1415 957; x_wconf 87' lang='lat' dir='ltr'>Iudaei,</span> <span class='ocrx_word' id='word_1_616' title='bbox 1436 923 1510 960; x_wconf 87' lang='lat' dir='ltr'>quod</span> <span class='ocrx_word' id='word_1_617' title='bbox 1532 931 1586 951; x_wconf 92' lang='lat' dir='ltr'>non</span> <span class='ocrx_word' id='word_1_618' title='bbox 1608 922 1710 951; x_wconf 87' lang='lat' dir='ltr'>debent</span> <span class='ocrx_word' id='word_1_619' title='bbox 1737 930 1797 951; x_wconf 91' lang='lat' dir='ltr'>esse</span> <span class='ocrx_word' id='word_1_620' title='bbox 1825 922 1897 952; x_wconf 87' lang='lat' dir='ltr'>servi</span> <span class='ocrx_word' id='word_1_621' title='bbox 1923 923 1991 958; x_wconf 85' lang='lat' dir='ltr'>Dei;</span> <span class='ocrx_word' id='word_1_622' title='bbox 2013 923 2087 952; x_wconf 87' lang='lat' dir='ltr'>unde</span> <span class='ocrx_word' id='word_1_623' title='bbox 2115 930 2157 952; x_wconf 87' lang='lat' dir='ltr'>se-</span> 
     </span>
     <span class='ocr_line' id='line_1_90' title="bbox 1307 969 2157 999; baseline 0 -1"><span class='ocrx_word' id='word_1_624' title='bbox 1307 969 1414 999; x_wconf 84' lang='lat' dir='ltr'>cundae</span> <span class='ocrx_word' id='word_1_625' title='bbox 1435 969 1469 998; x_wconf 89' lang='lat' dir='ltr'>ad</span> <span class='ocrx_word' id='word_1_626' title='bbox 1490 969 1667 998; x_wconf 88' lang='lat' dir='ltr'>Timotheum</span> <span class='ocrx_word' id='word_1_627' title='bbox 1688 969 1809 998; x_wconf 88' lang='lat' dir='ltr'>secundo</span> <span class='ocrx_word' id='word_1_628' title='bbox 1822 969 1852 997; x_wconf 82' lang='lat'>⁹:</span> <span class='ocrx_word' id='word_1_629' title='bbox 1878 980 1892 994; x_wconf 64' lang='grc' dir='ltr'>(κ</span> <span class='ocrx_word' id='word_1_630' title='bbox 1907 970 2024 998; x_wconf 85' lang='lat' dir='ltr'>Servum</span> <span class='ocrx_word' id='word_1_631' title='bbox 2038 969 2087 999; x_wconf 90' lang='lat' dir='ltr'>Dei</span> <span class='ocrx_word' id='word_1_632' title='bbox 2102 978 2157 999; x_wconf 91' lang='lat' dir='ltr'>non</span> 
     </span>
     <span class='ocr_line' id='line_1_91' title="bbox 1308 1015 2156 1054; baseline 0 -9"><span class='ocrx_word' id='word_1_633' title='bbox 1308 1019 1417 1054; x_wconf 84' lang='lat' dir='ltr'>oportet</span> <span class='ocrx_word' id='word_1_634' title='bbox 1446 1017 1570 1054; x_wconf 84' lang='lat' dir='ltr'>litigare,</span> <span class='ocrx_word' id='word_1_635' title='bbox 1598 1016 1646 1045; x_wconf 84' lang='lat' dir='ltr'>sed</span> <span class='ocrx_word' id='word_1_636' title='bbox 1675 1019 1850 1045; x_wconf 88' lang='lat' dir='ltr'>mansuetum</span> <span class='ocrx_word' id='word_1_637' title='bbox 1871 1024 1932 1045; x_wconf 87' lang='lat' dir='ltr'>esse</span> <span class='ocrx_word' id='word_1_638' title='bbox 1959 1015 1993 1044; x_wconf 88' lang='lat' dir='ltr'>ad</span> <span class='ocrx_word' id='word_1_639' title='bbox 2020 1023 2156 1045; x_wconf 76' lang='lat' dir='ltr'>omnes».</span> 
     </span>
     <span class='ocr_line' id='line_1_92' title="bbox 1311 1061 2157 1100; baseline -0.001 -8"><span class='ocrx_word' id='word_1_640' title='bbox 1311 1064 1358 1092; x_wconf 72' lang='lat' dir='ltr'>Ad</span> <span class='ocrx_word' id='word_1_641' title='bbox 1379 1064 1501 1092; x_wconf 77' lang='lat' dir='ltr'>invicem</span> <span class='ocrx_word' id='word_1_642' title='bbox 1524 1063 1669 1091; x_wconf 75' lang='lat' dir='ltr'>dieentes.-</span> <span class='ocrx_word' id='word_1_643' title='bbox 1693 1063 1842 1099; x_wconf 79' lang='lat' dir='ltr'>Quomodo</span> <span class='ocrx_word' id='word_1_644' title='bbox 1860 1066 1952 1100; x_wconf 79' lang='lat' dir='ltr'>potest</span> <span class='ocrx_word' id='word_1_645' title='bbox 1971 1061 2018 1091; x_wconf 77' lang='lat' dir='ltr'>liic</span> <span class='ocrx_word' id='word_1_646' title='bbox 2038 1071 2157 1092; x_wconf 81' lang='lat' dir='ltr'>carnem</span> 
     </span>
     <span class='ocr_line' id='line_1_93' title="bbox 1308 1109 2156 1146; baseline -0.002 -6"><span class='ocrx_word' id='word_1_647' title='bbox 1308 1120 1398 1140; x_wconf 79' lang='lat' dir='ltr'>suani</span> <span class='ocrx_word' id='word_1_648' title='bbox 1419 1110 1493 1139; x_wconf 81' lang='lat' dir='ltr'>dare</span> <span class='ocrx_word' id='word_1_649' title='bbox 1512 1109 1595 1138; x_wconf 82' lang='lat' dir='ltr'>nobis</span> <span class='ocrx_word' id='word_1_650' title='bbox 1610 1110 1650 1139; x_wconf 76' lang='lat' dir='ltr'>ad</span> <span class='ocrx_word' id='word_1_651' title='bbox 1664 1109 1933 1139; x_wconf 77' lang='lat' dir='ltr'>manducandum?</span> <span class='ocrx_word' id='word_1_652' title='bbox 1954 1109 2038 1146; x_wconf 88' lang='lat' dir='ltr'>Quasi</span> <span class='ocrx_word' id='word_1_653' title='bbox 2052 1109 2156 1139; x_wconf 86' lang='lat' dir='ltr'>dicant:</span> 
     </span>
     <span class='ocr_line' id='line_1_94' title="bbox 1309 1157 2158 1194; baseline -0.002 -7"><span class='ocrx_word' id='word_1_654' title='bbox 1309 1158 1361 1187; x_wconf 87' lang='lat' dir='ltr'>hoc</span> <span class='ocrx_word' id='word_1_655' title='bbox 1383 1160 1424 1187; x_wconf 91' lang='lat' dir='ltr'>est</span> <span class='ocrx_word' id='word_1_656' title='bbox 1444 1157 1629 1194; x_wconf 90' lang='lat' dir='ltr'>impossibile,</span> <span class='ocrx_word' id='word_1_657' title='bbox 1658 1157 1710 1186; x_wconf 89' lang='lat' dir='ltr'>nisi</span> <span class='ocrx_word' id='word_1_658' title='bbox 1732 1165 1761 1186; x_wconf 91' lang='lat' dir='ltr'>se</span> <span class='ocrx_word' id='word_1_659' title='bbox 1782 1157 1938 1186; x_wconf 86' lang='lat' dir='ltr'>interficiat.</span> <span class='ocrx_word' id='word_1_660' title='bbox 1960 1157 2090 1186; x_wconf 89' lang='lat' dir='ltr'>Similiter</span> <span class='ocrx_word' id='word_1_661' title='bbox 2110 1164 2158 1194; x_wconf 90' lang='lat' dir='ltr'>pe-</span> 
     </span>
     <span class='ocr_line' id='line_1_95' title="bbox 1310 1204 2158 1242; baseline -0.002 -8"><span class='ocrx_word' id='word_1_662' title='bbox 1310 1206 1385 1235; x_wconf 86' lang='lat' dir='ltr'>tebat</span> <span class='ocrx_word' id='word_1_663' title='bbox 1412 1213 1498 1242; x_wconf 90' lang='lat' dir='ltr'>supra</span> <span class='ocrx_word' id='word_1_664' title='bbox 1511 1204 1533 1221; x_wconf 87' lang='lat'>¹⁰</span> <span class='ocrx_word' id='word_1_665' title='bbox 1561 1204 1745 1233; x_wconf 85' lang='lat' dir='ltr'>Nicodemus:</span> <span class='ocrx_word' id='word_1_666' title='bbox 1773 1216 1786 1230; x_wconf 72' lang='grc' dir='ltr'>ε(</span> <span class='ocrx_word' id='word_1_667' title='bbox 1801 1204 1944 1241; x_wconf 87' lang='lat' dir='ltr'>Quomodo</span> <span class='ocrx_word' id='word_1_668' title='bbox 1965 1206 2055 1241; x_wconf 88' lang='lat' dir='ltr'>potest</span> <span class='ocrx_word' id='word_1_669' title='bbox 2075 1204 2158 1232; x_wconf 89' lang='lat' dir='ltr'>homo</span> 
     </span>
     <span class='ocr_line' id='line_1_96' title="bbox 1310 1251 2157 1289; baseline -0.004 -7"><span class='ocrx_word' id='word_1_670' title='bbox 1310 1253 1401 1287; x_wconf 85' lang='lat' dir='ltr'>nasci,</span> <span class='ocrx_word' id='word_1_671' title='bbox 1423 1260 1486 1281; x_wconf 81' lang='lat' dir='ltr'>cnm</span> <span class='ocrx_word' id='word_1_672' title='bbox 1509 1252 1545 1281; x_wconf 92' lang='lat' dir='ltr'>sit</span> <span class='ocrx_word' id='word_1_673' title='bbox 1572 1254 1678 1281; x_wconf 79' lang='lat' dir='ltr'>senex?</span> <span class='ocrx_word' id='word_1_674' title='bbox 1706 1251 1836 1289; x_wconf 83' lang='lat' dir='ltr'>Nunquid</span> <span class='ocrx_word' id='word_1_675' title='bbox 1864 1253 1954 1288; x_wconf 90' lang='lat' dir='ltr'>potest</span> <span class='ocrx_word' id='word_1_676' title='bbox 1975 1251 2002 1279; x_wconf 93' lang='lat' dir='ltr'>in</span> <span class='ocrx_word' id='word_1_677' title='bbox 2031 1253 2157 1280; x_wconf 87' lang='lat' dir='ltr'>ventrem</span> 
     </span>
     <span class='ocr_line' id='line_1_97' title="bbox 1310 1297 2159 1329; baseline -0.004 0"><span class='ocrx_word' id='word_1_678' title='bbox 1310 1300 1408 1329; x_wconf 84' lang='lat' dir='ltr'>matris</span> <span class='ocrx_word' id='word_1_679' title='bbox 1429 1308 1495 1328; x_wconf 89' lang='lat' dir='ltr'>snae</span> <span class='ocrx_word' id='word_1_680' title='bbox 1517 1300 1616 1328; x_wconf 89' lang='lat' dir='ltr'>iterato</span> <span class='ocrx_word' id='word_1_681' title='bbox 1630 1299 1746 1328; x_wconf 90' lang='lat' dir='ltr'>introire</span> <span class='ocrx_word' id='word_1_682' title='bbox 1767 1301 1794 1327; x_wconf 88' lang='lat' dir='ltr'>et</span> <span class='ocrx_word' id='word_1_683' title='bbox 1815 1298 1921 1327; x_wconf 88' lang='lat' dir='ltr'>renasci</span> <span class='ocrx_word' id='word_1_684' title='bbox 1937 1301 1970 1326; x_wconf 58' lang='grc' dir='ltr'>»ἓ</span> <span class='ocrx_word' id='word_1_685' title='bbox 1984 1297 2060 1327; x_wconf 89' lang='lat' dir='ltr'>Unde</span> <span class='ocrx_word' id='word_1_686' title='bbox 2075 1297 2159 1326; x_wconf 88' lang='lat' dir='ltr'>stulte</span> 
     </span>
     <span class='ocr_line' id='line_1_98' title="bbox 1310 1344 2159 1383; baseline -0.004 -8"><span class='ocrx_word' id='word_1_687' title='bbox 1310 1347 1362 1375; x_wconf 87' lang='lat' dir='ltr'>hoc</span> <span class='ocrx_word' id='word_1_688' title='bbox 1393 1346 1542 1383; x_wconf 73' lang='lat' dir='ltr'>petebant,</span> <span class='ocrx_word' id='word_1_689' title='bbox 1573 1345 1840 1382; x_wconf 78' lang='lat' dir='ltr'>Chrysostomus¹¹z</span> <span class='ocrx_word' id='word_1_690' title='bbox 1867 1356 1880 1370; x_wconf 87' lang='lat'>«</span> <span class='ocrx_word' id='word_1_691' title='bbox 1899 1344 2042 1381; x_wconf 91' lang='lat' dir='ltr'>Quomodo</span> <span class='ocrx_word' id='word_1_692' title='bbox 2069 1346 2159 1381; x_wconf 88' lang='lat' dir='ltr'>potest</span> 
     </span>
     <span class='ocr_line' id='line_1_99' title="bbox 1311 1391 2159 1429; baseline -0.004 -7"><span class='ocrx_word' id='word_1_693' title='bbox 1311 1401 1422 1422; x_wconf 86' lang='lat' dir='ltr'>carnem</span> <span class='ocrx_word' id='word_1_694' title='bbox 1444 1393 1526 1427; x_wconf 84' lang='lat' dir='ltr'>dare,</span> <span class='ocrx_word' id='word_1_695' title='bbox 1547 1392 1640 1429; x_wconf 86' lang='lat' dir='ltr'>petis?</span> <span class='ocrx_word' id='word_1_696' title='bbox 1668 1393 1782 1429; x_wconf 89' lang='lat' dir='ltr'>Propter</span> <span class='ocrx_word' id='word_1_697' title='bbox 1810 1391 1878 1429; x_wconf 87' lang='lat' dir='ltr'>quid</span> <span class='ocrx_word' id='word_1_698' title='bbox 1905 1391 1933 1419; x_wconf 92' lang='lat' dir='ltr'>in</span> <span class='ocrx_word' id='word_1_699' title='bbox 1961 1391 2079 1428; x_wconf 88' lang='lat' dir='ltr'>panibus</span> <span class='ocrx_word' id='word_1_700' title='bbox 2103 1398 2159 1419; x_wconf 92' lang='lat' dir='ltr'>non</span> 
     </span>
     <span class='ocr_line' id='line_1_100' title="bbox 1310 1437 2136 1476; baseline -0.002 -8"><span class='ocrx_word' id='word_1_701' title='bbox 1310 1440 1421 1474; x_wconf 83' lang='lat' dir='ltr'>dixisti,</span> <span class='ocrx_word' id='word_1_702' title='bbox 1444 1439 1582 1476; x_wconf 90' lang='lat' dir='ltr'>quomodo</span> <span class='ocrx_word' id='word_1_703' title='bbox 1603 1439 1728 1476; x_wconf 87' lang='lat' dir='ltr'>quinque</span> <span class='ocrx_word' id='word_1_704' title='bbox 1748 1446 1833 1476; x_wconf 89' lang='lat' dir='ltr'>panes</span> <span class='ocrx_word' id='word_1_705' title='bbox 1854 1438 1881 1467; x_wconf 93' lang='lat' dir='ltr'>in</span> <span class='ocrx_word' id='word_1_706' title='bbox 1903 1440 1943 1467; x_wconf 92' lang='lat' dir='ltr'>tot</span> <span class='ocrx_word' id='word_1_707' title='bbox 1964 1437 2089 1467; x_wconf 86' lang='lat' dir='ltr'>extendit</span> <span class='ocrx_word' id='word_1_708' title='bbox 2102 1440 2136 1466; x_wconf 71' lang='lat' dir='ltr'>n?</span> 
     </span>
    </p>
   </div>
   <div class='ocr_carea' id='block_1_13' title="bbox 1311 1484 2264 1571">
    <p class='ocr_par' dir='ltr' id='par_1_24' title="bbox 1311 1484 2264 1571">
     <span class='ocr_line' id='line_1_101' title="bbox 1390 1484 2264 1523; baseline -0.001 -9"><span class='ocrx_word' id='word_1_709' title='bbox 1390 1486 1436 1515; x_wconf 85' lang='lat'>83.</span> <span class='ocrx_word' id='word_1_710' title='bbox 1460 1486 1543 1514; x_wconf 73' lang='lat' dir='ltr'>Dixit</span> <span class='ocrx_word' id='word_1_711' title='bbox 1559 1495 1630 1523; x_wconf 67' lang='lat' dir='ltr'>erqo</span> <span class='ocrx_word' id='word_1_712' title='bbox 1652 1486 1693 1514; x_wconf 77' lang='lat' dir='ltr'>eis</span> <span class='ocrx_word' id='word_1_713' title='bbox 1714 1486 1803 1514; x_wconf 63' lang='lat' dir='ltr'>Iesus.</span> <span class='ocrx_word' id='word_1_714' title='bbox 1827 1485 1916 1514; x_wconf 87' lang='lat' dir='ltr'>Posita</span> <span class='ocrx_word' id='word_1_715' title='bbox 1935 1488 1977 1514; x_wconf 90' lang='lat' dir='ltr'>est</span> <span class='ocrx_word' id='word_1_716' title='bbox 1995 1484 2159 1514; x_wconf 89' lang='lat' dir='ltr'>Iudaeorum</span> <span class='ocrx_word' id='word_1_717' title='bbox 2172 1492 2264 1511; x_wconf 64' lang='lat' dir='ltr'>Dedoctrj</span> 
     </span>
     <span class='ocr_line' id='line_1_102' title="bbox 1311 1516 2264 1571; baseline -0.004 -9"><span class='ocrx_word' id='word_1_718' title='bbox 1311 1533 1442 1571; x_wconf 84' lang='lat' dir='ltr'>litigatio,</span> <span class='ocrx_word' id='word_1_719' title='bbox 1464 1533 1509 1562; x_wconf 87' lang='lat' dir='ltr'>hic</span> <span class='ocrx_word' id='word_1_720' title='bbox 1530 1533 1643 1570; x_wconf 91' lang='lat' dir='ltr'>ponitur</span> <span class='ocrx_word' id='word_1_721' title='bbox 1664 1533 1814 1561; x_wconf 74' lang='lat' dir='ltr'>doctrinae</span> <span class='ocrx_word' id='word_1_722' title='bbox 1835 1532 2028 1569; x_wconf 76' lang='lat' dir='ltr'>confirmatio.</span> <span class='ocrx_word' id='word_1_723' title='bbox 2054 1531 2160 1561; x_wconf 86' lang='lat' dir='ltr'>Confir-</span> <span class='ocrx_word' id='word_1_724' title='bbox 2179 1516 2264 1563; x_wconf 53' lang='lat' dir='ltr'>ssssmsslssi</span> 
     </span>
    </p>
   </div>
   <div class='ocr_carea' id='block_1_14' title="bbox 1311 1580 2161 2123">
    <p class='ocr_par' dir='ltr' id='par_1_25' title="bbox 1311 1580 2161 2123">
     <span class='ocr_line' id='line_1_103' title="bbox 1311 1580 2159 1617; baseline -0.001 -8"><span class='ocrx_word' id='word_1_725' title='bbox 1311 1584 1368 1610; x_wconf 90' lang='lat' dir='ltr'>mat</span> <span class='ocrx_word' id='word_1_726' title='bbox 1389 1580 1473 1617; x_wconf 83' lang='lat' dir='ltr'>igitur</span> <span class='ocrx_word' id='word_1_727' title='bbox 1495 1580 1570 1617; x_wconf 89' lang='lat' dir='ltr'>quod</span> <span class='ocrx_word' id='word_1_728' title='bbox 1591 1580 1717 1614; x_wconf 86' lang='lat' dir='ltr'>dixerat,</span> <span class='ocrx_word' id='word_1_729' title='bbox 1739 1588 1850 1609; x_wconf 85' lang='lat' dir='ltr'>carnem</span> <span class='ocrx_word' id='word_1_730' title='bbox 1873 1588 1952 1608; x_wconf 89' lang='lat' dir='ltr'>suam</span> <span class='ocrx_word' id='word_1_731' title='bbox 1973 1587 2033 1609; x_wconf 91' lang='lat' dir='ltr'>esse</span> <span class='ocrx_word' id='word_1_732' title='bbox 2047 1587 2159 1616; x_wconf 85' lang='lat' dir='ltr'>panem,</span> 
     </span>
     <span class='ocr_line' id='line_1_104' title="bbox 1311 1626 2160 1664; baseline -0.002 -7"><span class='ocrx_word' id='word_1_733' title='bbox 1311 1629 1364 1657; x_wconf 85' lang='lat' dir='ltr'>hoc</span> <span class='ocrx_word' id='word_1_734' title='bbox 1379 1627 1476 1656; x_wconf 86' lang='lat' dir='ltr'>ordine</span> <span class='ocrx_word' id='word_1_735' title='bbox 1488 1638 1494 1655; x_wconf 92' lang='lat'><strong>:</strong></span> <span class='ocrx_word' id='word_1_736' title='bbox 1510 1627 1600 1664; x_wconf 88' lang='lat' dir='ltr'>primo</span> <span class='ocrx_word' id='word_1_737' title='bbox 1615 1627 1728 1664; x_wconf 88' lang='lat' dir='ltr'>ponitur</span> <span class='ocrx_word' id='word_1_738' title='bbox 1742 1627 1962 1656; x_wconf 83' lang='lat' dir='ltr'>manducationis</span> <span class='ocrx_word' id='word_1_739' title='bbox 1976 1626 2068 1656; x_wconf 90' lang='lat' dir='ltr'>carnis</span> <span class='ocrx_word' id='word_1_740' title='bbox 2081 1626 2160 1655; x_wconf 87' lang='lat' dir='ltr'>Chri-</span> 
     </span>
     <span class='ocr_line' id='line_1_105' title="bbox 1312 1673 2160 1708; baseline -0.001 -5"><span class='ocrx_word' id='word_1_741' title='bbox 1312 1675 1346 1704; x_wconf 92' lang='lat' dir='ltr'>sti</span> <span class='ocrx_word' id='word_1_742' title='bbox 1367 1674 1544 1707; x_wconf 79' lang='lat' dir='ltr'>necessitas‚·</span> <span class='ocrx_word' id='word_1_743' title='bbox 1565 1674 1702 1708; x_wconf 87' lang='lat' dir='ltr'>secundo,</span> <span class='ocrx_word' id='word_1_744' title='bbox 1725 1674 1945 1702; x_wconf 82' lang='lat' dir='ltr'>manducationis</span> <span class='ocrx_word' id='word_1_745' title='bbox 1959 1673 2090 1707; x_wconf 78' lang='lat' dir='ltr'>utilitas,·</span> <span class='ocrx_word' id='word_1_746' title='bbox 2105 1676 2160 1702; x_wconf 88' lang='lat' dir='ltr'>ter-</span> 
     </span>
     <span class='ocr_line' id='line_1_106' title="bbox 1312 1720 2080 1758; baseline -0.003 -8"><span class='ocrx_word' id='word_1_747' title='bbox 1312 1722 1363 1756; x_wconf 85' lang='lat' dir='ltr'>tio,</span> <span class='ocrx_word' id='word_1_748' title='bbox 1385 1720 1542 1750; x_wconf 84' lang='lat' dir='ltr'>resectionis</span> <span class='ocrx_word' id='word_1_749' title='bbox 1562 1720 1693 1754; x_wconf 77' lang='lat' dir='ltr'>veritas;</span> <span class='ocrx_word' id='word_1_750' title='bbox 1714 1723 1815 1757; x_wconf 86' lang='lat' dir='ltr'>quarto</span> <span class='ocrx_word' id='word_1_751' title='bbox 1836 1728 1919 1755; x_wconf 86' lang='lat' dir='ltr'>vero,</span> <span class='ocrx_word' id='word_1_752' title='bbox 1941 1720 2080 1758; x_wconf 71' lang='lat' dir='ltr'>diynitas.</span> 
     </span>
     <span class='ocr_line' id='line_1_107' title="bbox 1392 1767 2160 1804; baseline -0.003 -7"><span class='ocrx_word' id='word_1_753' title='bbox 1392 1768 1481 1804; x_wconf 71' lang='lat' dir='ltr'>(Vers.</span> <span class='ocrx_word' id='word_1_754' title='bbox 1512 1768 1578 1803; x_wconf 59' lang='lat'>54).</span> <span class='ocrx_word' id='word_1_755' title='bbox 1603 1767 1694 1796; x_wconf 91' lang='lat' dir='ltr'>Primo</span> <span class='ocrx_word' id='word_1_756' title='bbox 1714 1767 1799 1804; x_wconf 82' lang='lat' dir='ltr'>igitur</span> <span class='ocrx_word' id='word_1_757' title='bbox 1820 1767 1976 1796; x_wconf 92' lang='lat' dir='ltr'>ostenditur</span> <span class='ocrx_word' id='word_1_758' title='bbox 1996 1767 2160 1795; x_wconf 80' lang='lat' dir='ltr'>manduca-</span> 
     </span>
     <span class='ocr_line' id='line_1_108' title="bbox 1313 1814 2160 1852; baseline -0.001 -8"><span class='ocrx_word' id='word_1_759' title='bbox 1313 1815 1400 1844; x_wconf 80' lang='lat' dir='ltr'>tionis</span> <span class='ocrx_word' id='word_1_760' title='bbox 1420 1815 1592 1848; x_wconf 74' lang='lat' dir='ltr'>necessitas,</span> <span class='ocrx_word' id='word_1_761' title='bbox 1616 1815 1681 1852; x_wconf 86' lang='lat' dir='ltr'>qnia</span> <span class='ocrx_word' id='word_1_762' title='bbox 1702 1814 1760 1843; x_wconf 89' lang='lat' dir='ltr'>sine</span> <span class='ocrx_word' id='word_1_763' title='bbox 1781 1814 1828 1842; x_wconf 90' lang='lat' dir='ltr'>illa</span> <span class='ocrx_word' id='word_1_764' title='bbox 1848 1822 1903 1842; x_wconf 92' lang='lat' dir='ltr'>non</span> <span class='ocrx_word' id='word_1_765' title='bbox 1925 1816 1967 1843; x_wconf 86' lang='lat' dir='ltr'>est</span> <span class='ocrx_word' id='word_1_766' title='bbox 1987 1814 2080 1848; x_wconf 85' lang='lat' dir='ltr'>salus;</span> <span class='ocrx_word' id='word_1_767' title='bbox 2096 1822 2160 1851; x_wconf 88' lang='lat' dir='ltr'>pro-</span> 
     </span>
     <span class='ocr_line' id='line_1_109' title="bbox 1314 1860 2161 1899; baseline -0.002 -8"><span class='ocrx_word' id='word_1_768' title='bbox 1314 1865 1375 1899; x_wconf 88' lang='lat' dir='ltr'>pter</span> <span class='ocrx_word' id='word_1_769' title='bbox 1397 1862 1471 1899; x_wconf 88' lang='lat' dir='ltr'>quod</span> <span class='ocrx_word' id='word_1_770' title='bbox 1492 1861 1573 1890; x_wconf 87' lang='lat' dir='ltr'>dicit:</span> <span class='ocrx_word' id='word_1_771' title='bbox 1596 1862 1705 1895; x_wconf 81' lang='lat' dir='ltr'>Arnen,</span> <span class='ocrx_word' id='word_1_772' title='bbox 1728 1869 1813 1890; x_wconf 82' lang='lat' dir='ltr'>amen</span> <span class='ocrx_word' id='word_1_773' title='bbox 1834 1861 1898 1889; x_wconf 83' lang='lat' dir='ltr'>dico</span> <span class='ocrx_word' id='word_1_774' title='bbox 1918 1860 2015 1895; x_wconf 77' lang='lat' dir='ltr'>vobis,</span> <span class='ocrx_word' id='word_1_775' title='bbox 2036 1860 2063 1889; x_wconf 92' lang='lat' dir='ltr'>id</span> <span class='ocrx_word' id='word_1_776' title='bbox 2077 1862 2119 1890; x_wconf 92' lang='lat' dir='ltr'>est</span> <span class='ocrx_word' id='word_1_777' title='bbox 2132 1860 2161 1889; x_wconf 91' lang='lat' dir='ltr'>in</span> 
     </span>
     <span class='ocr_line' id='line_1_110' title="bbox 1314 1906 2161 1938; baseline -0.002 0"><span class='ocrx_word' id='word_1_778' title='bbox 1314 1910 1449 1938; x_wconf 86' lang='lat' dir='ltr'>veritate:</span> <span class='ocrx_word' id='word_1_779' title='bbox 1478 1909 1545 1937; x_wconf 78' lang='lat' dir='ltr'>Nisi</span> <span class='ocrx_word' id='word_1_780' title='bbox 1564 1908 1817 1937; x_wconf 70' lang='lat' dir='ltr'>manducaveritis</span> <span class='ocrx_word' id='word_1_781' title='bbox 1840 1916 1958 1937; x_wconf 83' lang='lat' dir='ltr'>carnem</span> <span class='ocrx_word' id='word_1_782' title='bbox 1982 1907 2051 1936; x_wconf 82' lang='lat' dir='ltr'>Filii</span> <span class='ocrx_word' id='word_1_783' title='bbox 2070 1906 2161 1937; x_wconf 77' lang='lat' dir='ltr'>homi-</span> 
     </span>
     <span class='ocr_line' id='line_1_111' title="bbox 1313 1954 2161 1993; baseline -0.001 -9"><span class='ocrx_word' id='word_1_784' title='bbox 1313 1956 1378 1990; x_wconf 75' lang='lat' dir='ltr'>nis,</span> <span class='ocrx_word' id='word_1_785' title='bbox 1400 1960 1531 1993; x_wconf 89' lang='lat' dir='ltr'>tanquam</span> <span class='ocrx_word' id='word_1_786' title='bbox 1553 1964 1653 1984; x_wconf 85' lang='lat' dir='ltr'>verum</span> <span class='ocrx_word' id='word_1_787' title='bbox 1673 1963 1788 1992; x_wconf 86' lang='lat' dir='ltr'>panem,</span> <span class='ocrx_word' id='word_1_788' title='bbox 1814 1959 1840 1984; x_wconf 85' lang='lat' dir='ltr'>et</span> <span class='ocrx_word' id='word_1_789' title='bbox 1860 1955 1989 1984; x_wconf 76' lang='lat' dir='ltr'>biberitis</span> <span class='ocrx_word' id='word_1_790' title='bbox 2009 1954 2072 1983; x_wconf 75' lang='lat' dir='ltr'>eius</span> <span class='ocrx_word' id='word_1_791' title='bbox 2091 1962 2161 1983; x_wconf 75' lang='lat' dir='ltr'>san-</span> 
     </span>
     <span class='ocr_line' id='line_1_112' title="bbox 1312 2001 2161 2040; baseline -0.001 -9"><span class='ocrx_word' id='word_1_792' title='bbox 1312 2003 1447 2040; x_wconf 67' lang='lat' dir='ltr'>quinem,</span> <span class='ocrx_word' id='word_1_793' title='bbox 1470 2005 1603 2039; x_wconf 86' lang='lat' dir='ltr'>tanquam</span> <span class='ocrx_word' id='word_1_794' title='bbox 1624 2010 1723 2031; x_wconf 89' lang='lat' dir='ltr'>verum</span> <span class='ocrx_word' id='word_1_795' title='bbox 1744 2005 1859 2039; x_wconf 86' lang='lat' dir='ltr'>potum;</span> <span class='ocrx_word' id='word_1_796' title='bbox 1880 2011 1940 2030; x_wconf 90' lang='lat' dir='ltr'>non</span> <span class='ocrx_word' id='word_1_797' title='bbox 1960 2001 2099 2031; x_wconf 75' lang='lat' dir='ltr'>habebitis</span> <span class='ocrx_word' id='word_1_798' title='bbox 2119 2001 2161 2030; x_wconf 83' lang='lat' dir='ltr'>vi-</span> 
     </span>
     <span class='ocr_line' id='line_1_113' title="bbox 1314 2047 2161 2084; baseline -0.001 -8"><span class='ocrx_word' id='word_1_799' title='bbox 1314 2052 1375 2076; x_wconf 84' lang='lat' dir='ltr'>tam</span> <span class='ocrx_word' id='word_1_800' title='bbox 1396 2048 1428 2076; x_wconf 84' lang='lat' dir='ltr'>in</span> <span class='ocrx_word' id='word_1_801' title='bbox 1448 2047 1544 2082; x_wconf 72' lang='lat' dir='ltr'>vobis,</span> <span class='ocrx_word' id='word_1_802' title='bbox 1566 2047 1650 2076; x_wconf 87' lang='lat' dir='ltr'>vitam</span> <span class='ocrx_word' id='word_1_803' title='bbox 1672 2047 1775 2076; x_wconf 89' lang='lat' dir='ltr'>scilicet</span> <span class='ocrx_word' id='word_1_804' title='bbox 1795 2047 1915 2084; x_wconf 84' lang='lat' dir='ltr'>gratiae,</span> <span class='ocrx_word' id='word_1_805' title='bbox 1936 2047 1970 2076; x_wconf 90' lang='lat' dir='ltr'>de</span> <span class='ocrx_word' id='word_1_806' title='bbox 1991 2055 2047 2084; x_wconf 89' lang='lat' dir='ltr'>qua</span> <span class='ocrx_word' id='word_1_807' title='bbox 2060 2047 2161 2076; x_wconf 89' lang='lat' dir='ltr'>dicitur</span> 
     </span>
     <span class='ocr_line' id='line_1_114' title="bbox 1314 2093 2160 2123; baseline -0.001 0"><span class='ocrx_word' id='word_1_808' title='bbox 1314 2095 1342 2123; x_wconf 92' lang='lat' dir='ltr'>in</span> <span class='ocrx_word' id='word_1_809' title='bbox 1355 2095 1462 2123; x_wconf 87' lang='lat' dir='ltr'>Psalmo</span> <span class='ocrx_word' id='word_1_810' title='bbox 1474 2095 1513 2122; x_wconf 81' lang='lat'>¹²:</span> <span class='ocrx_word' id='word_1_811' title='bbox 1530 2106 1543 2119; x_wconf 73' lang='grc' dir='ltr'>α</span> <span class='ocrx_word' id='word_1_812' title='bbox 1555 2094 1669 2123; x_wconf 80' lang='lat' dir='ltr'>Vivitica</span> <span class='ocrx_word' id='word_1_813' title='bbox 1683 2102 1727 2123; x_wconf 91' lang='lat' dir='ltr'>me</span> <span class='ocrx_word' id='word_1_814' title='bbox 1741 2093 1895 2123; x_wconf 87' lang='lat' dir='ltr'>secundum</span> <span class='ocrx_word' id='word_1_815' title='bbox 1909 2094 2028 2123; x_wconf 89' lang='lat' dir='ltr'>verbum</span> <span class='ocrx_word' id='word_1_816' title='bbox 2043 2095 2122 2123; x_wconf 89' lang='lat' dir='ltr'>tuum</span> <span class='ocrx_word' id='word_1_817' title='bbox 2133 2105 2160 2122; x_wconf 71' lang='lat' dir='ltr'>n.</span> 
     </span>
    </p>
   </div>
   <div class='ocr_carea' id='block_1_15' title="bbox 1316 2234 2163 2346">
    <p class='ocr_par' dir='ltr' id='par_1_26' title="bbox 1316 2234 2163 2346">
     <span class='ocr_line' id='line_1_115' title="bbox 1379 2234 2163 2264; baseline -0.003 -5"><span class='ocrx_word' id='word_1_818' title='bbox 1379 2236 1388 2249; x_wconf 76' lang='lat'>⁴¹</span> <span class='ocrx_word' id='word_1_819' title='bbox 1406 2238 1497 2259; x_wconf 85' lang='lat' dir='ltr'>Praeter</span> <span class='ocrx_word' id='word_1_820' title='bbox 1514 2239 1591 2259; x_wconf 84' lang='lat' dir='ltr'>notam</span> <span class='ocrx_word' id='word_1_821' title='bbox 1609 2235 1718 2264; x_wconf 85' lang='lat' dir='ltr'>praeced.</span> <span class='ocrx_word' id='word_1_822' title='bbox 1735 2235 1789 2258; x_wconf 81' lang='lat' dir='ltr'>vide</span> <span class='ocrx_word' id='word_1_823' title='bbox 1811 2241 1881 2264; x_wconf 83' lang='lat' dir='ltr'>supra</span> <span class='ocrx_word' id='word_1_824' title='bbox 1902 2241 1922 2257; x_wconf 89' lang='lat' dir='ltr'>c.</span> <span class='ocrx_word' id='word_1_825' title='bbox 1941 2235 1962 2257; x_wconf 75' lang='lat' dir='ltr'>I.</span> <span class='ocrx_word' id='word_1_826' title='bbox 1978 2241 2001 2257; x_wconf 90' lang='lat' dir='ltr'>n.</span> <span class='ocrx_word' id='word_1_827' title='bbox 2018 2235 2062 2262; x_wconf 82' lang='lat'>30,</span> <span class='ocrx_word' id='word_1_828' title='bbox 2079 2234 2120 2257; x_wconf 90' lang='lat' dir='ltr'>ubi</span> <span class='ocrx_word' id='word_1_829' title='bbox 2136 2234 2163 2257; x_wconf 87' lang='lat' dir='ltr'>si-</span> 
     </span>
     <span class='ocr_line' id='line_1_116' title="bbox 1316 2273 2162 2305; baseline -0.002 -6"><span class='ocrx_word' id='word_1_830' title='bbox 1316 2277 1375 2299; x_wconf 90' lang='lat' dir='ltr'>milis</span> <span class='ocrx_word' id='word_1_831' title='bbox 1393 2277 1513 2305; x_wconf 82' lang='lat' dir='ltr'>explicatio</span> <span class='ocrx_word' id='word_1_832' title='bbox 1530 2276 1637 2299; x_wconf 90' lang='lat' dir='ltr'>occurrit.</span> <span class='ocrx_word' id='word_1_833' title='bbox 1648 2288 1679 2292; x_wconf 97' lang='lat'><strong>—</strong></span> <span class='ocrx_word' id='word_1_834' title='bbox 1690 2276 1731 2298; x_wconf 89' lang='lat' dir='ltr'>Ed.</span> <span class='ocrx_word' id='word_1_835' title='bbox 1743 2275 1850 2303; x_wconf 88' lang='lat' dir='ltr'>superius</span> <span class='ocrx_word' id='word_1_836' title='bbox 1861 2277 1914 2303; x_wconf 89' lang='lat' dir='ltr'>post</span> <span class='ocrx_word' id='word_1_837' title='bbox 1925 2273 1988 2304; x_wconf 83' lang='lat' dir='ltr'>quod</span> <span class='ocrx_word' id='word_1_838' title='bbox 2002 2274 2066 2297; x_wconf 87' lang='lat' dir='ltr'>addit</span> <span class='ocrx_word' id='word_1_839' title='bbox 2082 2280 2162 2297; x_wconf 78' lang='lat' dir='ltr'>omnes</span> 
     </span>
     <span class='ocr_line' id='line_1_117' title="bbox 1316 2312 2162 2346; baseline -0.002 -8"><span class='ocrx_word' id='word_1_840' title='bbox 1316 2314 1433 2339; x_wconf 74' lang='lat' dir='ltr'>Ecclesiae</span> <span class='ocrx_word' id='word_1_841' title='bbox 1449 2315 1504 2346; x_wconf 81' lang='lat' dir='ltr'>filii,</span> <span class='ocrx_word' id='word_1_842' title='bbox 1522 2318 1545 2338; x_wconf 87' lang='lat' dir='ltr'>et</span> <span class='ocrx_word' id='word_1_843' title='bbox 1561 2316 1598 2338; x_wconf 86' lang='lat' dir='ltr'>hic</span> <span class='ocrx_word' id='word_1_844' title='bbox 1615 2314 1734 2343; x_wconf 80' lang='lat' dir='ltr'>subiungit</span> <span class='ocrx_word' id='word_1_845' title='bbox 1750 2314 1780 2337; x_wconf 90' lang='lat' dir='ltr'>Et</span> <span class='ocrx_word' id='word_1_846' title='bbox 1796 2313 1927 2337; x_wconf 79' lang='lat' dir='ltr'>secundum</span> <span class='ocrx_word' id='word_1_847' title='bbox 1944 2313 2107 2343; x_wconf 75' lang='lat' dir='ltr'>Auyustinnm</span> <span class='ocrx_word' id='word_1_848' title='bbox 2124 2312 2162 2342; x_wconf 93' lang='lat' dir='ltr'>[in</span> 
     </span>
    </p>
   </div>
   <div class='ocr_carea' id='block_1_16' title="bbox 1273 2351 2163 2384">
    <p class='ocr_par' dir='ltr' id='par_1_27' title="bbox 1273 2351 2163 2384">
     <span class='ocr_line' id='line_1_118' title="bbox 1273 2351 2163 2384; baseline -0.002 -7"><span class='ocrx_word' id='word_1_849' title='bbox 1273 2359 1278 2366; x_wconf 93' lang='lat'><em>·</em></span> <span class='ocrx_word' id='word_1_850' title='bbox 1315 2356 1376 2377; x_wconf 87' lang='lat' dir='ltr'>loan.</span> <span class='ocrx_word' id='word_1_851' title='bbox 1393 2356 1482 2382; x_wconf 83' lang='lat' dir='ltr'>Evang.</span> <span class='ocrx_word' id='word_1_852' title='bbox 1500 2357 1528 2377; x_wconf 89' lang='lat' dir='ltr'>tr.</span> <span class='ocrx_word' id='word_1_853' title='bbox 1545 2355 1584 2377; x_wconf 76' lang='lat'>26.</span> <span class='ocrx_word' id='word_1_854' title='bbox 1600 2361 1623 2376; x_wconf 89' lang='lat' dir='ltr'>n.</span> <span class='ocrx_word' id='word_1_855' title='bbox 1640 2353 1691 2384; x_wconf 90' lang='lat'>7.]:</span> <span class='ocrx_word' id='word_1_856' title='bbox 1710 2353 1757 2382; x_wconf 84' lang='lat' dir='ltr'>Qui</span> <span class='ocrx_word' id='word_1_857' title='bbox 1773 2354 1875 2376; x_wconf 82' lang='lat' dir='ltr'>omnes?</span> <span class='ocrx_word' id='word_1_858' title='bbox 1894 2352 1984 2381; x_wconf 81' lang='lat' dir='ltr'>Omnis,</span> <span class='ocrx_word' id='word_1_859' title='bbox 2002 2352 2044 2383; x_wconf 78' lang='lat' dir='ltr'>qui</span> <span class='ocrx_word' id='word_1_860' title='bbox 2059 2351 2128 2375; x_wconf 77' lang='lat' dir='ltr'>audit</span> <span class='ocrx_word' id='word_1_861' title='bbox 2147 2358 2163 2375; x_wconf 86' lang='grc' dir='ltr'><em>α</em></span> 
     </span>
    </p>
   </div>
   <div class='ocr_carea' id='block_1_17' title="bbox 1314 2390 2164 2969">
    <p class='ocr_par' dir='ltr' id='par_1_28' title="bbox 1314 2390 2164 2617">
     <span class='ocr_line' id='line_1_119' title="bbox 1315 2390 2163 2422; baseline -0.004 -6"><span class='ocrx_word' id='word_1_862' title='bbox 1315 2393 1387 2416; x_wconf 81' lang='lat' dir='ltr'>Patre</span> <span class='ocrx_word' id='word_1_863' title='bbox 1403 2399 1454 2416; x_wconf 82' lang='lat' dir='ltr'>meo</span> <span class='ocrx_word' id='word_1_864' title='bbox 1472 2396 1493 2416; x_wconf 77' lang='lat' dir='ltr'>et</span> <span class='ocrx_word' id='word_1_865' title='bbox 1511 2392 1602 2421; x_wconf 77' lang='lat' dir='ltr'>didicit,</span> <span class='ocrx_word' id='word_1_866' title='bbox 1614 2393 1676 2416; x_wconf 74' lang='lat' dir='ltr'>vemt</span> <span class='ocrx_word' id='word_1_867' title='bbox 1693 2392 1725 2416; x_wconf 80' lang='lat' dir='ltr'>ad</span> <span class='ocrx_word' id='word_1_868' title='bbox 1741 2398 1778 2415; x_wconf 83' lang='lat' dir='ltr'>me</span> <span class='ocrx_word' id='word_1_869' title='bbox 1795 2391 1868 2422; x_wconf 85' lang='lat' dir='ltr'>[loan.</span> <span class='ocrx_word' id='word_1_870' title='bbox 1886 2392 1912 2420; x_wconf 86' lang='lat'>6,</span> <span class='ocrx_word' id='word_1_871' title='bbox 1925 2390 1983 2421; x_wconf 77' lang='lat'>45.].</span> <span class='ocrx_word' id='word_1_872' title='bbox 1999 2390 2128 2420; x_wconf 72' lang='lat' dir='ltr'>chrysost,</span> <span class='ocrx_word' id='word_1_873' title='bbox 2139 2390 2163 2413; x_wconf 94' lang='lat' dir='ltr'>in</span> 
     </span>
     <span class='ocr_line' id='line_1_120' title="bbox 1315 2430 2163 2461; baseline -0.002 -7"><span class='ocrx_word' id='word_1_874' title='bbox 1315 2433 1376 2455; x_wconf 84' lang='lat' dir='ltr'>loan.</span> <span class='ocrx_word' id='word_1_875' title='bbox 1394 2432 1474 2454; x_wconf 85' lang='lat' dir='ltr'>homil.</span> <span class='ocrx_word' id='word_1_876' title='bbox 1492 2432 1529 2454; x_wconf 81' lang='lat'>46.</span> <span class='ocrx_word' id='word_1_877' title='bbox 1543 2432 1608 2461; x_wconf 88' lang='lat' dir='ltr'>(alias</span> <span class='ocrx_word' id='word_1_878' title='bbox 1626 2432 1672 2461; x_wconf 84' lang='lat'>45.)</span> <span class='ocrx_word' id='word_1_879' title='bbox 1690 2438 1713 2454; x_wconf 92' lang='lat' dir='ltr'>n.</span> <span class='ocrx_word' id='word_1_880' title='bbox 1732 2433 1752 2454; x_wconf 84' lang='lat' dir='ltr'>l.</span> <span class='ocrx_word' id='word_1_881' title='bbox 1769 2432 1799 2454; x_wconf 83' lang='lat' dir='ltr'>ita</span> <span class='ocrx_word' id='word_1_882' title='bbox 1816 2431 1956 2459; x_wconf 88' lang='lat' dir='ltr'>respondet:</span> <span class='ocrx_word' id='word_1_883' title='bbox 1973 2430 2019 2453; x_wconf 90' lang='lat' dir='ltr'>Cur</span> <span class='ocrx_word' id='word_1_884' title='bbox 2036 2430 2105 2459; x_wconf 86' lang='lat' dir='ltr'>aliqui</span> <span class='ocrx_word' id='word_1_885' title='bbox 2117 2436 2163 2452; x_wconf 91' lang='lat' dir='ltr'>non</span> 
     </span>
     <span class='ocr_line' id='line_1_121' title="bbox 1315 2469 2163 2501; baseline -0.004 -7"><span class='ocrx_word' id='word_1_886' title='bbox 1315 2472 1431 2495; x_wconf 78' lang='lat' dir='ltr'>credunt?</span> <span class='ocrx_word' id='word_1_887' title='bbox 1444 2472 1502 2500; x_wconf 84' lang='lat' dir='ltr'>Quia</span> <span class='ocrx_word' id='word_1_888' title='bbox 1515 2471 1569 2494; x_wconf 90' lang='lat' dir='ltr'>illud</span> <span class='ocrx_word' id='word_1_889' title='bbox 1581 2471 1611 2493; x_wconf 87' lang='lat' dir='ltr'>de</span> <span class='ocrx_word' id='word_1_890' title='bbox 1624 2470 1738 2501; x_wconf 74' lang='lat' dir='ltr'>plat-ibus</span> <span class='ocrx_word' id='word_1_891' title='bbox 1756 2471 1842 2493; x_wconf 90' lang='lat' dir='ltr'>dictum</span> <span class='ocrx_word' id='word_1_892' title='bbox 1855 2472 1897 2493; x_wconf 90' lang='lat' dir='ltr'>est.</span> <span class='ocrx_word' id='word_1_893' title='bbox 1908 2469 2015 2498; x_wconf 88' lang='lat' dir='ltr'>Alioquin</span> <span class='ocrx_word' id='word_1_894' title='bbox 2026 2471 2104 2491; x_wconf 88' lang='lat' dir='ltr'>autem</span> <span class='ocrx_word' id='word_1_895' title='bbox 2115 2474 2163 2491; x_wconf 91' lang='lat' dir='ltr'>non</span> 
     </span>
     <span class='ocr_line' id='line_1_122' title="bbox 1314 2507 2164 2539; baseline -0.004 -7"><span class='ocrx_word' id='word_1_896' title='bbox 1314 2516 1396 2532; x_wconf 80' lang='lat' dir='ltr'>omnes</span> <span class='ocrx_word' id='word_1_897' title='bbox 1413 2516 1522 2538; x_wconf 78' lang='lat' dir='ltr'>prorsuS,</span> <span class='ocrx_word' id='word_1_898' title='bbox 1538 2510 1579 2532; x_wconf 73' lang='lat' dir='ltr'>sed</span> <span class='ocrx_word' id='word_1_899' title='bbox 1597 2516 1690 2537; x_wconf 84' lang='lat' dir='ltr'>omnes,</span> <span class='ocrx_word' id='word_1_900' title='bbox 1708 2508 1751 2539; x_wconf 81' lang='lat' dir='ltr'>qui</span> <span class='ocrx_word' id='word_1_901' title='bbox 1764 2508 1895 2537; x_wconf 82' lang='lat' dir='ltr'>voluerint,</span> <span class='ocrx_word' id='word_1_902' title='bbox 1914 2514 1955 2536; x_wconf 83' lang='lat' dir='ltr'>per</span> <span class='ocrx_word' id='word_1_903' title='bbox 1976 2509 2113 2537; x_wconf 87' lang='lat' dir='ltr'>prophetam</span> <span class='ocrx_word' id='word_1_904' title='bbox 2136 2507 2164 2529; x_wconf 89' lang='lat' dir='ltr'>si-</span> 
     </span>
     <span class='ocr_line' id='line_1_123' title="bbox 1315 2546 2163 2578; baseline -0.004 -7"><span class='ocrx_word' id='word_1_905' title='bbox 1315 2549 1461 2578; x_wconf 80' lang='lat' dir='ltr'>gnificantur.</span> <span class='ocrx_word' id='word_1_906' title='bbox 1479 2549 1587 2577; x_wconf 71' lang='lat' dir='ltr'>MagISter</span> <span class='ocrx_word' id='word_1_907' title='bbox 1603 2549 1664 2571; x_wconf 83' lang='lat' dir='ltr'>enirn</span> <span class='ocrx_word' id='word_1_908' title='bbox 1682 2548 1791 2571; x_wconf 88' lang='lat' dir='ltr'>omnibus</span> <span class='ocrx_word' id='word_1_909' title='bbox 1808 2548 1959 2576; x_wconf 83' lang='lat' dir='ltr'>proponitur,</span> <span class='ocrx_word' id='word_1_910' title='bbox 1970 2549 2064 2575; x_wconf 86' lang='lat' dir='ltr'>paratus</span> <span class='ocrx_word' id='word_1_911' title='bbox 2075 2546 2105 2569; x_wconf 87' lang='lat' dir='ltr'>ad</span> <span class='ocrx_word' id='word_1_912' title='bbox 2121 2552 2163 2569; x_wconf 84' lang='lat' dir='ltr'>sua</span> 
     </span>
     <span class='ocr_line' id='line_1_124' title="bbox 1316 2586 1975 2617; baseline -0.003 -6"><span class='ocrx_word' id='word_1_913' title='bbox 1316 2588 1440 2616; x_wconf 81' lang='lat' dir='ltr'>tradenda,</span> <span class='ocrx_word' id='word_1_914' title='bbox 1458 2588 1498 2617; x_wconf 88' lang='lat' dir='ltr'>qui</span> <span class='ocrx_word' id='word_1_915' title='bbox 1516 2588 1644 2610; x_wconf 82' lang='lat' dir='ltr'>doctrinam</span> <span class='ocrx_word' id='word_1_916' title='bbox 1661 2594 1728 2610; x_wconf 82' lang='lat' dir='ltr'>suam</span> <span class='ocrx_word' id='word_1_917' title='bbox 1745 2587 1855 2610; x_wconf 89' lang='lat' dir='ltr'>omnibus</span> <span class='ocrx_word' id='word_1_918' title='bbox 1871 2586 1975 2610; x_wconf 79' lang='lat' dir='ltr'>effundit.</span> 
     </span>
    </p>

    <p class='ocr_par' dir='ltr' id='par_1_29' title="bbox 1378 2626 1828 2656">
     <span class='ocr_line' id='line_1_125' title="bbox 1378 2626 1828 2656; baseline -0.004 -6"><span class='ocrx_word' id='word_1_919' title='bbox 1378 2626 1388 2639; x_wconf 78' lang='lat'><strong>⁶</strong></span> <span class='ocrx_word' id='word_1_920' title='bbox 1405 2627 1471 2650; x_wconf 75' lang='lat' dir='ltr'>vers.</span> <span class='ocrx_word' id='word_1_921' title='bbox 1490 2628 1536 2654; x_wconf 78' lang='lat'>53;</span> <span class='ocrx_word' id='word_1_922' title='bbox 1553 2633 1602 2656; x_wconf 87' lang='lat' dir='ltr'>seq.</span> <span class='ocrx_word' id='word_1_923' title='bbox 1620 2627 1683 2649; x_wconf 91' lang='lat' dir='ltr'>locus</span> <span class='ocrx_word' id='word_1_924' title='bbox 1700 2629 1735 2649; x_wconf 85' lang='lat' dir='ltr'>est</span> <span class='ocrx_word' id='word_1_925' title='bbox 1751 2633 1773 2649; x_wconf 89' lang='lat' dir='ltr'>v.</span> <span class='ocrx_word' id='word_1_926' title='bbox 1791 2627 1828 2648; x_wconf 83' lang='lat'>60.</span> 
     </span>
    </p>

    <p class='ocr_par' dir='ltr' id='par_1_30' title="bbox 1378 2665 1916 2695">
     <span class='ocr_line' id='line_1_126' title="bbox 1378 2665 1916 2695; baseline -0.004 -6"><span class='ocrx_word' id='word_1_927' title='bbox 1378 2665 1388 2678; x_wconf 81' lang='lat'><strong>⁶</strong></span> <span class='ocrx_word' id='word_1_928' title='bbox 1405 2667 1471 2689; x_wconf 85' lang='lat' dir='ltr'>Vers.</span> <span class='ocrx_word' id='word_1_929' title='bbox 1489 2667 1526 2689; x_wconf 80' lang='grc' dir='ltr'>Μ.</span> <span class='ocrx_word' id='word_1_930' title='bbox 1543 2678 1575 2683; x_wconf 90' lang='grc'>-</span> <span class='ocrx_word' id='word_1_931' title='bbox 1592 2666 1701 2695; x_wconf 84' lang='lat' dir='ltr'>Sequitur</span> <span class='ocrx_word' id='word_1_932' title='bbox 1718 2666 1732 2688; x_wconf 96' lang='lat' dir='ltr'>l.</span> <span class='ocrx_word' id='word_1_933' title='bbox 1749 2665 1801 2688; x_wconf 89' lang='lat' dir='ltr'>Cor.</span> <span class='ocrx_word' id='word_1_934' title='bbox 1820 2665 1861 2693; x_wconf 76' lang='lat'>40,</span> <span class='ocrx_word' id='word_1_935' title='bbox 1880 2665 1916 2687; x_wconf 72' lang='lat'>46.</span> 
     </span>
    </p>

    <p class='ocr_par' dir='ltr' id='par_1_31' title="bbox 1379 2703 2163 2734">
     <span class='ocr_line' id='line_1_127' title="bbox 1379 2703 2163 2734; baseline -0.005 -5"><span class='ocrx_word' id='word_1_936' title='bbox 1379 2704 1388 2718; x_wconf 95' lang='lat'>⁷</span> <span class='ocrx_word' id='word_1_937' title='bbox 1407 2707 1472 2729; x_wconf 88' lang='lat' dir='ltr'>Vers.</span> <span class='ocrx_word' id='word_1_938' title='bbox 1490 2706 1528 2729; x_wconf 88' lang='lat'>30.</span> <span class='ocrx_word' id='word_1_939' title='bbox 1544 2718 1575 2723; x_wconf 93' lang='lat'><strong>—</strong></span> <span class='ocrx_word' id='word_1_940' title='bbox 1592 2706 1642 2728; x_wconf 95' lang='lat' dir='ltr'>Duo</span> <span class='ocrx_word' id='word_1_941' title='bbox 1655 2705 1699 2728; x_wconf 81' lang='lat' dir='ltr'>loci</span> <span class='ocrx_word' id='word_1_942' title='bbox 1710 2712 1775 2734; x_wconf 88' lang='lat' dir='ltr'>seqq.</span> <span class='ocrx_word' id='word_1_943' title='bbox 1786 2707 1840 2728; x_wconf 87' lang='lat' dir='ltr'>sunt</span> <span class='ocrx_word' id='word_1_944' title='bbox 1851 2704 1901 2727; x_wconf 88' lang='lat' dir='ltr'>lsai.</span> <span class='ocrx_word' id='word_1_945' title='bbox 1913 2705 1954 2732; x_wconf 78' lang='lat'>50,</span> <span class='ocrx_word' id='word_1_946' title='bbox 1966 2704 1988 2726; x_wconf 83' lang='lat'>6.</span> <span class='ocrx_word' id='word_1_947' title='bbox 1999 2706 2022 2726; x_wconf 90' lang='lat' dir='ltr'>et</span> <span class='ocrx_word' id='word_1_948' title='bbox 2033 2704 2090 2732; x_wconf 87' lang='lat' dir='ltr'>Eph.</span> <span class='ocrx_word' id='word_1_949' title='bbox 2102 2703 2129 2732; x_wconf 81' lang='lat'>5,</span> <span class='ocrx_word' id='word_1_950' title='bbox 2141 2704 2163 2726; x_wconf 81' lang='lat'>2.</span> 
     </span>
    </p>

    <p class='ocr_par' dir='ltr' id='par_1_32' title="bbox 1379 2743 1527 2768">
     <span class='ocr_line' id='line_1_128' title="bbox 1379 2743 1527 2768; baseline -0.007 0"><span class='ocrx_word' id='word_1_951' title='bbox 1379 2743 1389 2757; x_wconf 79' lang='lat'>³</span> <span class='ocrx_word' id='word_1_952' title='bbox 1407 2745 1472 2768; x_wconf 83' lang='lat' dir='ltr'>vers.</span> <span class='ocrx_word' id='word_1_953' title='bbox 1490 2745 1527 2767; x_wconf 78' lang='lat'>54.</span> 
     </span>
    </p>

    <p class='ocr_par' dir='ltr' id='par_1_33' title="bbox 1379 2782 1527 2807">
     <span class='ocr_line' id='line_1_129' title="bbox 1379 2782 1527 2807; baseline 0 -1"><span class='ocrx_word' id='word_1_954' title='bbox 1379 2782 1389 2795; x_wconf 80' lang='lat'>⁹</span> <span class='ocrx_word' id='word_1_955' title='bbox 1408 2785 1472 2807; x_wconf 86' lang='lat' dir='ltr'>Vers.</span> <span class='ocrx_word' id='word_1_956' title='bbox 1489 2784 1527 2806; x_wconf 78' lang='lat'>24.</span> 
     </span>
    </p>

    <p class='ocr_par' dir='ltr' id='par_1_34' title="bbox 1381 2822 1894 2852">
     <span class='ocr_line' id='line_1_130' title="bbox 1381 2822 1894 2852; baseline -0.004 -6"><span class='ocrx_word' id='word_1_957' title='bbox 1381 2822 1399 2836; x_wconf 95' lang='lat'>¹¹</span> <span class='ocrx_word' id='word_1_958' title='bbox 1417 2825 1440 2846; x_wconf 91' lang='lat' dir='ltr'>In</span> <span class='ocrx_word' id='word_1_959' title='bbox 1458 2824 1519 2846; x_wconf 81' lang='lat' dir='ltr'>loan.</span> <span class='ocrx_word' id='word_1_960' title='bbox 1536 2823 1614 2846; x_wconf 89' lang='lat' dir='ltr'>homil.</span> <span class='ocrx_word' id='word_1_961' title='bbox 1632 2823 1669 2846; x_wconf 84' lang='lat'>46.</span> <span class='ocrx_word' id='word_1_962' title='bbox 1688 2823 1751 2850; x_wconf 83' lang='lat' dir='ltr'>(alias</span> <span class='ocrx_word' id='word_1_963' title='bbox 1770 2823 1815 2852; x_wconf 78' lang='lat'>45.)</span> <span class='ocrx_word' id='word_1_964' title='bbox 1834 2829 1855 2845; x_wconf 92' lang='lat' dir='ltr'>n.</span> <span class='ocrx_word' id='word_1_965' title='bbox 1873 2823 1894 2845; x_wconf 79' lang='lat'>2.</span> 
     </span>
    </p>

    <p class='ocr_par' dir='ltr' id='par_1_35' title="bbox 1317 2861 2163 2969">
     <span class='ocr_line' id='line_1_131' title="bbox 1381 2861 2162 2891; baseline -0.003 -6"><span class='ocrx_word' id='word_1_966' title='bbox 1381 2862 1400 2875; x_wconf 80' lang='lat'>¹²</span> <span class='ocrx_word' id='word_1_967' title='bbox 1418 2864 1500 2885; x_wconf 86' lang='lat' dir='ltr'>Psalm.</span> <span class='ocrx_word' id='word_1_968' title='bbox 1520 2863 1579 2891; x_wconf 74' lang='grc'>118,</span> <span class='ocrx_word' id='word_1_969' title='bbox 1598 2863 1651 2885; x_wconf 71' lang='lat'>⁴07.</span> <span class='ocrx_word' id='word_1_970' title='bbox 1668 2875 1699 2880; x_wconf 93' lang='lat'><em>-</em></span> <span class='ocrx_word' id='word_1_971' title='bbox 1715 2863 1824 2891; x_wconf 84' lang='lat' dir='ltr'>August.,</span> <span class='ocrx_word' id='word_1_972' title='bbox 1846 2862 1870 2884; x_wconf 91' lang='lat' dir='ltr'>in</span> <span class='ocrx_word' id='word_1_973' title='bbox 1887 2862 1947 2884; x_wconf 86' lang='lat' dir='ltr'>loan.</span> <span class='ocrx_word' id='word_1_974' title='bbox 1964 2862 2052 2889; x_wconf 82' lang='lat' dir='ltr'>Evang.</span> <span class='ocrx_word' id='word_1_975' title='bbox 2075 2864 2104 2884; x_wconf 89' lang='lat' dir='ltr'>tr.</span> <span class='ocrx_word' id='word_1_976' title='bbox 2125 2861 2162 2883; x_wconf 83' lang='lat'>26.</span> 
     </span>
     <span class='ocr_line' id='line_1_132' title="bbox 1318 2901 2163 2930; baseline -0.002 -6"><span class='ocrx_word' id='word_1_977' title='bbox 1318 2909 1341 2924; x_wconf 92' lang='lat' dir='ltr'>n.</span> <span class='ocrx_word' id='word_1_978' title='bbox 1359 2902 1402 2924; x_wconf 73' lang='lat'>43:</span> <span class='ocrx_word' id='word_1_979' title='bbox 1417 2902 1456 2924; x_wconf 78' lang='lat' dir='ltr'>Vis</span> <span class='ocrx_word' id='word_1_980' title='bbox 1468 2908 1524 2930; x_wconf 75' lang='lat' dir='ltr'>ergo</span> <span class='ocrx_word' id='word_1_981' title='bbox 1537 2904 1559 2924; x_wconf 88' lang='lat' dir='ltr'>et</span> <span class='ocrx_word' id='word_1_982' title='bbox 1571 2904 1595 2924; x_wconf 88' lang='lat' dir='ltr'>tu</span> <span class='ocrx_word' id='word_1_983' title='bbox 1606 2902 1687 2925; x_wconf 73' lang='lat' dir='ltr'>vivere</span> <span class='ocrx_word' id='word_1_984' title='bbox 1704 2902 1734 2924; x_wconf 90' lang='lat' dir='ltr'>de</span> <span class='ocrx_word' id='word_1_985' title='bbox 1750 2901 1832 2930; x_wconf 87' lang='lat' dir='ltr'>spiritu</span> <span class='ocrx_word' id='word_1_986' title='bbox 1849 2901 1951 2924; x_wconf 76' lang='lat' dir='ltr'>Christi?</span> <span class='ocrx_word' id='word_1_987' title='bbox 1968 2901 1993 2923; x_wconf 93' lang='lat' dir='ltr'>In</span> <span class='ocrx_word' id='word_1_988' title='bbox 2004 2906 2102 2928; x_wconf 88' lang='lat' dir='ltr'>corpore</span> <span class='ocrx_word' id='word_1_989' title='bbox 2114 2902 2163 2922; x_wconf 85' lang='lat' dir='ltr'>esto</span> 
     </span>
     <span class='ocr_line' id='line_1_133' title="bbox 1317 2938 2162 2969; baseline -0.004 -5"><span class='ocrx_word' id='word_1_990' title='bbox 1317 2941 1425 2965; x_wconf 84' lang='lat' dir='ltr'>Christi...</span> <span class='ocrx_word' id='word_1_991' title='bbox 1441 2947 1487 2964; x_wconf 91' lang='lat' dir='ltr'>non</span> <span class='ocrx_word' id='word_1_992' title='bbox 1499 2944 1574 2969; x_wconf 88' lang='lat' dir='ltr'>potest</span> <span class='ocrx_word' id='word_1_993' title='bbox 1585 2941 1666 2964; x_wconf 87' lang='lat' dir='ltr'>vivere</span> <span class='ocrx_word' id='word_1_994' title='bbox 1677 2947 1762 2969; x_wconf 84' lang='lat' dir='ltr'>corpus</span> <span class='ocrx_word' id='word_1_995' title='bbox 1774 2940 1857 2964; x_wconf 88' lang='lat' dir='ltr'>Christi</span> <span class='ocrx_word' id='word_1_996' title='bbox 1873 2940 1915 2963; x_wconf 90' lang='lat' dir='ltr'>nisi</span> <span class='ocrx_word' id='word_1_997' title='bbox 1932 2940 1962 2962; x_wconf 85' lang='lat' dir='ltr'>de</span> <span class='ocrx_word' id='word_1_998' title='bbox 1977 2939 2058 2968; x_wconf 90' lang='lat' dir='ltr'>spiritu</span> <span class='ocrx_word' id='word_1_999' title='bbox 2073 2938 2162 2962; x_wconf 89' lang='lat' dir='ltr'>Christi.</span> 
     </span>
    </p>
   </div>
   <div class='ocr_carea' id='block_1_18' title="bbox 1987 2781 2163 2810">
    <p class='ocr_par' dir='ltr' id='par_1_36' title="bbox 1987 2781 2163 2810">
     <span class='ocr_line' id='line_1_134' title="bbox 1987 2781 2163 2810; baseline -0.006 -5"><span class='ocrx_word' id='word_1_1000' title='bbox 1987 2781 2006 2794; x_wconf 89' lang='lat'>¹⁰</span> <span class='ocrx_word' id='word_1_1001' title='bbox 2023 2782 2078 2810; x_wconf 88' lang='lat' dir='ltr'>Cap.</span> <span class='ocrx_word' id='word_1_1002' title='bbox 2096 2782 2123 2809; x_wconf 86' lang='lat'>3,</span> <span class='ocrx_word' id='word_1_1003' title='bbox 2141 2781 2163 2804; x_wconf 87' lang='grc'>4.</span> 
     </span>
    </p>
   </div>
   <div class='ocr_carea' id='block_1_19' title="bbox 2168 461 2269 507">
    <p class='ocr_par' dir='ltr' id='par_1_37' title="bbox 2168 461 2269 507">
     <span class='ocr_line' id='line_1_135' title="bbox 2183 461 2264 481; baseline 0.012 -1"><span class='ocrx_word' id='word_1_1004' title='bbox 2183 461 2264 481; x_wconf 75' lang='lat' dir='ltr'>Secundi:</span> 
     </span>
     <span class='ocr_line' id='line_1_136' title="bbox 2168 485 2269 507; baseline 0.01 -3"><span class='ocrx_word' id='word_1_1005' title='bbox 2168 485 2269 507; x_wconf 67' lang='lat' dir='ltr'>confirmat,</span> 
     </span>
    </p>
   </div>
   <div class='ocr_carea' id='block_1_20' title="bbox 2172 554 2249 575">
    <p class='ocr_par' dir='ltr' id='par_1_38' title="bbox 2172 554 2249 575">
     <span class='ocr_line' id='line_1_137' title="bbox 2172 554 2249 575; baseline 0.026 -2"><span class='ocrx_word' id='word_1_1006' title='bbox 2172 554 2249 575; x_wconf 79' lang='lat' dir='ltr'>Divisio.</span> 
     </span>
    </p>
   </div>
   <div class='ocr_carea' id='block_1_21' title="bbox 2177 1771 2289 1793">
    <p class='ocr_par' dir='ltr' id='par_1_39' title="bbox 2177 1771 2289 1793">
     <span class='ocr_line' id='line_1_138' title="bbox 2177 1771 2289 1793; baseline -0.018 0"><span class='ocrx_word' id='word_1_1007' title='bbox 2177 1775 2259 1793; x_wconf 83' lang='lat' dir='ltr'>Primum</span> <span class='ocrx_word' id='word_1_1008' title='bbox 2276 1771 2277 1774; x_wconf 76' lang='grc'>’</span> <span class='ocrx_word' id='word_1_1009' title='bbox 2286 1783 2289 1791; x_wconf 54' lang='lat' dir='ltr'>i</span> 
     </span>
    </p>
   </div>
  </div>
 </body>
</html>
