2296 3316
0 417 18 463 il

0 616 17 674 ᾗ,

7 681 14 695 1,

14 713 16 732 l

11 1133 14 1151 l

12 1154 22 1166 u

19 427 95 447 undum.

19 613 90 633 nei-atio

21 637 95 663 poi-alis.

17 1127 92 1147 inei-atio

17 1153 81 1171 ,tei-na.

14 2295 91 2314 'ei-tium.

726 108 896 137 COMMENT.
918 109 951 138 IN
972 108 1118 138 IOANNEM
1138 110 1166 138 C.
1189 110 1242 139 VII.

115 187 178 225 quis
198 187 339 216 enarrabit
353 190 385 216 »2
405 186 485 224 quasi
506 186 646 223 generatio
673 186 775 216 Christi
803 187 838 215 sit
862 186 959 215 indici-

114 235 192 269 bilis,
213 238 241 264 et
261 235 299 263 ita
319 233 584 271 imperscrutabilis;
605 233 649 262 vel
663 233 729 270 quia
742 234 850 262 occulte
864 233 958 268 venit;

115 281 267 318 Sapientiae
287 280 393 309 decimo
413 282 528 309 octavo:
554 290 568 305 α
582 279 654 308 Dum
676 279 797 308 medium
818 279 959 308 silentium

116 330 241 357 tenerent
260 327 352 356 omnia
365 338 380 352 ι»
405 330 456 355 616.

192 375 238 403 39.
260 374 349 411 (Vers.
372 374 439 409 28).
463 372 616 402 Clamabat
636 381 704 410 erqo
718 376 769 402 etc.
785 373 832 402 Hic
846 373 960 410 ponitur

114 421 282 455 secundum,
301 420 404 449 scilicet
419 419 630 458 obloquentium
644 418 815 457 confutatio.
831 420 883 449 Hos
897 420 960 457 qui-

113 468 175 497 dem
196 467 378 504 obloquentes
397 466 431 495 de
448 466 549 495 Christi
564 466 740 503 generatione
754 467 893 501 confutat,
907 467 959 495 du-

113 514 212 551 plicem
239 521 318 542 suam
342 513 489 542 ostendens
509 513 732 550 generationem:
755 512 958 550 temporalem,

113 569 198 598 quam
225 560 277 597 ipsi
305 560 442 595 sciebant,
464 562 491 588 et
512 563 678 594 aeternam,
700 567 784 596 quam
805 559 863 596 ipse
891 559 959 588 scie-

113 608 168 637 hat.
190 607 305 644 Propter
326 606 512 644 temporalem
531 606 616 636 dicit:
647 606 801 635 Clamabat
828 614 896 644 erqo
917 606 959 635 Ie-

113 663 175 689 sus,
197 654 300 683 docens
315 653 346 682 in
361 653 479 691 templo,
494 656 526 682 ut
539 653 670 682 attonitos
687 653 790 682 faceret
811 653 959 682 mussitan-

114 703 173 735 tes:
201 699 275 729 1111116
303 699 517 728 Proverbiorum
545 700 677 737 111-1111011
705 700 871 737 «Sapientia
891 700 959 729 foris

113 747 251 781 clamitat,
277 747 305 775 in
332 746 430 783 plateis
450 747 496 775 dat
517 754 612 776 vocem
633 755 712 776 suam
727 758 755 781 »;
777 747 843 784 quia
863 750 959 784 aperte

112 796 140 823 et
159 794 247 822 libere
266 793 363 828 docet:
385 794 468 822 Isaiae
489 793 718 831 quinquagesimo
739 797 850 823 octavo:
870 805 884 819 α
899 794 958 822 Cla—

112 849 171 875 ma,
192 848 227 869 ne
248 848 354 875 cesses,
375 840 454 878 quasi
476 841 543 869 tuba
564 841 658 869 exalta
678 848 773 869 vocem
788 843 865 869 tuam
879 852 906 868 ».
925 841 959 868 Et

112 887 229 916 dicens:
254 888 287 916 Et
307 896 352 916 me
371 887 469 922 scitis,
491 891 515 916 et
529 887 607 916 unde
620 887 678 915 sim
691 887 789 921 scitis,
805 887 958 916 secundum

112 934 316 972 generationem
331 933 538 971 temporalem;
552 933 626 962 unde
640 933 768 962 Matthaei
782 933 888 962 decimo
903 936 959 962 ter-

112 980 169 1010 tio:
194 991 208 1006 «
223 981 308 1009 Mater
329 980 389 1009 eius
414 980 518 1009 dicitur
546 979 632 1008 Maria
645 990 672 1014 »;
698 982 726 1008 et
746 980 799 1008 hoc
820 980 957 1015 sciebant,

112 1027 187 1065 quod
211 1030 271 1056 erat
298 1028 382 1056 homo
409 1030 437 1056 et
457 1026 532 1064 quod
553 1034 589 1055 ex
611 1027 696 1055 Maria
715 1030 815 1062 natus;
838 1027 891 1056 hoc
917 1027 958 1055 di-

112 1077 188 1103 ctum
214 1077 256 1103 est
283 1073 437 1103 secundum
457 1073 662 1110 generationem
683 1073 877 1111 temporalem.
906 1074 958 1103 Sed

112 1124 247 1158 quantum
268 1120 303 1149 ad
324 1124 474 1149 aeternam
494 1120 576 1155 dicit,
598 1120 673 1157 quod
694 1120 752 1157 ipse
773 1123 814 1149 est
834 1121 869 1149 ab
888 1121 957 1155 alio,

112 1175 195 1205 quem
216 1167 269 1204 ipsi
290 1167 435 1201 nesciunt;
457 1170 571 1204 propter
592 1167 667 1204 quod
693 1167 777 1196 dicit:
809 1168 843 1196 Et
867 1176 887 1196 a
913 1176 958 1196 me

112 1215 174 1252 ipso
201 1222 259 1242 non
287 1213 368 1247 veni,
396 1213 424 1242 111
452 1222 509 1251 quo
530 1216 642 1242 notatur
663 1222 679 1242 a
700 1214 779 1242 Patre
799 1214 956 1251 processi03

111 1261 161 1290 sed
187 1264 228 1289 est
253 1268 358 1294 verus,
387 1260 439 1298 qut
464 1260 544 1289 misit
565 1269 625 1295 me,
647 1261 713 1298 quia
734 1261 808 1289 Deus
828 1263 888 1295 est;
916 1264 958 1290 est

111 1310 205 1336 autem
225 1307 300 1336 Deus
320 1315 423 1341 verax,
444 1308 534 1336 omnis
554 1311 646 1336 autem
662 1308 745 1336 homo
759 1308 893 1343 mendax,
915 1316 957 1337 se-

111 1354 234 1383 cundum
261 1354 330 1382 illud
358 1354 498 1383 Psalmiss:
531 1354 655 1383 «Omnis
683 1355 766 1383 homo
793 1355 914 1384 mendax
928 1366 956 1389 »;

111 1402 296 1430 Numerorum
312 1401 444 1439 vigesimo
458 1402 556 1430 tertio:
575 1413 589 1427 ιι
600 1402 658 1431 Νο11
672 1404 714 1431 est
728 1402 802 1431 Deus
816 1405 848 1431 ut
863 1403 956 1438 homo,

110 1451 143 1478 ut
164 1449 314 1478 mentiatur
329 1461 355 1477 n.
386 1450 476 1485 Quem
503 1458 554 1478 vos
577 1449 712 1483 nescitis,·
733 1457 819 1487 supra
839 1450 955 1487 quinto:

115 1496 340 1525 «Testimonium
363 1497 505 1534 perhibuit
529 1496 564 1526 de
590 1505 634 1526 me
662 1497 709 1534 qui
738 1497 813 1525 misit
836 1505 880 1526 me
908 1498 957 1526 Pa-

111 1546 169 1579 ter,
190 1551 281 1581 neque
301 1552 395 1573 vocem
421 1544 482 1573 eius
509 1544 624 1573 audistis
650 1552 741 1581 neque
768 1545 887 1581 speciem
915 1545 956 1573 vi-

110 1591 187 1620 distis
201 1602 228 1619 ».

188 1637 235 1665 40.
258 1637 347 1674 (Vers.
370 1637 438 1668 293.
460 1638 520 1674 Eyo
541 1640 639 1665 autem
659 1637 719 1665 scio
734 1646 817 1672 eum,
833 1641 859 1666 et
871 1637 899 1666 si
912 1638 956 1666 di-

107 1693 197 1718 xero,
212 1684 284 1722 quia
298 1684 392 1712 nescio
406 1692 489 1718 eum,
503 1692 552 1712 ero
566 1683 672 1712 similis
685 1683 776 1718 vobis,
791 1684 918 1713 mendax
929 1684 956 1718 ⁸,-

110 1730 159 1767 qui
172 1730 326 1759 mentimini
345 1729 481 1764 dicentes,
497 1738 546 1759 vos
560 1730 688 1767 ignorare
702 1731 873 1759 nativitatem
888 1734 955 1759 tem-

107 1776 260 1814 poralem,·
281 1784 331 1813 ego
351 1784 418 1805 vero
437 1784 492 1805 non
513 1777 648 1811 mentior,
670 1780 701 1805 ut
722 1777 826 1812 dicam,
842 1785 886 1806 me
907 1786 955 1807 ne-

110 1823 180 1852 scire
201 1826 359 1851 aeternam.
383 1824 442 1861 Eyo
463 1823 540 1851 enlm
557 1823 617 1851 seio
638 1832 720 1857 eum,
742 1824 813 1861 quia
834 1824 871 1852 ab
891 1824 955 1861 ipso

109 1878 194 1904 sum,
221 1872 246 1898 et
273 1869 333 1906 ipse
359 1878 405 1898 me
431 1870 532 1903 misit,·
560 1872 691 1907 tanquam
712 1870 795 1899 Filius
816 1871 955 1908 cognoscit

110 1917 236 1951 Patrem;
257 1917 386 1945 Matthaei
408 1917 591 1945 undecimo4:
612 1928 625 1942 «
640 1917 724 1946 Nemo
746 1917 822 1946 novit
846 1918 953 1947 Patrem

109 1964 161 1993 nisi
176 1964 267 1999 Filius,
282 1966 310 1993 et
323 1964 368 1993 cui
384 1964 597 1993 volueritFilius
608 1964 731 1993 revelare
746 1976 772 1992 ».
790 1964 855 1993 Scz'o
870 1973 952 1999 eum,

108 2019 158 2048 per
185 2013 309 2048 apertam
341 2011 558 2048 cognitionem3.
574 2019 661 2048 supra
691 2011 799 2048 primo:
835 2023 849 2037 «
864 2011 952 2041 Deum

109 2065 189 2087 nemo
210 2057 306 2087 vidit»
331 2060 382 2086 etc.
405 2057 449 2086 Ab
470 2058 533 2094 ipso
553 2066 637 2092 sum,
659 2065 709 2094 per
730 2058 951 2095 generationem:

108 2105 180 2133 infra
199 2104 306 2133 decimo
327 2104 444 2133 sext0⁵z
464 2115 478 2129 «
495 2104 572 2133 Exivi
587 2113 603 2133 a
617 2105 696 2133 Patre
711 2108 738 2133 et
753 2105 813 2133 veni
829 2105 856 2133 in
872 2113 953 2134 mun—

108 2151 175 2180 dum
189 2163 216 2179 ».
240 2152 275 2180 Et
295 2151 355 2188 ipse
374 2160 419 2179 me
438 2151 534 2185 misit,
550 2159 600 2188 per
614 2151 846 2185 incarnationem
869 2152 952 2181 Isaiae

109 2197 281 2234 sexagesimo
295 2198 403 2234 primo:
423 2208 437 2222 «
452 2197 571 2234 Spiritus
585 2197 692 2226 Domini
708 2205 793 2234 super
807 2206 851 2226 me
867 2209 880 2223 2>
899 2200 951 2226 etc.

186 2244 233 2273 [11.
256 2244 345 2281 (Vers.
368 2244 435 2280 30.).
467 2244 650 2280 Quaerebant
670 2253 738 2281 eryo
759 2253 825 2272 eum
847 2253 952 2281 appre-

109 2289 237 2319 hendere.
259 2291 375 2320 Notatur
396 2291 441 2320 hic
462 2291 591 2325 tertium,
607 2291 710 2320 scilicet
731 2290 952 2328 confutatorum

171 2459 178 2472 ²
198 2460 263 2482 Vers.
272 2460 309 2482 20.
318 2472 349 2477 —
358 2459 461 2483 Subinde
473 2461 600 2488 allegantur
613 2461 661 2483 lsai.
671 2461 709 2488 58,
721 2461 739 2483 1,
749 2464 771 2484 et
780 2462 856 2484 Matth.
868 2462 903 2490 13,
913 2462 952 2484 55.

170 2497 179 2511 ²
197 2499 278 2521 Psalm.
292 2499 344 2527 445,
360 2499 366 2521 1
377 2500 394 2521 l.
405 2511 436 2516 —
448 2499 580 2528 Sequuntur
591 2500 657 2522 Num.
670 2500 699 2522 23
708 2518 714 2527 ,
729 2501 762 2522 19.
774 2503 797 2523 et
807 2501 867 2523 loan.
880 2501 902 2528 5,
914 2501 952 2524 37.

170 2536 180 2550 ⁹
196 2538 313 2561 Praedicta
324 2538 397 2561 verba
408 2538 543 2561 exhibentur
554 2539 622 2561 etiam
635 2545 648 2561 a
660 2539 723 2562 card.
737 2540 796 2568 Hug.
804 2557 810 2567 ,
822 2540 847 2563 B.
858 2540 952 2568 Albert.,

108 2577 131 2599 S.
148 2577 231 2599 Thom.
245 2579 267 2599 et
277 2577 381 2605 Lyrano;
397 2577 534 2599 omittuntur
545 2580 621 2600 autem
633 2578 669 2600 hic
681 2584 693 2600 a
708 2579 818 2606 Vulgata,
829 2585 890 2608 quae
901 2579 951 2607 ipsa

108 2615 199 2638 exhibet
215 2616 242 2645 8,
259 2616 296 2644 55,
313 2618 336 2638 et
351 2615 540 2649 substituit-novi
555 2623 598 2644 pro
609 2616 669 2645 scio,
682 2620 704 2639 et
720 2623 768 2639 non
784 2617 832 2640 scio
850 2624 892 2645 pro
914 2624 951 2640 ne-

107 2653 163 2678 scio.
179 2666 211 2671 —
226 2655 322 2677 Inferius
339 2658 391 2683 post
407 2654 561 2684 temporalem
578 2655 614 2678 ed.
632 2655 696 2678 addit
714 2655 802 2679 Christi
817 2656 918 2679 venturi.

169 2692 180 2705 ⁴
197 2694 261 2716 Vers.
279 2694 316 2716 27.
333 2706 364 2710 —
381 2695 433 2723 Seq.
451 2695 515 2716 loeus
531 2697 565 2717 est
583 2695 643 2717 ioan.
662 2695 669 2716 1
684 2712 690 2722 ,
708 2695 743 2717 18.

171 2731 181 2744 ⁵
199 2733 263 2755 Vers.
281 2733 319 2755 28.
335 2745 366 2749 —
382 2733 491 2762 Sequitur
510 2733 557 2756 lsai.
575 2734 600 2756 61
612 2751 618 2760 ,
637 2734 658 2756 1.

169 2769 179 2783 ⁰
195 2771 219 2793 ln
236 2772 296 2794 loan.
313 2771 392 2794 homil.
408 2772 445 2794 50.
464 2771 528 2801 (alias
546 2772 591 2801 49.)
611 2779 632 2794 n.
650 2773 676 2795 2:
694 2773 839 2801 Quaerebant
855 2780 911 2801 ergo
928 2774 952 2796 il-

107 2810 154 2832 lum
171 2810 345 2838 apprehendere
361 2813 384 2833 et
401 2811 534 2833 interficere.
551 2811 668 2840 Quinam?
685 2812 733 2834 Non
745 2812 879 2841 multitudo,
891 2819 952 2841 quae

108 2848 262 2877 principatum
280 2855 325 2871 non
343 2849 463 2871 affectabat
478 2856 520 2872 nec
538 2850 622 2872 invidia
635 2850 813 2878 corripiebatur,
825 2851 866 2874 sed
879 2857 951 2874 sacer-

108 2885 180 2908 dotes.
198 2899 227 2902 --
244 2886 285 2909 Ed.
305 2887 408 2910 maiores
424 2887 472 2911 sive
489 2888 630 2911 sacerdotes.

1803 112 1859 141 347

1015 186 1176 216 obstinatio.
1205 188 1275 225 Quia
1301 188 1375 217 enim
1402 189 1559 218 ostenderat
1587 197 1634 218 eos
1660 190 1805 219 mendaces
1832 193 1860 219 et

1015 234 1188 271 ignorantes,
1210 234 1271 264 ideo
1292 235 1321 264 in
1341 235 1413 264 malo
1435 235 1588 264 confirmati
1610 239 1637 264 et
1658 244 1712 264 non
1737 237 1858 266 valentes

1015 280 1101 309 verbo
1128 281 1277 316 resistere,
1305 282 1483 320 quaerebant
1509 291 1578 320 erqo
1605 291 1672 311 eum
1700 282 1859 320 apprehen—

1015 327 1082 356 dere
1118 328 1230 365 quidam
1245 328 1348 358 scilicet
1362 329 1496 364 maiores,
1518 329 1590 358 sicut
1610 329 1676 358 dicit
1696 329 1858 366 Chrysosto-

1014 381 1077 402 mus
1088 374 1109 402 ⁶.
1132 374 1183 402 Sed
1204 377 1296 404 tamen
1316 375 1445 404 effectum
1466 384 1520 404 non
1542 376 1640 404 habuit
1661 384 1758 405 eorum
1781 377 1858 405 mali-

1015 421 1068 455 tia,
1090 420 1182 449 divina
1209 421 1324 451 faciente
1344 422 1473 459 potentia.
1496 423 1553 451 Non
1575 423 1648 451 enim
1670 423 1859 460 apprehende-

1015 470 1083 496 runt
1103 467 1258 502 Christum,
1279 469 1439 503 veritatem,
1454 469 1501 498 sed
1516 469 1708 504 mendacium;
1730 470 1859 500 Ieremiae

1015 517 1112 542 octavo
1123 514 1152 542 ⁷:
1172 525 1186 539 «
1201 515 1449 551 Apprehenderunt
1466 516 1639 544 mendacium
1661 519 1688 545 et
1708 517 1859 545 noluerunt

1015 561 1118 589 reverti
1133 572 1160 595 »;
1181 561 1255 590 unde
1275 561 1356 590 dicit:
1379 562 1434 590 Sed
1453 571 1535 591 nemo
1556 563 1637 591 misit
1657 563 1689 591 in
1709 572 1774 592 eum
1794 572 1858 591 ma-

1014 616 1089 641 nus,
1110 607 1144 636 ad
1173 608 1337 645 capiendum
1358 609 1476 643 scilicet,
1498 610 1570 648 quia
1590 610 1721 639 nondum
1741 613 1859 639 venerat

1015 653 1090 682 hora
1117 654 1196 688 ez'uS,
1224 655 1252 683 in
1280 663 1336 692 qua
1362 656 1419 692 pati
1443 656 1613 693 dignaretur.
1636 657 1711 686 Unde
1732 657 1860 695 Augusti-

1015 700 1109 730 nusss:
1136 713 1150 726 «ι
1164 701 1221 730 Non
1243 701 1314 730 dixit
1335 702 1449 737 horam,
1471 711 1527 740 qua
1547 706 1694 740 cogeretur
1709 704 1795 739 mori,
1811 704 1858 733 sed

1015 757 1071 786 qua
1090 748 1252 786 dignaretur
1273 748 1359 778 occidi
1374 760 1401 784 »3
1422 749 1456 778 de
1477 758 1532 787 qua
1551 750 1653 779 dicitur
1668 751 1739 780 iufra
1752 751 1858 781 decimo

1014 796 1150 832 septimo:
1167 807 1181 821 «
1197 796 1283 830 Pater,
1300 796 1373 825 venit
1388 797 1472 831 hora,
1487 797 1607 826 clarifica
1621 798 1719 827 Filium
1734 802 1814 827 tuum
1830 810 1856 827 ».

1093 842 1140 870 42.
1163 842 1251 877 (Vers.
1275 842 1342 878 31.).
1374 842 1412 871 De
1433 843 1522 871 turba
1543 847 1641 872 autem
1660 844 1746 873 multi
1766 845 1858 873 eredi—

1014 888 1121 917 derunt
1147 889 1179 917 in
1205 897 1279 917 eum.
1308 889 1442 926 Tangitur
1464 889 1508 918 hic
1529 893 1677 927 quartum,
1700 891 1803 920 scilicet
1830 891 1858 919 in

1011 934 1150 971 parvulis
1163 934 1233 972 fidei
1246 935 1427 972 aedificatio,
1449 936 1522 965 unde
1543 937 1609 965 dicit
1622 948 1627 965 :
1644 938 1684 965 De
1698 937 1789 966 turba
1803 946 1858 966 au-

1015 984 1067 1009 tem
1089 981 1176 1009 multi
1194 982 1380 1010 crediderunt
1400 982 1432 1011 in
1452 992 1534 1017 eum,
1556 992 1610 1012 11011
1631 983 1665 1012 116
1686 984 1859 1021 principibus

1014 1031 1041 1056 et
1071 1028 1241 1063 maioribus;
1274 1030 1400 1058 Matthaei
1433 1030 1620 1059 undecim0⁹:
1657 1042 1670 1055 «
1689 1031 1858 1060 Abscondisti

1014 1075 1082 1104 baec
1110 1083 1126 1103 a
1153 1075 1323 1112 sapientibus
1350 1078 1378 1105 et
1402 1076 1586 1113 prudentibus
1613 1080 1641 1106 et
1671 1077 1798 1106 revelasti
1826 1085 1859 1106 ea

1015 1122 1138 1158 parvulis
1151 1133 1179 1156 »;
1201 1122 1306 1159 primae
1327 1122 1361 1151 ad
1374 1123 1530 1152 Corinthios
1546 1123 1634 1160 primo
1647 1134 1652 1151 :
1673 1135 1686 1148 «
1702 1123 1796 1152 Videte
1811 1132 1858 1152 vo-

1014 1168 1149 1197 cationem
1178 1173 1313 1203 vestram,
1341 1169 1455 1204 fratres,
1482 1170 1547 1207 quia
1566 1179 1621 1198 non
1644 1171 1723 1199 multi
1751 1171 1858 1207 sapien-

1014 1218 1055 1243 tes
1068 1226 1082 1240 »
1108 1218 1159 1244 etc.
1183 1215 1213 1244 Et
1234 1215 1363 1244 subditur
1384 1224 1450 1244 vera
1471 1216 1622 1245 confessio:
1650 1218 1685 1245 Et
1705 1217 1867 1246 dicebanw

1016 1261 1164 1297 Christus,
1186 1271 1253 1291 eum
1274 1263 1365 1292 veniet
1377 1263 1416 1297 ¹⁰,
1442 1264 1577 1301 nunquid
1594 1264 1688 1301 plura
1708 1265 1796 1301 siyna
1810 1264 1858 1302 fa-

1013 1309 1082 1343 etet,
1103 1318 1194 1347 quam
1215 1318 1290 1347 quae
1304 1308 1350 1338 Itz'e
1363 1308 1461 1347 facit?
1477 1311 1551 1339 Unde
1566 1311 1631 1347 quia
1646 1311 1723 1348 signa
1736 1311 1859 1340 maxima

1013 1358 1040 1384 et
1060 1356 1148 1384 multa
1175 1355 1215 1384 eis
1242 1356 1301 1384 visa
1321 1359 1401 1390 sunt,
1423 1356 1572 1385 credebant
1592 1360 1619 1385 et
1640 1357 1858 1392 confitebantur,

1013 1402 1087 1438 quod
1114 1402 1186 1431 alius
1214 1411 1267 1431 non
1296 1406 1369 1432 esset
1396 1403 1618 1439 exspectandus;
1650 1403 1722 1431 infra
1751 1403 1859 1432 decimo

1012 1449 1128 1485 quinto:
1155 1461 1169 1474 «
1183 1450 1209 1478 Si
1231 1458 1284 1478 11011
1307 1450 1432 1478 fecissem
1453 1450 1480 1478 in
1502 1450 1541 1478 eis
1561 1458 1662 1486 opera,
1684 1458 1758 1487 quae
1777 1458 1858 1480 nemo

1012 1496 1083 1525 alius
1103 1496 1182 1530 fecit,
1204 1500 1348 1533 peccatum
1370 1504 1424 1525 non
1446 1496 1580 1525 haberent
1595 1509 1620 1525 ».

1333 1590 1533 1627 ΩυΑιῑετιοΝες.

1090 1683 1136 1712 43.
1159 1684 1268 1720 Quaest.
1291 1684 1309 1712 1.
1332 1684 1383 1712 Sed
1404 1684 1550 1721 quaeritur
1565 1685 1654 1721 primo
1668 1685 1701 1714 de
1715 1686 1767 1714 hoc
1783 1685 1857 1723 quod

1011 1730 1123 1764 dicunt,
1138 1730 1213 1767 quod
1228 1729 1363 1759 Christus
1377 1739 1444 1759 cum
1458 1731 1582 1766 venerit,
1598 1740 1680 1760 nemo
1694 1733 1764 1766 seit,
1779 1732 1856 1761 unde

1011 1777 1057 1805 sit.
1079 1793 1117 1798 —-
1138 1777 1246 1806 Falsum
1268 1777 1398 1806 videntur
1418 1777 1526 1812 dicere,
1547 1779 1613 1815 quia
1640 1787 1677 1807 ex
1705 1779 1856 1816 Scripturis

1012 1824 1165 1858 habebant,
1194 1824 1268 1860 quod
1296 1833 1330 1853 ex
1350 1825 1457 1853 semine
1480 1825 1576 1853 David
1595 1829 1621 1854 et
1641 1825 1675 1854 de
1696 1824 1855 1854 Bethlehem

1012 1870 1146 1904 castello;
1167 1871 1239 1900 sicut
1259 1871 1361 1900 dicitur
1382 1871 1453 1900 infra
1473 1872 1568 1901 eodem
1589 1872 1708 1909 capitulo
1721 1873 1751 1900 ¹¹.

1090 1918 1318 1955 Respondendum
1338 1918 1371 1947 ad
1393 1918 1460 1953 hoc,
1482 1918 1556 1956 quod
1577 1918 1702 1948 doctores
1721 1919 1799 1956 Legis
1813 1926 1855 1948 se-

1011 1965 1132 1994 cundum
1154 1965 1277 1994 diversas
1304 1965 1462 2002 Scripturas
1489 1966 1684 2001 conjiciebant,
1712 1966 1853 1995 Christum

1874 851 1971 875 Quat-turn.

1871 1927 1929 1951 Resp.
1943 1927 1960 1946 1.

1010 2020 1064 2040 11011
1086 2012 1125 2040 sic
1146 2012 1318 2041 nasciturum
1346 2012 1579 2049 quemadmodum
1600 2013 1663 2047 alii;
1686 2013 1758 2041 unde
1782 2013 1853 2042 scire
1876 2028 1879 2031 ·

1010 2061 1152 2095 poterant,
1180 2059 1254 2096 quod
1275 2067 1311 2087 ex
1336 2059 1458 2096 virgine,
1480 2062 1507 2088 et
1528 2063 1617 2088 tamen
1639 2060 1767 2096 ignorare
1794 2068 1853 2089 mo-

1009 2105 1075 2133 dum
1088 2105 1119 2133 ¹2.
1141 2105 1216 2134 Unde
1244 2105 1387 2142 Scriptura
1407 2106 1526 2134 modum
1546 2106 1730 2143 generationis
1750 2107 1852 2135 Christi

1009 2151 1099 2180 innuit
1119 2159 1178 2180 esse
1199 2152 1355 2185 occultum,
1376 2152 1423 2180 sed
1445 2152 1540 2188 ipsam
1551 2152 1743 2189 propaginem
1765 2153 1852 2181 mani-

1008 2198 1117 2227 festavit
1143 2201 1170 2227 et
1198 2198 1300 2227 locum.
1330 2198 1362 2226 Et
1389 2199 1440 2235 ipsi
1465 2199 1587 2227 sciebant
1608 2199 1641 2228 de
1662 2199 1771 2228 Christo
1799 2200 1852 2228 Do-

1008 2245 1098 2278 mino,
1120 2244 1193 2273 unde
1214 2247 1300 2279 esset,
1323 2245 1388 2281 quia
1408 2245 1442 2273 de
1463 2245 1547 2273 Maria
1567 2245 1697 2282 Virgine;
1713 2246 1759 2275 sed
1775 2246 1851 2283 igno-

1009 2291 1107 2320 rabant
1128 2291 1282 2328 quomodO,
1308 2292 1373 2328 quia
1394 2291 1557 2325 credebant,
1579 2292 1653 2329 quod
1674 2300 1724 2329 per
1745 2293 1850 2330 loseph.

1070 2460 1078 2473 '¹
1098 2462 1163 2483 Vei-s.
1180 2462 1201 2484 5.
1219 2473 1249 2477 —
1267 2460 1370 2483 Subinde
1389 2461 1484 2488 Vulgata
1508 2461 1577 2489 legit:
1599 2461 1630 2484 Et
1650 2467 1718 2485 nemo
1741 2462 1806 2485 misit
1826 2462 1851 2485 in

1008 2501 1077 2524 illum
1093 2506 1181 2524 manus
1198 2503 1240 2523 etc.

1070 2538 1080 2551 ‘³
1097 2540 1121 2562 ln
1133 2540 1193 2562 toan.
1206 2540 1293 2567 Evang.
1306 2542 1332 2561 tr.
1346 2539 1382 2561 31.
1395 2545 1417 2561 11.
1430 2539 1452 2561 5.
1468 2539 1526 2561 Vide
1535 2545 1603 2567 supra
1614 2546 1668 2567 pag.
1678 2540 1731 2567 273,
1741 2544 1819 2562 notam
1829 2541 1850 2568 2,

1008 2579 1048 2601 ubi
1066 2579 1088 2601 in
1104 2579 1155 2601 1060
1172 2579 1208 2601 611.
1226 2579 1282 2600 haec
1299 2578 1409 2600 sententia
1426 2584 1473 2600 non
1490 2578 1642 2606 verbotenus,
1655 2579 1695 2601 sed
1707 2580 1786 2608 quoad
1802 2586 1851 2602 seu-

1008 2624 1060 2640 sum
1078 2620 1165 2640 tantum
1183 2617 1288 2639 occurrit.
1305 2629 1336 2633 —
1354 2616 1461 2645 Sequitur
1478 2617 1537 2639 loan.
1556 2617 1598 2644 47,
1615 2618 1635 2639 Ἰ.

1070 2655 1080 2669 ⁹
1097 2657 1162 2679 Vers.
1180 2656 1217 2679 25.
1234 2668 1265 2672 —
1282 2656 1334 2684 Seq.
1351 2656 1415 2678 locus
1432 2658 1466 2678 est
1482 2657 1495 2678 l.
1513 2656 1564 2679 Cor.
1584 2657 1610 2683 1,
1627 2657 1665 2679 26.

1071 2694 1090 2707 ¹⁰
1108 2696 1204 2723 Vulgata
1221 2694 1317 2718 venerit.
1336 2707 1366 2710 —
1384 2694 1486 2717 Subinde
1502 2695 1613 2723 allegatur
1630 2696 1691 2718 loan.
1710 2696 1752 2723 ⁴5,
1770 2696 1806 2718 24.

1070 2733 1088 2746 ¹¹
1107 2734 1173 2757 Vers.
1190 2734 1226 2756 42.
1244 2733 1288 2756 Csr.
1306 2734 1416 2761 August,
1433 2733 1456 2755 in
1475 2734 1535 2756 loan.
1553 2734 1641 2762 Evang.
1659 2737 1686 2757 tr.
1704 2735 1741 2757 31.
1759 2741 1780 2757 n.
1799 2736 1820 2757 2.

1070 2771 1088 2784 ¹²
1105 2773 1154 2795 lsai.
1167 2772 1195 2799 7,
1208 2772 1248 2794 44:
1261 2773 1329 2799 Ecce,
1344 2772 1416 2800 Virgo
1433 2772 1546 2800 concipiet
1558 2775 1613 2801 etc.;
1630 2774 1684 2795 Luc.
1698 2774 1718 2800 l,
1731 2773 1772 2795 34:
1790 2773 1849 2795 Dixit

1006 2814 1084 2834 autem
1101 2812 1169 2833 Maria
1187 2811 1215 2833 ad
1232 2812 1358 2839 Angelum:
1377 2811 1498 2839 Quomodo
1516 2811 1554 2834 fiet
1576 2812 1637 2834 istud
1660 2815 1703 2834 ete.
1719 2824 1750 2828 —
1768 2812 1809 2834 Pro
1826 2813 1848 2835 et

1007 2852 1086 2873 tamen
1102 2856 1147 2872 non
1165 2850 1232 2878 pauci
1249 2849 1317 2872 codd.
1334 2851 1357 2873 et
1368 2851 1509 2879 propterea,
1527 2849 1570 2873 CN
1587 2851 1609 2873 el
1625 2850 1684 2873 ideo.
