2296 3316
0 560 25 582 J'le
37 563 55 582 2.
68 568 125 582 mem-

0 587 31 611 ’γι-ο
35 587 124 611 quinque.

18 1923 125 1943 {ecundum

775 113 944 142 COMMENT.
968 114 999 142 ΙΝ
1022 113 1167 142 ΙΟΑΝΝΕΜ
1188 114 1216 143 C.
1240 115 1268 143 Π.

142 191 213 226 culi,
228 192 271 220 vel
285 191 402 220 alicuius
416 191 512 220 famosi
525 191 730 227 consanguinei.
746 190 879 219 Dominus
894 193 987 219 noster

143 238 218 267 Iesus
245 238 381 272 Christus,
402 245 466 266 cum
489 237 524 266 sit
545 237 643 266 nobilis
664 245 700 266 ex
722 240 801 274 parte
822 237 918 271 Patris,
940 237 987 266 sed

142 284 255 313 infimus
265 292 300 313 ex
313 286 392 321 parte
402 284 503 317 Matris,
515 287 595 312 vocat
606 291 635 312 se
645 283 739 320 filium
753 282 879 312 hominis
891 291 986 320 saepe,

143 339 208 359 raro
228 339 257 360 se
277 330 372 367 filium
402 330 467 365 Dei,
489 330 540 359 nisi
569 330 730 359 necessitate
760 331 930 367 compulsus.
956 331 988 359 Et

1835 118 1891 146 269

1043 194 1108 219 nota
1139 192 1173 220 ad
1203 192 1386 221 differentiam
1416 193 1547 228 aliorum,
1579 194 1653 231 quod
1683 195 1727 224 alii
1759 195 1892 224 dicuntur

1044 238 1091 266 filii
1115 238 1337 276 hominum,qui
1363 244 1428 268 sunt
1458 248 1494 268 ex
1526 241 1723 270 commixtione
1755 243 1891 271 seminum

1044 286 1180 321 generati;
1212 286 1339 315 Christus
1369 295 1435 315 vero
1456 287 1569 327 unicum
1596 288 1685 316 solum
1717 289 1814 317 habuit
1844 298 1891 326 pa—

1045 335 1165 366 ren-tem,
1187 336 1214 361 et
1235 333 1295 361 ideo
1318 336 1392 362 recte
1412 333 1500 362 filium
1523 334 1641 363 hominis
1662 342 1691 363 se
1711 336 1860 372 appellat1.

922 424 1083 454 CAmTULUM
1105 426 1133 454 ll.

224 511 247 538 1.
278 511 312 538 Et
332 510 377 538 die
405 510 506 538 terti0²
534 510 654 547 nuptiae
681 513 732 539 etc.
760 511 906 548 Postquam
941 511 988 539 de-

142 556 244 593 scripta
264 559 306 585 est
326 556 524 593 discipulorum
552 556 672 590 vocatio,
694 556 861 585 describitur
884 557 928 585 hic
949 557 987 585 fa-

142 606 185 632 cta
216 611 266 640 per
297 603 420 631 Verbum
450 606 478 632 et
505 603 539 632 de
570 603 661 631 Verbo
690 603 832 632 incarnato
862 603 988 641 inanisc-

140 650 248 683 statio;
276 649 349 678 unde
377 649 496 678 Glossa⁵
524 649 602 684 dicit,
630 649 705 687 quod
733 654 794 686 post
818 650 988 679 ostensiones

140 697 225 726 factas
247 704 296 734 per
318 697 445 727 loannem
467 696 525 734 ipse
543 697 677 725 Dominus
698 697 832 725 miraculo
853 705 882 726 se
896 700 987 726 osten-

140 743 187 771 dit.
214 759 250 764 —
275 743 348 771 Hanc
373 742 457 779 igitur
477 742 723 775 manifestationem
749 743 880 772 describit
901 743 987 772 Evan-

139 790 236 828 gelista
257 790 309 819 hoc
329 790 433 819 ordine.
456 790 547 818 Primo
568 790 695 819 innuitur
725 790 849 819 miraculi
871 790 987 819 faciendi

141 837 272 871 occa-sim
293 837 414 866 secundo
440 845 518 872 vero,
540 837 665 866 miraculi
688 837 853 874 impetratio
860 848 870 871 ;
891 838 986 872 tertio,

141 885 275 914 mirabilis
296 892 384 921 aquae
405 884 432 913 in
454 884 550 913 vinum
571 884 741 918 conversim
763 888 875 921 quarto,
904 886 988 914 mira-

141 931 195 960 culi
218 931 406 969 appo-ohaam
427 931 537 968 quinto,
557 931 658 960 Christi
679 931 880 969 manifestatio
901 935 928 960 et
947 932 987 961 di-

141 978 311 1015 scipulorum
336 977 515 1015 aeclificati0‚
538 978 641 1015 quibus
658 979 791 1007 Dominus
807 987 856 1015 per
870 979 923 1007 hoc
938 979 988 1007 mi-

141 1025 267 1054 raculum
289 1032 318 1054 se
339 1025 429 1061 ipsum
452 1025 626 1054 manifestare
647 1025 776 1062 dignatus
796 1028 845 1054 est.

219 1072 307 1108 (Vers.
332 1072 377 1107 1.).
405 1072 495 1101 Primo
517 1072 601 1109 igitur
628 1072 755 1101 innuitur
775 1073 917 1101 miraculi
940 1071 988 1110 fa-

8 1125 130 1167 ἕκιῑᾞξὲὶᾶξὲιῑι-
141 1119 236 1148 ciendi
255 1119 383 1153 occasio,
405 1127 476 1156 quae
497 1119 564 1154 fuit,
586 1119 660 1157 quod
680 1120 707 1148 in
729 1120 834 1156 nuptiis
854 1120 988 1149 Dominus

8 1183 9 1199 2
34 1172 124 1191 Primum.
142 1168 202 1194 erat
222 1173 353 1202 praesens
373 1174 436 1194 cum
458 1166 609 1203 discipulis.
633 1167 747 1203 Propter
762 1166 835 1203 quod
857 1166 937 1195 dicit:
955 1167 990 1195 Et

142 1213 187 1241 dle
198 1213 294 1247 tertio,
306 1213 409 1242 scilicet
423 1216 485 1250 post
498 1213 699 1250 discipulorum
715 1214 885 1242 vocationem
898 1214 918 1247 4,
933 1223 988 1242 ‘rtu-

138 1259 218 1297 ptiae
231 1258 328 1297 factae
342 1264 411 1289 sunt
425 1260 456 1289 iu
473 1260 556 1289 Caua
574 1261 722 1289 Galilaeae
729 1271 739 1294 ;
761 1261 883 1298 tangitur
903 1261 987 1290 locus.

143 1306 177 1335 Et
194 1310 259 1335 erat
279 1306 371 1335 Mater
386 1307 451 1335 lesu
467 1307 524 1341 ibi;
545 1316 599 1336 non
621 1308 732 1341 dicitur,
747 1308 822 1345 quod
837 1307 921 1336 fuerit
942 1316 989 1336 vo-

141 1357 213 1388 cata,
234 1353 300 1391 quia
328 1354 433 1383 ratione
460 1354 601 1383 affinitatis
622 1355 671 1383 ivit
693 1358 823 1391 tanquam
850 1354 988 1389 officiosa,

141 1400 213 1429 sicut
232 1400 315 1429 etiam
341 1400 408 1429 abiit
435 1401 462 1429 in
485 1404 614 1430 montana
640 1402 675 1430 ad
703 1401 841 1430 Elisabeth
869 1401 903 1430 ad
931 1410 988 1430 ser-

142 1447 271 1476 viendum
286 1447 326 1482 ei,
349 1450 380 1475 ut
400 1447 502 1477 dicitur
523 1449 612 1477 Lucae
633 1448 723 1485 primo
734 1449 753 1476 ⁵.
777 1449 889 1477 Ratione
904 1449 989 1477 huius

142 1496 255 1522 vocatus
275 1493 327 1522 suit
348 1494 429 1522 etiam
450 1494 591 1524 Dominus.
614 1495 762 1532 Propterea
782 1495 862 1523 dicit:

220 1542 246 1582 2.
270 1541 358 1577 (Vers.
381 1542 428 1576 2).
459 1542 582 1571 Vocatus
609 1546 649 1571 est
677 1546 775 1571 autem
802 1546 827 1571 et
856 1543 937 1571 lesus
964 1547 990 1571 et

144 1589 282 1626 discipuli
295 1588 358 1617 eius
379 1589 420 1617 ad
432 1589 561 1626 nuptias.
578 1589 792 1626 Chrysostomus
803 1590 827 1618 6:
845 1602 858 1615 «
872 1591 990 1619 Vocatus

142 1639 184 1665 est
203 1636 235 1665 ad
258 1636 382 1673 nuptias,
404 1644 458 1665 non
479 1639 511 1665 ut
531 1636 631 1673 aliquis
652 1645 782 1674 magnus,
804 1638 850 1666 sed
873 1641 904 1666 ut
925 1646 990 1667 con-

143 1683 327 1720 sanguineus,
349 1686 376 1712 et
397 1684 456 1720 ipse
477 1687 509 1712 ut
531 1684 643 1712 humilis
665 1684 852 1713 invitationem
878 1693 931 1712 non
947 1692 990 1713 re-

142 1731 231 1768 spuit,
259 1731 306 1760 sed
333 1731 425 1765 ivit»,
454 1731 534 1759 iuxta
560 1731 632 1767 quod
665 1731 744 1759 docet
771 1732 859 1760 Lucae
884 1732 991 1760 decimo

142 1780 259 1815 quarto:
286 1777 383 1806 «Cum
402 1780 516 1805 vocatus
537 1776 623 1805 fueris
641 1777 675 1805 ad
696 1778 925 1814 nuptiasfvade,
947 1786 990 1807 re-

142 1824 241 1854 cumbe
261 1824 289 1853 in
311 1824 462 1853 novissimo
481 1824 541 1853 loco
555 1836 581 1852 n.

222 1871 247 1900 3.
270 1871 359 1908 (Vers.
382 1870 430 1907 3.).
457 1872 490 1899 Et
517 1870 662 1907 deficiente
685 1871 760 1900 vino.
784 1872 917 1909 Tangitur
946 1872 990 1900 hic

143 1918 312 1952 secundum,
334 1918 438 1947 scilicet
458 1918 600 1947 miraculi
625 1918 805 1955 impetratio,
828 1917 899 1956 quae
920 1919 991 1947 facta

143 1969 184 1994 est
198 1973 215 1994 a
232 1966 318 1994 Matre
331 1965 480 1994 miserante
495 1965 586 2002 sponsi
602 1965 731 2002 inopiam.
748 1966 895 2002 Propterea
910 1966 989 1994 dicit:

146 2013 180 2041 Et
199 2012 344 2048 deficiente
357 2012 438 2047 vino,
453 2012 525 2041 dicit
538 2013 631 2041 Mater
648 2013 712 2041 lesu
727 2013 767 2041 acl
780 2021 863 2041 eum:
885 2013 990 2042 Vinum

142 2068 201 2088 ‘non
229 2058 354 2093 habeam
382 2059 459 2096 quasi
488 2059 579 2088 dicat:
608 2060 667 2087 Tua
694 2059 862 2088 abundantia
892 2060 990 2096 supple

144 2114 241 2135 eorum
263 2106 401 2143 inopiam,
424 2106 526 2135 sciebat
547 2106 635 2140 enim,
657 2106 730 2143 quod
752 2110 825 2135 esset
843 2118 855 2131 «
871 2106 947 2135 dives
962 2107 989 2134 in

146 2153 357 2189 misericordia>⁷
373 2165 386 2178 ιι
412 2155 439 2181 et
461 2153 597 2189 potentia,
619 2153 746 2190 quamvis
767 2157 913 2190 appareret
928 2161 989 2190 ege—

146 2208 212 2234 nus;
241 2199 378 2229 secundae
408 2200 442 2228 ad
470 2199 626 2230 Corinthios
656 2203 767 2228 octavo:
795 2212 807 2224 ιι
822 2201 891 2228 Cum
919 2203 990 2228 esset

144 2246 221 2275 dives
241 2246 268 2275 in
290 2246 432 2280 omnibus,
453 2246 542 2275 factus
557 2250 598 2275 est
613 2255 663 2283 pro
678 2246 757 2276 nohis
778 2254 882 2283 egenus
896 2259 922 2274 ».
939 2247 990 2275 Sed

1045 512 1190 546 Dominus,
1212 512 1330 541 innuens
1351 513 1445 546 Matri,
1468 513 1540 550 quod
1563 521 1617 541 non
1639 516 1747 550 poterat
1760 514 1813 543 hoc
1835 515 1894 551 ipsa

1045 559 1204 595 praecipere
1232 559 1384 588 secundum
1410 560 1484 596 quod
1512 563 1613 594 mater,
1641 568 1691 589 nec
1718 561 1776 597 ipse
1803 562 1892 591 facere

1045 605 1199 634 secundum
1220 606 1294 642 quod
1309 606 1369 634 eius
1389 606 1479 640 filius,
1501 614 1552 635 nec
1573 607 1689 636 debebat
1713 607 1819 642 facere,
1841 609 1891 637 nisi

1046 660 1108 680 cum
1131 652 1239 681 adesset
1260 656 1370 689 tempus
1392 653 1556 689 proprium;
1579 654 1643 683 hinc
1664 655 1807 691 sequitur:

1122 699 1149 727 4.
1173 700 1261 735 (Vers.
1284 700 1333 734 4.).
1368 701 1402 728 Et
1432 700 1503 729 dicit
1532 701 1559 728 ei
1589 701 1685 729 lesus.-
1713 702 1790 737 Quid
1818 702 1894 731 milti

1043 749 1069 774 et
1090 746 1142 774 tibi
1162 749 1211 780 est,
1233 746 1364 775 mulier?
1385 746 1516 775 Glossa3:
1544 758 1557 771 «
1574 747 1601 775 ld
1622 751 1676 782 est,
1697 756 1769 785 quae
1794 752 1894 777 natura

1043 795 1085 821 est
1106 793 1174 821 mihi
1196 796 1223 821 et
1245 793 1293 822 tibi
1315 794 1484 828 communis,
1507 795 1660 823 secundum
1675 803 1758 832 quam
1782 796 1833 824 hoc
1854 796 1892 824 fa-

1043 839 1113 868 ciam
1130 842 1160 868 n?
1182 840 1331 868 Mulierem
1346 844 1438 875 vocat,
1462 849 1515 869 non
1537 850 1553 870 a
1567 841 1726 878 fragilitate,
1748 842 1795 871 sed
1816 851 1831 871 a
1846 851 1893 871 na-

1044 889 1109 914 tura
1129 889 1156 914 et
1171 894 1250 915 sexu.
1272 887 1342 916 Haec
1363 887 1436 916 enim
1451 892 1492 916 est
1513 888 1559 917 illa
1579 889 1689 923 mulier,
1704 889 1737 917 de
1759 898 1814 926 qua
1829 890 1893 918 Pro-

1044 933 1205 961 verbiorum
1234 934 1369 962 ultimo⁹:
1396 946 1409 959 α
1428 935 1570 964 Mulierem
1598 935 1697 964 fortem
1726 937 1789 973 quis
1818 937 1892 965 inve-

1045 980 1101 1009 niet
1115 983 1151 1008 »Ἰ
1176 981 1258 1017 Quasi
1280 981 1368 1009 dicat:
1390 981 1443 1010 Hoc
1466 985 1558 1018 petere
1580 986 1677 1019 potens
1697 990 1727 1012 es
1748 987 1779 1012 ut
1800 988 1893 1012 sancta

1044 1027 1158 1061 mulier,
1177 1036 1230 1056 non
1254 1028 1413 1065 praecipere
1433 1032 1464 1057 ut
1485 1033 1586 1063 mater,
1609 1038 1659 1059 nec
1679 1030 1770 1059 adhuc
1785 1034 1894 1067 oportet

1045 1073 1143 1102 facere.
1169 1074 1305 1103 Nondum
1326 1075 1402 1103 venit
1423 1074 1498 1104 hora
1517 1084 1596 1110 mea,
1623 1077 1648 1105 id
1677 1081 1718 1106 est
1742 1085 1818 1106 meac
1840 1078 1893 1106 cla-

1045 1121 1206 1149 rilicationis
1220 1124 1247 1150 et
1268 1122 1414 1158 passionis,
1429 1122 1463 1151 de
1485 1131 1540 1160 qua
1554 1123 1625 1152 infra
1643 1124 1748 1152 decimo
1763 1125 1892 1160 septimo.-

1051 1179 1063 1191 α
1080 1168 1166 1202 Pater,
1182 1168 1256 1197 venit
1277 1169 1359 1203 hora,
1375 1169 1495 1198 clarifica
1516 1170 1613 1199 Filium
1629 1174 1708 1199 tuum
1725 1183 1750 1198 ».
1774 1171 1824 1200 Sed
1839 1172 1892 1199 lila-

1046 1217 1087 1242 ter
1108 1215 1212 1249 sciens,
1234 1215 1306 1244 hanc
1327 1217 1534 1252 responsionem
1556 1226 1609 1246 non
1631 1226 1690 1246 esse
1711 1226 1747 1246 ex
1770 1218 1893 1255 indigna-

1046 1261 1134 1295 tione,
1156 1261 1202 1290 sed
1224 1269 1260 1290 ex
1283 1262 1439 1291 humilitate
1460 1267 1488 1291 et
1512 1263 1706 1298 instructione,
1729 1265 1893 1294 fiducialiter

1045 1308 1193 1344 praecipit;
1215 1308 1288 1337 unde
1310 1309 1450 1345 sequitur:

1135 1356 1160 1382 5
1177 1355 1264 1389 (Vers.
1282 1356 1329 1391 5.).
1347 1356 1422 1387 Dicit
1437 1357 1529 1385 Mater
1544 1357 1607 1385 eiu-s·
1621 1358 1780 1387 ministris:
1798 1359 1893 1395 Quod-

1046 1410 1168 1439 cumque
1195 1402 1303 1430 dixerit
1326 1402 1419 1436 vobis,
1448 1402 1543 1440 facite.
1574 1404 1681 1432 Sciebat
1709 1405 1798 1439 enim,
1820 1406 1894 1442 quod

1046 1451 1156 1485 posset;
1182 1449 1285 1477 sciebat
1312 1449 1407 1483 etiam,
1436 1450 1510 1486 quod
1538 1451 1639 1484 sciret;
1670 1451 1791 1486 sciebat,
1820 1452 1893 1489 quod

1046 1495 1143 1529 vellet,
1172 1496 1238 1532 quia
1268 1503 1377 1532 semper
1398 1496 1422 1525 ei
1454 1497 1616 1531 obediebat3
1640 1497 1713 1526 unde
1744 1498 1832 1527 Lucae
1853 1506 1895 1528 se-

1047 1542 1137 1570 cundo
1153 1542 1188 1570 ¹⁰:
1215 1554 1228 1567 «
1244 1542 1389 1571 Descendit
1413 1551 1477 1572 cum
1506 1544 1545 1572 eis
1565 1547 1593 1572 et
1614 1545 1689 1573 venit
1708 1545 1844 1574 Nazareth
1868 1550 1895 1575 et

1046 1593 1106 1618 erat
1127 1589 1255 1618 subditus
1276 1590 1329 1619 illis
1343 1602 1371 1624 υ,
1395 1590 1468 1619 lesus
1490 1591 1593 1620 scilicet
1615 1592 1789 1628 parentibus;
1811 1596 1838 1621 et
1859 1601 1894 1621 ex

1048 1637 1099 1665 hoc
1121 1640 1196 1664 certa
1217 1640 1292 1670 erat,
1314 1637 1388 1673 quod
1410 1637 1519 1666 faceret.
1544 1638 1605 1666 Ideo
1625 1638 1705 1667 dicit:
1730 1639 1894 1675 Quodcum-

1047 1692 1101 1721 que
1121 1683 1230 1712 diarcrit
1257 1683 1354 1718 vobis,
1375 1683 1480 1721 facite,
1508 1688 1639 1722 tanquam
1668 1686 1730 1714 boni
1758 1687 1893 1721 ministri,

1047 1733 1079 1758 ut
1099 1730 1266 1758 miraculum
1281 1731 1504 1767 consequamini,
1520 1731 1591 1760 sicut
1605 1735 1632 1760 et
1648 1732 1779 1766 Naaman,
1802 1734 1893 1770 quarti

1048 1777 1150 1813 Regum
1173 1777 1270 1814 quinto
1283 1778 1320 1805 ¹¹:
1340 1789 1354 1802 «
1369 1778 1456 1812 Pater,
1477 1778 1527 1807 etsi
1551 1786 1609 1807 rem
1630 1779 1761 1816 grandem
1779 1779 1895 1808 dixisset

1049 1824 1096 1852 tibi
1120 1824 1274 1861 Propheta,
1296 1825 1387 1853 facere
1407 1825 1549 1854 debuisses
1564 1837 1590 1853 ».
1613 1826 1721 1860 Facite,
1737 1827 1894 1864 quodcum-

1047 1880 1100 1909 que
1121 1871 1229 1900 ‹liaeerit
1257 1871 1354 1905 vobis,-
1381 1880 1435 1901 non
1456 1872 1601 1906 dil'fidatis;
1630 1872 1701 1901 insra
1730 1873 1893 1902 undecimo:

1051 1919 1106 1947 «Si
1129 1918 1294 1953 credideris,
1316 1919 1420 1948 videbis
1441 1920 1556 1956 gloriam
1577 1920 1667 1948 Dei».

1126 1966 1151 1993 6.
1175 1965 1263 2002 (Vers.
1297 1966 1343 2001 6.).
1374 1967 1469 1995 Erant
1499 1970 1599 1995 autem
1619 1966 1743 2005 hydriae
1771 1976 1821 1996 sex
1842 1971 1893 1997 etc.

1047 2012 1180 2049 Tangitur
1204 2012 1247 2041 hic
1269 2012 1399 2047 tertium,
1421 2013 1525 2042 scilicet
1544 2013 1686 2042 miraculi
1706 2015 1842 2051 operatio.
1863 2015 1895 2043 Et

1047 2059 1112 2096 quia
1134 2059 1208 2087 Deus
1235 2059 1326 2087 omnia
1347 2059 1410 2088 facit
1432 2060 1459 2088 in
1488 2064 1564 2089 certo
1590 2072 1604 2085 «ι
1618 2060 1754 2097 pondere,
1776 2069 1894 2090 numero

1047 2110 1074 2135 et
1097 2106 1262 2135 mensuram
1277 2117 1308 2140 >›;
1330 2106 1396 2135 dicit
1417 2115 1591 2142 mensnram,
1613 2108 1640 2136 in
1662 2116 1717 2145 qua
1739 2109 1790 2137 hoc
1813 2109 1894 2136 mira-

1047 2153 1142 2181 culum
1163 2153 1265 2182 factum
1281 2157 1330 2182 est.
1353 2154 1467 2191 Propter
1485 2154 1560 2191 quod
1578 2154 1659 2183 dicit:
1682 2155 1776 2183 Erant
1797 2160 1892 2184 (tutem

1047 2199 1088 2228 ibi
1108 2199 1232 2238 hydriae
1254 2200 1384 2237 lapideae
1403 2209 1462 2229 sex.
1486 2202 1619 2239 Hydriae
1640 2206 1705 2230 sunt
1727 2211 1791 2231 vasa
1806 2211 1894 2240 aquae

1048 2247 1232 2284 receptibilia,
1261 2247 1373 2277 Genesis
1401 2248 1532 2285 vigesimo
1559 2253 1660 2286 quarto
1673 2250 1711 2277 ¹⁵:
1738 2250 1806 2278 «Da
1828 2250 1893 2278 mihi

208 2390 216 2403 ¹
234 2390 279 2414 Cfr.
297 2391 410 2420 Breviloq.
429 2397 453 2419 p.
470 2391 507 2414 lV.
524 2397 543 2414 c.
562 2392 584 2414 3.

207 2429 217 2443 ⁹
235 2431 334 2459 Vulgata
350 2430 382 2454 Et
397 2430 433 2453 die
450 2430 526 2454 tertia.
543 2442 574 2448 ——
590 2431 623 2453 De
642 2431 662 2453 t.
680 2431 785 2454 membro
803 2432 857 2454 vide
883 2433 990 2460 superius

145 2477 167 2493 n.
185 2471 222 2493 89.
238 2476 304 2499 seqq.

208 2507 217 2521 ³
235 2509 324 2532 Scilicet
348 2508 486 2537 ordinaria,
508 2515 568 2538 quae
593 2509 676 2532 dicitnr
701 2516 751 2532 esse
777 2511 913 2538 Augustini:
939 2512 991 2533 Post

146 2548 300 2570 ostensionem
323 2547 406 2570 Christi
429 2554 470 2576 per
490 2548 618 2570 testimonia
645 2549 734 2571 loannis
759 2549 808 2577 ipse
830 2556 854 2571 se
881 2550 990 2572 miraculo

146 2587 252 2610 ostendit.

207 2625 218 2637 ⁴
235 2626 324 2648 Scilicet
344 2625 449 2648 Andreae
466 2629 524 2654 ete.;
542 2627 583 2648 cfr.
600 2626 723 2654 Epiptman„
742 2627 763 2649 ll.
782 2627 811 2649 de
828 2628 919 2650 Haeres.
938 2629 992 2650 liae-

146 2670 190 2687 res.
207 2664 245 2686 51.
262 2671 284 2686 n.
303 2664 339 2686 45.
362 2665 466 2692 Lyranus
482 2661 572 2687 autem:
589 2664 620 2687 Et
636 2664 705 2688 tertia
722 2665 769 2693 die,
788 2666 873 2688 scilicet
895 2672 909 2688 a
926 2673 992 2689 voca-

147 2704 208 2727 tione
225 2703 324 2732 Philippi
340 2706 363 2726 et
379 2704 522 2726 Nathanaelis
538 2706 582 2726 etc.
599 2704 658 2727 Vide
675 2705 730 2727 infra
748 2712 770 2727 n.
789 2705 826 2727 t4.

209 2741 218 2755 ⁵
237 2743 302 2766 ναι-ε.
320 2744 357 2765 39.

208 2781 218 2794 ‘³
235 2783 259 2805 ln
276 2783 338 2805 loan.
354 2783 433 2805 homil.
451 2783 489 2805 21.
507 2783 571 2811 (alias
588 2784 634 2812 20.)
652 2791 674 2806 n.
693 2785 700 2805 l
712 2802 717 2811 ,
736 2784 773 2806 uhi
793 2785 849 2807 haec
867 2785 991 2811 sententia,

146 2822 195 2845 aliis
222 2825 299 2845 tamen
325 2822 416 2849 verbiS,
443 2822 542 2850 ponitur.
570 2822 615 2845 Csr.
638 2823 694 2845 infra
717 2830 738 2846 n.
766 2824 802 2846 15.
828 2837 858 2840 -
884 2824 992 2852 Sequitur

146 2862 201 2884 Luc.
220 2862 261 2889 ⁴4,
280 2862 316 2884 10.

209 2898 218 2912 ⁷
235 2901 292 2929 Eph.
310 2902 335 2928 2,
354 2900 375 2923 4.
392 2913 423 2917 —
441 2901 492 2929 seq.
510 2901 574 2923 locus
591 2904 624 2923 cst
637 2902 660 2923 ll.
672 2901 723 2924 Cor.
736 2902 762 2929 8,
776 2902 801 2923 9:
815 2902 928 2930 Quoniam
942 2908 992 2929 pro-

1048 2396 1098 2421 pter
1115 2399 1158 2415 vos
1175 2399 1263 2421 egenus
1280 2394 1352 2416 sactus
1374 2395 1419 2419 est.
1437 2400 1489 2418 cum
1513 2396 1573 2416 esset
1595 2394 1672 2422 dives,
1691 2396 1715 2416 ut
1738 2394 1796 2417 illius
1820 2395 1893 2422 inopia

1049 2439 1092 2455 vos
1110 2432 1194 2455 divites
1211 2433 1298 2455 essetis.

1111 2470 1119 2483 Β
1138 2472 1227 2494 Scilicet
1244 2471 1417 2495 interlinearis:
1435 2472 1576 2500 Augustinus
1599 2471 1656 2501 [ctr.
1680 2473 1701 2494 in
1724 2473 1785 2495 loan.
1807 2474 1894 2501 Evang.

1049 2513 1076 2532 tr.
1094 2511 1115 2533 8.
1133 2517 1155 2533 n.
1173 2510 1220 2540 9.]:
1238 2511 1297 2539 Quid
1314 2513 1349 2533 est
1365 2516 1490 2533 commune
1508 2511 1588 2533 Deitati
1605 2517 1672 2533 meae
1689 2514 1711 2533 et
1728 2510 1767 2533 tibi
1787 2512 1849 2533 Matri
1863 2518 1895 2534 se-

1048 2550 1149 2572 cundum
1169 2556 1262 2572 carnem
1272 2551 1282 2571 (ἰ
1789 2567 1792 2569 Α

1110 2587 1120 2600 ⁹
1137 2590 1203 2611 Vers.
1224 2589 1258 2611 10.
1270 2601 1301 2605 -
1314 2590 1366 2617 Seq.
1385 2589 1449 2611 locus
1461 2591 1495 2611 est
1506 2589 1566 2616 ioan.
1584 2589 1625 2616 47,
1644 2589 1665 2611 t.
1681 2588 1725 2611 Csr.
1742 2589 1800 2611 infra
1819 2596 1840 2611 n.
1857 2590 1895 2611 47.

1047 2641 1080 2645 -
1097 2628 1192 2651 inferius
1210 2628 1261 2650 voci
1278 2628 1391 2651 Nondum
1409 2628 1428 2650 D
1445 2628 1571 2656 praemittit
1587 2628 1653 2658 quia.

1111 2666 1130 2679 ¹⁰
1148 2668 1212 2690 Vers.
1231 2668 1267 2690 51.

1112 2706 1129 2719 ¹¹
1148 2707 1213 2729 Vers.
1233 2707 1274 2734 433
1292 2707 1393 2734 Vulgata
1408 2706 1481 2729 verbo
1499 2706 1576 2733 faeere
1593 2707 1701 2735 praefigit
1723 2709 1790 2730 certe.
1809 2720 1836 2723 —
1857 2709 1895 2730 Se-

1048 2745 1126 2774 quitur
1143 2746 1203 2767 loan.
1222 2745 1262 2772 Η,
1280 2745 1316 2767 40.

1111 2783 1129 2796 ¹²
1147 2784 1199 2812 Sap.
1219 2781 1259 2811 ll,
1277 2784 1315 2806 21.

1111 2821 1129 2834 ¹¹³
1147 2823 1213 2845 Vers.
1231 2822 1273 2845 117:
1290 2823 1415 2845 Pauxillum
1427 2829 1503 2852 aquae
1514 2823 1571 2845 mihi
1583 2823 1612 2845 ad
1625 2822 1750 2846 bibendum
1763 2823 1849 2851 praebe
1865 2823 1893 2845 ‹le

1048 2862 1130 2889 hydria
1148 2865 1194 2884 tua.
1211 2874 1242 2878 —
1258 2862 1332 2890 Beda,
1350 2862 1373 2884 in
1395 2863 1456 2884 loan.
1479 2863 1505 2888 2,
1528 2862 1557 2884 6:
1582 2862 1681 2890 Hydriae
1703 2865 1815 2884 vocantur
1839 2868 1893 2883 vasa

1048 2908 1161 2930 aquarum
1180 2901 1282 2929 receptui
1300 2905 1392 2929 parata;
1409 2902 1496 2924 Graece
1512 2901 1574 2923 enim
1592 2908 1652 2930 aqua
1670 2901 1727 2930 ὕδωρ
1746 2901 1836 2923 dicitnr.

1913 2021 1938 2039 Te
1942 2020 1963 2038 cti
1967 2025 1995 2038 um
1999 2034 2004 2038 .
