2296 3316
267 563 323 586 nesp.
331 564 394 588 aucto-

278 587 304 605 ris
313 591 355 604 cum
366 585 392 603 di-

278 609 385 628 stinetioue.

266 633 320 652 Ratio
329 632 404 656 duplex.

273 889 302 908 Ad
315 889 394 908 difficul-

301 915 364 932 tatem.

275 1076 305 1097 Ad
318 1077 336 1095 2.
350 1076 397 1097 solu-

306 1100 332 1119 tio
346 1100 363 1118 1.

289 1217 360 1236 Salutio
372 1216 391 1236 2.

411 152 470 184 432
1020 144 1190 175 COMMENT.
1214 144 1246 173 IN
1266 144 1412 175 lOANNEM
1433 145 1459 174 C.
1482 144 1548 174 xlii.

489 230 515 257 ⁹2.
538 229 621 256 ltein.
640 226 744 256 dicitur
764 225 890 254 filiumdei
907 224 1041 261 vigesimo
1055 226 1136 253 sexto
1148 224 1167 257 ¹,
1182 223 1257 260 quod

410 278 567 312 coeperunt
591 273 704 310 eliquit·
727 272 838 301 elicere:
861 270 1003 309 Numquid
1024 279 1074 308 eqo
1095 279 1179 304 sum,
1204 271 1258 300 Do-

410 322 508 351 mina?
528 324 556 350 et
577 323 639 358 post
658 320 691 348 de
714 319 794 349 luda:
817 318 958 356 quuid
979 326 1029 355 ⁶³9⁰
1049 326 1130 351 sunt,
1143 317 1257 347 Rabbi?

411 369 443 397 Et
463 368 566 399 dicitnr
586 367 638 400 ibi,
659 365 735 403 quod
756 364 890 394 Dominus
910 364 1066 401 respondit:
1088 365 1130 393 Tu
1145 364 1256 393 dixisti.

412 416 480 452 Ergo
503 414 629 447 videtur,
650 413 726 450 quod
748 412 882 442 Dominus
903 419 967 441 eum
990 414 1086 448 aperte
1101 411 1257 440 manifesta-

410 462 497 494 verit,
518 464 546 490 et
566 460 641 497 quod
662 467 716 488 non
739 462 845 488 tantum
868 459 956 496 signo,
977 458 1025 488 sed
1045 457 1138 486 verbo.

490 508 671 536 Responneo:
694 505 863 539 Dicendum,
885 505 960 542 quod
980 505 1117 534 Dominus
1136 504 1261 541 prodito*

411 563 469 585 reu]
491 554 640 588 revelavit,
669 553 717 583 sed
744 561 801 581 non
831 552 975 586 omnibus,
997 552 1081 580 immo
1101 551 1260 588 aliquibus,

411 603 457 633 sed
479 602 594 631 occulte.
618 600 755 630 Revelavit
771 602 863 630 autem
878 599 982 636 duplici
996 607 1033 628 ex
1048 606 1128 628 causa
1147 598 1255 628 loanni:

413 653 469 679 tuni
492 649 558 686 quia
576 647 795 685 compatiebatur
809 647 870 677 eius
883 646 1044 676 desolationi
1056 646 1077 680 ³,
1093 649 1151 674 tum
1166 645 1258 678 etiam,

411 699 441 725 ut
463 696 521 732 ipse
542 698 614 724 esset
636 694 725 728 testis,
740 693 882 722 Christum
897 692 1124 729 praecognovisse
1144 691 1259 720 certitu-

409 743 550 776 dinaliter‚
572 750 630 773 non
642 749 692 778 per
706 741 892 774 coniecturas,
908 740 998 776 ipsum
1013 738 1180 775 discipulum
1196 746 1259 775 pro—

411 789 538 819 ditorem.
837 802 839 805 «

489 836 566 873 Quod
589 843 656 866 vero
677 835 794 869 dicitur,
817 833 891 871 quod
912 841 967 863 non
989 835 1030 861 est
1051 834 1179 868 peccator
1193 839 1258 868 pro-

410 884 536 917 dendus:
555 882 764 920 intelligendum
785 884 842 915 est,
863 880 937 917 quod
959 887 1014 908 non
1045 881 1087 907 est
1114 878 1258 915 publican-

410 931 478 965 dus,
500 930 547 960 sed
570 934 661 959 tamen
682 929 735 958 dici
757 931 847 965 potest
861 927 906 956 his
925 927 972 964 qui
995 929 1112 963 possunt
1127 925 1258 963 prodesse

410 981 438 1007 et
459 978 557 1006 nolunt
576 977 673 1006 obesse
684 976 704 1004 ³.

489 1025 515 1053 9..
538 1023 616 1060 Quod
638 1031 704 1052 vero
725 1022 827 1051 dicitur
854 1021 888 1050 de
920 1021 1071 1055 Matthaeo‚
1093 1020 1258 1054 dicendum,

410 1071 484 1108 quod
505 1070 574 1100 illud
596 1069 714 1099 verbum
735 1068 860 1102 Domini,
882 1071 914 1097 ut
933 1068 1000 1097 dicit
1028 1067 1198 1105 Augustinus
1225 1066 1259 1096 de

409 1117 560 1147 Concordia
582 1116 855 1153 Evangelistarum⁴,
878 1115 947 1145 nihil
968 1117 1077 1144 certum
1092 1114 1260 1145 determina.-

409 1164 471 1193 bat:
501 1164 543 1192 Tu
564 1163 682 1197 dixisti,
704 1163 783 1200 quasi
812 1162 897 1191 dicat:
920 1170 976 1191 non
997 1169 1060 1199 ego,
1082 1161 1130 1192 sed
1152 1164 1191 1190 tu.
1222 1177 1259 1183 —-

409 1211 458 1241 Vel
480 1214 568 1248 potest
589 1219 663 1244 esse,
683 1210 758 1248 quod
789 1210 924 1239 Dominus
955 1210 993 1238 ita
1023 1210 1047 1238 ei
1075 1209 1164 1243 dixit,
1184 1208 1261 1246 quod

410 1258 505 1287 nullus
519 1258 590 1287 alius
604 1257 779 1294 intelligeret.
795 1273 832 1278 -—
849 1257 880 1286 Et
894 1257 947 1285 hoc
961 1256 1074 1294 quidem
1084 1279 1092 1290 ,
1106 1255 1180 1293 quod
1195 1263 1259 1285 nar-

411 1308 454 1334 rat
474 1305 644 1339 Matthaeus,
665 1305 744 1342 prius
765 1305 870 1333 dictum
891 1304 959 1337 fuit;
982 1307 1010 1333 et
1030 1304 1096 1340 quia
1110 1311 1164 1332 non
1180 1305 1260 1333 erant

411 1353 509 1382 Petrus
539 1355 567 1382 et
599 1352 712 1382 loannes
741 1352 902 1386 certificati,
928 1351 1019 1380 adhuc
1051 1353 1158 1380 secreto
1182 1350 1261 1387 potiit

411 1400 532 1429 loannes.

475 1571 482 1583 ¹
502 1571 568 1593 Vers.
586 1571 623 1593 ⁶22.
641 1574 662 1593 et
680 1570 716 1592 25.

474 1609 483 1622 ²
500 1610 547 1633 Cir.
563 1609 694 1637 chrysost„
711 1610 734 1631 in
752 1610 812 1632 loan.
833 1609 911 1631 homil.
928 1609 967 1631 72.
984 1608 1050 1637 (alias
1067 1609 1113 1636 71.)
1132 1615 1154 1631 n.
1177 1609 1200 1635 Ι,
1219 1607 1257 1630 ubi

412 1649 478 1676 dicit,
495 1649 559 1678 quod
571 1649 599 1670 ad
621 1648 710 1670 loannis
722 1654 852 1670 moerorem
865 1648 996 1670 leniendum
1010 1648 1071 1670 lesus
1083 1648 1191 1669 loannem
1206 1655 1216 1667 α
1230 1646 1261 1668 in-

412 1689 468 1711 vitat
484 1687 647 1716 conceditque.
659 1690 684 1710 ut
698 1687 720 1709 in
733 1690 814 1715 pectus
824 1693 892 1710 suum
910 1687 998 1710 recidat
1010 1696 1032 1709 ι).
1044 1699 1075 1704 —-
1088 1687 1199 1715 Superius
1217 1692 1265 1714 pro.

411 1726 453 1750 sed
467 1726 556 1750 occulle
573 1732 618 1749 non
635 1726 703 1754 pauci
720 1726 794 1749 codd..
807 1728 829 1748 et
845 1726 965 1748 Gorranus
979 1727 1001 1749 ct
1017 1725 1116 1749 occulte.

474 1763 483 1777 ⁸
501 1766 584 1794 Quales
601 1765 726 1793 praecipue
743 1768 795 1788 sunt
812 1765 906 1793 praelati
923 1765 973 1787 sive
996 1769 1108 1793 rectores,
1125 1765 1154 1787 de
1174 1764 1261 1794 quibus

412 1806 520 1834 Gregor,
538 1805 620 1833 Regul.
632 1805 740 1833 pastoral.
758 1811 780 1833 p.
798 1805 820 1827 ll.
833 1811 853 1827 c.
871 1805 892 1827 6.
910 1805 976 1832 dicit,
989 1804 1053 1833 qnod
1073 1810 1135 1827 «nec
1153 1810 1260 1832 praeesse

411 1850 436 1867 se
453 1843 586 1866 hominibus
603 1844 732 1871 gaudeant,
750 1843 791 1865 sed
809 1843 919 1871 prodesse
932 1851 952 1864 n.
971 1842 1016 1866 Cfr.
1034 1843 1055 1864 S.
1073 1843 1172 1870 Bonavt,
1195 1842 1260 1865 Com-

412 1885 482 1906 ment.
498 1883 522 1905 in
539 1883 593 1905 Luc.
606 1883 646 1909 22,
666 1883 706 1909 23,
725 1882 871 1906 ubidicitur:
889 1882 978 1904 Tamen
992 1882 1104 1904 Dominus
1122 1882 1210 1904 Simoni
1223 1882 1261 1904 De-

412 1926 447 1945 tro
464 1929 505 1950 per
522 1923 630 1944 loannem
647 1922 770 1949 indicavit,
787 1922 846 1944 sicut
863 1922 946 1944 dicitur
959 1922 1018 1944 loan.
1040 1922 1078 1943 13:
1097 1922 1141 1944 26:
1160 1921 1202 1944 Ille
1214 1922 1259 1949 est,

412 1962 452 1986 cai
467 1968 509 1992 eqo
526 1962 652 1985 intinctum
666 1967 754 1991 panem
773 1967 924 1991 porreureros
942 1961 995 1989 quia
1015 1968 1059 1983 non
1081 1964 1200 1989 reputatur
1217 1967 1260 1989 pu-

411 2002 512 2029 blicum,
528 2001 592 2031 quod
604 2007 631 2024 ex
648 2001 741 2023 caritate
751 2001 781 2023 ad
798 2000 910 2023 cautelam
924 2000 1025 2028 praelato
1038 2000 1153 2028 detegitur
1165 2002 1260 2028 propter

412 2040 545 2068 periculum
558 2039 689 2064 vitandum.

475 2078 486 2091 *²
501 2079 563 2103 Libr.
580 2079 612 2102 lll.
630 2085 649 2102 c.
670 2079 692 2104 1.,
706 2085 728 2101 n.
747 2080 768 2101 2.
780 2082 802 2101 et
819 2079 845 2101 3:
863 2079 935 2101 Etiam
954 2079 990 2101 hic
1003 2085 1048 2101 non
1066 2084 1201 2107 expressum
1214 2080 1260 2105 est,

412 2121 490 2142 utrum
512 2118 567 2146 ipsov
579 2121 646 2141 esset.
669 2118 828 2143 Potest-'enimv
846 2118 923 2141 adhuc
945 2118 1038 2146 intelligi
1062 2121 1185 2146 tanquam:
1211 2118 1265 2140 Non.

412 2164 463 2186 ego·
473 2158 529 2181 dixi.
545 2158 619 2181 Potuit
636 2158 705 2181 etiam
723 2159 767 2180 hoc
783 2158 818 2181 sic
831 2158 905 2181 dicia.
918 2158 972 2180 ludo
989 2160 1012 2180 et
1021 2164 1038 2180 a*
1052 2157 1150 2181 Domino
1167 2163 1261 2185 respon-

413 2196 473 2225 deri,
491 2200 515 2219 ut
532 2203 578 2219 non
595 2203 676 2219 omnes
693 2197 846 2219 adverterent.
864 2197 950 2219 Deinde
966 2196 1070 2225 sequitur
1092 2197 1217 2218 Matthaeus
1239 2198 1261 2218 et

413 2236 496 2260 inserit.
510 2236 646 2264 mysterium
664 2236 770 2265 corporis
780 2239 801 2259 et
818 2236 940 2264 sanguinis
955 2242 967 2258 a
979 2236 1077 2258 Domino
1093 2235 1212 2263 discipulis
1223 2235 1260 2257 da-

414 2278 480 2303 tum„
492 2275 551 2297 sicut
573 2277 595 2297 ct
617 2275 707 2299 Marcus
723 2277 748 2296 et.
762 2276 842 2298 Lucas.
866 2275 911 2298 Sed
928 2280 981 2297 cnm
1005 2274 1138 2297 tradidisset
1152 2274 1260 2301 calicem,

413 2320 496 2337 rursus
511 2314 541 2337 de
558 2314 668 2338 traditore
685 2321 728 2337 suo
744 2315 834 2339 locutus
851 2317 898 2341 est,
916 2314 979 2343 quod
997 2315 1071 2338 lineas
1088 2313 1185 2344 [2221.
1202 2314 1260 2343 secp]

413 2354 560 2382 persequitur
576 2354 667 2377 dicens:
695 2354 864 2377 Verama‘amen
885 2360 947 2381 ecce,
964 2359 1052 2377 arianas
1069 2353 1184 2377 tradentis
1201 2360 1261 2376 me...

413 2392 531 2417 tradetur.
549 2393 588 2415 llic
604 2393 652 2416 iem
668 2393 844 2421 intelligendum
862 2396 909 2421 est.
922 2393 976 2416 illud
993 2393 1185 2422 consequi‚qiiod
1198 2394 1262 2416 loan-

414 2439 454 2455 nes
471 2435 559 2460 narrum
577 2433 612 2456 isti
632 2436 709 2456 autem
726 2433 943 2461 praetermiserunt,
960 2433 1019 2456 sicut
1035 2434 1131 2456 loannes
1146 2433 1265 2461 quaedam

414 2472 580 2500 praetermisit,
597 2478 658 2501 quoe
674 2472 704 2494 illi
721 2472 835 2495 dixerunt.
852 2472 910 2495 Cum
928 2479 984 2501 ergo
1008 2475 1061 2501 post
1080 2472 1188 2495 traditum
1212 2472 1263 2495 cali-

414 2516 465 2533 cem
482 2511 576 2535 dixisset
592 2511 704 2536 Dominus
721 2511 785 2539 quod
802 2517 814 2533 a
832 2511 893 2533 Luca
906 2511 1008 2539 positum
1025 2514 1074 2534 est:
1095 2511 1262 2534 Verumtamen

415 2555 478 2577 ecce,
498 2555 587 2572 monim
609 2553 665 2577 ωας
683 2549 832 2577 coniungitur
849 2550 910 2574 iilud.
925 2550 1054 2572 secundum
1081 2550 1188 2572 loannem
1211 2549 1262 2578 [⁴3,

415 2587 521 2617 ila-273:
540 2588 600 2613 Erat
615 2594 671 2617 erqo
683 2588 822 2612 recumbens
833 2595 898 2612 unus
914 2595 946 2612 ea:
963 2588 1086 2618 discipulis
1097 2588 1147 2612 eius
1164 2588 1191 2611 in
1207 2588 1264 2611 sina

415 2627 469 2651 Iesu
484 2630 570 2652 etc.f—
581 2627 676 2650 inferius
689 2630 742 2655 post
758 2633 807 2651 non
818 2634 860 2657 eqo
878 2628 914 2650 ed.
927 2634 981 2651 cum
993 2627 1010 2651 C
1021 2628 1086 2650 addit
1102 2626 1164 2655 dilati,
1177 2630 1199 2650 et
1210 2627 1263 2651 sub-

416 2666 470 2689 inde
486 2672 529 2694 pro
542 2666 626 2696 prius,
644 2667 712 2695 quodi
725 2666 834 2690 exhibent
850 2667 892 2691 (ΖΕ
902 2667 932 2695 N,
950 2667 1067 2690 substituit
1083 2667 1121 2689 ed.
1137 2673 1190 2689 cum
1209 2668 1263 2689 Gor-

416 2711 473 2729 rano
488 2705 530 2729 sic.

478 2743 488 2756 ⁵
504 2745 538 2767 De
554 2745 718 2768 ecelesiasticis
733 2745 832 2773 dogmat
859 2746 926 2774 (inter
938 2752 1009 2774 opera
1021 2747 1130 2774 August.,
1153 2746 1206 2775 quia
1229 2748 1265 2769 est

415 2783 556 2812 Gennadii)„
567 2789 588 2806 c.
605 2783 648 2806 50--.
665 2783 731 2806 illabi·
743 2787 825 2807 autem.
838 2785 908 2808 menti
925 2785 955 2807 illi
972 2785 1015 2807 soli
1032 2784 1142 2813 possibile
1159 2788 1204 2812 est,
1222 2784 1265 2813 qui

416 2822 513 2851 creavit,
531 2822 570 2851 qni
593 2825 674 2847 natura
698 2823 826 2848 subsistens
848 2824 1000 2852 incorporeus
1021 2823 1132 2852 capabilis
1151 2826 1188 2846 est
1207 2829 1264 2846 suae

416 2863 524 2885 facturae.

477 2899 488 2912 ⁰
504 2901 571 2924 Varst
587 2902 614 2924 2:
631 2901 690 2925 Cum
712 2902 758 2924 iam
781 2901 888 2926 diabolus
910 2902 1011 2925 misisset
1035 2902 1057 2924 in
1080 2908 1120 2924 cor
1137 2905 1180 2924 etc.
1204 2901 1264 2925 Vide

416 2945 488 2968 supra
505 2946 527 2962 n.
546 2940 582 2962 14.

1393 222 1439 252 43.
1462 223 1573 259 Quaest.
1596 223 1637 251 Vl.
1660 223 1726 252 item
1748 222 1894 260 quaeritur
1915 222 1949 251 de
1965 223 2016 251 boc
2031 222 2105 259 quod
2122 222 2162 251 di-

1315 270 1367 305 cit,
1388 270 1464 307 quod
1481 273 1548 307 post
1569 270 1725 299 buccellam
1746 269 1877 298 introim'l
1898 269 1930 298 in
1943 277 2008 298 eum
2029 272 2162 299 satanas.

1396 318 1419 345 1.
1433 316 1564 351 Videtur,
1576 316 1650 354 quod
1662 316 1797 346 Dominus
1808 324 1863 345 non
1878 316 1950 345 bene
1962 315 2073 345 fecerit.
2088 315 2164 353 quod

1315 364 1467 393 buccellam
1488 364 1563 393 dedit
1585 363 1681 398 Iudae,
1705 371 1755 400 per
1774 370 1859 400 quam
1881 362 1957 399 peior
1979 364 2021 391 est
2038 362 2163 392 effectus.

1394 412 1421 440 2.
1444 411 1527 445 Item,
1548 419 1605 448 qua
1626 410 1732 439 ratione
1751 414 1817 447 post
1837 409 2015 438 buccellam?

1394 457 1420 487 3.
1438 458 1469 486 Et
1483 458 1593 487 videtur
1607 458 1705 486 salsum
1720 457 1827 491 dicere,
1843 457 1924 494 quia,
1940 457 2012 486 sicut
2030 456 2096 486 dicit
2110 457 2162 486 Au-

1315 504 1481 542 gustinus⁶‚
1510 504 1585 533 solus
1615 505 1687 533 Deus
1708 504 1793 533 intrat
1814 504 1841 533 in
1862 504 1999 538 animam,
2021 512 2076 533 non
2096 512 2163 541 ergo

1315 554 1432 581 satanas.
1709 586 1711 592 γ

1394 598 1420 626 4.
1444 598 1526 632 item,
1548 597 1648 634 prius⁶
1669 597 1795 631 dixerat,
1817 598 1891 634 quod
1905 597 2033 627 diabolus
2046 598 2121 628 misit
2135 599 2163 628 in

1315 652 1363 674 cor
1385 644 1482 678 ludae;
1505 644 1644 681 quomodo
1664 652 1730 681 ergo
1749 648 1816 681 post
1837 644 1992 673 buccellam
2005 644 2019 673 ?

1394 691 1572 720 Rusrounno:
1601 691 1639 720 Ad
1670 691 1737 720 haec
1769 694 1835 720 sunt
1864 691 1991 721 diversae
2012 692 2255 729 opiniones.neni›-un

1315 737 1432 774 Quidam
1464 738 1614 766 voluerunt
1644 737 1749 772 dicere,
1771 738 1844 776 quod
1866 738 1945 775 panis
1965 738 2012 768 ille
2032 738 2166 769 intinctus
2182 742 2251 764 Prima·

1316 784 1367 813 suit
1389 792 1491 821 corpus
1512 784 1629 819 Christi;
1652 788 1679 813 et
1699 785 1751 814 hoc
1782 785 1849 814 dicit
1879 785 2007 823 Magister
2028 786 2056 815 in
2077 785 2165 815 Histo-

1317 831 1366 861 riis
1377 831 1397 865 ⁷,
1419 834 1446 860 et
1467 831 1528 861 ideo
1548 840 1603 861 nou
1623 831 1707 861 datur
1728 832 1806 861 uobis
1827 833 2097 867 communicantibus
2117 841 2164 871 pa-

1316 878 1361 907 nis
1379 878 1522 908 intinctus.
1553 878 1584 908 Et
1613 879 1667 908 hoc·
1695 879 1806 908 videtur
1832 879 1925 908 dicere
1946 880 2116 917 Augustinus
2136 880 2165 908 in

1316 925 1441 962 originali
1456 925 1482 953 ⁸:
1510 936 1523 950 «
1537 924 1610 962 Quid
1631 926 1757 960 miraris,
1784 926 1891 963 inquit,
1912 926 1935 955 si
1955 926 2038 955 datus
2058 929 2100 956 est
2121 927 2166 955 lu-

1316 972 1367 1001 dae
1388 972 1467 1009 panis
1488 972 1609 1007 Christi,
1629 981 1679 1010 per
1707 981 1793 1010 quemv
1812 973 2019 1010 manciparetur
2040 973 2166 1008 diabolo,

1316 1027 1380 1050 cuin
1410 1019 1503 1049 videas
1531 1020 1658 1056 Apostolo
1684 1020 1780 1049 datum
1808 1019 1937 1056 angelum
1968 1019 2087 1055 diaboli,
2114 1028 2165 1057 per

1317 1074 1401 1104 quem
1423 1067 1571 1104 proficeret
1592 1067 1621 1096 in
1641 1067 1794 1096 Christos?
1817 1067 1849 1096 Et
1875 1067 1940 1095 ideo
1956 1066 2068 1101 dicunt,
2090 1066 2165 1104 quod

1317 1117 1383 1144 tune
1415 1114 1528 1143 intravit
1559 1117 1681 1148 satanas,
1702 1114 1768 1151 quia
1792 1114 1902 1151 indigne
1933 1121 2036 1151 corpus
2063 1113 2165 1143 Christi

1317 1161 1487 1198 suscipiens,
1507 1161 1640 1190 iudicium
1663 1161 1716 1190 sibi·
1736 1161 1913 1191 manducavit
1933 1163 1960 1190 et
1981 1161 2059 1190 bibit.

1397 1209 1445 1237 Alii
1477 1209 1574 1237 dicunt
1604 1209 1700 1241 aliter,
1721 1212 1749 1238 et
1769 1208 1868 1243 credo,
1896 1208 1972 1245 quod
1999 1207 2116 1243 melius,
2137 1211 2165 1237 et
2181 1211 2278 1232 Secunda*

1317 1256 1370 1284 hoc
1389 1255 1455 1285 dicit
1469 1255 1564 1285 Glossa
1575 1255 1597 1290 ⁹,
1618 1255 1692 1293 quod
1714 1255 1792 1292 panis
1813 1255 1859 1284 ille
1880 1255 2013 1285 intinctus
2033 1263 2088 1283 non
2113 1255 2166 1284 fuit

1316 1310 1419 1340 corpus
1440 1302 1555 1337 Christi;
1576 1303 1676 1336 imme,
1691 1302 1763 1331 sicut
1776 1302 1843 1331 dicit
1863 1302 2033 1339 Augustinus
2047 1302 2082 1331 de
2095 1302 2166 1331 Con-

1315 1349 1410 1379 cordia
1430 1349 1684 1386 Evangelistarum‚
1704 1349 1758 1378 iam
1780 1357 1882 1386 corpus
1902 1349 2004 1378 Christi
2024 1349 2168 1387 discipulis

1316 1399 1377 1426 erat
1397 1396 1599 1431 distributum,
1617 1399 1644 1425 et
1665 1396 1745 1426 ludas
1773 1405 1837 1426 cum
1862 1394 1923 1426 aliis
1943 1400 2096 1432 sumserat;
2118 1398 2166 1427 sed

1379 1566 1387 1580 ⁷
1406 1568 1496 1591 Scilicet
1514 1569 1572 1590 Petr.
1591 1567 1712 1591 Comestor
1738 1569 1787 1597 (qui
1805 1574 1928 1596 perperam
1946 1573 2000 1590 cum
2017 1567 2084 1590 Petro
2101 1568 2166 1590 Lom-

1317 1606 1403 1634 bardo,
1421 1607 1529 1635 Magistro
1547 1607 1728 1635 Sententiarum,
1743 1606 1939 1635 confundebatur,
1957 1607 1994 1629 vel
2007 1607 2076 1629 frater
2094 1606 2166 1635 ipsius
2212 1618 2217 1623 «

1316 1649 1339 1669 et
1349 1646 1450 1668 Gratiani
1463 1652 1514 1669 esse
1531 1646 1669 1675 dicebatur),
1681 1647 1765 1669 Histor.
1777 1646 1923 1673 scholastica,
1935 1646 1957 1668 in
1976 1646 2063 1674 Evang.
2074 1651 2094 1668 c.
2110 1646 2149 1668 151
2160 1654 2166 1668 :

1320 1695 1331 1706 <i
1343 1686 1369 1708 Et
1380 1685 1507 1708 buccellam
1526 1686 1644 1708 intinctam
1661 1686 1763 1714 porrexit
1783 1686 1858 1709 iudae.
1873 1686 1925 1708 inde
1938 1688 1985 1712 est,
2001 1685 2066 1714 quod
2083 1686 2166 1708 eucha-

1315 1726 1378 1748 ristia
1395 1731 1441 1748 non
1458 1726 1526 1748 datur
1544 1726 1648 1753 intincta,
1665 1729 1688 1748 et
1704 1726 1773 1748 etiam
1795 1732 1837 1754 pro
1860 1725 1950 1748 haeresi
1970 1725 2083 1752 tollenda,
2105 1731 2166 1754 quae

1316 1764 1500 1792 dogmatizabat,
1519 1767 1592 1787 totum
1615 1764 1731 1788 Christum
1748 1770 1799 1787 esse
1816 1763 1860 1787 sub
1877 1767 1976 1793 utraque
1992 1764 2061 1787 simul
2078 1766 2101 1787 et
2122 1763 2166 1787 sub
2274 1790 2276 1794 .

1316 1807 1397 1827 neutra
1415 1808 1503 1827 tantum
1516 1805 1588 1827 forma
1606 1803 1659 1834 [cfr.
1671 1805 1782 1832 Gratiam,
1797 1804 1821 1827 C.
1840 1804 1900 1827 Cam
1911 1810 1981 1827 omne
1998 1803 2052 1834 (7.),
2069 1804 2098 1827 de
2109 1803 2167 1827 Con·
2274 1795 2296 1821 ''-

1317 1846 1397 1866 secrat.
1415 1844 1438 1866 d.
1460 1845 1480 1866 2.
1499 1846 1521 1866 et
1542 1844 1655 1866 Innocent.
1682 1844 1718 1872 ili,
1740 1844 1776 1866 lV.
1795 1844 1825 1866 de
1848 1843 1917 1866 Sacro
1939 1843 2022 1866 Altaris
2043 1843 2166 1871 mysterio,
2274 1829 2296 1858 ἶ-

1317 1888 1337 1904 c.
1355 1881 1401 1911 ·13.]
1415 1891 1436 1904 n.
1453 1882 1497 1905 Cir.
1516 1886 1592 1905 tamen
1610 1889 1660 1911 cap.
1685 1883 1741 1911 «15⁴2,
1758 1883 1824 1905 cuius
1835 1882 2013 1911 superscriptio:
2030 1882 2065 1905 De
2080 1881 2168 1905 eucha-

1316 1920 1386 1944 ristia
1409 1920 1465 1944 data
1490 1921 1613 1951 discipulis
1636 1922 1659 1945 el
1679 1927 1728 1945 non
1746 1921 1830 1950 Iudae,
1852 1922 1874 1944 in
1896 1927 1943 1950 quo
1965 1920 2075 1944 habetur:
2098 1921 2167 1950 Quod

1317 1962 1394 1982 autem
1411 1961 1466 1982 aule
1483 1960 1629 1982 traditionem
1647 1961 1799 1983 eucharistiae
1816 1960 1916 1983 diximus
1928 1960 2008 1983 ludam
2024 1960 2118 1988 exiisse,
2136 1959 2168 1982 vi-

1317 1999 1401 2022 demur
1417 2000 1575 2022 contradicere
1586 2001 1674 2026 Lucae,
1691 2000 1731 2029 qui
1744 2003 1796 2028 post
1807 2000 1900 2023 calicem
1914 2000 2049 2022 traditorem
2066 2005 2167 2022 comme-

1317 2040 1404 2065 morat,
1421 2038 1462 2060 sed
1480 2039 1536 2060 sorte
1553 2039 1627 2061 Lucas
1638 2038 1667 2061 de
1685 2039 1807 2061 traditione
1818 2039 1960 2066 recapitulat.
1978 2038 2077 2061 Hilarius
2089 2040 2167 2061 autem

1317 2083 1387 2105 super
1405 2078 1543 2100 Matthaeum
1561 2077 1594 2107 [c.
1611 2078 1648 2100 30.
1667 2085 1686 2100 n.
1705 2079 1736 2106 2.]
1749 2078 1845 2106 probat,
1858 2078 1937 2101 ludam
1949 2084 1997 2101 non
2012 2077 2167 2100 interfuisse...

1318 2116 1365 2139 Dici
1382 2119 1459 2139 tamen
1476 2119 1563 2145 potest,
1576 2117 1655 2140 ludam
1667 2118 1785 2146 accepisse
1801 2117 1977 2145 eucharistiam,
1994 2119 2017 2140 et
2033 2117 2123 2140 dictum
2137 2116 2168 2139 ab

1317 2156 1402 2178 Hilario
1419 2156 1484 2178 tacite
1500 2156 1650 2179 determinari
1666 2159 1710 2179 etc.

1380 2193 1390 2207 ⁹
1408 2196 1429 2218 ln
1447 2196 1509 2218 loan.
1525 2196 1612 2223 Evang.
1631 2198 1657 2218 tr.
1676 2196 1713 2218 62.
1728 2202 1749 2218 n.
1771 2196 1794 2224 1,
1812 2196 1851 2218 nbi
1864 2198 1937 2218 textus
1954 2195 2074 2223 originalis
2089 2200 2101 2217 e
2113 2200 2170 2218 cmv-

1318 2234 1395 2258 trario
1412 2234 1489 2258 Paulo
1501 2241 1544 2263 pro
1555 2234 1675 2264 Apostolo‚
1695 2237 1718 2257 et
1732 2234 1888 2265 perficeretur
1905 2234 1951 2264 [ita
1968 2234 2037 2257 etiam
2054 2233 2071 2257 C
2081 2234 2110 2262 E,
2129 2233 2167 2257 ed.

1318 2276 1342 2296 et
1357 2273 1485 2303 Gorranus]
1503 2280 1545 2302 pro
1559 2274 1693 2304 proficeret.
1713 2275 1736 2297 ln
1753 2274 1789 2296 his
1801 2276 1898 2302 August.
1913 2273 1992 2296 verbis
2008 2273 2132 2301 respicitur
2143 2273 2167 2296 ll.

1318 2312 1371 2336 Cor.
1389 2314 1430 2341 lit,
1447 2314 1475 2336 7:
1492 2314 1568 2337 Datus
1585 2315 1619 2337 est
1635 2313 1695 2337 milti
1709 2313 1822 2337 stimulus
1840 2312 1921 2337 carnis
1938 2318 2004 2336 meae
2014 2311 2115 2342 angelus
2132 2317 2171 2336 sa-

1319 2354 1389 2375 tanae
1405 2356 1461 2380 etc.;
1479 2353 1579 2376 subinde
1596 2354 1610 2376 l.
1627 2353 1679 2376 Cor.
1705 2354 1744 2381 11,
1768 2354 1809 2376 29:
1833 2352 1880 2381 Qui
1904 2352 1967 2375 enim
1992 2351 2123 2375 manducat
2146 2352 2170 2375 et

1319 2391 1375 2415 bibit
1391 2392 1486 2422 indique
1503 2392 1618 2416 iudicium
1635 2392 1680 2416 sibi
1695 2392 1826 2415 manducat
1843 2394 1866 2415 el
1882 2391 1943 2415 bibil.

1382 2429 1391 2443 ⁹
1409 2432 1499 2454 Scilicet
1521 2431 1647 2455 ordinaria
1669 2438 1697 2454 ex
1719 2432 1828 2459 August„
1851 2432 1874 2454 in
1897 2432 1957 2453 loan.
1976 2431 2064 2458 Evang.
2085 2432 2112 2453 tr.
2130 2430 2169 2453 62.

1319 2477 1342 2493 n.
1359 2471 1385 2493 3:
1403 2471 1464 2498 Non,
1482 2474 1507 2493 nt
1521 2471 1624 2500 'quidam
1647 2474 1742 2499 putant,
1759 2476 1822 2493 nunc
1839 2471 1906 2493 ludos
1928 2476 2015 2498 corpus
2031 2469 2116 2498 Christi
2132 2474 2170 2491 ac-

1319 2510 1388 2539 cepit.
1405 2510 1530 2533 Sciendum
1548 2514 1582 2533 est
1598 2511 1673 2538 enim,
1691 2510 1755 2539 quod
1771 2510 1818 2533 ium
1835 2509 1944 2533 omnibus
1963 2509 2077 2532 Dominus
2093 2508 2167 2531 distri-

1320 2548 1402 2572 buerat
1419 2549 1593 2572 Sacramentum
1615 2549 1721 2578 corporis
1742 2552 1764 2572 et
1785 2549 1918 2577 sanguinis,
1936 2549 1994 2571 inter
2016 2554 2075 2577 quos
2093 2549 2116 2570 et
2137 2547 2172 2570 lu-

1319 2588 1361 2611 das
1373 2588 1425 2616 suit,
1442 2588 1526 2611 deinde
1543 2595 1585 2616 per
1603 2588 1729 2611 buccellam
1748 2589 1866 2611 intinctam
1883 2587 2018 2616 exprimitur
2035 2587 2085 2615 ipse
2102 2585 2171 2609 tradi—

1320 2631 1356 2650 tor
1371 2630 1414 2652 ew.
1426 2640 1457 2644 —
1468 2628 1578 2656 August,
1596 2628 1628 2650 lll.
1646 2628 1675 2651 de
1688 2628 1807 2651 Consensu
1825 2627 1964 2655 Evangelist.
1983 2632 2003 2649 c.
2021 2626 2041 2649 vl.
2054 2632 2076 2648 n.
2090 2625 2116 2648 4:
2127 2625 2170 2648 Hic

1319 2667 1448 2690 videndum
1465 2670 1510 2695 est,
1528 2673 1557 2689 ne
1574 2673 1619 2690 non
1636 2668 1709 2690 solum
1733 2668 1820 2694 Lucae,
1837 2667 1879 2695 qui
1895 2666 1941 2689 iarn
1959 2665 2047 2688 dixerat
2068 2663 2124 2694 [22,
2145 2664 2167 2686 3.
2273 2685 2275 2700 ἢ

1320 2705 1406 2735 seqq.]‚
1423 2706 1519 2728 intrasse
1535 2710 1639 2729 satanam
1657 2706 1678 2728 in
1696 2712 1736 2728 cor
1753 2706 1833 2734 Iudae,
1851 2705 1945 2734 quando
1968 2706 2049 2733 pactus
2065 2705 2100 2726 est
2116 2705 2171 2726 tune
2272 2703 2275 2736 ⁴]

1320 2751 1374 2767 cum
1391 2745 1492 2772 ludaeis,
1509 2748 1534 2768 ut
1550 2751 1604 2768 eum
1622 2748 1716 2773 accepta
1733 2745 1831 2773 pecunia
1848 2744 1960 2772 traderet,
1977 2743 2020 2766 sed
2036 2743 2106 2765 etiam
2125 2741 2172 2764 sibi

1321 2785 1370 2812 ipse
1386 2784 1481 2806 loannes
1498 2790 1630 2812 repugnare
1641 2784 1759 2811 videatur,
1776 2784 1816 2813 qui
1834 2784 1878 2806 iam
1892 2783 1979 2806 dixerat
1996 2781 2104 2810 superius
2114 2780 2170 2810 Ua,
2270 2791 2277 2834 3

1321 2822 1367 2853 2.]‚
1389 2826 1513 2852 antequam
1532 2823 1598 2846 istam
1616 2823 1744 2846 buccellam
1757 2823 1886 2851 acciperet:
1899 2822 1930 2845 Et
1940 2827 2011 2845 coena
2027 2821 2103 2851 sacta,
2114 2825 2172 2843 cum

1321 2862 1369 2886 iam
1386 2861 1495 2886 diabolas
1513 2862 1649 2886 immisisset
1664 2862 1688 2885 in
1705 2868 1759 2891 cor,
1778 2863 1803 2885 at
1820 2861 1925 2885 traderet
1941 2866 1996 2884 eum
2013 2859 2096 2883 Iudas.
2111 2859 2171 2888 Quo-

1320 2902 1391 2925 modo
1409 2902 1472 2924 anim
1490 2902 1556 2924 intrat
1573 2902 1596 2925 in
1612 2908 1663 2929 cor,
1683 2902 1726 2924 nisi
1743 2901 1888 2924 immittendo
1905 2901 1996 2929 iniquas
2007 2898 2170 2928 persuasiones

1321 2940 1501 2969 cogitationibus
1518 2941 1667 2970 iniquorum?
1685 2941 1730 2965 Sed
1747 2946 1812 2964 nunc
1828 2940 1954 2968 intelligere
1970 2938 2084 2962 debemus
2094 2944 2107 2960 a
2124 2937 2172 2960 dia-
2272 2937 2276 2969 ξ
