2296 3316
738 121 909 150 COMMENT.
933 121 965 150 lN
986 121 1132 149 lOANNEM
1153 121 1181 149 C.
1202 121 1244 149 Xl.
1788 120 1844 148 409

113 203 199 233 suerit
211 201 373 231 immundus
387 209 472 238 super
486 200 578 229 anima
588 223 595 234 ,
609 199 652 229 vel
667 199 694 228 in
709 200 765 234 via,
780 199 861 228 faciat
875 199 960 236 phase

114 251 141 279 in
156 257 251 278 mense
265 247 386 277 secundo
402 258 432 282 u;
447 247 519 276 infra
532 247 639 276 decimo
659 249 757 275 octavo
769 247 795 274 ¹:
822 256 835 271 (ι
851 247 884 275 Ut
905 254 960 274 non

112 296 385 329 contaminarentur,
406 294 453 323 sed
475 294 675 322 manducarent
696 293 840 322 Pascha».
863 293 892 321 111
915 301 961 322 ve—

112 346 216 373 nerunt
235 350 264 371 se
285 341 411 371 exterius
432 340 583 374 mundare,
598 339 645 368 sed
660 339 778 368 interius
798 347 849 376 per
863 339 961 368 voluu-

113 390 176 418 tatis
198 388 377 418 homicidium
398 387 558 424 inquinare;
581 386 655 415 unde
675 386 756 415 dicit:

192 436 237 465 74.
260 436 348 473 (Vers.
372 435 438 470 56.).
462 433 648 470 Quaerebant
667 442 735 471 erqo
757 433 867 466 Iesum,
889 433 961 461 scili-

113 486 156 513 cet
170 483 203 512 ad
218 482 403 520 perdendum
426 481 550 510 psalmus
561 481 588 509 ²:
614 492 628 506 «
640 480 851 509 Confundantur
869 482 897 508 et
916 487 961 509 re-

114 533 262 560 vereantur
283 529 331 567 qui
353 532 493 566 quaerunt
513 528 634 557 animam
656 535 759 561 meam,
782 530 814 556 ut
833 527 962 556 auferant

112 586 173 607 eam
188 589 214 605 ».
239 578 274 605 Et
294 576 530 614 colloquebantur
561 575 601 603 ad
632 575 771 608 invicem,
798 575 830 603 z'rt
858 574 961 611 templo

111 627 228 653 stanles.
251 623 283 652 Et
304 623 402 651 modus
417 622 568 659 quaerendi
583 621 728 650 subditur:
747 621 825 657 Quid
835 621 961 658 putatis,

112 671 184 710 quia
204 679 263 699 nort
284 669 360 698 vertit
373 669 414 698 ad
428 669 504 698 diem
524 668 653 706 festum?
668 669 721 697 Ista
735 669 860 706 quaestio
878 668 961 697 fiebat

111 719 139 748 in
155 718 265 755 templo.
279 717 353 746 Unde
365 716 508 753 impletum
524 719 565 745 est
579 716 646 745 illud
662 716 791 745 Ieremiae
806 716 922 753 septimo
934 716 960 744 ⁸:

116 776 130 791 «
145 764 280 802 Spelunca
294 763 434 792 latronum
455 763 526 791 facta
547 766 588 792 est
602 763 701 791 domus
716 763 779 797 ista,
802 763 828 791 in
850 770 906 800 qua
920 762 961 791 in-

112 814 239 841 vocatum
262 813 304 839 est
324 818 426 839 nomen
441 818 535 839 meum
550 821 577 844 »3
597 809 671 838 unde
685 810 812 839 Matthaei
829 809 961 847 vigesimo

112 858 217 896 primo:
250 868 264 883 ετ
279 857 333 886 Vos
363 857 466 886 fecistis
497 865 556 886 eam
585 857 746 894 speluncam
779 857 918 886 latronum
933 868 960 885 ».

111 906 203 943 Quare
224 907 317 934 autem
348 904 387 933 sic
418 907 601 942 quaererent,
623 904 745 933 insinuat
776 904 960 941 Evangelista:

115 951 261 982 Dederant
280 955 377 980 autem
388 951 539 989 pontifices
553 955 578 980 et
592 950 754 980 Pharisaei
773 951 960 985 mandatum,

113 1004 158 1035 ut,
179 1000 207 1028 si
226 999 293 1038 quis
314 999 495 1036 coynoverzt,
517 998 569 1027 ubi
587 999 642 1033 sit,
665 998 786 1033 indicet,
802 1001 834 1026 ut
856 1006 961 1035 appre-

113 1047 239 1076 hendam
269 1054 343 1075 eum.
376 1046 468 1075 Simile
500 1046 661 1075 mandatum
693 1053 857 1082 perversum
886 1044 961 1074 dedit

112 1094 177 1123 Saul
197 1093 231 1122 de
245 1093 348 1122 Davide
362 1093 444 1130 primi
459 1093 563 1130 Regum
578 1092 710 1129 vigesimo
725 1092 807 1121 tertio
819 1092 846 1120 4;
867 1103 881 1117 «
891 1091 961 1120 Con-

112 1141 230 1171 siderate
251 1143 278 1169 et
299 1139 389 1169 videte
403 1140 495 1168 omnia
509 1139 624 1168 latibula
645 1140 720 1173 eius,
742 1139 770 1167 in
789 1139 893 1176 quihus
913 1138 961 1167 ab·

112 1187 263 1217 sconditur.
285 1186 363 1223 Quod
385 1186 407 1215 si
429 1186 456 1215 in
479 1189 553 1215 terra
568 1194 597 1215 se
618 1185 808 1220 obstruxerit,
830 1193 961 1222 perscru-

113 1235 192 1264 tabor
213 1242 277 1263 eum
299 1233 325 1261 in
347 1232 455 1261 cunctis
476 1232 598 1261 millibus
620 1232 723 1261 Iuda».

433 1326 637 1363 QuausrioNEs.

191 1423 237 1451 75.
259 1422 369 1458 Quaest.
392 1419 409 1449 l.
431 1420 594 1457 Quaeritur,
623 1423 720 1449 utrum
752 1420 844 1450 ludaei
865 1428 962 1458 pecca-

112 1471 204 1499 verint
224 1470 252 1498 in
273 1468 362 1497 dando
382 1468 435 1497 isto
456 1468 589 1497 consilio?
605 1484 641 1489 -—
663 1467 741 1505 Quod
762 1468 818 1502 sic,
840 1467 960 1502 videtur,

113 1517 179 1554 quia
199 1515 445 1553 reprehenduntur
466 1515 605 1552 principes
626 1515 802 1544 sacerdotum
817 1518 844 1544 et
865 1515 960 1543 Phari-

114 1564 182 1598 saei,
204 1563 278 1601 quod
298 1562 448 1591 Dominum
469 1562 630 1591 occiderunt
651 1562 709 1591 sive
723 1562 809 1591 occidi
824 1562 960 1597 fecerunt,

113 1613 141 1640 et
159 1611 217 1648 ipse
237 1610 372 1639 Dominus
393 1609 572 1647 reprehendit
593 1617 640 1639 eos
660 1618 747 1647 supra
768 1610 884 1647 septimo
895 1610 915 1638 ⁵.

192 1657 269 1694 Quod
290 1665 362 1691 nort,
385 1656 510 1685 videtur:
536 1658 559 1685 1.
582 1657 652 1693 Quia
673 1657 801 1685 voluntas
821 1656 870 1685 Dei
891 1659 960 1691 erat,

113 1704 188 1742 quod
215 1704 342 1732 Christus
373 1703 562 1732 occideretur:
584 1711 651 1740 ergo
681 1703 708 1732 in
731 1702 847 1732 volendo
867 1703 959 1739 ipsum

113 1751 238 1781 occidere
269 1750 478 1779 conformabant
508 1751 679 1779 voluntatem
710 1758 789 1779 suam
825 1749 959 1778 voluntati

113 1798 236 1832 divinae;
258 1800 286 1826 et
306 1797 327 1826 si
349 1797 417 1826 hoc:
440 1805 506 1834 ergo
526 1805 581 1825 non
603 1797 784 1833 peccabant&

192 1846 217 1873 2.
240 1844 320 1878 ltem,
336 1844 394 1881 ipse
409 1844 542 1872 Dominus
557 1844 645 1872 voluit
658 1844 755 1872 Filium
771 1852 853 1872 suum
868 1843 923 1880 pati
936 1844 960 1878 ⁷;

114 1892 161 1921 sed
182 1899 236 1920 non
268 1891 358 1928 potuit
386 1891 457 1928 pati,
486 1891 536 1920 nisi
570 1891 791 1925 interficeretur;
821 1894 848 1919 et
868 1891 960 1920 ludaei

114 1938 328 1967 interfecerunt:
349 1946 416 1975 ergo
438 1938 538 1971 voluit,
554 1937 629 1974 quod
651 1937 741 1966 ludaei
762 1937 959 1966 interficerent.

177 2134 184 2147 ¹
204 2136 269 2158 Vers.
287 2136 324 2158 28.
343 2148 372 2151 —
389 2135 518 2163 chrysost,
542 2135 565 2157 in
591 2136 652 2158 10311,
672 2136 751 2158 homil.
776 2136 812 2158 65.
831 2136 896 2163 (31135
913 2136 960 2165 64.)

115 2181 138 2197 n.
155 2175 181 2197 2:
193 2175 247 2197 Mira
259 2174 408 2197 sanctificatio
426 2180 478 2196 cum
496 2174 644 2202 sanguinaria
662 2175 788 2203 voluntate,
806 2181 859 2197 cum
878 2181 961 2197 cruen-

114 2214 165 2236 tatis
182 2213 297 2236 manibus.
314 2226 345 2230 —
362 2214 457 2236 Inferius
474 2219 517 2241 pro
533 2212 664 2236 voluntatis
677 2213 830 2237 nomicidium
843 2214 961 2236 Gorranus

114 2253 260 2277 voluntatem
278 2252 409 2281 homicidii,
427 2252 464 2275 ed.
482 2252 669 2276 contaminatum
686 2252 831 2276 voluntatem
848 2255 870 2277 et
886 2253 961 2277 homi-

114 2291 192 2316 eidam
209 2294 319 2315 mentem.

177 2331 186 2346 ²
203 2332 286 2353 Psalm.
304 2331 347 2358 39,
365 2331 403 2353 15.

177 2369 186 2382 ³
204 2371 270 2393 Vers.
287 2371 324 2392 ll.
341 2383 372 2387 —-
390 2370 498 2399 SequItur
515 2371 591 2393 Matth.
609 2371 652 2398 21,
671 2371 709 2393 113.

176 2407 186 2420 ¹
203 2409 268 2431 Vers.
287 2409 324 2431 23.

177 2446 186 2459 ⁶
204 2447 268 2469 Vers.
287 2447 328 2475 20;
347 2448 387 2469 cfr.
405 2447 462 2469 infra
481 2448 523 2474 19,
541 2448 562 2469 6.
587 2449 692 2477 August„
709 2449 811 2471 Enarrat.
829 2449 851 2471 in
870 2449 904 2471 Ps.
923 2449 961 2471 63.

114 2493 136 2509 n.
155 2486 181 2508 41
199 2487 225 2508 Et
242 2492 295 2513 vos,
313 2492 327 2508 0
344 2486 434 2513 ludaei,
451 2486 574 2509 occidistis.
596 2487 660 2509 Unde
677 2487 812 2510 occidistis?
823 2488 905 2510 Gladio
923 2488 961 2509 lin-

114 2531 197 2553 guae...
215 2527 237 2547 et
253 2525 348 2554 quando
365 2525 522 2554 percussistis,
541 2525 582 2548 nisi
605 2526 699 2554 quando
724 2527 853 2549 clamastis:
880 2526 960 2549 Cruci-

114 2563 172 2594 fiye,
190 2563 319 2594 crucifige?

177 2601 187 2615 ⁸
204 2602 249 2626 Csr.
267 2604 283 2625 l.
301 2603 361 2625 Sent.
379 2603 402 2626 d.
421 2603 456 2626 48.
474 2610 495 2626 3.
518 2605 535 2626 Ι,
553 2610 575 2633 q.
594 2605 615 2626 2.

177 2641 185 2654 ⁷
203 2643 270 2665 Rom.
289 2643 314 2671 8,
332 2643 374 2665 32:
392 2643 435 2671 Qui
452 2644 521 2665 0113111
539 2644 634 2671 proprio
651 2644 706 2666 Filio
723 2650 765 2667 5110
782 2651 826 2667 non
844 2645 961 2673 pepercit,

114 2681 156 2703 sed
174 2688 216 2709 pro
233 2681 301 2704 nobis
318 2681 426 2704 omnibus
443 2682 537 2705 tradidit
553 2683 626 2705 illum.

177 2719 187 2732 ‘³
203 2720 249 2744 Csr.
266 2727 336 2748 supra
355 2726 375 2743 0.
391 2721 413 2743 7.
431 2727 452 2742 n.
472 2721 509 2743 28.
527 2724 550 2743 et
566 2728 585 2744 e.
604 2722 624 2744 8.
642 2728 664 2744 n.
683 2722 720 2744 57.

177 2758 186 2771 '³
204 2759 247 2782 Csr.
266 2760 298 2782 ΙΙΙ.
317 2760 377 2782 Sent.
396 2759 418 2781 d.
437 2760 473 2781 20.
492 2759 549 2782 dub.
567 2760 588 2782 3.
605 2763 627 2782 et
645 2761 666 2783 1,

178 2797 197 2810 ¹⁰
216 2798 274 2820 Vide
291 2799 324 2821 111.
342 2799 403 2821 Sent.
421 2799 444 2821 d.
462 2799 499 2821 20.
517 2806 540 2827 q.
557 2799 579 2821 6.

178 2837 196 2850 ¹¹
214 2838 281 2860 Vers.
298 2838 335 2860 51.
803 2837 822 2851 ¹²
840 2839 906 2861 Vers.
924 2839 961 2861 51.

178 2875 197 2889 ¹³
215 2877 278 2899 Sum.
296 2883 320 2905 p.
332 2877 355 2899 ll.
367 2877 514 2906 quaestione:
532 2877 618 2900 Utrum
630 2876 707 2900 omnis
718 2876 793 2905 actio,
806 2877 831 2900 in
844 2879 962 2907 quantum

114 2916 148 2937 est
164 2914 238 2943 actio,
256 2914 287 2938 sit
303 2921 318 2938 a
335 2916 394 2943 Deo,
412 2916 478 2938 euius
495 2916 633 2938 solutionem
646 2916 695 2943 ipse
707 2916 737 2938 ita
752 2916 873 2944 exprimit:
893 2916 961 2938 «Nos

211 2961 237 2984 S.
255 2962 343 2985 Bonae.
354 2974 385 2979 —
398 2962 466 2984 Tom.
484 2962 521 2984 Vl.

1096 199 1122 228 3.
1146 199 1227 233 Item,
1248 198 1283 227 ad
1311 199 1364 227 hoc
1390 199 1478 233 venit,
1500 202 1532 227 ut
1562 201 1723 235 pateretur:
1744 206 1811 235 ergo
1843 198 1865 226 si

1017 245 1108 274 ludaei
1130 254 1185 274 non
1206 245 1411 280 interficerent,
1432 245 1568 274 adventus
1581 245 1642 274 eius
1662 244 1864 274 frustraretur:

1017 300 1084 330 ergo
1105 300 1168 321 cum
1191 292 1326 321 adventus
1346 293 1406 321 eius
1437 292 1585 321 efficaciam
1612 293 1743 322 habuerit
1763 300 1799 321 ex
1822 292 1865 320 [u—

1017 339 1151 368 daeorum
1182 339 1310 373 consiliO,
1343 339 1468 374 videtur,
1490 339 1564 376 quod
1596 340 1685 369 ludaei
1715 348 1769 368 non
1801 346 1865 376 pec-

1018 386 1151 415 caverint.

1096 433 1274 461 Rasrounao:
1296 433 1464 468 Dicendum,
1485 434 1559 471 quod
1573 434 1665 464 ludaei
1679 435 1866 472 peccaverunt

1017 482 1045 508 et
1065 479 1171 507 ratione
1192 482 1276 507 actus
1291 482 1318 508 et
1332 479 1438 508 ratione
1452 480 1626 509 intentione.
1643 481 1754 510 Ratione
1769 484 1864 514 actm,

1017 526 1084 564 quia
1104 526 1255 554 voluerunt
1268 526 1393 555 occidere
1414 534 1478 555 eum
1501 535 1583 563 quem
1599 528 1720 557 sciebant
1734 528 1866 556 innocen-

1018 577 1073 603 tem
1094 581 1169 607 esse,
1191 573 1266 610 quod
1298 573 1375 601 nullo
1398 573 1483 601 modo
1499 574 1568 602 bene
1590 577 1679 610 potest
1699 574 1791 603 fieriss.
1815 575 1865 602 Ra-

1018 621 1091 649 tione
1112 620 1296 654 intencione,
1318 620 1384 657 quia
1411 628 1464 648 non
1491 620 1669 649 intendebant
1689 621 1805 657 implere
1825 620 1866 649 di-

1018 668 1110 697 vinam
1132 667 1320 701 voluntatem,
1342 666 1389 695 sed
1411 675 1489 695 suam
1512 667 1611 695 satiare
1633 667 1772 696 invidiam.

1099 716 1123 744 1.
1146 717 1172 744 2.
1195 714 1274 751 Quod
1300 722 1367 752 ergo
1398 714 1544 748 obiicitur,
1571 714 1645 751 quod
1676 714 1731 743 Deo
1762 715 1866 751 placuit

1017 770 1094 791 mors
1125 762 1242 796 Christi;
1274 760 1438 795 dicendum,
1461 760 1535 798 quod
1566 761 1663 789 activa
1694 761 1793 789 occisio
1814 761 1866 790 fuit

1018 810 1168 847 permissa,
1191 809 1238 838 sed
1256 808 1381 846 passiva
1402 808 1455 837 fuit
1475 808 1661 845 beneplacita,
1683 808 1755 836 sicut
1775 811 1816 837 est
1837 809 1865 837 in

1018 857 1192 894 passionibus
1213 857 1393 890 Sanctorum3
1415 855 1481 893 quia
1502 855 1539 884 illi
1554 855 1715 884 occidebant
1736 855 1808 884 mala
1822 864 1866 884 vo-

1018 904 1139 938 luntate,
1160 906 1186 932 et
1207 903 1336 932 Christus
1356 902 1514 940 patiebatur
1535 902 1606 931 bona
1618 902 1637 929 ⁹.

1097 950 1123 979 3.
1156 950 1234 987 Quod
1263 950 1425 987 quaeritur,
1455 949 1529 986 quod
1556 949 1674 983 frustra;
1703 949 1865 984 dicendum,

1017 998 1093 1035 quod
1113 1006 1184 1032 non;
1207 998 1273 1035 quia
1294 998 1365 1026 alius
1379 996 1478 1025 modus
1493 999 1553 1025 erat
1566 996 1622 1025 Deo
1637 996 1775 1033 possibilis
1787 997 1823 1030 ¹⁰,
1839 999 1866 1025 et

1018 1045 1092 1073 Deus
1107 1052 1156 1081 per
1171 1045 1258 1073 malos
1273 1044 1413 1073 ministros
1428 1044 1515 1072 multa
1526 1044 1598 1072 bona
1610 1043 1713 1080 implet,
1729 1043 1801 1072 sicut
1815 1051 1864 1080 per

1017 1091 1157 1119 diabolum
1179 1091 1279 1128 probat
1299 1091 1424 1125 Sanctos:
1440 1092 1468 1119 et
1482 1093 1574 1119 tamen
1589 1090 1715 1119 diabolus
1730 1098 1783 1118 non
1799 1090 1863 1119 facit

1017 1138 1068 1166 nisi
1091 1137 1246 1171 demereri,
1268 1137 1315 1166 sed
1336 1137 1411 1165 Deus
1431 1140 1524 1165 actum
1545 1135 1654 1165 ordinat
1675 1137 1702 1165 in
1724 1136 1836 1165 bonum.

1097 1186 1142 1213 76.
1165 1185 1275 1221 Quaest.
1291 1184 1320 1212 ll.
1336 1184 1499 1220 Quaeritur,
1520 1187 1617 1212 utrum
1632 1184 1749 1221 Caiphas
1770 1192 1865 1221 pecca-

1018 1232 1090 1261 verit
1103 1232 1130 1260 in
1145 1231 1234 1260 dando
1249 1230 1317 1259 illud
1332 1230 1496 1259 consilium?
1510 1247 1550 1251 —
1563 1230 1642 1266 Quod
1654 1239 1722 1264 nou,
1738 1230 1864 1259 videtur:

1100 1280 1123 1307 1.
1147 1278 1196 1306 Per
1218 1280 1344 1311 textum,
1366 1277 1431 1313 quia
1461 1276 1563 1305 dicitur
1584 1277 1612 1305 in
1635 1277 1725 1305 littera
1737 1277 1769 1311 ¹¹,
1790 1277 1865 1314 quod

1017 1333 1076 1353 nort
1096 1324 1172 1353 dixit
1193 1333 1212 1352 a
1232 1324 1382 1361 semetipso
1390 1333 1400 1357 ,·
1421 1326 1448 1351 et
1479 1331 1528 1360 per
1550 1323 1602 1351 hoc
1623 1323 1766 1357 innuitur,
1791 1323 1866 1360 quod

1017 1372 1089 1401 dixit
1110 1380 1126 1400 a
1147 1371 1252 1408 Spiritu
1284 1373 1393 1399 sancto:
1415 1378 1482 1407 ergo
1513 1370 1534 1398 si
1556 1369 1631 1406 quod
1652 1372 1693 1398 est
1714 1378 1730 1398 a
1761 1369 1865 1406 Spiritu

1018 1422 1113 1448 sancto
1134 1426 1189 1447 non
1210 1420 1252 1447 est
1272 1420 1415 1455 peccatum
1439 1420 1490 1445 etc.

1097 1467 1123 1494 ⁹2.
1146 1465 1228 1499 Item,
1256 1464 1366 1498 dicit12,
1388 1464 1463 1501 quod
1485 1462 1688 1501 prophetavit,
1710 1471 1777 1491 cum
1797 1467 1867 1491 esset

1014 1511 1165 1550 pontifex:
1187 1520 1253 1549 ergo
1276 1512 1297 1541 si
1318 1514 1397 1540 actus
1419 1510 1601 1549 prophetandi
1624 1511 1714 1539 bonus
1734 1513 1791 1544 est,
1811 1518 1866 1538 non

1017 1560 1091 1589 dedit
1107 1559 1211 1588 malum
1226 1559 1381 1593 consilium,
1397 1559 1444 1587 sed
1459 1558 1576 1587 bonum:
1589 1566 1656 1595 ergo
1667 1565 1721 1585 non
1734 1556 1865 1594 peccavit.

1097 1607 1149 1635 Sco
1171 1614 1295 1636 CONTRA:
1329 1606 1387 1643 Ipse
1416 1606 1468 1634 hoc
1500 1605 1585 1634 verbo
1616 1604 1775 1634 intendebat
1800 1604 1866 1633 dare

1017 1654 1176 1688 consilium,
1198 1653 1272 1690 quod
1294 1653 1422 1681 Christus
1442 1652 1632 1681 occideretur:
1654 1660 1720 1689 ergo
1735 1652 1763 1680 in
1777 1651 1866 1680 dando

1017 1700 1090 1729 istud
1112 1700 1257 1729 consilium
1281 1702 1341 1728 erat
1362 1699 1498 1727 homicida
1519 1702 1569 1727 etc.

1096 1746 1251 1784 Respondet
1262 1746 1467 1783 Praepositivus
1479 1746 1511 1780 ¹³,
1526 1745 1600 1783 quod
1612 1745 1728 1782 Caiphas
1743 1745 1770 1774 in
1786 1745 1866 1774 mala

1017 1795 1164 1823 voluntate
1185 1794 1325 1831 peccavit,
1346 1793 1393 1822 sed
1422 1793 1448 1821 in
1478 1793 1552 1821 illius
1583 1792 1699 1821 consilii
1727 1792 1866 1830 propala-

1018 1842 1092 1870 tione
1113 1850 1168 1870 non
1190 1841 1328 1878 peccavit:
1351 1840 1416 1877 quia
1445 1840 1564 1877 Spiritus
1596 1842 1708 1868 sanctus
1735 1847 1804 1868 usus
1825 1842 1867 1868 est

1018 1897 1050 1918 eo
1071 1889 1144 1918 sicut
1174 1889 1374 1922 instrumento,
1397 1891 1424 1917 et
1445 1887 1516 1916 sicut
1547 1895 1616 1916 usus
1637 1887 1689 1916 fuit
1714 1887 1790 1916 asina
1818 1887 1867 1915 Ba-

1019 1937 1088 1965 laam
1102 1937 1132 1964 14.
1155 1936 1231 1965 Unde
1263 1936 1337 1964 1111115
1367 1935 1470 1964 locutio
1491 1943 1546 1963 non
1567 1935 1619 1963 fuit
1647 1934 1756 1963 fructus
1780 1934 1867 1962 malae

1018 2137 1041 2158 in
1067 2137 1125 2158 hane
1149 2136 1284 2158 sententiam
1310 2135 1465 2161 declinamus,
1492 2133 1555 2162 quod
1580 2133 1681 2155 actiones
1705 2133 1779 2155 malae
1804 2132 1867 2155 nullo

1017 2175 1088 2197 modo
1105 2181 1117 2197 a
1134 2175 1182 2196 Deo
1199 2176 1276 2196 511111...
1293 2174 1369 2196 Primo
1386 2180 1443 2201 ergo
1459 2173 1595 2195 obiicientes
1612 2172 1750 2194 adversariis
1768 2172 1866 2200 nostris,

1018 2217 1098 2242 postea
1115 2214 1150 2237 his
1166 2220 1227 2243 quae
1243 2213 1311 2236 nobis
1327 2213 1396 2235 obiici
1414 2216 1522 2241 possunt,
1543 2211 1712 2239 respondemus
1723 2220 1746 2233 n.
1762 2211 1822 2233 inter
1839 2217 1866 2233 ea

1018 2260 1078 2282 quae
1096 2256 1174 2275 contra
1193 2253 1271 2280 ipsum
1288 2252 1358 2275 obiici
1379 2255 1487 2280 possunt,
1510 2251 1610 2273 occurrit
1631 2252 1653 2272 et
1676 2251 1719 2272 1100
1741 2256 1866 2278 argumen-

1017 2295 1082 2315 tum:
1103 2293 1180 2314 «Item
1198 2291 1297 2319 Caiphas
1315 2297 1327 2313 a
1344 2297 1369 2313 se
1386 2291 1437 2318 ipso
1454 2297 1501 2312 11011
1518 2290 1587 2312 dixit:
1608 2289 1708 2319 Expedit
1724 2289 1792 2312 nobis
1810 2292 1865 2316 etc.,

1017 2330 1058 2354 aed
1074 2337 1129 2354 cum
1146 2332 1205 2354 esset
1221 2330 1329 2359 pontifex
1345 2329 1405 2352 unni
1420 2329 1493 2357 illius,
1510 2328 1675 2358 prophetavit,
1692 2328 1792 2356 Caiphas
1810 2328 1866 2350 dixit

1019 2370 1073 2393 illud
1090 2376 1102 2392 a
1121 2370 1207 2398 Spiritu
1224 2371 1314 2391 sancto:
1332 2374 1389 2396 ergo
1406 2368 1476 2390 dictio
1493 2368 1543 2390 eius
1563 2367 1604 2390 fuit
1626 2373 1638 2389 a
1663 2367 1747 2395 Spiritu
1771 2369 1865 2395 sancto;

1018 2412 1040 2431 et
1057 2410 1106 2437 ipsa
1125 2409 1165 2431 fuit
1182 2411 1319 2436 peccatum:
1337 2413 1393 2435 ergo
1411 2407 1486 2435 aliqua
1504 2407 1575 2434 actio,
1593 2412 1653 2435 quae
1671 2406 1712 2428 fuit
1730 2408 1866 2434 peccatum,

1019 2448 1060 2471 suit
1076 2454 1088 2470 a
1107 2448 1193 2476 Spiritu
1210 2451 1302 2473 sancto;
1320 2447 1401 2469 eadem
1420 2447 1507 2469 ratione
1519 2449 1541 2468 et
1553 2446 1582 2468 de
1594 2445 1696 2474 qualibet
1708 2446 1750 2468 alia
1763 2446 1866 2472 actione,

1018 2494 1078 2517 quae
1091 2491 1125 2510 est
1136 2490 1271 2515 peccatum,
1284 2487 1407 2509 dicendum
1426 2489 1472 2513 est,
1489 2486 1551 2515 quod
1570 2488 1604 2508 cst
1621 2491 1633 2507 a
1651 2485 1736 2513 Spiritu
1755 2488 1867 2507 sancto».

1019 2527 1053 2549 Ad
1071 2528 1129 2549 hanc
1147 2526 1300 2548 obiectionem
1318 2526 1367 2553 ipse
1383 2525 1521 2553 respondet:
1539 2525 1607 2553 Quod
1626 2524 1691 2546 tertio
1713 2523 1819 2546 obiicitur
1837 2524 1867 2546 de

1019 2565 1117 2593 Caipha,
1134 2565 1275 2592 respondent
1292 2564 1395 2592 magistri
1418 2564 1501 2590 nostri,
1519 2563 1581 2592 quod
1604 2563 1653 2585 eius
1673 2563 1732 2585 actio
1750 2563 1810 2584 mala
1826 2562 1867 2585 fuit

1019 2608 1041 2626 et
1058 2611 1104 2626 non
1121 2611 1133 2626 3
1152 2604 1214 2632 1)00;
1231 2604 1271 2626 sed
1289 2603 1353 2631 quod
1370 2604 1512 2625 occurrerint
1529 2603 1549 2624 ei
1566 2603 1617 2625 talia
1635 2602 1719 2630 verba,
1736 2608 1763 2624 ex
1780 2601 1866 2631 quibus

1019 2649 1101 2665 sensus
1118 2643 1154 2665 ille
1176 2643 1251 2670 potuit
1273 2642 1334 2671 fieri,
1352 2648 1422 2671 quem
1445 2642 1525 2664 habuit
1545 2641 1704 2669 Evangelista3
1722 2642 1766 2663 hoc
1790 2641 1831 2663 fuit
1852 2646 1865 2662 a

1020 2682 1105 2710 Spiritu
1130 2685 1217 2704 sancto.
1242 2681 1314 2704 Nobis
1337 2684 1415 2704 autem
1440 2682 1546 2709 videtur,
1563 2681 1626 2710 quod
1652 2681 1710 2703 actio
1737 2681 1786 2703 01115
1803 2680 1865 2702 nullo

1019 2722 1090 2744 modo
1107 2722 1165 2744 mala
1183 2722 1225 2744 fuit
1241 2724 1263 2743 et
1279 2721 1342 2743 nullo
1367 2721 1438 2743 modo
1463 2721 1575 2749 processit
1599 2727 1626 2743 ex
1650 2721 1710 2742 mala
1735 2720 1865 2746 voluntate,

1019 2766 1090 2789 quam
1108 2759 1201 2787 habuit,
1213 2763 1235 2782 et
1251 2760 1315 2789 quod
1332 2760 1405 2782 voluit
1422 2760 1499 2782 dicere
1516 2765 1562 2781 non
1580 2759 1646 2787 dixit,
1660 2762 1682 2781 et
1693 2759 1749 2781 dixit
1760 2758 1824 2787 quod
1841 2763 1865 2779 se

1019 2799 1096 2822 dicere
1121 2806 1168 2821 non
1193 2799 1283 2827 putavit
1309 2799 1347 2827 (113
1366 2799 1417 2821 cod.
1441 2798 1581 2821 Tudertinus
1600 2798 1643 2825 71,
1666 2798 1703 2820 sol.
1728 2798 1779 2819 too,
1803 2803 1826 2819 v.
1843 2799 1865 2818 et

1020 2839 1073 2861 101.
1091 2844 1122 2865 r.,
1139 2838 1180 2867 qui
1198 2839 1318 2860 Summam
1336 2837 1488 2865 Praepositivi
1506 2837 1616 2860 ineditam
1634 2836 1753 2863 continet).

1082 2876 1101 2889 ¹⁴
1119 2876 1165 2899 Cfr.
1184 2877 1251 2899 Num.
1269 2878 1306 2903 22,
1324 2878 1362 2899 28.
1378 2883 1443 2906 seqq.
1455 2876 1500 2900 Cfr.
1512 2876 1614 2904 Origen„
1625 2875 1754 2898 Comment.
1766 2875 1789 2897 in
1802 2875 1862 2896 ioan.

1020 2920 1075 2938 tom.
1094 2916 1130 2938 28.
1147 2922 1170 2938 n.
1190 2916 1224 2938 12.
1242 2922 1299 2944 5011Ἷ
1316 2915 1356 2938 ubi
1374 2916 1442 2938 etiam
1468 2917 1512 2938 hoe
1535 2915 1665 2943 exemplum
1684 2915 1776 2936 affertur
1793 2916 1815 2935 ct
1833 2913 1863 2935 di-

1741 2960 1769 2981 52

1881 437 1939 461 Resp.

1882 719 1912 738 Ad
1925 719 1942 738 1.
1956 719 1974 738 2.

1882 953 1912 972 Ad
1925 954 1941 972 3.

1882 1749 1940 1773 Resp.
1957 1749 2014 1768 Prae-

1905 1773 1988 1797 positivi.
