2296 3316
756 129 925 157 COMMENT.
948 129 979 157 1N
1000 128 1145 157 IOANNEM
1166 129 1194 157 C.
1216 129 1247 158 V.
1817 126 1872 155 315

131 211 159 237 et
180 208 357 242 testificatur,
378 216 461 245 quam
482 207 572 236 Iudaei
594 206 718 235 carnales
738 213 789 234 nec
803 205 900 234 audire
914 207 974 242 pot-

131 257 210 283 erant
236 262 286 283 nec
307 255 399 291 ipsum
426 255 584 291 loquentem
606 252 707 281 videre.
730 251 791 280 ldeo
811 251 893 280 dicit:
920 250 974 279 Ne-

131 309 185 338 que
206 309 299 329 vocem
320 301 382 329 eius
403 308 536 338 unquam
562 298 706 333 audititi&
731 306 782 334 per
809 298 909 326 mentis
931 306 974 326 re-

131 347 310 381 velationem;
341 347 413 375 sicut
444 347 541 375 Petrus
564 345 682 379 audivit,
710 344 838 373 Matthaei
869 344 974 373 decimo

131 393 248 422 sexto¹z
274 404 287 418 α
302 393 401 422 Beatus
421 400 466 426 es,
488 392 582 420 Simon
603 391 655 419 Bar
676 391 754 425 Iona,
776 391 842 427 quia
862 399 926 420 caro
947 394 975 420 et

130 439 242 477 sanguis
262 447 317 468 non
339 439 471 468 revelavit
491 438 555 473 tibi,
577 438 625 467 sed
647 438 725 466 Pater
746 445 837 472 meus,
859 438 907 475 qui
933 441 974 467 est

129 486 158 514 in
179 486 261 515 caelis
274 497 301 514 2».
325 485 419 523 Neque
439 485 560 522 speciem
580 484 709 518 vidistis,
731 492 780 520 per
795 487 919 521 apertam
934 484 974 513 vi-

130 533 250 567 sionem;
272 532 357 560 Exodi
389 532 529 569 trigesimo
559 531 656 560 tertio:
683 542 697 556 a
712 531 769 559 Non
801 530 903 559 videbit
930 538 974 559 me

129 579 212 608 homo
232 581 260 608 et
280 579 354 608 vivet
367 590 398 613 »;
420 581 448 607 et
461 586 546 615 supra
567 578 669 615 primo:
695 589 708 604 «
723 578 812 607 Deum
834 585 916 606 nemo
934 577 974 606 vi-

129 625 169 655 dit
182 633 344 663 unquam».

209 673 254 701 66.
276 672 364 709 (Vers.
387 671 454 708 38).
479 672 513 700 Et
526 671 646 700 verbmn
667 671 729 700 eius
742 680 801 700 non
819 670 928 700 habetis
943 671 974 699 in

128 718 208 747 vobis
221 727 360 753 manens,
381 719 484 748 scilicet
504 727 555 755 per
569 718 666 753 fidem;
688 718 762 747 unde
776 721 803 747 et
823 718 893 747 ratio
908 717 974 746 sub-

129 765 220 794 ditur:
237 765 315 801 Quia
336 774 420 803 quem
441 765 520 794 misit
538 765 593 799 ille,
616 764 684 794 huie
704 774 754 794 vos
767 773 826 793 non
847 764 972 793 creditis.

130 812 161 841 Et
181 812 227 840 ille
247 819 329 849 quem
351 812 437 846 misit,
459 812 582 841 Verbum
603 815 644 841 est
664 815 691 841 et
712 812 739 840 in
765 811 895 840 cordibus
916 819 974 840 ma-

128 861 175 888 net
195 866 245 895 per
266 858 363 893 fidem;
385 858 419 887 ad
440 858 570 895 Ephesios
585 858 666 887 tertio
678 858 705 886 2:
728 869 742 883 «
754 858 881 886 Habitare
895 858 974 886 Chri-

129 906 203 933 stum
223 912 273 941 per
293 904 375 933 fidem
403 904 431 933 in
452 904 582 933 cordibus
603 904 702 933 vestris
720 915 751 939 »3
774 904 857 933 Isaiae
884 912 973 932 nono:

133 951 284 980 «Verbum
314 951 389 980 misit
415 951 548 979 Dominus
578 951 606 979 in
637 951 728 985 Iacob,
760 954 787 979 et
818 950 915 979 cecidit
945 951 973 979 in

129 996 211 1026 lsrael
225 1008 256 1032 ¹³3
278 1005 333 1026 non
353 997 453 1026 mansit
474 997 501 1026 in
530 997 620 1031 iacob,
643 997 710 1034 quia
734 1008 748 1022 «
764 997 806 1026 sui
828 1005 893 1026 eum
918 1005 972 1025 non

129 1047 295 1081 receperunt
310 1056 336 1072 n.

209 1091 253 1119 67.
276 1090 364 1127 (Vers.
391 1090 458 1126 39.).
486 1090 669 1119 Scrutamini
693 1090 874 1127 Scripturas.
904 1090 974 1118 Tan-

8 1144 25 1163 1ο
37 1145 111 1168 quarto-
129 1137 204 1174 gitur
225 1137 270 1166 hic
292 1137 485 1166 testimonium
510 1140 656 1174 quartum,
678 1137 782 1166 scilicet
803 1137 974 1173 Scriptura-

191 1360 199 1373 ¹
218 1361 284 1384 Vers.
302 1361 339 1384 17.
355 1373 386 1378 -
403 1361 497 1384 lnserius
513 1363 566 1390 post
583 1361 662 1391 Neque
678 1361 778 1391 speciem
796 1361 893 1389 Vulgata
909 1361 975 1384 addit

129 1400 186 1424 eius.
204 1401 336 1429 Sequuntur
353 1400 423 1423 Exod.
440 1401 482 1428 33,
500 1401 537 1423 20.
554 1402 576 1423 et
593 1401 653 1423 loan.
672 1401 694 1428 1,
711 1401 748 1423 18.

191 1437 200 1451 ²
218 1439 284 1462 Vers.
299 1439 335 1462 17.
347 1451 378 1456 -
390 1439 440 1462 1)υο
452 1445 518 1468 seqq.
529 1439 572 1462 loci
589 1442 642 1462 sunt
659 1439 708 1462 lsai.
720 1439 745 1467 9,
758 1439 779 1461 8.
791 1441 813 1462 et
824 1440 885 1462 loan.
898 1440 919 1467 l,
933 1440 970 1462 11.

191 1475 201 1489 ²³
218 1477 284 1500 Vers.
301 1478 323 1500 6.
341 1490 371 1493 —
388 1477 491 1500 Subinde
507 1483 550 1506 pro
568 1478 596 1501 In
613 1477 697 1508 quibus
713 1484 755 1501 vos
768 1478 861 1508 putatis
873 1478 972 1506 Vulgata

129 1516 186 1547 quia
201 1523 243 1540 vos
256 1517 348 1547 putatis
365 1517 390 1540 in
406 1517 471 1547 ipsis.

1030 214 1116 239 rum,
1138 205 1172 234 ad
1192 205 1267 242 quod
1285 209 1378 234 monet
1395 204 1531 235 Dominus
1544 208 1571 234 et
1592 205 1695 234 excitat
1708 204 1741 233 ad
1761 204 1875 242 diligen-

1030 251 1095 279 tiam
1116 255 1144 280 et
1165 251 1337 288 spiritualem
1358 252 1583 289 intelligentiam;
1606 254 1718 289 propter
1739 251 1813 289 quod
1834 251 1874 280 di-

1030 298 1085 326 cit:
1117 297 1301 326 Scrutamini
1334 298 1526 336 Scripturas,
1562 298 1589 327 id
1620 301 1679 334 est,
1714 299 1875 328 interiorem

1031 344 1199 372 intellectum
1231 344 1390 381 perspicite,
1422 346 1503 383 quia,
1533 345 1605 374 sicut
1635 345 1700 374 dicit
1731 345 1875 382 Apostolus

1030 390 1166 419 secundae
1187 390 1221 419 ad
1241 390 1397 420 Corinthios
1412 392 1493 420 tertio
1508 392 1528 426 ³,
1554 403 1568 416 «
1583 392 1674 420 littera
1687 392 1799 426 occidit,
1820 392 1875 429 spi-

1030 437 1102 465 ritus
1122 439 1216 465 autem
1245 437 1366 466 vivificat
1386 450 1412 466 ».
1436 438 1467 466 Et
1494 438 1641 472 rationem,
1666 446 1754 475 quare
1775 438 1876 467 debent

1030 483 1214 520 perscrutari,
1242 483 1354 512 subdit:
1383 484 1418 513 In
1439 484 1544 522 quibus
1570 493 1621 512 vos
1645 484 1759 522 putatis
1783 484 1875 514 vitam

1031 532 1180 557 aeternam
1201 528 1321 565 habere,
1342 530 1369 559 id
1396 533 1450 565 est,
1472 539 1522 568 per
1550 539 1620 568 quas
1640 531 1744 568 putatis
1775 539 1875 568 cogno-

1031 583 1121 610 scere,
1142 578 1169 604 et
1189 584 1238 613 per
1259 576 1312 605 hoc
1336 577 1420 606 vitam
1441 580 1582 606 aeternam
1602 577 1718 613 habere,
1740 578 1806 615 quia
1825 585 1875 614 per

1030 622 1091 651 illas
1111 622 1215 659 putatis
1235 623 1324 652 Deum
1345 631 1522 661 cognoscere,
1543 624 1591 661 qui
1612 627 1654 652 est
1674 624 1730 653 vita
1750 627 1874 659 aeterna;

1031 669 1184 706 Sapientiae
1204 669 1310 698 decimo
1337 670 1472 707 quint04:
1498 682 1512 695 «
1531 670 1614 699 Nosse
1635 672 1662 699 te
1687 672 1877 699 consummata

1031 716 1135 744 iustitia
1149 718 1203 750 est,
1224 718 1252 745 et
1266 716 1336 745 scire
1357 716 1490 745 iustitiam
1505 719 1582 745 tuam
1603 719 1631 745 et
1651 716 1783 745 virtutem
1798 719 1876 745 tuam

1031 762 1112 791 radix
1133 766 1174 792 est
1201 762 1414 792 immortalitatis
1428 775 1455 791 ».
1485 763 1537 792 Has
1565 763 1722 800 Scripturas
1748 763 1876 792 Christus

1030 809 1096 838 dicit
1116 809 1167 838 sibi
1182 809 1339 845 testificari;
1355 809 1428 839 unde
1443 812 1471 839 et
1491 809 1596 839 subdit:
1614 809 1682 838 litae
1702 813 1785 844 sunt,
1800 818 1874 848 quae

1031 856 1226 885 testimonium
1243 855 1396 894 perhibent
1415 857 1449 885 de
1474 865 1535 891 me,
1557 865 1652 886 omnes
1673 857 1776 885 scilicet
1804 857 1876 885 Scri-

1031 906 1130 940 pturae
1151 903 1253 932 veteris
1272 903 1441 938 testamenti;
1457 904 1546 932 Lucae
1567 903 1699 932 ultim0⁵:
1719 915 1732 928 «
1747 903 1875 940 Oportet,

1030 949 1138 986 impleri
1159 950 1266 984 omnia,
1288 958 1360 987 quae
1385 950 1488 987 scripta
1516 953 1581 979 sunt
1602 950 1629 979 in
1651 950 1709 987 lege
1737 950 1820 987 Moysi
1849 953 1876 979 et

1031 996 1174 1033 Prophetis
1195 999 1222 1025 et
1243 996 1355 1025 Psalmis
1376 996 1410 1025 de
1431 1004 1474 1025 me
1488 1008 1516 1031 »,
1537 997 1609 1025 dixit
1630 997 1763 1025 Dominus
1784 997 1874 1031 lesus;

1030 1044 1146 1071 Actuum
1168 1042 1274 1071 decimo
1288 1046 1384 1071 octavo
1405 1043 1507 1072 dicitur
1520 1043 1554 1072 de
1576 1043 1683 1080 Apollo,
1705 1043 1779 1080 quod
1796 1040 1876 1072 'ave-

1031 1090 1174 1118 hementer
1196 1089 1309 1123 ludaeos
1330 1090 1488 1118 revincebat
1508 1090 1633 1126 publice,
1658 1090 1804 1119 ostendens
1825 1098 1875 1127 per

1031 1137 1197 1173 Scripturas,
1218 1144 1278 1165 esse
1299 1136 1387 1165 Iesum
1409 1136 1548 1165 Christum
1561 1136 1572 1153 ⁶
1588 1148 1614 1164 ».

1093 1360 1103 1373 ⁴
1121 1362 1185 1384 Vers.
1204 1361 1225 1384 3.
1242 1373 1273 1378 —·
1289 1361 1333 1383 Pro
1350 1362 1371 1384 et
1384 1366 1430 1390 per
1447 1360 1512 1383 hoc...
1531 1359 1573 1390 qui
1588 1360 1625 1383 ed.
1642 1360 1713 1390 quod.

1093 1398 1103 1411 ⁵
1122 1400 1186 1422 Vers.
1204 1399 1242 1422 44.
1257 1411 1289 1416 —-
1306 1399 1414 1428 Sequitur
1431 1399 1479 1421 Act,
1499 1399 1540 1425 18,
1558 1399 1595 1421 28.

1092 1437 1102 1451 ⁶
1119 1439 1141 1461 ln
1158 1439 1259 1461 editione
1276 1438 1360 1461 deinde
1377 1438 1471 1466 ponitur
1488 1437 1509 1459 in
1528 1438 1578 1465 ipso
1596 1440 1657 1460 textu
1669 1438 1719 1460 sine
1731 1438 1878 1466 inscriptione

1029 1484 1129 1507 sequens
1154 1479 1261 1505 schema,
1286 1478 1363 1507 quod,
1388 1477 1443 1506 quia
1465 1483 1511 1499 non
1534 1477 1647 1499 invenitur
1670 1477 1692 1499 in
1715 1477 1783 1500 codd.
1806 1477 1878 1506 (exce-

1028 1521 1068 1546 pto
1086 1518 1115 1546 E,
1132 1518 1172 1547 qui
1189 1517 1258 1540 habet
1274 1517 1368 1540 inferius
1385 1517 1458 1539 simile
1475 1518 1591 1546 schema),
1604 1517 1626 1539 in
1638 1517 1700 1539 calce
1717 1517 1771 1545 poni
1789 1516 1875 1540 debuit.

811 1608 953 1632 Testimonia
971 1608 1063 1632 Chrzlsto
1081 1608 1200 1632 exhibita:

341 1704 353 1720 a
370 1704 468 1726 persona
486 1699 570 1726 Patris,
587 1700 647 1721 loan.
664 1699 689 1726 5,
710 1699 753 1722 37:
770 1700 796 1721 Et
812 1699 968 1721 testimonium
985 1699 1102 1727 perhibuit
1118 1699 1147 1721 de
1165 1705 1202 1721 me
1219 1699 1258 1728 qui
1277 1699 1338 1721 misit
1355 1704 1392 1721 me
1409 1699 1483 1721 Pater.

339 1743 352 1759 a
370 1743 467 1765 persona
484 1737 544 1765 Filii,
561 1738 622 1760 loan.
639 1738 665 1764 8,
685 1738 728 1760 18:
745 1738 793 1766 Ego
810 1744 874 1766 sum,
892 1738 932 1767 qui
949 1738 1105 1760 testimonium
1124 1737 1235 1765 perhibeo
1252 1738 1281 1760 de
1299 1743 1336 1759 me
1354 1737 1412 1765 ipso.

165 1786 178 1802 a
195 1779 281 1815 divinis

170 1817 275 1839 personis

340 1783 353 1799 a
370 1783 468 1805 persona
485 1777 583 1805 Spiritus
599 1777 678 1805 sancti,
695 1777 756 1799 loan.
775 1777 816 1806 15,
833 1777 877 1799 26:
895 1777 953 1800 Cum
970 1778 1059 1799 venerit
1075 1777 1216 1803 Paracletus,
1233 1782 1304 1805 quem
1321 1782 1366 1803 ego
1383 1776 1472 1798 mittam
1490 1775 1557 1798 vobis
1568 1782 1580 1798 a
1593 1776 1670 1805 Patre,
1688 1777 1798 1805 Spiritum
1816 1777 1875 1800 veri-

388 1816 451 1844 tatis,
468 1816 509 1844 qui
525 1822 538 1838 a
555 1816 620 1838 Patre
637 1816 754 1844 procedit,
772 1816 808 1838 ille
824 1816 981 1838 testimonium
998 1815 1130 1844 perhibebit
1146 1815 1175 1837 de
1193 1821 1238 1837 me.

341 1861 353 1877 a
371 1857 416 1877 tota
433 1855 542 1877 Trinitate
558 1855 637 1884 simul,
650 1856 666 1878 Ι.
679 1856 741 1877 loan.
757 1855 783 1883 5,
800 1854 831 1877 7:
847 1855 904 1877 Tres
920 1857 985 1883 sunt,
1002 1855 1042 1884 qni
1054 1854 1209 1877 testimonium
1222 1854 1277 1876 dant
1289 1854 1312 1875 in
1324 1854 1400 1875 caelo:
1412 1854 1489 1882 Pater,
1502 1853 1606 1876 Verbum
1622 1857 1645 1876 et
1657 1854 1754 1882 Spiritus
1770 1857 1875 1883 sanctus,

388 1896 410 1916 et
427 1893 450 1916 hi
467 1896 513 1916 tres
530 1900 603 1916 unum
620 1896 680 1916 sunt.

341 1945 354 1961 a
371 1939 489 1968 Scriptura
507 1940 618 1968 Moysaica
627 1957 633 1968 ,
649 1943 672 1963 et
688 1940 718 1963 de
735 1941 778 1963 hac
794 1940 895 1969 loquitur
912 1940 949 1962 hic
962 1940 993 1969 (v.
1005 1940 1042 1962 39.
1056 1940 1102 1968 46.)
1113 1948 1118 1962 :
1136 1939 1274 1962 Scrutamini
1286 1939 1427 1967 Scripturas,
1439 1939 1462 1961 in
1473 1938 1559 1967 quibus
1571 1945 1613 1961 vos
1626 1939 1709 1967 putatis
1721 1940 1791 1962 vitam
1803 1943 1875 1962 aeter-

387 1985 442 2001 nam
459 1979 557 2008 habere,
574 1982 596 2002 et
613 1980 663 2002 illae
680 1982 745 2006 sunt,
763 1985 823 2008 quae
839 1980 994 2002 testimoninm
1012 1978 1134 2007 perhibent
1151 1979 1180 2001 de
1197 1985 1242 2001 nie.
1259 1979 1285 2001 Et
1302 1981 1368 2006 post:
1387 1979 1420 2000 De
1437 1984 1474 2001 me
1491 1979 1539 2005 ille,
1557 1979 1641 2001 scilicet
1658 1979 1759 2007 Moyses,
1775 1980 1875 2007 scripsit.

388 2063 443 2085 pere
460 2063 501 2085 per
518 2063 603 2080 nomen
620 2057 669 2080 eius
686 2063 780 2084 omnes,
797 2058 838 2086 qui
855 2057 953 2080 credunt
970 2057 991 2079 in
1009 2063 1071 2079 eum.

341 2103 353 2119 a
371 2097 488 2124 Scriptura
505 2097 650 2124 evangelica,
667 2097 726 2119 loan.
739 2097 767 2118 19
776 2115 781 2124 ,
793 2097 822 2119 35
833 2105 838 2119 :
855 2097 881 2119 Et
892 2097 932 2125 qui
944 2096 1002 2119 vidit
1014 2096 1168 2119 testimonium
1186 2095 1315 2124 perhibuit,
1328 2098 1350 2117 et
1362 2101 1443 2118 verum
1456 2098 1490 2117 est
1501 2095 1658 2117 testimonium
1671 2095 1728 2118 eius.
1745 2096 1771 2118 Et
1782 2097 1820 2125 2l,
1832 2096 1874 2119 24:

388 2135 429 2157 llic
445 2138 480 2158 est
495 2136 623 2163 discipulus
640 2136 686 2164 ille,
704 2136 743 2164 qui
761 2136 917 2158 testimonium
935 2135 1040 2163 perhibet
1057 2136 1086 2158 de
1104 2135 1139 2157 his
1155 2137 1198 2157 etc.

340 2188 352 2204 a
370 2184 473 2204 creatura
491 2182 645 2209 intellectuali,
662 2182 747 2204 scilicet
763 2183 862 2210 Angelo,
874 2182 914 2210 qui
932 2181 1034 2210 perhibet
1053 2182 1208 2204 testimonium
1221 2181 1383 2209 obsequendo,
1395 2186 1464 2208 supra
1484 2181 1492 2202 1
1504 2198 1509 2207 ,
1522 2181 1547 2203 51
1559 2189 1564 2203 :
1581 2180 1694 2203 Videbitis
1706 2182 1796 2204 caelum
1809 2187 1875 2210 aper-

387 2224 435 2243 tum
453 2223 475 2243 et
491 2221 591 2249 Angelos
608 2221 648 2243 Dei
666 2221 814 2244 ascendentes
830 2224 852 2243 et
869 2222 1035 2244 descendentes
1051 2227 1120 2249 snpra
1138 2221 1220 2243 Filium
1237 2220 1345 2243 hominis.

150 2260 163 2277 a
185 2255 295 2277 creaturis

388 2299 498 2321 Lazarum
516 2299 609 2321 vocavit
625 2299 653 2321 de
671 2301 829 2321 monumento.

147 2035 160 2051 a
179 2029 301 2057 Scriptum
316 1947 326 2157 ἓ
341 2024 354 2040 a
371 2018 488 2046 Scriptura
505 2019 648 2047 prophetica,
665 2018 714 2041 Act.
731 2019 773 2046 10,
791 2018 836 2041 43:
853 2018 910 2041 Huic
927 2024 1007 2041 omnes
1024 2019 1151 2046 Prophetae
1163 2018 1319 2040 testimonium
1335 2017 1468 2045 perhibent,
1482 2017 1640 2039 remissionem
1653 2020 1800 2045 peccatorum
1817 2018 1881 2041 acci-'

316 2189 325 2351 ἓ
341 2265 354 2281 a
371 2263 474 2282 creatura
491 2260 608 2288 rationali,
625 2261 709 2283 scilieet
726 2260 830 2288 homine,
848 2261 907 2282 loan.
926 2260 967 2287 12,
985 2260 1029 2282 47:
1046 2260 1213 2282 Testimonium
1230 2258 1367 2287 perhibebat
1383 2258 1413 2281 illi
1431 2258 1511 2286 turba,
1524 2258 1649 2287 quae'erat
1663 2265 1715 2281 cum
1728 2265 1768 2288 eo,
1780 2260 1873 2289 quando

341 2343 353 2359 a
371 2340 474 2359 creatura
493 2337 616 2360 insensibili
632 2337 767 2366 obediente,
785 2338 861 2360 Matth.
878 2338 918 2366 2l,
938 2338 981 2360 49:
999 2338 1111 2360 Maledixit
1127 2338 1251 2363 tlculneae,
1267 2340 1290 2359 et
1306 2336 1415 2359 continuo
1432 2337 1531 2358 arefacta
1549 2339 1591 2358 est.

154 2420 184 2443 ab
200 2422 293 2449 Angelis
317 2383 326 2521 ἒ

130 2453 317 2475 annuntiantibus

343 2384 505 2406 incarnationis
522 2384 658 2413 adventum,
675 2385 730 2406 Luc.
747 2385 775 2411 2,
793 2385 829 2406 10.
846 2385 867 2406 11
882 2393 887 2407 :
904 2385 1019 2407 Annuntio
1041 2384 1109 2406 vobis
1131 2384 1243 2412 gaudium
1261 2389 1380 2411 magnum,
1398 2383 1461 2411 quod
1478 2383 1521 2405 erit
1537 2383 1599 2405 omni
1618 2383 1719 2411 populo,
1736 2383 1790 2412 quia
1807 2387 1874 2407 natus

388 2425 422 2444 est
439 2422 506 2444 vobis
523 2423 591 2444 hodie
609 2423 724 2449 Salvator,
741 2423 780 2451 qui
798 2428 833 2445 est
849 2422 952 2445 Christus
969 2423 1090 2445 Dominus.

341 2461 513 2483 resurrectionis
530 2462 685 2489 triumphum,
702 2462 756 2484 Luc.
773 2461 816 2489 24,
835 2462 862 2484 4:
881 2463 950 2490 Ecce,
967 2462 1014 2484 duo
1031 2462 1074 2484 viri
1092 2464 1201 2484 steterunt
1217 2462 1277 2484 iuxta
1295 2462 1342 2483 illas
1359 2461 1381 2483 in
1398 2464 1462 2483 veste
1479 2461 1580 2489 fulgenti.

342 2500 481 2522 ascensionis
497 2506 642 2528 regressum,
659 2501 707 2522 Act.
726 2501 751 2528 1,
770 2501 813 2522 1οε
831 2501 900 2528 Ecce,
917 2501 964 2523 duo
981 2501 1025 2523 viri
1042 2501 1160 2523 astiterunt
1177 2500 1237 2522 iuxta
1254 2500 1303 2522 illos
1320 2500 1343 2522 in
1359 2499 1464 2522 vestibus
1480 2499 1546 2522 albis.

342 2546 548 2574 praecedentibus,
565 2547 623 2569 sicut
640 2553 652 2569 a
670 2548 766 2574 Ioanne,
783 2553 853 2575 supra
872 2548 898 2575 1,
917 2548 958 2576 29,
975 2550 998 2570 et
1015 2547 1122 2569 Simeone
1139 2549 1161 2568 ct
1178 2547 1254 2573 Anna,
1272 2547 1325 2569 Luc.
1343 2547 1369 2575 2,
1388 2546 1433 2568 27:
1451 2546 1518 2568 Venit
1536 2546 1631 2569 Simeon
1650 2546 1672 2569 in
1689 2547 1769 2575 spiritu
1783 2547 1805 2570 in
1818 2551 1874 2570 tem-

388 2586 452 2613 plum
470 2588 513 2608 etc.

130 2619 160 2642 ab
180 2619 312 2642 hominibus
342 2624 557 2652 concomitantibus,
573 2625 700 2652 Apostolis,
718 2625 778 2646 loan.
798 2625 838 2652 15,
856 2625 901 2647 27:
918 2626 943 2647 Et
960 2631 1003 2647 vos
1020 2625 1175 2647 testimonium
1192 2624 1356 2652 perhibebitis,
1373 2624 1427 2653 quia
1444 2623 1474 2646 ab
1492 2624 1553 2647 initio
1570 2631 1662 2648 mecum
1680 2626 1741 2648 estis.

341 2662 548 2692 subsequentibus,
565 2663 650 2685 scilicet
667 2663 815 2692 Martyribus‚
833 2664 872 2692 qui
889 2664 911 2685 in
929 2664 979 2686 eius
995 2663 1151 2686 testimonium
1164 2663 1247 2685 mortui
1260 2665 1324 2690 sunt,
1336 2665 1361 2685 ut
1373 2663 1515 2691 Stephanus,
1527 2663 1576 2686 Act.
1595 2664 1638 2691 22,
1650 2664 1695 2693 20;
1714 2665 1741 2692 7,
1753 2665 1791 2687 58.
1808 2671 1872 2694 seqq.

389 2707 441 2723 cum
459 2702 548 2724 effectu.

342 2748 454 2775 venienti,
471 2749 547 2771 Matth.
564 2749 591 2776 8,
609 2749 654 2771 27:
671 2749 749 2778 Qualis
765 2751 799 2771 est
815 2749 864 2776 hic,
881 2749 935 2778 quia
952 2750 1013 2772 venti
1031 2752 1054 2772 et
1071 2755 1134 2771 mare
1150 2748 1262 2771 obediunt
1279 2749 1299 2771 ei
1310 2750 1320 2770 ἱ)

130 2801 160 2824 ab
171 2752 326 2913 inserioribus{
342 2788 449 2816 patienti,
465 2788 520 2810 Luc.
536 2788 578 2816 23,
597 2787 640 2810 45:
658 2787 799 2810 Obscuratus
816 2791 850 2810 est
865 2789 910 2817 sol,
927 2791 950 2811 et
966 2789 1042 2811 velum
1060 2788 1138 2816 templi
1155 2788 1252 2810 scissum
1270 2790 1305 2810 est
1321 2788 1439 2816 medium;
1457 2790 1480 2810 et
1496 2788 1573 2811 Matth.
1584 2788 1627 2816 27,
1640 2789 1665 2811 51
1679 2797 1684 2811 ;
1698 2789 1777 2812 Petrae
1789 2790 1873 2812 scissae

141 2833 303 2856 obedientibus
388 2829 454 2853 sunt,
471 2829 493 2848 et
510 2829 657 2848 monumenta
674 2829 752 2854 aperta
769 2830 828 2849 sunt.

341 2865 481 2893 resurgenti,
498 2865 574 2887 Matth.
592 2865 632 2891 28,
650 2866 679 2887 2:
696 2866 765 2893 Ecce,
782 2867 933 2887 terraemotus
951 2866 1022 2887 fortiis
1039 2868 1072 2887 est
1089 2871 1194 2893 magnus.
1207 2866 1332 2893 Gregorius
1350 2866 1374 2894 [l.
1392 2867 1474 2889 Homil.
1490 2867 1513 2889 in
1530 2867 1619 2895 Evang.
1631 2867 1709 2889 homil.
1728 2868 1765 2890 10.
1782 2874 1805 2890 n.
1822 2868 1871 2896 2.]:

391 2911 402 2923 ιι
413 2903 495 2930 Terra,
513 2909 540 2925 eo
557 2906 691 2931 resurgente
708 2903 794 2932 [textus
810 2904 941 2931 originalis:
959 2903 1092 2933 morienteJ,
1109 2904 1280 2927 contremuit».
