2296 3316
13 889 92 910 rei-tium.

15 1639 96 1656 inanum-

713 148 882 177 COMMENT.
906 149 937 178 ΙΝ
960 149 1105 178 ΙΟΑΝΝΕΜ
1126 150 1154 178 C.
1176 150 1263 179 XV111.

111 228 247 259 abluenda
267 227 383 258 crimina
393 239 420 255 ».
436 227 468 255 Ε1
483 226 649 263 respondent
664 226 771 261 Iudaei,
787 227 861 264 quod
876 235 959 256 causa

112 279 153 306 est
173 275 356 308 maleficium;
378 273 452 302 unde
473 272 581 301 subdit:

191 323 236 351 54.
252 322 341 358 (Vers.
358 321 426 356 30).
442 319 664 356 Responderunt
677 323 702 347 et
716 320 856 348 dixerunt
870 320 910 348 ei.-
926 319 960 349 Si

112 378 170 398 non
189 371 261 397 esset
280 367 327 397 hie
356 365 544 404 malefactor,
565 374 625 394 non
652 365 704 394 tibi
732 366 959 395 tradidissemus

111 425 193 451 eum,
214 415 337 444 volentes
358 414 432 442 illam
455 413 542 449 legem
564 420 692 441 servare:
713 424 726 437 «
741 412 915 441 Innocentem
931 416 958 441 et

112 464 216 493 iustum
247 470 302 491 non
332 460 482 489 interficies
502 471 530 493 n,
564 459 649 488 Exodi
678 459 809 496 vigesimo
838 460 957 493 tertio¹;

112 510 189 548 quasi
209 509 317 537 dicant:
338 510 380 536 est
402 506 570 535 malefactor.
593 506 651 535 Non
673 506 805 543 probant,
828 506 875 535 sed
890 506 959 535 falso

112 557 264 593 imponunt.
287 553 472 591 Augustinus:
498 564 512 578 <c
527 552 717 590 Respondeant
745 553 780 581 ab
808 552 959 581 immundis

111 602 255 641 spiritibus
276 600 400 635 liberati,
422 600 543 637 languidi
576 600 679 634 sanati,
701 602 798 628 utrum
820 600 855 628 sit
874 600 959 628 male-

111 650 197 679 factor
218 649 302 677 Iesus.
325 647 376 676 Sed
397 647 450 676 ista
469 647 612 681 dicebant,
634 647 668 675 de
698 647 802 684 quibus
824 655 873 684 per
894 647 958 675 Pro-

112 697 221 735 phetam
243 694 436 733 praedixerat:
452 693 651 723 Retribuebant
673 693 738 722 mihi
754 694 827 722 mala
845 702 896 730 pro
910 694 959 723 bo-

111 743 153 772 nis
166 754 194 771 ».
216 742 262 771 lob
284 741 424 778 trigesimo
444 743 539 769 sexto:
566 751 580 766 ει
595 740 684 769 Causa
711 742 760 768 tua
780 740 859 777 quasi
881 740 957 777 impii

111 789 230 818 iudicata
249 791 292 818 est
305 800 332 816 n.

190 837 235 865 55.
258 835 347 871 (Vers.
370 835 438 870 31).
463 834 544 863 Diaez't
558 843 626 872 erqo
647 834 687 862 eis
702 834 828 862 Pilatus.
844 834 890 863 Hic
910 842 958 863 no-

112 886 187 913 tatur
215 883 344 917 tertium,
367 882 470 911 scilicet
497 882 678 910 Iudaeorum
710 881 866 916 dolositas,
893 882 959 918 quia

112 931 220 968 culpam
242 929 371 959 volebant
391 929 419 957 in
444 929 565 957 alterum
592 928 755 962 refundere;
778 928 825 957 sed
857 928 959 957 Pilatus

112 980 222 1007 recusat
235 977 358 1006 iudicare
372 984 452 1010 eum,
468 984 522 1004 non
544 975 652 1009 videns,
668 983 714 1004 eos
730 975 832 1003 habere
847 983 958 1003 causam

111 1025 246 1059 debitam3
275 1023 364 1053 unde:
394 1023 477 1052 Dixit
507 1031 575 1060 eryo
603 1022 644 1050 eis
673 1022 807 1050 Pilatus:
832 1022 959 1058 Accipite

111 1081 177 1101 eum
197 1080 248 1100 vos
268 1074 295 1099 et
307 1070 468 1099 secundum
483 1070 584 1107 Leyem
598 1073 727 1097 vestram
741 1069 869 1097 iudicate
883 1077 959 1102 eum,

112 1126 183 1156 quae
203 1118 269 1147 dicit
290 1117 376 1146 Exodi
399 1117 531 1153 vigesimo
546 1116 668 1145 secundo
679 1116 690 1132 2
700 1126 706 1143 :
726 1127 739 1140 (ε
755 1115 891 1144 Maleficos
906 1124 960 1143 non

112 1165 225 1203 patieris
244 1165 338 1194 vivere
353 1176 379 1192 ».
402 1164 453 1192 Sed
476 1163 567 1192 ludaei
589 1171 603 1192 e
625 1162 765 1191 contrario
794 1162 959 1196 ostendunt,

111 1210 190 1250 quod
206 1214 328 1248 oportet,
344 1211 434 1247 ipsum
450 1210 589 1243 iudicare,
612 1209 678 1246 quia
699 1217 782 1237 causa
796 1212 838 1237 est
853 1208 959 1243 mortis,

112 1262 139 1289 et
159 1259 198 1288 eis
229 1267 284 1287 non
316 1258 414 1286 licebat
445 1265 615 1294 quemquam
646 1256 787 1289 occidere;
814 1258 961 1292 propterea

111 1306 192 1336 dicit:
216 1305 362 1334 Dixerunt
382 1312 450 1341 eryo
471 1304 497 1332 ei
519 1303 639 1332 Iudaei.-
662 1302 751 1331 Nobis
766 1311 824 1331 non
839 1302 901 1330 lieet
916 1303 960 1330 in-

113 1353 240 1392 terficere
260 1360 454 1391 quemquam;
469 1351 514 1380 sed
537 1351 571 1379 ad
586 1353 613 1379 te
628 1353 748 1387 spectat,
763 1353 791 1378 et
805 1349 850 1378 hic
869 1360 882 1374 «
895 1358 960 1378 reus

112 1404 154 1430 est
174 1400 272 1429 mortis
284 1400 294 1416 ³
309 1410 336 1427 »ι
359 1398 420 1427 ideo
440 1405 552 1426 necesse
574 1397 660 1426 habes
684 1396 718 1425 de
739 1396 791 1425 hac
812 1404 896 1425 causa
916 1404 961 1425 co-

112 1455 251 1486 gnoscere.
274 1447 372 1475 Dolose
393 1445 490 1474 volunt
510 1452 560 1481 per
581 1444 667 1472 alium
688 1443 828 1477 occidere,
844 1443 891 1472 sed
905 1451 960 1471 non

112 1497 301 1528 excusantur;
322 1493 397 1522 unde
417 1492 520 1521 dicitur
541 1491 580 1520 eis
595 1493 712 1520 Actuum
727 1490 859 1527 septimo:
879 1501 892 1515 «
907 1490 960 1518 Cu-

113 1542 157 1571 ius
179 1549 226 1570 vos
246 1540 450 1578 proditoreset
471 1538 624 1567 homicidae
645 1538 737 1566 fuistis
751 1549 777 1565 ».

193 1588 238 1616 56.
262 1587 351 1623 (Vers.
374 1586 442 1621 32).
470 1585 504 1614 Ut
523 1593 618 1614 sermo
640 1585 706 1613 Iesu
720 1583 898 1621 impleretur.
914 1583 961 1612 Hic

113 1637 225 1664 notatur
246 1637 394 1671 quartum,
417 1632 520 1662 scilicet
540 1632 613 1669 quod
636 1631 773 1668 impletur
790 1629 960 1659 (11111511υο-

115 1682 221 1711 luntas.
243 1681 357 1710 Volebat
378 1680 451 1709 enim
473 1679 545 1708 mori
567 1681 656 1708 morte
683 1678 791 1712 crucis,
813 1686 869 1715 qua
889 1678 961 1706 occi-

114 1729 214 1758 debant
234 1728 365 1765 gentiles;
388 1727 448 1755 ideo
469 1726 550 1755 dicit:
576 1726 612 1754 Ut
642 1725 828 1763 impleretur,
855 1725 881 1754 id
909 1727 959 1759 est,

115 1776 152 1804 ita
171 1775 291 1810 factum,
313 1778 345 1803 ut
365 1774 530 1811 impleretur
544 1781 651 1807 sermo;
667 1781 751 1811 quem
765 1772 856 1806 dixit,
876 1779 962 1808 supra

116 1823 234 1852 tertio4:
261 1822 365 1851 «Sicut
386 1822 491 1858 Moyses
520 1820 653 1850 exaltavit
681 1822 838 1856 serpentem
866 1819 894 1847 in
914 1819 961 1848 de-

115 1872 202 1904 serto,
224 1869 262 1898 ita
275 1868 393 1898 exaltari
409 1871 518 1905 oportet
539 1867 637 1896 Filium
655 1866 774 1895 hominis
785 1878 812 1900 n,
833 1869 860 1895 et
875 1874 961 1903 supra

114 1916 292 1950 duodecim0;
314 1915 504 1953 significans,
526 1923 587 1953 qua
615 1917 705 1943 morte
733 1913 898 1942 morituras
919 1922 961 1942 es-

114 1967 168 1997 set,
190 1963 256 2000 quia
276 1963 383 1996 crucis;
405 1961 533 1990 Matthaei
548 1961 696 1998 vigesimo:
716 1972 729 1986 «
744 1960 881 1989 Tradetur
896 1968 961 1997 gen-

177 2119 186 2133 ¹
205 2121 268 2143 Vers.
280 2120 303 2142 7.
314 2132 346 2136 -
355 2119 463 2148 Sequitur
474 2119 579 2147 August,
592 2119 613 2140 in
626 2119 685 2141 loan.
698 2120 786 2147 Evang.
800 2121 827 2141 tr.
842 2118 893 2141 114.
905 2125 928 2141 11.
942 2119 963 2146 3,

117 2159 155 2182 11111
172 2162 225 2188 11051
240 2159 321 2182 sanati
331 2165 343 2181 a
355 2161 416 2181 textu
428 2158 533 2186 originali
546 2159 610 2186 plura
623 2158 747 2180 adduntur.
759 2159 782 2180 ln
795 2158 840 2180 fine
851 2158 963 2186 allegatur

117 2199 151 2222 Ps.
164 2199 191 2222 34
200 2216 205 2226 ,
219 2199 261 2226 12,
273 2201 325 2227 post
337 2204 407 2227 quem
420 2198 525 2226 sequitur
537 2196 576 2220 lob
589 2198 629 2225 36,
644 2197 680 2220 17.
825 2196 834 2208 ²
848 2197 913 2219 Vers.
926 2198 962 2219 18.

178 2236 187 2249 ³
204 2238 281 2260 Matth.
300 2238 342 2261 26.
360 2237 398 2259 66.
409 2249 440 2253 —
453 2236 557 2258 Subinde
574 2236 687 2264 allegatur
704 2236 752 2258 Act.
770 2235 797 2264 7,
815 2235 853 2258 52.

178 2276 188 2289 ⁴
205 2277 271 2299 Vers.
290 2276 331 2304 ⁴4,
350 2277 392 2303 12,
410 2276 447 2298 32.
466 2281 530 2304 seq.:
548 2276 574 2297 Et
590 2275 609 2298 si
627 2281 671 2303 ego
688 2276 798 2297 exaltatus
815 2276 903 2297 suero...
915 2276 963 2297 Hoc

116 2318 193 2338 autem
211 2315 303 2338 dicebat
319 2315 462 2343 significans,
480 2321 526 2343 qua
549 2317 624 2336 morte
640 2316 700 2336 esset
723 2314 856 2336 moriturus.
877 2326 906 2329 —
927 2315 964 2336 Se-

116 2355 194 2384 quitur
211 2355 287 2377 Matth.
306 2355 346 2383 20,
365 2354 402 2376 18.
419 2360 467 2383 seq.

178 2393 188 2406 ⁶
205 2395 228 2416 ln
253 2395 314 2416 ioan.
336 2394 425 2421 Evang.
451 2396 478 2415 tr.
497 2393 549 2415 114.
572 2399 596 2415 n.
617 2393 642 2421 1;
666 2392 722 2415 ibid.
740 2399 762 2414 n.
780 2393 807 2414 2:
832 2392 885 2414 Dies
902 2392 962 2414 enim

116 2439 186 2461 agere
207 2435 331 2461 coeperant
351 2438 500 2460 azymorum;
522 2431 608 2461 quibus
631 2431 715 2454 diebus
736 2431 899 2454 contaminatio
921 2431 964 2453 illis

117 2475 166 2494 erat
182 2472 203 2494 in
221 2471 367 2501 alimziqenae
384 2470 497 2501 [ethnici]
515 2470 673 2493 habitaculum
686 2471 778 2493 intrare.
796 2470 841 2494 Csr.
858 2477 928 2499 supra
940 2477 962 2493 11.

118 2511 154 2534 52.
171 2512 301 2539 chrysost,
319 2512 341 2533 in
359 2511 418 2533 loan.
436 2511 514 2533 homil.
533 2511 571 2532 83.
589 2510 653 2539 (alias
670 2509 716 2538 82.)
735 2517 757 2532 n.
775 2511 800 2532 3:
818 2510 886 2539 Atqui
903 2516 964 2539 quae

118 2550 280 2573 contaminatio
297 2550 388 2578 ingredi
399 2550 423 2572 in
434 2550 587 2578 praetorium,
599 2550 622 2571 in
635 2556 682 2578 quo
691 2555 781 2579 poenas
791 2549 846 2572 dant
857 2550 963 2572 scelesti?

180 2588 189 2602 ὓ
207 2590 272 2612 Vers.
291 2589 333 2617 24,
351 2596 374 2611 v.
391 2589 433 2611 27:
451 2590 477 2611 Et
493 2589 568 2611 statim
586 2589 660 2617 gallus
677 2589 783 2611 cantavit.

179 2626 188 2640 ⁷
206 2629 229 2651 ln
242 2629 301 2651 loan.
315 2629 401 2656 Evang.
415 2631 442 2650 tr.
456 2628 509 2650 114.
520 2634 542 2650 11.
557 2629 564 2649 1
576 2636 582 2655 ς
595 2628 635 2650 csr.
647 2634 717 2656 supra
729 2634 783 2656 pag.
797 2627 854 2656 486,
871 2630 925 2650 nota
942 2628 963 2649 8.

118 2679 149 2683 —
169 2667 263 2689 inferius
280 2669 332 2695 post
349 2666 428 2690 ivisset
445 2667 481 2689 ed.
499 2667 563 2689 addit
580 2668 603 2689 et
619 2668 675 2690 tanc
691 2668 743 2689 erat
759 2672 838 2689 mane.

180 2704 189 2717 ⁸
207 2707 230 2728 ln
249 2706 310 2728 loan.
330 2706 409 2729 homil.
421 2706 459 2728 83.
471 2705 536 2734 (alias
554 2706 601 2734 82.)
621 2713 642 2728 n.
655 2707 679 2728 2:
698 2705 728 2728 Et
743 2705 964 2728 adducet-anteum

119 2743 150 2767 ad
165 2745 270 2767 Annam.
287 2744 333 2767 Cur
350 2745 380 2767 ad
398 2746 504 2767 Annam?
522 2745 583 2767 Laeti
601 2751 650 2767 rem
668 2744 824 2771 ostentabant,
842 2751 868 2766 ac
885 2745 903 2767 si
922 2747 965 2766 tro-

119 2788 203 2810 paeum
220 2783 343 2810 erigerent.
363 2783 420 2805 lbid.
437 2789 459 2805 n.
473 2784 498 2805 3:
516 2783 578 2806 Erat
593 2784 672 2806 anilem
683 2789 761 2806 mane.
778 2784 907 2811 Antequam
920 2782 965 2810 gal-

119 2821 153 2844 lus
169 2825 281 2849 cantaret,
299 2821 340 2851 [ab
360 2822 437 2851 Anna]
455 2822 485 2845 ad
500 2822 610 2850 Caipham
623 2823 727 2850 ducitur;
739 2828 807 2844 mane
819 2822 848 2844 ad
861 2822 963 2844 Pilatum.

120 2861 189 2889 Queis
205 2861 304 2884 ostendit
320 2862 478 2889 Evangelista,
495 2868 507 2883 a
526 2862 602 2884 media
617 2864 684 2884 nocte
695 2867 788 2889 semper
805 2868 817 2883 a
834 2860 920 2889 Caipha
934 2861 964 2882 in-

120 2903 273 2929 terrogatum,
291 2901 312 2922 in
330 2902 391 2923 nullo
408 2902 541 2923 convictum
559 2901 641 2928 fuisse,
659 2901 759 2930 ideoque
776 2901 837 2923 misit
854 2901 917 2922 illum
935 2900 965 2921 ad

120 2939 222 2961 Pilatum.
242 2952 273 2956 —
294 2939 397 2962 Subinde
413 2940 529 2962 Gorranus
546 2940 630 2962 omittit
645 2939 735 2969 primo,
750 2942 772 2962 et
784 2943 836 2967 post
853 2938 882 2962 ab
894 2940 965 2962 Anna

1804 152 1860 181 487

1015 227 1090 256 tibus
1110 227 1145 256 ad
1165 228 1338 257 illudendum
1359 232 1386 258 et
1414 228 1609 266 flagellandum
1640 237 1667 258 01
1697 229 1861 266 crucifigen-

1014 273 1082 302 dum
1097 286 1123 302 ι).
1147 274 1177 303 Et
1198 275 1250 303 hoc
1271 275 1353 312 elegit
1380 276 1513 304 Dominus
1534 278 1665 313 tanquam
1687 276 1859 305 vilissimum.

1336 369 1539 405 Qunesriones.

1095 463 1140 491 57.
1163 462 1272 499 Quaest.
1295 463 1312 491 Ι.
1336 463 1387 492 Sed
1408 463 1554 500 quaeritur
1575 464 1620 493 hic
1650 464 1684 493 de
1713 465 1765 493 hoc
1786 464 1862 501 quod

1014 509 1096 543 dicit,
1118 509 1192 546 quod
1214 510 1365 538 adducunt
1394 518 1457 539 eum
1486 511 1526 539 ad
1558 510 1700 548 Caipham
1723 512 1754 539 in
1773 519 1861 548 prae-

1016 555 1142 588 torinm,·
1164 556 1229 592 quia
1250 556 1341 584 statim
1363 556 1443 591 dicit,
1465 557 1537 594 quod
1557 566 1616 585 non
1630 558 1815 586 intraverunt
1830 558 1862 586 in

1012 602 1206 639 praetorium.

1096 648 1126 676 Et
1148 649 1295 685 respondet
1315 650 1485 686 Augustinus
1497 650 1517 684 ⁵,
1532 650 1605 687 quod
1617 650 1803 687 praetorium
1821 650 1862 678 di-

1015 695 1088 724 citur
1109 695 1200 732 primo
1215 695 1307 729 100115,
1328 707 1340 720 «
1356 696 1403 724 ubi
1419 695 1560 725 habitabat
1574 704 1685 733 praeses
1698 707 1726 731 »3
1741 696 1862 725 secundo

1016 750 1082 771 vero
1093 742 1195 771 dicitur
1207 743 1299 776 locus,
1315 742 1362 771 ubi
1379 743 1533 777 iudicabat,
1548 743 1576 771 in
1590 743 1664 780 quod
1679 743 1701 772 si
1716 744 1861 777 intrarent,

1016 789 1183 826 reputabant
1204 797 1232 818 se
1254 789 1420 818 immundos.

1096 836 1140 864 58.
1163 836 1273 872 Quaest.
1296 836 1324 864 ΙΙ.
1348 836 1414 865 110111
1435 836 1581 873 quaeritur
1602 836 1635 865 de
1657 836 1709 865 hoc
1727 836 1800 873 quod
1821 836 1862 865 di-

1016 882 1104 911 citur:
1135 883 1208 911 Erat
1235 891 1320 911 mane
1329 893 1339 916 ;
1367 890 1431 911 cum
1454 882 1560 919 5111113Θ
1589 882 1694 911 dictum
1715 883 1765 917 sit,
1788 882 1863 919 quod

1016 932 1079 958 ante
1111 932 1222 958 cantum
1254 930 1317 966 galli
1349 930 1429 958 misit
1449 938 1513 958 eum
1542 931 1647 958 Annas
1669 929 1792 967 tz‘qatum
1822 929 1863 958 ad

1019 975 1172 1013 Caipham.

1095 1024 1273 1052 Respouuso:
1296 1024 1322 1052 ln
1345 1024 1398 1053 1100
1418 1024 1577 1053 discordant
1601 1024 1815 1060 Chrysostomus
1835 1026 1863 1052 et

1017 1070 1195 1106 Augustinus.
1211 1071 1277 1098 Nam
1295 1071 1465 1107 Augustinus
1477 1071 1486 1087 ⁷
1502 1071 1580 1105 dicit,
1595 1070 1669 1108 quod
1684 1070 1863 1099 adduxerunt

1017 1125 1082 1145 eum
1102 1117 1137 1145 ab
1158 1117 1234 1145 Anna
1261 1116 1295 1145 ad
1316 1116 1447 1153 Caipham
1476 1117 1502 1145 in
1525 1117 1712 1154 praetorium;
1734 1120 1761 1145 et
1781 1116 1863 1151 dicit,

1018 1163 1092 1200 quod
1115 1163 1166 1192 hoc
1183 1166 1271 1200 potest
1285 1163 1415 1200 intelligi,
1430 1164 1473 1192 vel
1488 1164 1554 1200 quia
1575 1163 1677 1192 Pilatus
1701 1163 1808 1192 curiam
1823 1166 1863 1191 te-

1017 1213 1096 1238 neret
1117 1210 1144 1237 in
1159 1209 1240 1238 domo
1255 1209 1388 1246 Caiphae,
1411 1210 1454 1238 vel
1475 1210 1549 1247 quod
1571 1209 1688 1246 Caiphas
1702 1210 1735 1238 ad
1750 1209 1863 1238 domum

1018 1257 1093 1285 Pilati
1122 1257 1223 1285 ivisset.
1247 1256 1483 1292 Chrysostomus⁸
1504 1256 1585 1290 dicit,
1606 1256 1681 1293 quod
1702 1264 1756 1284 non
1777 1256 1863 1284 addu-

1016 1307 1083 1332 cunt
1105 1311 1168 1332 eum
1190 1303 1271 1331 modo
1298 1304 1389 1339 primo
1415 1303 1450 1331 ab
1471 1304 1558 1337 Anna,
1580 1303 1627 1332 sed
1648 1303 1675 1331 in
1697 1303 1760 1340 galli
1782 1306 1865 1331 cantu

1016 1351 1160 1379 duxerunt
1181 1350 1215 1378 ad
1236 1350 1350 1379 domum
1372 1350 1490 1387 Caiphae
1511 1353 1539 1378 et
1559 1350 1733 1387 postmodum
1749 1357 1829 1378 mane
1850 1357 1866 1378 a

1017 1397 1098 1426 domo
1119 1397 1179 1426 eius
1200 1397 1235 1426 ad
1255 1397 1360 1433 ipsum,
1382 1397 1430 1433 qui
1452 1397 1540 1425 iverat
1560 1396 1594 1425 ad
1615 1397 1707 1426 locum
1725 1396 1865 1433 praetorii.

1097 1445 1142 1472 59.
1159 1444 1269 1480 Quaest.
1287 1444 1326 1471 Ill.
1343 1444 1409 1472 Item
1425 1444 1571 1480 quaeritur
1585 1443 1619 1472 de
1634 1444 1686 1472 1100
1701 1443 1775 1480 (111011
1789 1443 1865 1471 dicit:

1018 1491 1059 1520 Ne
1073 1491 1363 1525 contaminarentur,
1382 1491 1431 1519 sed
1451 1491 1668 1519 manducarent
1686 1489 1806 1528 paseha.
1828 1507 1867 1511 —

1018 1539 1088 1575 Ergo
1109 1538 1231 1567 nondum
1247 1537 1424 1566 comederant
1445 1538 1559 1574 pascha:
1582 1545 1648 1574 ergo
1663 1545 1725 1566 011111
1741 1537 1867 1566 Christus

1017 1585 1168 1614 comederit
1179 1585 1222 1614 die
1237 1585 1420 1622 praecedenti,
1433 1593 1487 1613 non
1502 1584 1619 1613 comedit
1630 1587 1755 1621 tempore
1765 1584 1865 1613 debito.

1096 1632 1134 1661 Ad
1155 1633 1207 1661 hoc
1238 1632 1405 1669 respondent
1436 1631 1547 1665 Graeci,
1577 1631 1651 1668 quod
1682 1639 1780 1660 verum
1812 1634 1865 1666 est,

1017 1679 1093 1716 quod
1114 1679 1242 1708 Christus
1270 1679 1413 1715 praevenit
1440 1679 1542 1715 pascha
1567 1681 1681 1715 propter
1705 1681 1823 1706 mortem
1838 1678 1864 1712 9;

1018 1726 1091 1755 unde
1112 1726 1221 1760 dicunt,
1247 1725 1321 1762 quod
1350 1725 1467 1754 comedit
1487 1724 1694 1761 fermentatam
1722 1728 1749 1753 et
1769 1732 1806 1753 ex
1833 1731 1865 1752 eo

1017 1773 1146 1807 confecit,
1168 1776 1195 1801 et
1216 1772 1277 1801 ideo
1298 1772 1348 1809 ipsi
1365 1772 1527 1806 coniiciunt;
1549 1774 1577 1800 et
1597 1779 1633 1800 ex
1649 1772 1700 1800 hoc
1722 1771 1806 1800 verbo
1820 1779 1865 1799 ac-

1017 1820 1124 1857 cipiunt
1144 1828 1256 1848 causam
1276 1820 1389 1848 erroris.

1096 1868 1149 1896 Nos
1170 1875 1236 1896 vero
1264 1867 1445 1903 exponimus,
1474 1866 1549 1903 quod
1573 1865 1687 1903 pascha
1709 1866 1780 1895 idem
1808 1868 1864 1900 est,

1018 1914 1092 1951 quod
1107 1914 1186 1943 cibus
1201 1914 1351 1950 paschalis,
1372 1917 1399 1942 et
1414 1914 1482 1942 haec
1497 1917 1562 1942 sunt
1580 1921 1689 1950 azyma,
1704 1921 1775 1950 quae
1792 1919 1866 1941 com-

1018 1960 1135 1989 edebant
1157 1968 1205 1997 per
1227 1963 1332 1997 septem
1353 1960 1411 1988 dies
1424 1960 1454 1987 ¹⁰.

1020 2118 1056 2140 ed.
1071 2119 1219 2147 prosequitur
1231 2117 1263 2140 ad
1275 2117 1402 2147 Caipham,
1415 2116 1456 2140 sed
1467 2118 1522 2139 ante
1533 2116 1594 2146 yalli
1605 2118 1702 2139 contum
1714 2116 1863 2139 duxerunt...

1020 2164 1035 2181 a
1053 2157 1122 2180 domo
1139 2158 1189 2180 eius
1206 2157 1238 2179 od
1254 2157 1371 2184 Pilatum,
1389 2156 1430 2185 qui
1446 2160 1488 2178 010.

1081 2195 1091 2208 ⁹
1108 2196 1237 2224 chrysost,
1255 2196 1276 2218 in
1298 2197 1359 2218 ioan.
1381 2196 1458 2217 homil.
1482 2196 1520 2217 83.
1537 2195 1601 2223 (alias
1624 2196 1670 2223 82.)
1688 2201 1710 2217 n.
1727 2195 1748 2217 3.
1767 2195 1788 2217 in
1806 2195 1863 2217 tine:

1023 2245 1034 2256 ιι
1048 2237 1108 2265 Quid
1125 2236 1169 2258 sibi
1185 2236 1234 2257 vult
1251 2235 1306 2257 illud
1323 2236 1350 2257 ut
1366 2233 1656 2263 manducarentpasoha?
1673 2234 1740 2262 Atqui
1753 2234 1807 2256 illud
1820 2234 1865 2256 iam

1020 2274 1124 2297 Christus
1141 2274 1298 2296 celebraverat
1315 2279 1360 2295 una
1378 2273 1415 2295 die
1432 2278 1575 2300 azymorum.
1593 2272 1633 2294 Vel
1650 2273 1734 2299 pascha
1752 2275 1819 2294 vocat
1836 2274 1866 2294 to-

1020 2316 1066 2335 tam
1084 2313 1264 2339 solemnitatem,
1282 2312 1318 2334 vel
1336 2311 1380 2339 ipsi
1397 2315 1444 2333 tum
1461 2312 1546 2338 pascha
1559 2309 1684 2337 faciebant,
1696 2310 1798 2332 Christus
1809 2315 1865 2331 vero

1021 2352 1097 2380 pridie
1114 2352 1209 2379 fecerat,
1227 2351 1322 2373 caedem
1340 2356 1405 2372 suam
1424 2350 1446 2371 in
1463 2355 1603 2377 parasceven
1621 2355 1752 2376 reservans,
1770 2354 1817 2377 quo
1829 2348 1866 2370 die

1021 2391 1075 2413 olim
1099 2392 1184 2419 pascha
1207 2389 1398 2412 celebrabatur».
1420 2388 1487 2411 Card.
1505 2389 1577 2416 Hug.,
1595 2388 1617 2409 in
1635 2388 1696 2409 10311.
1714 2388 1755 2414 18,
1773 2388 1814 2415 28,
1832 2387 1866 2409 1115

1021 2429 1100 2452 verbis
1121 2429 1226 2451 adductis
1248 2428 1379 2455 subiungit:
1397 2428 1437 2449 Hic
1454 2427 1516 2455 loqui
1533 2426 1624 2449 videtur
1641 2425 1818 2453 Chrysostomus
1835 2430 1867 2447 se-

1021 2469 1124 2491 cundum
1153 2468 1286 2495 opinionem
1312 2467 1465 2493 G1·aecorum;
1491 2465 1531 2487 sed
1556 2471 1626 2493 super
1651 2465 1788 2486 Matthaeum
1813 2464 1868 2487 dicit

1021 2509 1101 2536 plane,
1118 2507 1181 2535 quod
1200 2506 1302 2529 Christus
1319 2512 1361 2528 suo
1384 2509 1487 2533 tempore
1510 2505 1562 2526 fecit
1584 2505 1681 2532 pascha,
1707 2504 1748 2526 sed
1769 2503 1801 2525 illi
1827 2503 1867 2531 qui

1022 2547 1099 2570 omnia
1118 2546 1245 2574 audebant,
1262 2551 1304 2567 suo
1321 2548 1425 2572 tempore
1443 2550 1487 2566 non
1500 2545 1613 2571 recerunt,
1625 2543 1665 2565 sed
1677 2543 1756 2565 intenti
1768 2542 1867 2570 captioni

1022 2586 1104 2609 Christi
1123 2586 1143 2607 in
1162 2586 1286 2607 crastinum
1305 2585 1379 2606 tacere
1395 2586 1580 2606 reservaverunt.
1596 2582 1641 2605 Csr.
1658 2588 1728 2610 supra
1742 2588 1797 2610 pag.
1810 2582 1867 2609 426,

1021 2629 1074 2647 nota
1088 2625 1124 2646 ll.
1136 2627 1158 2646 et
1172 2625 1207 2646 12.
1219 2636 1249 2640 —
1262 2624 1357 2645 inferius
1374 2622 1472 2645 vocibus
1489 2621 1535 2651 ipsi
1551 2621 1679 2651 conficiunt
1694 2621 1731 2643 ed.
1748 2627 1801 2643 cum
1814 2621 1867 2642 Gor-

1021 2671 1078 2686 rano
1096 2664 1207 2686 interserit
1225 2662 1247 2684 in
1264 2662 1418 2691 fermentato,
1435 2661 1538 2689 suppleri
1554 2660 1622 2683 etiam
1640 2663 1715 2688 potest
1731 2666 1761 2682 ez·
1777 2666 1811 2682 eo.

1085 2702 1104 2715 ¹⁰
1124 2703 1180 2725 Vide
1203 2708 1271 2729 supra
1296 2707 1349 2729 pag.
1368 2700 1425 2727 425,
1448 2703 1524 2722 notam
1544 2700 1565 2726 1,
1583 2702 1605 2721 01
1621 2700 1749 2727 Lyranum,
1767 2699 1789 2720 in
1806 2700 1867 2721 hunc

1022 2743 1112 2770 locum,
1131 2741 1169 2764 ubi
1188 2742 1229 2763 ait:
1247 2741 1271 2763 ld
1288 2743 1322 2762 est
1339 2746 1432 2767 azymos
1455 2746 1538 2767 panes,
1556 2739 1594 2767 qui
1618 2745 1630 2760 a
1651 2738 1741 2760 ludaeis
1762 2737 1867 2760 comede-

1022 2781 1106 2803 bantur
1122 2781 1145 2803 in
1162 2781 1271 2808 paschate
1289 2786 1329 2807 per
1347 2782 1436 2806 septem
1454 2779 1511 2800 dies.
1528 2778 1577 2800 Non
1595 2778 1656 2799 enim
1673 2780 1722 2800 erat
1741 2777 1826 2799 licitum
1845 2777 1867 2798 il-

1022 2822 1055 2843 los
1072 2820 1194 2842 comedere
1211 2819 1253 2840 nisi
1272 2818 1375 2846 personis
1392 2817 1497 2844 mundis,
1515 2820 1537 2839 et
1554 2817 1605 2839 ideo
1622 2823 1662 2845 per
1678 2817 1793 2844 paschatis
1805 2822 1866 2838 man-

1022 2860 1166 2882 ducationem
1185 2865 1229 2880 non
1248 2858 1379 2885 intelligitur
1392 2857 1427 2879 hic
1445 2857 1555 2879 comestio
1567 2856 1621 2884 agni
1633 2856 1757 2884 paschalis,
1772 2858 1795 2877 ut
1807 2856 1866 2877 male

1022 2899 1101 2921 dicunt
1118 2898 1209 2925 Gracci,
1228 2897 1281 2925 quia
1299 2897 1360 2918 illuni
1374 2896 1523 2918 comederant
1535 2895 1572 2917 die
1583 2895 1736 2923 praecedenti.
1747 2906 1777 2910 —
1790 2893 1863 2916 Codd.

1023 2938 1058 2960 liic
1076 2938 1163 2959 addunt
1176 2938 1242 2965 post,
1261 2936 1377 2957 Gorranus
1395 2935 1449 2962 legit
1462 2940 1506 2963 per
1523 2940 1566 2957 sear
1583 2934 1630 2957 dies
1645 2935 1706 2963 post.

1878 841 1936 866 Resp.

1880 1029 1937 1053 Resp.

1879 1075 1948 1099 Opinio
1959 1076 1999 1095 Au*

1901 1098 1976 1123 gustiui.

1904 1262 1972 1285 Opinio

1875 1285 2009 1309 Chrysostomi.

1883 1635 1941 1659 Resp.
1953 1635 2014 1655 Grae-

1911 1664 1982 1678 corum.

1881 1869 1939 1893 Resp.
1952 1869 2003 1887 Lati-

1905 1897 1977 1911 uorum.
