<?xml version="1.0" encoding="UTF-8"?>
<!DOCTYPE html PUBLIC "-//W3C//DTD XHTML 1.0 Transitional//EN"
    "http://www.w3.org/TR/xhtml1/DTD/xhtml1-transitional.dtd">
<html xmlns="http://www.w3.org/1999/xhtml" xml:lang="en" lang="en">
 <head>
  <title>
</title>
<meta http-equiv="Content-Type" content="text/html;charset=utf-8" />
  <meta name='ocr-system' content='tesseract 3.04.00' />
  <meta name='ocr-capabilities' content='ocr_page ocr_carea ocr_par ocr_line ocrx_word'/>
</head>
<body>
  <div class='ocr_page' id='page_1' title='image "./doctorisseraphic06bona_0484.png"; bbox 0 0 2296 3316; ppageno 0'>
   <div class='ocr_carea' id='block_1_1' title="bbox 347 417 404 442">
    <p class='ocr_par' dir='ltr' id='par_1_1' title="bbox 347 417 404 442">
     <span class='ocr_line' id='line_1_1' title="bbox 347 417 404 442; baseline 0 -6"><span class='ocrx_word' id='word_1_1' title='bbox 347 417 404 442; x_wconf 72' lang='lat' dir='ltr'>Reap.</span> 
     </span>
    </p>
   </div>
   <div class='ocr_carea' id='block_1_2' title="bbox 344 555 403 574">
    <p class='ocr_par' dir='ltr' id='par_1_2' title="bbox 344 555 403 574">
     <span class='ocr_line' id='line_1_2' title="bbox 344 555 403 574; baseline -0.017 0"><span class='ocrx_word' id='word_1_2' title='bbox 344 555 373 574; x_wconf 74' lang='lat' dir='ltr'>Ad</span> <span class='ocrx_word' id='word_1_3' title='bbox 386 555 403 573; x_wconf 75' lang='lat'>¹.</span> 
     </span>
    </p>
   </div>
   <div class='ocr_carea' id='block_1_3' title="bbox 343 694 403 715">
    <p class='ocr_par' dir='ltr' id='par_1_3' title="bbox 343 694 403 715">
     <span class='ocr_line' id='line_1_3' title="bbox 343 694 403 715; baseline -0.017 -1"><span class='ocrx_word' id='word_1_4' title='bbox 343 695 373 715; x_wconf 74' lang='lat' dir='ltr'>Ad</span> <span class='ocrx_word' id='word_1_5' title='bbox 385 694 403 713; x_wconf 77' lang='lat'>2.</span> 
     </span>
    </p>
   </div>
   <div class='ocr_carea' id='block_1_4' title="bbox 342 974 402 994">
    <p class='ocr_par' dir='ltr' id='par_1_4' title="bbox 342 974 402 994">
     <span class='ocr_line' id='line_1_4' title="bbox 342 974 402 994; baseline -0.017 0"><span class='ocrx_word' id='word_1_6' title='bbox 342 975 372 994; x_wconf 79' lang='lat' dir='ltr'>Ad</span> <span class='ocrx_word' id='word_1_7' title='bbox 384 974 402 993; x_wconf 81' lang='lat'>3.</span> 
     </span>
    </p>
   </div>
   <div class='ocr_carea' id='block_1_5' title="bbox 275 1718 404 1762">
    <p class='ocr_par' dir='ltr' id='par_1_5' title="bbox 275 1718 404 1762">
     <span class='ocr_line' id='line_1_5' title="bbox 285 1718 397 1743; baseline 0 -5"><span class='ocrx_word' id='word_1_8' title='bbox 285 1718 342 1743; x_wconf 70' lang='lat' dir='ltr'>neap.</span> <span class='ocrx_word' id='word_1_9' title='bbox 355 1724 397 1738; x_wconf 82' lang='lat' dir='ltr'>cum</span> 
     </span>
     <span class='ocr_line' id='line_1_6' title="bbox 275 1742 404 1762; baseline 0 -1"><span class='ocrx_word' id='word_1_10' title='bbox 275 1742 404 1762; x_wconf 77' lang='lat' dir='ltr'>distinctione.</span> 
     </span>
    </p>
   </div>
   <div class='ocr_carea' id='block_1_6' title="bbox 422 150 480 181">
    <p class='ocr_par' dir='ltr' id='par_1_6' title="bbox 422 150 480 181">
     <span class='ocr_line' id='line_1_7' title="bbox 422 150 480 181; baseline -0.017 0"><span class='ocrx_word' id='word_1_11' title='bbox 422 150 480 181; x_wconf 67' lang='lat'>440</span> 
     </span>
    </p>
   </div>
   <div class='ocr_carea' id='block_1_7' title="bbox 419 220 1273 1892">
    <p class='ocr_par' dir='ltr' id='par_1_7' title="bbox 420 220 1270 357">
     <span class='ocr_line' id='line_1_8' title="bbox 501 220 1270 259; baseline -0.007 -4"><span class='ocrx_word' id='word_1_12' title='bbox 501 225 527 256; x_wconf 75' lang='lat'>3.</span> <span class='ocrx_word' id='word_1_13' title='bbox 549 226 632 259; x_wconf 83' lang='lat' dir='ltr'>Item,</span> <span class='ocrx_word' id='word_1_14' title='bbox 654 224 676 255; x_wconf 87' lang='lat' dir='ltr'>si</span> <span class='ocrx_word' id='word_1_15' title='bbox 698 231 752 253; x_wconf 90' lang='lat' dir='ltr'>non</span> <span class='ocrx_word' id='word_1_16' title='bbox 767 226 809 253; x_wconf 80' lang='lat' dir='ltr'>est</span> <span class='ocrx_word' id='word_1_17' title='bbox 822 229 926 250; x_wconf 71' lang='lat' dir='ltr'>sei-vus</span> <span class='ocrx_word' id='word_1_18' title='bbox 939 220 1038 250; x_wconf 77' lang='lat' dir='ltr'>maior</span> <span class='ocrx_word' id='word_1_19' title='bbox 1051 220 1169 251; x_wconf 59' lang='lat' dir='ltr'>cimitirio</span> <span class='ocrx_word' id='word_1_20' title='bbox 1182 229 1237 252; x_wconf 69' lang='lat' dir='ltr'>Suo</span> <span class='ocrx_word' id='word_1_21' title='bbox 1248 221 1270 254; x_wconf 72' lang='lat'>¹,</span> 
     </span>
     <span class='ocr_line' id='line_1_9' title="bbox 421 266 1269 306; baseline -0.007 -4"><span class='ocrx_word' id='word_1_22' title='bbox 421 280 477 302; x_wconf 87' lang='lat' dir='ltr'>non</span> <span class='ocrx_word' id='word_1_23' title='bbox 498 274 538 301; x_wconf 81' lang='lat' dir='ltr'>est</span> <span class='ocrx_word' id='word_1_24' title='bbox 560 271 741 300; x_wconf 68' lang='lat' dir='ltr'>mnveniens.</span> <span class='ocrx_word' id='word_1_25' title='bbox 763 268 837 306; x_wconf 88' lang='lat' dir='ltr'>quod</span> <span class='ocrx_word' id='word_1_26' title='bbox 857 268 931 297; x_wconf 85' lang='lat' dir='ltr'>Deus</span> <span class='ocrx_word' id='word_1_27' title='bbox 952 267 1058 296; x_wconf 75' lang='lat' dir='ltr'>maiora</span> <span class='ocrx_word' id='word_1_28' title='bbox 1078 275 1163 304; x_wconf 83' lang='lat' dir='ltr'>opera</span> <span class='ocrx_word' id='word_1_29' title='bbox 1189 266 1269 296; x_wconf 80' lang='lat' dir='ltr'>faciat</span> 
     </span>
     <span class='ocr_line' id='line_1_10' title="bbox 420 314 1126 357; baseline -0.01 -9"><span class='ocrx_word' id='word_1_30' title='bbox 420 327 471 357; x_wconf 89' lang='lat' dir='ltr'>per</span> <span class='ocrx_word' id='word_1_31' title='bbox 492 326 587 347; x_wconf 91' lang='lat' dir='ltr'>servos</span> <span class='ocrx_word' id='word_1_32' title='bbox 607 317 708 346; x_wconf 78' lang='lat' dir='ltr'>Christi</span> <span class='ocrx_word' id='word_1_33' title='bbox 730 324 814 353; x_wconf 89' lang='lat' dir='ltr'>quam</span> <span class='ocrx_word' id='word_1_34' title='bbox 836 322 885 352; x_wconf 89' lang='lat' dir='ltr'>per</span> <span class='ocrx_word' id='word_1_35' title='bbox 906 315 998 351; x_wconf 90' lang='lat' dir='ltr'>ipsum</span> <span class='ocrx_word' id='word_1_36' title='bbox 1020 314 1126 342; x_wconf 86' lang='lat' dir='ltr'>Filium.</span> 
     </span>
    </p>

    <p class='ocr_par' dir='ltr' id='par_1_8' title="bbox 421 360 1271 493">
     <span class='ocr_line' id='line_1_11' title="bbox 500 360 1271 398; baseline -0.006 -5"><span class='ocrx_word' id='word_1_37' title='bbox 500 365 682 394; x_wconf 66' lang='lat' dir='ltr'>Respuunsso:</span> <span class='ocrx_word' id='word_1_38' title='bbox 703 362 872 391; x_wconf 82' lang='lat' dir='ltr'>Dicendum.</span> <span class='ocrx_word' id='word_1_39' title='bbox 894 360 968 398; x_wconf 87' lang='lat' dir='ltr'>quod</span> <span class='ocrx_word' id='word_1_40' title='bbox 983 360 1119 390; x_wconf 85' lang='lat' dir='ltr'>Dominus</span> <span class='ocrx_word' id='word_1_41' title='bbox 1138 360 1171 390; x_wconf 85' lang='lat' dir='ltr'>ad</span> <span class='ocrx_word' id='word_1_42' title='bbox 1193 360 1271 388; x_wconf 92' lang='lat' dir='ltr'>invo-</span> 
     </span>
     <span class='ocr_line' id='line_1_12' title="bbox 421 407 1271 447; baseline -0.005 -7"><span class='ocrx_word' id='word_1_43' title='bbox 421 411 555 440; x_wconf 83' lang='lat' dir='ltr'>cationem</span> <span class='ocrx_word' id='word_1_44' title='bbox 577 409 768 447; x_wconf 84' lang='lat' dir='ltr'>Apostolorum</span> <span class='ocrx_word' id='word_1_45' title='bbox 784 408 866 445; x_wconf 88' lang='lat' dir='ltr'>plura</span> <span class='ocrx_word' id='word_1_46' title='bbox 880 407 943 437; x_wconf 83' lang='lat' dir='ltr'>fecit</span> <span class='ocrx_word' id='word_1_47' title='bbox 958 407 1108 441; x_wconf 80' lang='lat' dir='ltr'>miracula,</span> <span class='ocrx_word' id='word_1_48' title='bbox 1122 415 1207 444; x_wconf 78' lang='lat' dir='ltr'>quam</span> <span class='ocrx_word' id='word_1_49' title='bbox 1222 414 1271 444; x_wconf 78' lang='lat' dir='ltr'>pet·</span> 
     </span>
     <span class='ocr_line' id='line_1_13' title="bbox 421 456 695 493; baseline -0.011 -7"><span class='ocrx_word' id='word_1_50' title='bbox 421 465 450 486; x_wconf 86' lang='lat' dir='ltr'>se</span> <span class='ocrx_word' id='word_1_51' title='bbox 471 457 563 493; x_wconf 84' lang='lat' dir='ltr'>ipsum</span> <span class='ocrx_word' id='word_1_52' title='bbox 584 456 695 485; x_wconf 77' lang='lat' dir='ltr'>fecerat.</span> 
     </span>
    </p>

    <p class='ocr_par' dir='ltr' id='par_1_9' title="bbox 420 499 1273 632">
     <span class='ocr_line' id='line_1_14' title="bbox 504 499 1271 539; baseline -0.003 -7"><span class='ocrx_word' id='word_1_53' title='bbox 504 505 525 532; x_wconf 92' lang='lat' dir='ltr'>l.</span> <span class='ocrx_word' id='word_1_54' title='bbox 547 502 626 539; x_wconf 83' lang='lat' dir='ltr'>Quod</span> <span class='ocrx_word' id='word_1_55' title='bbox 653 505 746 532; x_wconf 80' lang='lat' dir='ltr'>autem</span> <span class='ocrx_word' id='word_1_56' title='bbox 775 502 893 536; x_wconf 67' lang='lat' dir='ltr'>dicitur,</span> <span class='ocrx_word' id='word_1_57' title='bbox 923 501 998 538; x_wconf 87' lang='lat' dir='ltr'>quod</span> <span class='ocrx_word' id='word_1_58' title='bbox 1025 500 1142 532; x_wconf 84' lang='lat' dir='ltr'>credens</span> <span class='ocrx_word' id='word_1_59' title='bbox 1161 499 1271 538; x_wconf 61' lang='lat' dir='ltr'>faciet.-</span> 
     </span>
     <span class='ocr_line' id='line_1_15' title="bbox 421 547 1273 586; baseline -0.002 -7"><span class='ocrx_word' id='word_1_60' title='bbox 421 551 474 580; x_wconf 87' lang='lat' dir='ltr'>hoo</span> <span class='ocrx_word' id='word_1_61' title='bbox 494 550 612 583; x_wconf 88' lang='lat' dir='ltr'>dicitur,</span> <span class='ocrx_word' id='word_1_62' title='bbox 634 549 700 586; x_wconf 80' lang='lat' dir='ltr'>quia</span> <span class='ocrx_word' id='word_1_63' title='bbox 720 548 754 577; x_wconf 80' lang='lat' dir='ltr'>ad</span> <span class='ocrx_word' id='word_1_64' title='bbox 769 548 858 585; x_wconf 84' lang='lat' dir='ltr'>ipsius</span> <span class='ocrx_word' id='word_1_65' title='bbox 871 548 1071 579; x_wconf 75' lang='lat' dir='ltr'>invocationem</span> <span class='ocrx_word' id='word_1_66' title='bbox 1086 548 1132 582; x_wconf 86' lang='lat' dir='ltr'>fit;</span> <span class='ocrx_word' id='word_1_67' title='bbox 1147 547 1191 577; x_wconf 88' lang='lat' dir='ltr'>vel</span> <span class='ocrx_word' id='word_1_68' title='bbox 1206 547 1273 584; x_wconf 77' lang='lat' dir='ltr'>quia</span> 
     </span>
     <span class='ocr_line' id='line_1_16' title="bbox 420 595 971 632; baseline -0.004 -6"><span class='ocrx_word' id='word_1_69' title='bbox 420 596 456 626; x_wconf 83' lang='lat' dir='ltr'>ab</span> <span class='ocrx_word' id='word_1_70' title='bbox 476 596 636 625; x_wconf 92' lang='lat' dir='ltr'>hominihus</span> <span class='ocrx_word' id='word_1_71' title='bbox 656 596 715 632; x_wconf 89' lang='lat' dir='ltr'>ipse</span> <span class='ocrx_word' id='word_1_72' title='bbox 735 595 826 625; x_wconf 80' lang='lat' dir='ltr'>facere</span> <span class='ocrx_word' id='word_1_73' title='bbox 847 597 971 632; x_wconf 81' lang='lat' dir='ltr'>putatur.</span> 
     </span>
    </p>

    <p class='ocr_par' dir='ltr' id='par_1_10' title="bbox 420 641 1272 905">
     <span class='ocr_line' id='line_1_17' title="bbox 500 641 1271 678; baseline -0.001 -8"><span class='ocrx_word' id='word_1_74' title='bbox 500 644 526 670; x_wconf 64' lang='lat'>⁹2.</span> <span class='ocrx_word' id='word_1_75' title='bbox 549 642 628 678; x_wconf 85' lang='lat' dir='ltr'>Quod</span> <span class='ocrx_word' id='word_1_76' title='bbox 656 642 759 670; x_wconf 84' lang='lat' dir='ltr'>iterum</span> <span class='ocrx_word' id='word_1_77' title='bbox 782 641 900 675; x_wconf 88' lang='lat' dir='ltr'>dicitur,</span> <span class='ocrx_word' id='word_1_78' title='bbox 921 641 997 678; x_wconf 84' lang='lat' dir='ltr'>quod</span> <span class='ocrx_word' id='word_1_79' title='bbox 1018 641 1158 674; x_wconf 67' lang='lat' dir='ltr'>mitiora,-</span> <span class='ocrx_word' id='word_1_80' title='bbox 1178 641 1271 670; x_wconf 87' lang='lat' dir='ltr'>dicen-</span> 
     </span>
     <span class='ocr_line' id='line_1_18' title="bbox 420 686 1271 725; baseline -0.004 -7"><span class='ocrx_word' id='word_1_81' title='bbox 420 689 502 721; x_wconf 85' lang='lat' dir='ltr'>dum,</span> <span class='ocrx_word' id='word_1_82' title='bbox 532 688 606 725; x_wconf 92' lang='lat' dir='ltr'>quod</span> <span class='ocrx_word' id='word_1_83' title='bbox 633 689 753 717; x_wconf 78' lang='lat' dir='ltr'>maiora</span> <span class='ocrx_word' id='word_1_84' title='bbox 779 696 834 720; x_wconf 89' lang='lat' dir='ltr'>non</span> <span class='ocrx_word' id='word_1_85' title='bbox 863 691 998 725; x_wconf 81' lang='lat' dir='ltr'>quantum</span> <span class='ocrx_word' id='word_1_86' title='bbox 1020 687 1054 718; x_wconf 86' lang='lat' dir='ltr'>ad</span> <span class='ocrx_word' id='word_1_87' title='bbox 1075 687 1195 721; x_wconf 82' lang='lat' dir='ltr'>sactum,</span> <span class='ocrx_word' id='word_1_88' title='bbox 1224 686 1271 715; x_wconf 92' lang='lat' dir='ltr'>sed</span> 
     </span>
     <span class='ocr_line' id='line_1_19' title="bbox 421 733 1271 773; baseline -0.001 -9"><span class='ocrx_word' id='word_1_89' title='bbox 421 738 557 773; x_wconf 82' lang='lat' dir='ltr'>quantum</span> <span class='ocrx_word' id='word_1_90' title='bbox 578 735 612 765; x_wconf 91' lang='lat' dir='ltr'>ad</span> <span class='ocrx_word' id='word_1_91' title='bbox 633 735 775 768; x_wconf 78' lang='lat' dir='ltr'>modum.;</span> <span class='ocrx_word' id='word_1_92' title='bbox 796 734 863 772; x_wconf 86' lang='lat' dir='ltr'>quia</span> <span class='ocrx_word' id='word_1_93' title='bbox 883 734 984 771; x_wconf 82' lang='lat' dir='ltr'>legitur</span> <span class='ocrx_word' id='word_1_94' title='bbox 1005 734 1122 763; x_wconf 84' lang='lat' dir='ltr'>Aotuum</span> <span class='ocrx_word' id='word_1_95' title='bbox 1137 733 1271 770; x_wconf 45' lang='lat' dir='ltr'>quinto&amp;</span> 
     </span>
     <span class='ocr_line' id='line_1_20' title="bbox 420 779 1272 819; baseline -0.002 -9"><span class='ocrx_word' id='word_1_96' title='bbox 420 782 496 819; x_wconf 87' lang='lat' dir='ltr'>quod</span> <span class='ocrx_word' id='word_1_97' title='bbox 516 781 550 810; x_wconf 87' lang='lat' dir='ltr'>ad</span> <span class='ocrx_word' id='word_1_98' title='bbox 571 782 701 811; x_wconf 80' lang='lat' dir='ltr'>umhram</span> <span class='ocrx_word' id='word_1_99' title='bbox 723 781 795 811; x_wconf 84' lang='lat' dir='ltr'>Petri</span> <span class='ocrx_word' id='word_1_100' title='bbox 817 781 988 811; x_wconf 80' lang='lat' dir='ltr'>sanabantur</span> <span class='ocrx_word' id='word_1_101' title='bbox 1007 780 1119 809; x_wconf 78' lang='lat' dir='ltr'>infirmi.</span> <span class='ocrx_word' id='word_1_102' title='bbox 1143 780 1208 809; x_wconf 89' lang='lat' dir='ltr'>Item</span> <span class='ocrx_word' id='word_1_103' title='bbox 1230 779 1272 810; x_wconf 82' lang='lat' dir='ltr'>di-</span> 
     </span>
     <span class='ocr_line' id='line_1_21' title="bbox 420 826 1271 865; baseline -0.002 -7"><span class='ocrx_word' id='word_1_104' title='bbox 420 828 494 858; x_wconf 84' lang='lat' dir='ltr'>citur</span> <span class='ocrx_word' id='word_1_105' title='bbox 514 828 548 858; x_wconf 90' lang='lat' dir='ltr'>de</span> <span class='ocrx_word' id='word_1_106' title='bbox 569 828 719 865; x_wconf 85' lang='lat' dir='ltr'>Apostolis,</span> <span class='ocrx_word' id='word_1_107' title='bbox 741 828 815 865; x_wconf 87' lang='lat' dir='ltr'>quod</span> <span class='ocrx_word' id='word_1_108' title='bbox 835 827 869 859; x_wconf 86' lang='lat' dir='ltr'>ad</span> <span class='ocrx_word' id='word_1_109' title='bbox 891 826 1076 864; x_wconf 77' lang='lat' dir='ltr'>praesentiam</span> <span class='ocrx_word' id='word_1_110' title='bbox 1096 826 1271 856; x_wconf 55' lang='lat' dir='ltr'>indumento*</span> 
     </span>
     <span class='ocr_line' id='line_1_22' title="bbox 420 873 1039 905; baseline -0.006 0"><span class='ocrx_word' id='word_1_111' title='bbox 420 884 484 905; x_wconf 90' lang='lat' dir='ltr'>rum</span> <span class='ocrx_word' id='word_1_112' title='bbox 506 876 594 905; x_wconf 83' lang='lat' dir='ltr'>sanati</span> <span class='ocrx_word' id='word_1_113' title='bbox 615 878 642 905; x_wconf 90' lang='lat' dir='ltr'>et</span> <span class='ocrx_word' id='word_1_114' title='bbox 663 874 818 905; x_wconf 81' lang='lat' dir='ltr'>resuscitati</span> <span class='ocrx_word' id='word_1_115' title='bbox 840 877 905 903; x_wconf 86' lang='lat' dir='ltr'>sunt</span> <span class='ocrx_word' id='word_1_116' title='bbox 926 873 1039 902; x_wconf 91' lang='lat' dir='ltr'>mortui.</span> 
     </span>
    </p>

    <p class='ocr_par' dir='ltr' id='par_1_11' title="bbox 419 919 1272 1051">
     <span class='ocr_line' id='line_1_23' title="bbox 499 919 1272 958; baseline -0.003 -7"><span class='ocrx_word' id='word_1_117' title='bbox 499 922 525 951; x_wconf 88' lang='lat'>3.</span> <span class='ocrx_word' id='word_1_118' title='bbox 552 923 610 951; x_wconf 92' lang='lat' dir='ltr'>Non</span> <span class='ocrx_word' id='word_1_119' title='bbox 636 925 727 952; x_wconf 86' lang='lat' dir='ltr'>tamen</span> <span class='ocrx_word' id='word_1_120' title='bbox 756 924 872 958; x_wconf 89' lang='lat' dir='ltr'>propter</span> <span class='ocrx_word' id='word_1_121' title='bbox 900 921 953 950; x_wconf 84' lang='lat' dir='ltr'>boc</span> <span class='ocrx_word' id='word_1_122' title='bbox 980 927 1081 949; x_wconf 87' lang='lat' dir='ltr'>servus</span> <span class='ocrx_word' id='word_1_123' title='bbox 1107 919 1197 948; x_wconf 85' lang='lat' dir='ltr'>maior</span> <span class='ocrx_word' id='word_1_124' title='bbox 1223 919 1272 949; x_wconf 43' lang='lat' dir='ltr'>do*</span> 
     </span>
     <span class='ocr_line' id='line_1_24' title="bbox 420 966 1271 1006; baseline -0.005 -8"><span class='ocrx_word' id='word_1_125' title='bbox 420 970 511 1003; x_wconf 93' lang='lat' dir='ltr'>mino,</span> <span class='ocrx_word' id='word_1_126' title='bbox 533 969 599 1006; x_wconf 83' lang='lat' dir='ltr'>quia</span> <span class='ocrx_word' id='word_1_127' title='bbox 619 967 738 1005; x_wconf 80' lang='lat' dir='ltr'>Apostoli</span> <span class='ocrx_word' id='word_1_128' title='bbox 759 976 818 999; x_wconf 74' lang='lat' dir='ltr'>mm</span> <span class='ocrx_word' id='word_1_129' title='bbox 837 966 1003 1005; x_wconf 59' lang='lat' dir='ltr'>faoz&#39;ebaizn</span> <span class='ocrx_word' id='word_1_130' title='bbox 1024 975 1080 996; x_wconf 90' lang='lat' dir='ltr'>non</span> <span class='ocrx_word' id='word_1_131' title='bbox 1100 966 1134 995; x_wconf 87' lang='lat' dir='ltr'>ad</span> <span class='ocrx_word' id='word_1_132' title='bbox 1155 966 1271 1003; x_wconf 82' lang='lat' dir='ltr'>gloriam</span> 
     </span>
     <span class='ocr_line' id='line_1_25' title="bbox 419 1013 948 1051; baseline -0.008 -6"><span class='ocrx_word' id='word_1_133' title='bbox 419 1025 524 1049; x_wconf 81' lang='lat' dir='ltr'>suam,</span> <span class='ocrx_word' id='word_1_134' title='bbox 546 1015 593 1044; x_wconf 87' lang='lat' dir='ltr'>sed</span> <span class='ocrx_word' id='word_1_135' title='bbox 614 1015 649 1043; x_wconf 82' lang='lat' dir='ltr'>ad</span> <span class='ocrx_word' id='word_1_136' title='bbox 668 1015 784 1051; x_wconf 81' lang='lat' dir='ltr'>gloriam</span> <span class='ocrx_word' id='word_1_137' title='bbox 809 1013 918 1043; x_wconf 77' lang='lat' dir='ltr'>Christi</span> <span class='ocrx_word' id='word_1_138' title='bbox 928 1013 948 1041; x_wconf 76' lang='lat'>⁸.</span> 
     </span>
    </p>

    <p class='ocr_par' dir='ltr' id='par_1_12' title="bbox 420 1059 1272 1239">
     <span class='ocr_line' id='line_1_26' title="bbox 499 1059 1271 1098; baseline -0.001 -9"><span class='ocrx_word' id='word_1_139' title='bbox 499 1064 545 1090; x_wconf 64' lang='grc'>92.</span> <span class='ocrx_word' id='word_1_140' title='bbox 568 1062 678 1098; x_wconf 86' lang='lat' dir='ltr'>Quaest.</span> <span class='ocrx_word' id='word_1_141' title='bbox 702 1061 753 1090; x_wconf 83' lang='lat' dir='ltr'>Vll.</span> <span class='ocrx_word' id='word_1_142' title='bbox 776 1061 877 1091; x_wconf 88' lang='lat' dir='ltr'>lterum</span> <span class='ocrx_word' id='word_1_143' title='bbox 900 1060 1047 1097; x_wconf 86' lang='lat' dir='ltr'>quaeritur</span> <span class='ocrx_word' id='word_1_144' title='bbox 1061 1060 1094 1089; x_wconf 88' lang='lat' dir='ltr'>de</span> <span class='ocrx_word' id='word_1_145' title='bbox 1109 1060 1178 1093; x_wconf 84' lang='lat' dir='ltr'>boc,</span> <span class='ocrx_word' id='word_1_146' title='bbox 1196 1059 1271 1096; x_wconf 91' lang='lat' dir='ltr'>quod</span> 
     </span>
     <span class='ocr_line' id='line_1_27' title="bbox 420 1105 1271 1144; baseline -0.001 -7"><span class='ocrx_word' id='word_1_147' title='bbox 420 1108 504 1137; x_wconf 86' lang='lat' dir='ltr'>dicit:</span> <span class='ocrx_word' id='word_1_148' title='bbox 535 1108 593 1144; x_wconf 81' lang='lat' dir='ltr'>Qui</span> <span class='ocrx_word' id='word_1_149' title='bbox 618 1108 709 1137; x_wconf 76' lang='lat' dir='ltr'>eredit</span> <span class='ocrx_word' id='word_1_150' title='bbox 737 1107 768 1135; x_wconf 78' lang='lat' dir='ltr'>in</span> <span class='ocrx_word' id='word_1_151' title='bbox 792 1115 853 1140; x_wconf 79' lang='lat' dir='ltr'>me,</span> <span class='ocrx_word' id='word_1_152' title='bbox 875 1115 981 1143; x_wconf 74' lang='lat' dir='ltr'>opera,</span> <span class='ocrx_word' id='word_1_153' title='bbox 1003 1114 1078 1144; x_wconf 80' lang='lat' dir='ltr'>quae</span> <span class='ocrx_word' id='word_1_154' title='bbox 1098 1115 1148 1144; x_wconf 77' lang='lat' dir='ltr'>eyo</span> <span class='ocrx_word' id='word_1_155' title='bbox 1173 1105 1271 1143; x_wconf 76' lang='lat' dir='ltr'>facie,</span> 
     </span>
     <span class='ocr_line' id='line_1_28' title="bbox 420 1153 1272 1192; baseline -0.002 -8"><span class='ocrx_word' id='word_1_156' title='bbox 420 1159 445 1184; x_wconf 79' lang='lat' dir='ltr'>et</span> <span class='ocrx_word' id='word_1_157' title='bbox 465 1156 525 1192; x_wconf 77' lang='lat' dir='ltr'>ipse</span> <span class='ocrx_word' id='word_1_158' title='bbox 545 1153 642 1192; x_wconf 79' lang='lat' dir='ltr'>faciet.</span> <span class='ocrx_word' id='word_1_159' title='bbox 662 1171 701 1175; x_wconf 91' lang='lat'>—</span> <span class='ocrx_word' id='word_1_160' title='bbox 715 1154 881 1190; x_wconf 80' lang='lat' dir='ltr'>Quaeritur,</span> <span class='ocrx_word' id='word_1_161' title='bbox 903 1156 999 1182; x_wconf 87' lang='lat' dir='ltr'>utrum</span> <span class='ocrx_word' id='word_1_162' title='bbox 1022 1153 1157 1191; x_wconf 83' lang='lat' dir='ltr'>intelligat</span> <span class='ocrx_word' id='word_1_163' title='bbox 1170 1153 1204 1183; x_wconf 88' lang='lat' dir='ltr'>de</span> <span class='ocrx_word' id='word_1_164' title='bbox 1218 1153 1272 1182; x_wconf 90' lang='lat' dir='ltr'>fide</span> 
     </span>
     <span class='ocr_line' id='line_1_29' title="bbox 420 1200 795 1239; baseline -0.005 -8"><span class='ocrx_word' id='word_1_165' title='bbox 420 1201 561 1239; x_wconf 73' lang='lat' dir='ltr'>informi,</span> <span class='ocrx_word' id='word_1_166' title='bbox 584 1205 633 1230; x_wconf 90' lang='lat' dir='ltr'>aut</span> <span class='ocrx_word' id='word_1_167' title='bbox 653 1200 795 1238; x_wconf 79' lang='lat' dir='ltr'>formata.</span> 
     </span>
    </p>

    <p class='ocr_par' dir='ltr' id='par_1_13' title="bbox 421 1247 1272 1426">
     <span class='ocr_line' id='line_1_30' title="bbox 499 1247 1272 1286; baseline -0.003 -8"><span class='ocrx_word' id='word_1_168' title='bbox 499 1249 578 1286; x_wconf 89' lang='lat' dir='ltr'>Quod</span> <span class='ocrx_word' id='word_1_169' title='bbox 588 1249 622 1278; x_wconf 89' lang='lat' dir='ltr'>de</span> <span class='ocrx_word' id='word_1_170' title='bbox 633 1247 774 1285; x_wconf 80' lang='lat' dir='ltr'>informi,</span> <span class='ocrx_word' id='word_1_171' title='bbox 786 1248 912 1278; x_wconf 89' lang='lat' dir='ltr'>videtur:</span> <span class='ocrx_word' id='word_1_172' title='bbox 927 1249 951 1276; x_wconf 84' lang='lat'>1.</span> <span class='ocrx_word' id='word_1_173' title='bbox 964 1248 1034 1284; x_wconf 86' lang='lat' dir='ltr'>Quia</span> <span class='ocrx_word' id='word_1_174' title='bbox 1047 1248 1150 1277; x_wconf 82' lang='lat' dir='ltr'>dicitur</span> <span class='ocrx_word' id='word_1_175' title='bbox 1165 1247 1272 1284; x_wconf 82' lang='lat' dir='ltr'>primae</span> 
     </span>
     <span class='ocr_line' id='line_1_31' title="bbox 421 1293 1272 1331; baseline -0.002 -7"><span class='ocrx_word' id='word_1_176' title='bbox 421 1296 455 1324; x_wconf 80' lang='lat' dir='ltr'>ad</span> <span class='ocrx_word' id='word_1_177' title='bbox 469 1295 626 1324; x_wconf 83' lang='lat' dir='ltr'>Corinthios</span> <span class='ocrx_word' id='word_1_178' title='bbox 639 1295 746 1324; x_wconf 83' lang='lat' dir='ltr'>decimo</span> <span class='ocrx_word' id='word_1_179' title='bbox 761 1295 882 1325; x_wconf 69' lang='lat' dir='ltr'>tertio4:</span> <span class='ocrx_word' id='word_1_180' title='bbox 905 1294 938 1323; x_wconf 78' lang='lat' dir='ltr'>Si</span> <span class='ocrx_word' id='word_1_181' title='bbox 955 1293 1084 1323; x_wconf 70' lang='lat' dir='ltr'>habuero</span> <span class='ocrx_word' id='word_1_182' title='bbox 1104 1293 1209 1331; x_wconf 75' lang='lat' dir='ltr'>fidem,</span> <span class='ocrx_word' id='word_1_183' title='bbox 1230 1293 1272 1323; x_wconf 81' lang='lat' dir='ltr'>ita</span> 
     </span>
     <span class='ocr_line' id='line_1_32' title="bbox 421 1339 1272 1379; baseline -0.006 -6"><span class='ocrx_word' id='word_1_184' title='bbox 421 1346 453 1373; x_wconf 78' lang='lat' dir='ltr'>ut</span> <span class='ocrx_word' id='word_1_185' title='bbox 470 1346 579 1372; x_wconf 67' lang='lat' dir='ltr'>montes</span> <span class='ocrx_word' id='word_1_186' title='bbox 601 1341 799 1379; x_wconf 76' lang='lat' dir='ltr'>transferam,</span> <span class='ocrx_word' id='word_1_187' title='bbox 824 1342 979 1371; x_wconf 78' lang='lat' dir='ltr'>caritatem</span> <span class='ocrx_word' id='word_1_188' title='bbox 1008 1344 1105 1371; x_wconf 77' lang='lat' dir='ltr'>autem</span> <span class='ocrx_word' id='word_1_189' title='bbox 1132 1349 1192 1370; x_wconf 73' lang='lat' dir='ltr'>non</span> <span class='ocrx_word' id='word_1_190' title='bbox 1220 1339 1272 1369; x_wconf 86' lang='lat' dir='ltr'>ha-</span> 
     </span>
     <span class='ocr_line' id='line_1_33' title="bbox 422 1387 1271 1426; baseline 0 -9"><span class='ocrx_word' id='word_1_191' title='bbox 422 1389 504 1419; x_wconf 83' lang='lat' dir='ltr'>beam</span> <span class='ocrx_word' id='word_1_192' title='bbox 515 1392 580 1418; x_wconf 67' lang='lat' dir='ltr'>ete:</span> <span class='ocrx_word' id='word_1_193' title='bbox 596 1397 664 1426; x_wconf 82' lang='lat' dir='ltr'>ergo</span> <span class='ocrx_word' id='word_1_194' title='bbox 674 1397 723 1426; x_wconf 87' lang='lat' dir='ltr'>per</span> <span class='ocrx_word' id='word_1_195' title='bbox 735 1388 817 1417; x_wconf 85' lang='lat' dir='ltr'>fidem</span> <span class='ocrx_word' id='word_1_196' title='bbox 832 1388 977 1417; x_wconf 75' lang='lat' dir='ltr'>informem</span> <span class='ocrx_word' id='word_1_197' title='bbox 989 1388 1048 1416; x_wconf 85' lang='lat' dir='ltr'>sine</span> <span class='ocrx_word' id='word_1_198' title='bbox 1062 1387 1177 1417; x_wconf 82' lang='lat' dir='ltr'>caritate</span> <span class='ocrx_word' id='word_1_199' title='bbox 1191 1388 1271 1418; x_wconf 83' lang='lat' dir='ltr'>fiunt.</span> 
     </span>
    </p>

    <p class='ocr_par' dir='ltr' id='par_1_14' title="bbox 421 1434 1273 1518">
     <span class='ocr_line' id='line_1_34' title="bbox 501 1434 1273 1472; baseline -0.004 -8"><span class='ocrx_word' id='word_1_200' title='bbox 501 1437 527 1464; x_wconf 79' lang='grc'>2.</span> <span class='ocrx_word' id='word_1_201' title='bbox 551 1436 616 1466; x_wconf 89' lang='lat' dir='ltr'>ltem</span> <span class='ocrx_word' id='word_1_202' title='bbox 643 1436 695 1464; x_wconf 90' lang='lat' dir='ltr'>hoc</span> <span class='ocrx_word' id='word_1_203' title='bbox 725 1435 849 1469; x_wconf 83' lang='lat' dir='ltr'>videtur,</span> <span class='ocrx_word' id='word_1_204' title='bbox 872 1436 938 1472; x_wconf 85' lang='lat' dir='ltr'>quia</span> <span class='ocrx_word' id='word_1_205' title='bbox 957 1435 1038 1463; x_wconf 91' lang='lat' dir='ltr'>multi</span> <span class='ocrx_word' id='word_1_206' title='bbox 1059 1435 1124 1463; x_wconf 84' lang='lat' dir='ltr'>mali</span> <span class='ocrx_word' id='word_1_207' title='bbox 1146 1434 1273 1467; x_wconf 85' lang='lat' dir='ltr'>fecerunt</span> 
     </span>
     <span class='ocr_line' id='line_1_35' title="bbox 421 1482 1107 1518; baseline -0.001 -8"><span class='ocrx_word' id='word_1_208' title='bbox 421 1482 571 1516; x_wconf 82' lang='lat' dir='ltr'>miracula,</span> <span class='ocrx_word' id='word_1_209' title='bbox 593 1482 665 1511; x_wconf 87' lang='lat' dir='ltr'>sicut</span> <span class='ocrx_word' id='word_1_210' title='bbox 685 1482 789 1512; x_wconf 64' lang='lat' dir='ltr'>(licitur&gt;</span> <span class='ocrx_word' id='word_1_211' title='bbox 808 1482 936 1510; x_wconf 81' lang='lat' dir='ltr'>Matthaei</span> <span class='ocrx_word' id='word_1_212' title='bbox 959 1482 1076 1518; x_wconf 86' lang='lat' dir='ltr'>septimo</span> <span class='ocrx_word' id='word_1_213' title='bbox 1086 1482 1107 1509; x_wconf 80' lang='lat'>⁵.</span> 
     </span>
    </p>

    <p class='ocr_par' dir='ltr' id='par_1_15' title="bbox 421 1528 1273 1658">
     <span class='ocr_line' id='line_1_36' title="bbox 501 1528 1273 1565; baseline -0.001 -8"><span class='ocrx_word' id='word_1_214' title='bbox 501 1529 554 1558; x_wconf 74' lang='lat' dir='ltr'>San</span> <span class='ocrx_word' id='word_1_215' title='bbox 575 1537 684 1558; x_wconf 48' lang='lat' dir='ltr'>conruit</span> <span class='ocrx_word' id='word_1_216' title='bbox 706 1529 757 1558; x_wconf 85' lang='lat' dir='ltr'>hoc</span> <span class='ocrx_word' id='word_1_217' title='bbox 779 1532 839 1562; x_wconf 83' lang='lat' dir='ltr'>est;</span> <span class='ocrx_word' id='word_1_218' title='bbox 861 1529 926 1565; x_wconf 88' lang='lat' dir='ltr'>quia</span> <span class='ocrx_word' id='word_1_219' title='bbox 945 1531 1072 1565; x_wconf 81' lang='lat' dir='ltr'>peccator</span> <span class='ocrx_word' id='word_1_220' title='bbox 1087 1528 1217 1565; x_wconf 82' lang='lat' dir='ltr'>indignus</span> <span class='ocrx_word' id='word_1_221' title='bbox 1231 1530 1273 1559; x_wconf 86' lang='lat' dir='ltr'>est</span> 
     </span>
     <span class='ocr_line' id='line_1_37' title="bbox 422 1575 1273 1613; baseline 0 -9"><span class='ocrx_word' id='word_1_222' title='bbox 422 1584 507 1613; x_wconf 89' lang='lat' dir='ltr'>pane,</span> <span class='ocrx_word' id='word_1_223' title='bbox 529 1584 586 1612; x_wconf 90' lang='lat' dir='ltr'>quo</span> <span class='ocrx_word' id='word_1_224' title='bbox 607 1576 728 1604; x_wconf 88' lang='lat' dir='ltr'>vescitur</span> <span class='ocrx_word' id='word_1_225' title='bbox 739 1576 750 1592; x_wconf 75' lang='lat'>‘⁵</span> <span class='ocrx_word' id='word_1_226' title='bbox 765 1587 770 1603; x_wconf 91' lang='lat'>:</span> <span class='ocrx_word' id='word_1_227' title='bbox 793 1584 859 1612; x_wconf 82' lang='lat' dir='ltr'>ergo</span> <span class='ocrx_word' id='word_1_228' title='bbox 873 1576 894 1604; x_wconf 91' lang='lat' dir='ltr'>si</span> <span class='ocrx_word' id='word_1_229' title='bbox 911 1576 1015 1604; x_wconf 85' lang='lat' dir='ltr'>habens</span> <span class='ocrx_word' id='word_1_230' title='bbox 1030 1575 1111 1606; x_wconf 78' lang='lat' dir='ltr'>tidem</span> <span class='ocrx_word' id='word_1_231' title='bbox 1126 1575 1273 1604; x_wconf 77' lang='lat' dir='ltr'>informem</span> 
     </span>
     <span class='ocr_line' id='line_1_38' title="bbox 421 1621 1164 1658; baseline -0.003 -8"><span class='ocrx_word' id='word_1_232' title='bbox 421 1624 463 1655; x_wconf 82' lang='lat' dir='ltr'>est</span> <span class='ocrx_word' id='word_1_233' title='bbox 483 1621 511 1650; x_wconf 91' lang='lat' dir='ltr'>in</span> <span class='ocrx_word' id='word_1_234' title='bbox 532 1624 659 1658; x_wconf 85' lang='lat' dir='ltr'>peccato,</span> <span class='ocrx_word' id='word_1_235' title='bbox 681 1622 758 1650; x_wconf 84' lang='lat' dir='ltr'>nullo</span> <span class='ocrx_word' id='word_1_236' title='bbox 777 1621 858 1650; x_wconf 86' lang='lat' dir='ltr'>modo</span> <span class='ocrx_word' id='word_1_237' title='bbox 880 1624 1005 1650; x_wconf 82' lang='lat' dir='ltr'>meretur</span> <span class='ocrx_word' id='word_1_238' title='bbox 1026 1621 1164 1652; x_wconf 79' lang='lat' dir='ltr'>exaudiri.</span> 
     </span>
    </p>

    <p class='ocr_par' dir='ltr' id='par_1_16' title="bbox 421 1667 1273 1892">
     <span class='ocr_line' id='line_1_39' title="bbox 500 1667 1273 1704; baseline -0.003 -7"><span class='ocrx_word' id='word_1_239' title='bbox 500 1668 681 1701; x_wconf 59' lang='lat' dir='ltr'>Responmzo:</span> <span class='ocrx_word' id='word_1_240' title='bbox 710 1668 878 1702; x_wconf 81' lang='lat' dir='ltr'>Dicendum,</span> <span class='ocrx_word' id='word_1_241' title='bbox 907 1667 981 1704; x_wconf 90' lang='lat' dir='ltr'>quod</span> <span class='ocrx_word' id='word_1_242' title='bbox 1010 1669 1052 1696; x_wconf 87' lang='lat' dir='ltr'>est</span> <span class='ocrx_word' id='word_1_243' title='bbox 1082 1667 1212 1698; x_wconf 81' lang='lat' dir='ltr'>exaudiri</span> <span class='ocrx_word' id='word_1_244' title='bbox 1239 1667 1273 1695; x_wconf 81' lang='lat' dir='ltr'>de</span> 
     </span>
     <span class='ocr_line' id='line_1_40' title="bbox 421 1712 1273 1752; baseline 0.001 -10"><span class='ocrx_word' id='word_1_245' title='bbox 421 1722 552 1751; x_wconf 62' lang='lat' dir='ltr'>congruo</span> <span class='ocrx_word' id='word_1_246' title='bbox 580 1718 607 1743; x_wconf 92' lang='lat' dir='ltr'>et</span> <span class='ocrx_word' id='word_1_247' title='bbox 628 1714 661 1743; x_wconf 81' lang='lat' dir='ltr'>de</span> <span class='ocrx_word' id='word_1_248' title='bbox 682 1714 846 1752; x_wconf 60' lang='lat' dir='ltr'>eomliqnoe</span> <span class='ocrx_word' id='word_1_249' title='bbox 872 1714 976 1743; x_wconf 87' lang='lat' dir='ltr'>habens</span> <span class='ocrx_word' id='word_1_250' title='bbox 1003 1713 1085 1742; x_wconf 88' lang='lat' dir='ltr'>fidem</span> <span class='ocrx_word' id='word_1_251' title='bbox 1115 1712 1273 1750; x_wconf 75' lang='lat' dir='ltr'>informem</span> 
     </span>
     <span class='ocr_line' id='line_1_41' title="bbox 421 1760 1273 1798; baseline -0.001 -9"><span class='ocrx_word' id='word_1_252' title='bbox 421 1761 573 1790; x_wconf 81' lang='lat' dir='ltr'>exauditur</span> <span class='ocrx_word' id='word_1_253' title='bbox 594 1760 755 1798; x_wconf 78' lang='lat' dir='ltr'>frequenter</span> <span class='ocrx_word' id='word_1_254' title='bbox 777 1765 806 1791; x_wconf 83' lang='lat' dir='ltr'>et</span> <span class='ocrx_word' id='word_1_255' title='bbox 825 1764 950 1790; x_wconf 89' lang='lat' dir='ltr'>meretur</span> <span class='ocrx_word' id='word_1_256' title='bbox 971 1760 1100 1791; x_wconf 84' lang='lat' dir='ltr'>exaudiri</span> <span class='ocrx_word' id='word_1_257' title='bbox 1116 1762 1225 1789; x_wconf 85' lang='lat' dir='ltr'>tantum</span> <span class='ocrx_word' id='word_1_258' title='bbox 1239 1760 1273 1788; x_wconf 85' lang='lat' dir='ltr'>de</span> 
     </span>
     <span class='ocr_line' id='line_1_42' title="bbox 422 1807 1272 1845; baseline 0.002 -9"><span class='ocrx_word' id='word_1_259' title='bbox 422 1816 553 1845; x_wconf 67' lang='lat' dir='ltr'>congyruo</span> <span class='ocrx_word' id='word_1_260' title='bbox 580 1811 716 1845; x_wconf 86' lang='lat' dir='ltr'>quantum</span> <span class='ocrx_word' id='word_1_261' title='bbox 744 1808 777 1837; x_wconf 83' lang='lat' dir='ltr'>ad</span> <span class='ocrx_word' id='word_1_262' title='bbox 803 1816 851 1842; x_wconf 87' lang='lat' dir='ltr'>ea,</span> <span class='ocrx_word' id='word_1_263' title='bbox 873 1808 907 1837; x_wconf 89' lang='lat' dir='ltr'>de</span> <span class='ocrx_word' id='word_1_264' title='bbox 932 1808 1037 1845; x_wconf 89' lang='lat' dir='ltr'>quibus</span> <span class='ocrx_word' id='word_1_265' title='bbox 1063 1807 1146 1837; x_wconf 84' lang='lat' dir='ltr'>habet</span> <span class='ocrx_word' id='word_1_266' title='bbox 1173 1807 1272 1841; x_wconf 85' lang='lat' dir='ltr'>fidem,</span> 
     </span>
     <span class='ocr_line' id='line_1_43' title="bbox 422 1855 921 1892; baseline 0 -8"><span class='ocrx_word' id='word_1_267' title='bbox 422 1855 495 1892; x_wconf 88' lang='lat' dir='ltr'>quod</span> <span class='ocrx_word' id='word_1_268' title='bbox 516 1855 653 1886; x_wconf 83' lang='lat' dir='ltr'>Dominus</span> <span class='ocrx_word' id='word_1_269' title='bbox 671 1855 804 1889; x_wconf 84' lang='lat' dir='ltr'>exaudiat</span> <span class='ocrx_word' id='word_1_270' title='bbox 825 1863 889 1884; x_wconf 88' lang='lat' dir='ltr'>eum</span> <span class='ocrx_word' id='word_1_271' title='bbox 901 1855 921 1884; x_wconf 89' lang='lat'>⁷.</span> 
     </span>
    </p>
   </div>
   <div class='ocr_carea' id='block_1_8' title="bbox 424 2062 1276 2713">
    <p class='ocr_par' dir='ltr' id='par_1_17' title="bbox 486 2062 706 2091">
     <span class='ocr_line' id='line_1_44' title="bbox 486 2062 706 2091; baseline 0 -6"><span class='ocrx_word' id='word_1_272' title='bbox 486 2062 494 2075; x_wconf 88' lang='lat'>¹</span> <span class='ocrx_word' id='word_1_273' title='bbox 513 2064 587 2091; x_wconf 82' lang='lat' dir='ltr'>Supra</span> <span class='ocrx_word' id='word_1_274' title='bbox 611 2064 649 2090; x_wconf 79' lang='lat'>¹3,</span> <span class='ocrx_word' id='word_1_275' title='bbox 669 2063 706 2085; x_wconf 86' lang='grc'>16.</span> 
     </span>
    </p>

    <p class='ocr_par' dir='ltr' id='par_1_18' title="bbox 424 2100 1276 2713">
     <span class='ocr_line' id='line_1_45' title="bbox 485 2100 1274 2131; baseline 0.001 -7"><span class='ocrx_word' id='word_1_276' title='bbox 485 2100 494 2114; x_wconf 78' lang='lat'>²</span> <span class='ocrx_word' id='word_1_277' title='bbox 515 2103 577 2124; x_wconf 86' lang='lat' dir='ltr'>Vers.</span> <span class='ocrx_word' id='word_1_278' title='bbox 597 2102 633 2125; x_wconf 82' lang='grc'>15.</span> <span class='ocrx_word' id='word_1_279' title='bbox 652 2103 762 2130; x_wconf 74' lang='lat' dir='ltr'>August,</span> <span class='ocrx_word' id='word_1_280' title='bbox 780 2103 801 2124; x_wconf 92' lang='lat' dir='ltr'>in</span> <span class='ocrx_word' id='word_1_281' title='bbox 820 2103 879 2125; x_wconf 86' lang='lat' dir='ltr'>ioan.</span> <span class='ocrx_word' id='word_1_282' title='bbox 897 2103 986 2131; x_wconf 83' lang='lat' dir='ltr'>Evang.</span> <span class='ocrx_word' id='word_1_283' title='bbox 1007 2105 1033 2125; x_wconf 87' lang='lat' dir='ltr'>tr.</span> <span class='ocrx_word' id='word_1_284' title='bbox 1045 2103 1084 2125; x_wconf 84' lang='lat'>71.</span> <span class='ocrx_word' id='word_1_285' title='bbox 1096 2109 1119 2125; x_wconf 89' lang='lat' dir='ltr'>n.</span> <span class='ocrx_word' id='word_1_286' title='bbox 1133 2104 1162 2125; x_wconf 86' lang='lat'>3:</span> <span class='ocrx_word' id='word_1_287' title='bbox 1177 2112 1188 2123; x_wconf 80' lang='grc' dir='ltr'>α</span> <span class='ocrx_word' id='word_1_288' title='bbox 1201 2103 1274 2125; x_wconf 84' lang='lat' dir='ltr'>Maius</span> 
     </span>
     <span class='ocr_line' id='line_1_46' title="bbox 424 2141 1275 2172; baseline 0.001 -9"><span class='ocrx_word' id='word_1_289' title='bbox 424 2143 457 2163; x_wconf 88' lang='lat' dir='ltr'>est</span> <span class='ocrx_word' id='word_1_290' title='bbox 474 2141 549 2168; x_wconf 86' lang='lat' dir='ltr'>enim,</span> <span class='ocrx_word' id='word_1_291' title='bbox 567 2144 591 2164; x_wconf 75' lang='lat' dir='ltr'>ut</span> <span class='ocrx_word' id='word_1_292' title='bbox 608 2144 673 2164; x_wconf 88' lang='lat' dir='ltr'>sanet</span> <span class='ocrx_word' id='word_1_293' title='bbox 690 2141 773 2167; x_wconf 84' lang='lat' dir='ltr'>umbra</span> <span class='ocrx_word' id='word_1_294' title='bbox 789 2148 861 2171; x_wconf 85' lang='lat' dir='ltr'>quam</span> <span class='ocrx_word' id='word_1_295' title='bbox 873 2141 971 2168; x_wconf 80' lang='lat' dir='ltr'>fimbria.</span> <span class='ocrx_word' id='word_1_296' title='bbox 984 2142 1040 2164; x_wconf 79' lang='lat' dir='ltr'>titud</span> <span class='ocrx_word' id='word_1_297' title='bbox 1053 2148 1094 2170; x_wconf 81' lang='lat' dir='ltr'>per</span> <span class='ocrx_word' id='word_1_298' title='bbox 1106 2148 1130 2165; x_wconf 86' lang='lat' dir='ltr'>se</span> <span class='ocrx_word' id='word_1_299' title='bbox 1143 2141 1275 2172; x_wconf 87' lang='lat' dir='ltr'>[Christus],</span> 
     </span>
     <span class='ocr_line' id='line_1_47' title="bbox 424 2181 1275 2210; baseline 0.001 -7"><span class='ocrx_word' id='word_1_300' title='bbox 424 2181 468 2203; x_wconf 88' lang='lat' dir='ltr'>hoc</span> <span class='ocrx_word' id='word_1_301' title='bbox 485 2187 527 2208; x_wconf 87' lang='lat' dir='ltr'>per</span> <span class='ocrx_word' id='word_1_302' title='bbox 544 2181 619 2208; x_wconf 88' lang='lat' dir='ltr'>ipsos,</span> <span class='ocrx_word' id='word_1_303' title='bbox 637 2181 677 2203; x_wconf 89' lang='lat' dir='ltr'>sed</span> <span class='ocrx_word' id='word_1_304' title='bbox 690 2184 765 2203; x_wconf 89' lang='lat' dir='ltr'>tamen</span> <span class='ocrx_word' id='word_1_305' title='bbox 777 2184 903 2210; x_wconf 87' lang='lat' dir='ltr'>utrumque</span> <span class='ocrx_word' id='word_1_306' title='bbox 916 2182 965 2209; x_wconf 88' lang='lat' dir='ltr'>ipse</span> <span class='ocrx_word' id='word_1_307' title='bbox 976 2190 999 2204; x_wconf 80' lang='lat' dir='ltr'>n.</span> <span class='ocrx_word' id='word_1_308' title='bbox 1013 2181 1117 2204; x_wconf 82' lang='lat' dir='ltr'>Subinde</span> <span class='ocrx_word' id='word_1_309' title='bbox 1128 2182 1193 2204; x_wconf 80' lang='lat' dir='ltr'>affert</span> <span class='ocrx_word' id='word_1_310' title='bbox 1205 2182 1275 2205; x_wconf 87' lang='lat' dir='ltr'>etiam</span> 
     </span>
     <span class='ocr_line' id='line_1_48' title="bbox 424 2220 1276 2249; baseline 0.002 -7"><span class='ocrx_word' id='word_1_311' title='bbox 424 2220 466 2244; x_wconf 81' lang='lat' dir='ltr'>has</span> <span class='ocrx_word' id='word_1_312' title='bbox 491 2220 666 2248; x_wconf 75' lang='lat' dir='ltr'>explicationes,</span> <span class='ocrx_word' id='word_1_313' title='bbox 692 2220 756 2249; x_wconf 89' lang='lat' dir='ltr'>quod</span> <span class='ocrx_word' id='word_1_314' title='bbox 779 2220 863 2243; x_wconf 79' lang='lat' dir='ltr'>Christi</span> <span class='ocrx_word' id='word_1_315' title='bbox 887 2220 966 2243; x_wconf 85' lang='lat' dir='ltr'>verbis</span> <span class='ocrx_word' id='word_1_316' title='bbox 991 2223 1013 2243; x_wconf 84' lang='lat' dir='ltr'>et</span> <span class='ocrx_word' id='word_1_317' title='bbox 1038 2221 1104 2246; x_wconf 77' lang='lat' dir='ltr'>sactis</span> <span class='ocrx_word' id='word_1_318' title='bbox 1125 2221 1276 2244; x_wconf 82' lang='lat' dir='ltr'>crediderunt</span> 
     </span>
     <span class='ocr_line' id='line_1_49' title="bbox 424 2259 1274 2288; baseline 0.002 -8"><span class='ocrx_word' id='word_1_319' title='bbox 424 2259 505 2286; x_wconf 87' lang='lat' dir='ltr'>pauci,</span> <span class='ocrx_word' id='word_1_320' title='bbox 525 2267 536 2278; x_wconf 67' lang='lat' dir='ltr'>a</span> <span class='ocrx_word' id='word_1_321' title='bbox 549 2262 711 2281; x_wconf 83' lang='lat' dir='ltr'>verumtamen</span> <span class='ocrx_word' id='word_1_322' title='bbox 723 2259 935 2287; x_wconf 79' lang='lat' dir='ltr'>evangelizantibus</span> <span class='ocrx_word' id='word_1_323' title='bbox 947 2260 1068 2288; x_wconf 80' lang='lat' dir='ltr'>discipulis</span> <span class='ocrx_word' id='word_1_324' title='bbox 1079 2266 1125 2284; x_wconf 89' lang='lat' dir='ltr'>non</span> <span class='ocrx_word' id='word_1_325' title='bbox 1138 2262 1184 2282; x_wconf 84' lang='lat' dir='ltr'>tam</span> <span class='ocrx_word' id='word_1_326' title='bbox 1196 2261 1274 2288; x_wconf 80' lang='lat' dir='ltr'>pauci,</span> 
     </span>
     <span class='ocr_line' id='line_1_50' title="bbox 425 2297 1274 2327; baseline 0.004 -9"><span class='ocrx_word' id='word_1_327' title='bbox 425 2302 496 2325; x_wconf 84' lang='lat' dir='ltr'>quam</span> <span class='ocrx_word' id='word_1_328' title='bbox 514 2297 543 2319; x_wconf 90' lang='lat' dir='ltr'>illi</span> <span class='ocrx_word' id='word_1_329' title='bbox 560 2300 636 2324; x_wconf 88' lang='lat' dir='ltr'>erant,</span> <span class='ocrx_word' id='word_1_330' title='bbox 662 2298 703 2320; x_wconf 87' lang='lat' dir='ltr'>sed</span> <span class='ocrx_word' id='word_1_331' title='bbox 727 2300 806 2325; x_wconf 81' lang='lat' dir='ltr'>gentes</span> <span class='ocrx_word' id='word_1_332' title='bbox 824 2298 893 2321; x_wconf 87' lang='lat' dir='ltr'>etiam</span> <span class='ocrx_word' id='word_1_333' title='bbox 910 2298 1060 2324; x_wconf 84' lang='lat' dir='ltr'>crediderunt</span> <span class='ocrx_word' id='word_1_334' title='bbox 1071 2307 1093 2326; x_wconf 62' lang='grc' dir='ltr'>»ς</span> <span class='ocrx_word' id='word_1_335' title='bbox 1110 2302 1133 2321; x_wconf 88' lang='lat' dir='ltr'>et</span> <span class='ocrx_word' id='word_1_336' title='bbox 1151 2299 1215 2327; x_wconf 88' lang='lat' dir='ltr'>quod</span> <span class='ocrx_word' id='word_1_337' title='bbox 1237 2299 1274 2321; x_wconf 86' lang='lat' dir='ltr'>ali-</span> 
     </span>
     <span class='ocr_line' id='line_1_51' title="bbox 425 2336 1274 2367; baseline 0.002 -9"><span class='ocrx_word' id='word_1_338' title='bbox 425 2336 494 2365; x_wconf 83' lang='lat' dir='ltr'>quid,</span> <span class='ocrx_word' id='word_1_339' title='bbox 506 2336 569 2365; x_wconf 89' lang='lat' dir='ltr'>quod</span> <span class='ocrx_word' id='word_1_340' title='bbox 582 2337 635 2359; x_wconf 80' lang='lat' dir='ltr'>facit</span> <span class='ocrx_word' id='word_1_341' title='bbox 651 2337 674 2359; x_wconf 90' lang='lat' dir='ltr'>in</span> <span class='ocrx_word' id='word_1_342' title='bbox 691 2336 772 2364; x_wconf 88' lang='lat' dir='ltr'>nobis,</span> <span class='ocrx_word' id='word_1_343' title='bbox 788 2343 836 2360; x_wconf 86' lang='lat' dir='ltr'>non</span> <span class='ocrx_word' id='word_1_344' title='bbox 853 2338 901 2360; x_wconf 88' lang='lat' dir='ltr'>sine</span> <span class='ocrx_word' id='word_1_345' title='bbox 918 2337 997 2365; x_wconf 83' lang='lat' dir='ltr'>nobis,</span> <span class='ocrx_word' id='word_1_346' title='bbox 1015 2338 1091 2362; x_wconf 81' lang='lat' dir='ltr'>maius</span> <span class='ocrx_word' id='word_1_347' title='bbox 1107 2340 1141 2361; x_wconf 87' lang='lat' dir='ltr'>est</span> <span class='ocrx_word' id='word_1_348' title='bbox 1157 2337 1274 2367; x_wconf 78' lang='lat' dir='ltr'>omnibus,</span> 
     </span>
     <span class='ocr_line' id='line_1_52' title="bbox 426 2375 1275 2406; baseline 0.002 -9"><span class='ocrx_word' id='word_1_349' title='bbox 426 2381 486 2404; x_wconf 81' lang='lat' dir='ltr'>quae</span> <span class='ocrx_word' id='word_1_350' title='bbox 503 2376 551 2398; x_wconf 85' lang='lat' dir='ltr'>sine</span> <span class='ocrx_word' id='word_1_351' title='bbox 568 2375 635 2398; x_wconf 87' lang='lat' dir='ltr'>nobis</span> <span class='ocrx_word' id='word_1_352' title='bbox 653 2377 716 2404; x_wconf 86' lang='lat' dir='ltr'>facit,</span> <span class='ocrx_word' id='word_1_353' title='bbox 734 2379 759 2399; x_wconf 86' lang='lat' dir='ltr'>ut</span> <span class='ocrx_word' id='word_1_354' title='bbox 775 2377 839 2406; x_wconf 88' lang='lat' dir='ltr'>quod</span> <span class='ocrx_word' id='word_1_355' title='bbox 857 2383 885 2400; x_wconf 76' lang='lat' dir='ltr'>ex</span> <span class='ocrx_word' id='word_1_356' title='bbox 910 2377 983 2405; x_wconf 82' lang='lat' dir='ltr'>impio</span> <span class='ocrx_word' id='word_1_357' title='bbox 999 2378 1024 2400; x_wconf 83' lang='lat' dir='ltr'>fit</span> <span class='ocrx_word' id='word_1_358' title='bbox 1041 2378 1126 2406; x_wconf 84' lang='lat' dir='ltr'>iustus,</span> <span class='ocrx_word' id='word_1_359' title='bbox 1148 2378 1224 2400; x_wconf 88' lang='lat' dir='ltr'>maius</span> <span class='ocrx_word' id='word_1_360' title='bbox 1240 2380 1275 2400; x_wconf 79' lang='lat' dir='ltr'>est</span> 
     </span>
     <span class='ocr_line' id='line_1_53' title="bbox 426 2413 1272 2445; baseline 0.005 -10"><span class='ocrx_word' id='word_1_361' title='bbox 426 2413 546 2441; x_wconf 85' lang='lat' dir='ltr'>omnibus,</span> <span class='ocrx_word' id='word_1_362' title='bbox 564 2415 626 2437; x_wconf 88' lang='lat' dir='ltr'>caelo</span> <span class='ocrx_word' id='word_1_363' title='bbox 643 2417 666 2437; x_wconf 86' lang='lat' dir='ltr'>et</span> <span class='ocrx_word' id='word_1_364' title='bbox 683 2418 754 2442; x_wconf 71' lang='lat' dir='ltr'>terra,</span> <span class='ocrx_word' id='word_1_365' title='bbox 766 2416 822 2444; x_wconf 85' lang='lat' dir='ltr'>quia</span> <span class='ocrx_word' id='word_1_366' title='bbox 833 2416 868 2440; x_wconf 83' lang='lat' dir='ltr'>illa</span> <span class='ocrx_word' id='word_1_367' title='bbox 882 2416 1023 2445; x_wconf 84' lang='lat' dir='ltr'>transibunt,</span> <span class='ocrx_word' id='word_1_368' title='bbox 1035 2418 1080 2439; x_wconf 84' lang='lat' dir='ltr'>hoc</span> <span class='ocrx_word' id='word_1_369' title='bbox 1092 2416 1195 2439; x_wconf 84' lang='lat' dir='ltr'>manebit</span> <span class='ocrx_word' id='word_1_370' title='bbox 1207 2416 1272 2445; x_wconf 80' lang='lat' dir='ltr'>(ibid.</span> 
     </span>
     <span class='ocr_line' id='line_1_54' title="bbox 426 2452 1273 2482; baseline 0.005 -8"><span class='ocrx_word' id='word_1_371' title='bbox 426 2454 454 2474; x_wconf 89' lang='lat' dir='ltr'>tr.</span> <span class='ocrx_word' id='word_1_372' title='bbox 472 2452 511 2475; x_wconf 84' lang='lat'>72.</span> <span class='ocrx_word' id='word_1_373' title='bbox 527 2459 551 2475; x_wconf 91' lang='lat' dir='ltr'>n.</span> <span class='ocrx_word' id='word_1_374' title='bbox 568 2452 608 2481; x_wconf 82' lang='grc'>3.).</span> <span class='ocrx_word' id='word_1_375' title='bbox 625 2454 731 2482; x_wconf 79' lang='lat' dir='ltr'>Origen.,</span> <span class='ocrx_word' id='word_1_376' title='bbox 757 2455 778 2476; x_wconf 91' lang='lat' dir='ltr'>in</span> <span class='ocrx_word' id='word_1_377' title='bbox 802 2455 870 2478; x_wconf 92' lang='lat' dir='ltr'>Num.</span> <span class='ocrx_word' id='word_1_378' title='bbox 895 2455 972 2477; x_wconf 88' lang='lat' dir='ltr'>homil.</span> <span class='ocrx_word' id='word_1_379' title='bbox 997 2455 1020 2477; x_wconf 86' lang='lat'>7.</span> <span class='ocrx_word' id='word_1_380' title='bbox 1040 2462 1063 2479; x_wconf 89' lang='lat' dir='ltr'>n.</span> <span class='ocrx_word' id='word_1_381' title='bbox 1081 2456 1110 2478; x_wconf 79' lang='lat'>6:</span> <span class='ocrx_word' id='word_1_382' title='bbox 1130 2456 1191 2478; x_wconf 88' lang='lat' dir='ltr'>Vere</span> <span class='ocrx_word' id='word_1_383' title='bbox 1213 2456 1273 2478; x_wconf 89' lang='lat' dir='ltr'>enim</span> 
     </span>
     <span class='ocr_line' id='line_1_55' title="bbox 427 2490 1275 2522; baseline 0.004 -9"><span class='ocrx_word' id='word_1_384' title='bbox 427 2490 502 2513; x_wconf 79' lang='lat' dir='ltr'>maius</span> <span class='ocrx_word' id='word_1_385' title='bbox 527 2491 583 2515; x_wconf 83' lang='lat' dir='ltr'>mihi</span> <span class='ocrx_word' id='word_1_386' title='bbox 607 2492 710 2520; x_wconf 47' lang='lat' dir='ltr'>videtur,</span> <span class='ocrx_word' id='word_1_387' title='bbox 729 2493 793 2521; x_wconf 86' lang='lat' dir='ltr'>quod</span> <span class='ocrx_word' id='word_1_388' title='bbox 810 2494 880 2516; x_wconf 90' lang='lat' dir='ltr'>homo</span> <span class='ocrx_word' id='word_1_389' title='bbox 897 2494 920 2516; x_wconf 89' lang='lat' dir='ltr'>in</span> <span class='ocrx_word' id='word_1_390' title='bbox 938 2494 1007 2517; x_wconf 79' lang='lat' dir='ltr'>carne</span> <span class='ocrx_word' id='word_1_391' title='bbox 1024 2494 1128 2522; x_wconf 85' lang='lat' dir='ltr'>positus,</span> <span class='ocrx_word' id='word_1_392' title='bbox 1144 2494 1230 2522; x_wconf 75' lang='lat' dir='ltr'>fragilis</span> <span class='ocrx_word' id='word_1_393' title='bbox 1253 2496 1275 2516; x_wconf 87' lang='lat' dir='ltr'>et</span> 
     </span>
     <span class='ocr_line' id='line_1_56' title="bbox 427 2530 1275 2560; baseline 0.005 -9"><span class='ocrx_word' id='word_1_394' title='bbox 427 2530 542 2558; x_wconf 86' lang='lat' dir='ltr'>caducus,</span> <span class='ocrx_word' id='word_1_395' title='bbox 568 2530 614 2553; x_wconf 82' lang='lat' dir='ltr'>fide</span> <span class='ocrx_word' id='word_1_396' title='bbox 639 2533 727 2554; x_wconf 83' lang='lat' dir='ltr'>tantum</span> <span class='ocrx_word' id='word_1_397' title='bbox 752 2531 836 2555; x_wconf 85' lang='lat' dir='ltr'>Christi</span> <span class='ocrx_word' id='word_1_398' title='bbox 853 2535 875 2555; x_wconf 86' lang='lat' dir='ltr'>et</span> <span class='ocrx_word' id='word_1_399' title='bbox 893 2532 966 2555; x_wconf 83' lang='lat' dir='ltr'>verbo</span> <span class='ocrx_word' id='word_1_400' title='bbox 983 2533 1033 2559; x_wconf 81' lang='lat' dir='ltr'>eius</span> <span class='ocrx_word' id='word_1_401' title='bbox 1050 2535 1163 2560; x_wconf 90' lang='lat' dir='ltr'>armatus,</span> <span class='ocrx_word' id='word_1_402' title='bbox 1181 2535 1275 2560; x_wconf 80' lang='lat' dir='ltr'>superet</span> 
     </span>
     <span class='ocr_line' id='line_1_57' title="bbox 427 2568 1275 2600; baseline 0.005 -10"><span class='ocrx_word' id='word_1_403' title='bbox 427 2568 546 2596; x_wconf 80' lang='lat' dir='ltr'>gigantes,</span> <span class='ocrx_word' id='word_1_404' title='bbox 562 2569 703 2592; x_wconf 77' lang='lat' dir='ltr'>daemonum</span> <span class='ocrx_word' id='word_1_405' title='bbox 721 2571 832 2599; x_wconf 79' lang='lat' dir='ltr'>legiones.</span> <span class='ocrx_word' id='word_1_406' title='bbox 848 2572 963 2600; x_wconf 83' lang='lat' dir='ltr'>Quamvis</span> <span class='ocrx_word' id='word_1_407' title='bbox 978 2572 1028 2600; x_wconf 87' lang='lat' dir='ltr'>ipse</span> <span class='ocrx_word' id='word_1_408' title='bbox 1044 2572 1083 2600; x_wconf 89' lang='lat' dir='ltr'>sit,</span> <span class='ocrx_word' id='word_1_409' title='bbox 1101 2572 1141 2600; x_wconf 93' lang='lat' dir='ltr'>qui</span> <span class='ocrx_word' id='word_1_410' title='bbox 1158 2572 1231 2594; x_wconf 86' lang='lat' dir='ltr'>vincit</span> <span class='ocrx_word' id='word_1_411' title='bbox 1252 2572 1275 2594; x_wconf 88' lang='lat' dir='ltr'>in</span> 
     </span>
     <span class='ocr_line' id='line_1_58' title="bbox 427 2607 1276 2640; baseline 0.006 -11"><span class='ocrx_word' id='word_1_412' title='bbox 427 2607 508 2635; x_wconf 83' lang='lat' dir='ltr'>nohis,</span> <span class='ocrx_word' id='word_1_413' title='bbox 524 2608 577 2636; x_wconf 82' lang='lat' dir='ltr'>plus</span> <span class='ocrx_word' id='word_1_414' title='bbox 594 2611 671 2636; x_wconf 80' lang='lat' dir='ltr'>tamen</span> <span class='ocrx_word' id='word_1_415' title='bbox 687 2615 738 2632; x_wconf 78' lang='lat' dir='ltr'>esse</span> <span class='ocrx_word' id='word_1_416' title='bbox 755 2610 821 2638; x_wconf 79' lang='lat' dir='ltr'>dicit,</span> <span class='ocrx_word' id='word_1_417' title='bbox 839 2611 903 2639; x_wconf 90' lang='lat' dir='ltr'>quod</span> <span class='ocrx_word' id='word_1_418' title='bbox 915 2617 957 2639; x_wconf 84' lang='lat' dir='ltr'>per</span> <span class='ocrx_word' id='word_1_419' title='bbox 968 2617 1014 2635; x_wconf 83' lang='lat' dir='ltr'>nos</span> <span class='ocrx_word' id='word_1_420' title='bbox 1028 2611 1111 2639; x_wconf 88' lang='lat' dir='ltr'>vincit,</span> <span class='ocrx_word' id='word_1_421' title='bbox 1128 2617 1199 2640; x_wconf 87' lang='lat' dir='ltr'>quam</span> <span class='ocrx_word' id='word_1_422' title='bbox 1212 2611 1276 2640; x_wconf 85' lang='lat' dir='ltr'>quod</span> 
     </span>
     <span class='ocr_line' id='line_1_59' title="bbox 428 2647 1276 2678; baseline 0.005 -10"><span class='ocrx_word' id='word_1_423' title='bbox 428 2653 469 2674; x_wconf 88' lang='lat' dir='ltr'>per</span> <span class='ocrx_word' id='word_1_424' title='bbox 486 2653 511 2671; x_wconf 82' lang='lat' dir='ltr'>se</span> <span class='ocrx_word' id='word_1_425' title='bbox 527 2647 605 2670; x_wconf 78' lang='lat' dir='ltr'>vincit.</span> <span class='ocrx_word' id='word_1_426' title='bbox 618 2659 648 2664; x_wconf 94' lang='grc'>--</span> <span class='ocrx_word' id='word_1_427' title='bbox 660 2648 692 2669; x_wconf 88' lang='lat' dir='ltr'>De</span> <span class='ocrx_word' id='word_1_428' title='bbox 709 2649 829 2671; x_wconf 77' lang='lat' dir='ltr'>sanatione</span> <span class='ocrx_word' id='word_1_429' title='bbox 844 2652 994 2677; x_wconf 81' lang='lat' dir='ltr'>aegrotorum</span> <span class='ocrx_word' id='word_1_430' title='bbox 1007 2656 1048 2678; x_wconf 89' lang='lat' dir='ltr'>per</span> <span class='ocrx_word' id='word_1_431' title='bbox 1060 2650 1196 2672; x_wconf 85' lang='lat' dir='ltr'>indumenta</span> <span class='ocrx_word' id='word_1_432' title='bbox 1213 2650 1276 2673; x_wconf 86' lang='lat' dir='ltr'>Pauli</span> 
     </span>
     <span class='ocr_line' id='line_1_60' title="bbox 427 2685 663 2713; baseline 0.004 -6"><span class='ocrx_word' id='word_1_433' title='bbox 427 2685 482 2708; x_wconf 89' lang='lat' dir='ltr'>vide</span> <span class='ocrx_word' id='word_1_434' title='bbox 499 2685 548 2708; x_wconf 76' lang='lat' dir='ltr'>Act.</span> <span class='ocrx_word' id='word_1_435' title='bbox 565 2686 607 2713; x_wconf 83' lang='grc'>19,</span> <span class='ocrx_word' id='word_1_436' title='bbox 628 2686 663 2708; x_wconf 73' lang='lat' dir='ltr'>ta.</span> 
     </span>
    </p>
   </div>
   <div class='ocr_carea' id='block_1_9' title="bbox 428 2722 1278 2947">
    <p class='ocr_par' dir='ltr' id='par_1_19' title="bbox 428 2722 1276 2791">
     <span class='ocr_line' id='line_1_61' title="bbox 491 2722 1276 2757; baseline 0.005 -10"><span class='ocrx_word' id='word_1_437' title='bbox 491 2722 500 2736; x_wconf 63' lang='grc' dir='ltr'><strong>Β</strong></span> <span class='ocrx_word' id='word_1_438' title='bbox 517 2723 562 2747; x_wconf 82' lang='lat' dir='ltr'>Csr.</span> <span class='ocrx_word' id='word_1_439' title='bbox 580 2725 627 2747; x_wconf 84' lang='lat' dir='ltr'>Act.</span> <span class='ocrx_word' id='word_1_440' title='bbox 646 2726 672 2752; x_wconf 85' lang='lat'>3,</span> <span class='ocrx_word' id='word_1_441' title='bbox 691 2726 727 2748; x_wconf 85' lang='grc'>12.</span> <span class='ocrx_word' id='word_1_442' title='bbox 751 2733 816 2756; x_wconf 86' lang='lat' dir='ltr'>seqq,</span> <span class='ocrx_word' id='word_1_443' title='bbox 834 2739 864 2742; x_wconf 98' lang='lat'><strong>—</strong></span> <span class='ocrx_word' id='word_1_444' title='bbox 881 2727 994 2755; x_wconf 86' lang='lat' dir='ltr'>Superius</span> <span class='ocrx_word' id='word_1_445' title='bbox 1019 2730 1072 2756; x_wconf 85' lang='lat' dir='ltr'>post</span> <span class='ocrx_word' id='word_1_446' title='bbox 1095 2726 1215 2757; x_wconf 76' lang='lat' dir='ltr'>faciehant</span> <span class='ocrx_word' id='word_1_447' title='bbox 1238 2728 1276 2751; x_wconf 85' lang='lat' dir='ltr'>ed.</span> 
     </span>
     <span class='ocr_line' id='line_1_62' title="bbox 428 2762 992 2791; baseline 0.009 -7"><span class='ocrx_word' id='word_1_448' title='bbox 428 2762 494 2785; x_wconf 82' lang='lat' dir='ltr'>addit</span> <span class='ocrx_word' id='word_1_449' title='bbox 509 2762 596 2786; x_wconf 74' lang='lat' dir='ltr'>virtute</span> <span class='ocrx_word' id='word_1_450' title='bbox 611 2769 669 2791; x_wconf 79' lang='lat' dir='ltr'>sua,</span> <span class='ocrx_word' id='word_1_451' title='bbox 686 2763 728 2787; x_wconf 80' lang='lat' dir='ltr'>sed</span> <span class='ocrx_word' id='word_1_452' title='bbox 743 2764 769 2787; x_wconf 76' lang='lat' dir='ltr'>in</span> <span class='ocrx_word' id='word_1_453' title='bbox 784 2765 879 2789; x_wconf 43' lang='lat' dir='ltr'>&#39;nomine</span> <span class='ocrx_word' id='word_1_454' title='bbox 897 2765 992 2789; x_wconf 76' lang='lat' dir='ltr'>Christi.</span> 
     </span>
    </p>

    <p class='ocr_par' dir='ltr' id='par_1_20' title="bbox 491 2800 624 2824">
     <span class='ocr_line' id='line_1_63' title="bbox 491 2800 624 2824; baseline 0.008 -1"><span class='ocrx_word' id='word_1_455' title='bbox 491 2800 503 2815; x_wconf 75' lang='lat'><strong>⁴</strong></span> <span class='ocrx_word' id='word_1_456' title='bbox 518 2801 584 2824; x_wconf 84' lang='lat' dir='ltr'>Vers.</span> <span class='ocrx_word' id='word_1_457' title='bbox 602 2803 624 2824; x_wconf 84' lang='grc'>2.</span> 
     </span>
    </p>

    <p class='ocr_par' dir='ltr' id='par_1_21' title="bbox 492 2838 911 2871">
     <span class='ocr_line' id='line_1_64' title="bbox 492 2838 911 2871; baseline 0.01 -9"><span class='ocrx_word' id='word_1_458' title='bbox 492 2838 502 2852; x_wconf 78' lang='lat'><strong>⁶</strong></span> <span class='ocrx_word' id='word_1_459' title='bbox 519 2840 565 2865; x_wconf 81' lang='lat' dir='ltr'>Csr.</span> <span class='ocrx_word' id='word_1_460' title='bbox 582 2847 654 2869; x_wconf 85' lang='lat' dir='ltr'>supra</span> <span class='ocrx_word' id='word_1_461' title='bbox 669 2848 723 2870; x_wconf 77' lang='lat' dir='ltr'>pag.</span> <span class='ocrx_word' id='word_1_462' title='bbox 742 2843 800 2871; x_wconf 78' lang='lat'>205,</span> <span class='ocrx_word' id='word_1_463' title='bbox 818 2846 871 2865; x_wconf 88' lang='lat' dir='ltr'>nota</span> <span class='ocrx_word' id='word_1_464' title='bbox 890 2845 911 2866; x_wconf 80' lang='lat'>2.</span> 
     </span>
    </p>

    <p class='ocr_par' dir='ltr' id='par_1_22' title="bbox 430 2877 1278 2947">
     <span class='ocr_line' id='line_1_65' title="bbox 492 2877 1277 2913; baseline 0.008 -12"><span class='ocrx_word' id='word_1_465' title='bbox 492 2877 501 2890; x_wconf 82' lang='lat'>&#39;¹</span> <span class='ocrx_word' id='word_1_466' title='bbox 519 2880 579 2902; x_wconf 88' lang='lat' dir='ltr'>Vide</span> <span class='ocrx_word' id='word_1_467' title='bbox 599 2880 631 2902; x_wconf 84' lang='grc' dir='ltr'>ΙΙΙ.</span> <span class='ocrx_word' id='word_1_468' title='bbox 655 2881 716 2903; x_wconf 85' lang='lat' dir='ltr'>Sent.</span> <span class='ocrx_word' id='word_1_469' title='bbox 733 2881 756 2903; x_wconf 91' lang='lat' dir='ltr'>d.</span> <span class='ocrx_word' id='word_1_470' title='bbox 777 2882 814 2904; x_wconf 90' lang='grc'>23.</span> <span class='ocrx_word' id='word_1_471' title='bbox 832 2888 852 2904; x_wconf 86' lang='lat' dir='ltr'>a.</span> <span class='ocrx_word' id='word_1_472' title='bbox 872 2883 893 2904; x_wconf 89' lang='grc'>2.</span> <span class='ocrx_word' id='word_1_473' title='bbox 911 2890 935 2911; x_wconf 89' lang='lat' dir='ltr'>q.</span> <span class='ocrx_word' id='word_1_474' title='bbox 952 2884 979 2912; x_wconf 80' lang='lat'>2,</span> <span class='ocrx_word' id='word_1_475' title='bbox 997 2883 1038 2906; x_wconf 91' lang='lat' dir='ltr'>ubi</span> <span class='ocrx_word' id='word_1_476' title='bbox 1054 2884 1195 2911; x_wconf 83' lang='lat' dir='ltr'>ostenditur,</span> <span class='ocrx_word' id='word_1_477' title='bbox 1213 2884 1277 2913; x_wconf 89' lang='lat' dir='ltr'>quod</span> 
     </span>
     <span class='ocr_line' id='line_1_66' title="bbox 430 2918 1278 2947; baseline 0.008 -8"><span class='ocrx_word' id='word_1_478' title='bbox 430 2920 453 2940; x_wconf 81' lang='lat' dir='ltr'>et</span> <span class='ocrx_word' id='word_1_479' title='bbox 469 2918 588 2947; x_wconf 90' lang='lat' dir='ltr'>quomodo</span> <span class='ocrx_word' id='word_1_480' title='bbox 600 2918 658 2941; x_wconf 85' lang='lat' dir='ltr'>fldes</span> <span class='ocrx_word' id='word_1_481' title='bbox 670 2919 773 2942; x_wconf 78' lang='lat' dir='ltr'>informis</span> <span class='ocrx_word' id='word_1_482' title='bbox 790 2921 818 2943; x_wconf 84' lang='lat' dir='ltr'>sit</span> <span class='ocrx_word' id='word_1_483' title='bbox 836 2921 924 2943; x_wconf 89' lang='lat' dir='ltr'>donum</span> <span class='ocrx_word' id='word_1_484' title='bbox 942 2922 983 2945; x_wconf 85' lang='lat' dir='ltr'>Dei</span> <span class='ocrx_word' id='word_1_485' title='bbox 995 2925 1017 2944; x_wconf 89' lang='lat' dir='ltr'>et</span> <span class='ocrx_word' id='word_1_486' title='bbox 1029 2922 1122 2945; x_wconf 87' lang='lat' dir='ltr'>habitus</span> <span class='ocrx_word' id='word_1_487' title='bbox 1139 2923 1234 2945; x_wconf 84' lang='lat' dir='ltr'>infusus.</span> <span class='ocrx_word' id='word_1_488' title='bbox 1246 2935 1278 2940; x_wconf 91' lang='lat'>—</span> 
     </span>
    </p>
   </div>
   <div class='ocr_carea' id='block_1_10' title="bbox 1128 2804 1277 2828">
    <p class='ocr_par' dir='ltr' id='par_1_23' title="bbox 1128 2804 1277 2828">
     <span class='ocr_line' id='line_1_67' title="bbox 1128 2804 1277 2828; baseline 0 0"><span class='ocrx_word' id='word_1_489' title='bbox 1128 2804 1138 2818; x_wconf 83' lang='lat'><em>⁶</em></span> <span class='ocrx_word' id='word_1_490' title='bbox 1155 2805 1220 2828; x_wconf 88' lang='lat' dir='ltr'>Vers.</span> <span class='ocrx_word' id='word_1_491' title='bbox 1239 2806 1277 2828; x_wconf 85' lang='grc'>22.</span> 
     </span>
    </p>
   </div>
   <div class='ocr_carea' id='block_1_11' title="bbox 1032 142 1562 179">
    <p class='ocr_par' dir='ltr' id='par_1_24' title="bbox 1032 142 1562 179">
     <span class='ocr_line' id='line_1_68' title="bbox 1032 142 1562 179; baseline -0.002 -8"><span class='ocrx_word' id='word_1_492' title='bbox 1032 143 1201 173; x_wconf 85' lang='lat' dir='ltr'>COMMENT.</span> <span class='ocrx_word' id='word_1_493' title='bbox 1225 143 1257 171; x_wconf 78' lang='lat' dir='ltr'>IN</span> <span class='ocrx_word' id='word_1_494' title='bbox 1279 142 1425 172; x_wconf 74' lang='lat' dir='ltr'><strong>IOANNEM</strong></span> <span class='ocrx_word' id='word_1_495' title='bbox 1446 142 1475 172; x_wconf 85' lang='lat' dir='ltr'>C.</span> <span class='ocrx_word' id='word_1_496' title='bbox 1497 142 1562 179; x_wconf 83' lang='lat' dir='ltr'>xiv.</span> 
     </span>
    </p>
   </div>
   <div class='ocr_carea' id='block_1_12' title="bbox 1326 218 2293 1237">
    <p class='ocr_par' dir='ltr' id='par_1_25' title="bbox 1326 218 2272 536">
     <span class='ocr_line' id='line_1_69' title="bbox 1405 218 2173 256; baseline 0 -7"><span class='ocrx_word' id='word_1_497' title='bbox 1405 219 1451 250; x_wconf 84' lang='grc'>23.</span> <span class='ocrx_word' id='word_1_498' title='bbox 1473 219 1583 256; x_wconf 79' lang='lat' dir='ltr'>Quaest.</span> <span class='ocrx_word' id='word_1_499' title='bbox 1605 219 1669 249; x_wconf 88' lang='lat' dir='ltr'>Vlll.</span> <span class='ocrx_word' id='word_1_500' title='bbox 1692 218 1743 249; x_wconf 88' lang='lat' dir='ltr'>Sed</span> <span class='ocrx_word' id='word_1_501' title='bbox 1765 222 1831 249; x_wconf 85' lang='lat' dir='ltr'>tuno</span> <span class='ocrx_word' id='word_1_502' title='bbox 1852 218 2017 255; x_wconf 84' lang='lat' dir='ltr'>quaeritur:</span> <span class='ocrx_word' id='word_1_503' title='bbox 2033 219 2055 250; x_wconf 91' lang='lat' dir='ltr'>si</span> <span class='ocrx_word' id='word_1_504' title='bbox 2069 219 2173 249; x_wconf 86' lang='lat' dir='ltr'>hahen-</span> 
     </span>
     <span class='ocr_line' id='line_1_70' title="bbox 1327 264 2272 308; baseline -0.001 -14"><span class='ocrx_word' id='word_1_505' title='bbox 1327 268 1369 295; x_wconf 82' lang='lat' dir='ltr'>tes</span> <span class='ocrx_word' id='word_1_506' title='bbox 1387 265 1471 295; x_wconf 85' lang='lat' dir='ltr'>fidem</span> <span class='ocrx_word' id='word_1_507' title='bbox 1491 265 1596 293; x_wconf 78' lang='lat' dir='ltr'>faciunt</span> <span class='ocrx_word' id='word_1_508' title='bbox 1614 265 1768 300; x_wconf 80' lang='lat' dir='ltr'>miracula3</span> <span class='ocrx_word' id='word_1_509' title='bbox 1790 267 1818 296; x_wconf 79' lang='lat' dir='ltr'>et</span> <span class='ocrx_word' id='word_1_510' title='bbox 1837 264 1919 293; x_wconf 86' lang='lat' dir='ltr'>hodie</span> <span class='ocrx_word' id='word_1_511' title='bbox 1939 265 2020 298; x_wconf 82' lang='lat' dir='ltr'>nauci</span> <span class='ocrx_word' id='word_1_512' title='bbox 2041 267 2090 293; x_wconf 83' lang='lat' dir='ltr'>aut</span> <span class='ocrx_word' id='word_1_513' title='bbox 2103 266 2171 293; x_wconf 91' lang='lat' dir='ltr'>nulli</span> <span class='ocrx_word' id='word_1_514' title='bbox 2270 287 2272 308; x_wconf 26' lang='grc' dir='ltr'>ἱ</span> 
     </span>
     <span class='ocr_line' id='line_1_71' title="bbox 1326 309 2271 349; baseline 0 -8"><span class='ocrx_word' id='word_1_515' title='bbox 1326 312 1461 341; x_wconf 85' lang='lat' dir='ltr'>miracula</span> <span class='ocrx_word' id='word_1_516' title='bbox 1481 312 1606 341; x_wconf 79' lang='lat' dir='ltr'>faciunt:</span> <span class='ocrx_word' id='word_1_517' title='bbox 1628 320 1694 349; x_wconf 83' lang='lat' dir='ltr'>ergo</span> <span class='ocrx_word' id='word_1_518' title='bbox 1715 313 1796 349; x_wconf 89' lang='lat' dir='ltr'>pauci</span> <span class='ocrx_word' id='word_1_519' title='bbox 1817 314 1866 342; x_wconf 88' lang='lat' dir='ltr'>aut</span> <span class='ocrx_word' id='word_1_520' title='bbox 1879 311 1948 342; x_wconf 88' lang='lat' dir='ltr'>nulli</span> <span class='ocrx_word' id='word_1_521' title='bbox 1964 311 2067 342; x_wconf 81' lang='lat' dir='ltr'>hahent</span> <span class='ocrx_word' id='word_1_522' title='bbox 2079 312 2172 343; x_wconf 79' lang='lat' dir='ltr'>fidem.</span> <span class='ocrx_word' id='word_1_523' title='bbox 2270 309 2271 338; x_wconf 67' lang='lat' dir='ltr'>l</span> 
     </span>
     <span class='ocr_line' id='line_1_72' title="bbox 1326 357 2173 395; baseline 0 -8"><span class='ocrx_word' id='word_1_524' title='bbox 1326 375 1365 380; x_wconf 87' lang='lat'><em>-</em></span> <span class='ocrx_word' id='word_1_525' title='bbox 1393 359 1421 388; x_wconf 92' lang='lat' dir='ltr'>ln</span> <span class='ocrx_word' id='word_1_526' title='bbox 1449 359 1534 389; x_wconf 80' lang='lat' dir='ltr'>huius</span> <span class='ocrx_word' id='word_1_527' title='bbox 1561 359 1763 389; x_wconf 81' lang='lat' dir='ltr'>attestationem</span> <span class='ocrx_word' id='word_1_528' title='bbox 1791 358 1940 389; x_wconf 84' lang='lat' dir='ltr'>adducitur</span> <span class='ocrx_word' id='word_1_529' title='bbox 1967 358 2042 395; x_wconf 84' lang='lat' dir='ltr'>quod</span> <span class='ocrx_word' id='word_1_530' title='bbox 2071 357 2173 388; x_wconf 87' lang='lat' dir='ltr'>dicitur</span> 
     </span>
     <span class='ocr_line' id='line_1_73' title="bbox 1327 404 2174 442; baseline -0.001 -7"><span class='ocrx_word' id='word_1_531' title='bbox 1327 405 1455 435; x_wconf 83' lang='lat' dir='ltr'>Matthaei</span> <span class='ocrx_word' id='word_1_532' title='bbox 1476 405 1609 442; x_wconf 78' lang='lat' dir='ltr'>vigesimo</span> <span class='ocrx_word' id='word_1_533' title='bbox 1630 405 1760 442; x_wconf 77' lang='lat' dir='ltr'>primo³z</span> <span class='ocrx_word' id='word_1_534' title='bbox 1791 405 1823 435; x_wconf 89' lang='lat' dir='ltr'>Si</span> <span class='ocrx_word' id='word_1_535' title='bbox 1849 404 2011 435; x_wconf 72' lang='lat' dir='ltr'>habueritis</span> <span class='ocrx_word' id='word_1_536' title='bbox 2035 404 2121 442; x_wconf 76' lang='lat' dir='ltr'>fidem</span> <span class='ocrx_word' id='word_1_537' title='bbox 2149 410 2174 434; x_wconf 78' lang='lat' dir='ltr'>et</span> 
     </span>
     <span class='ocr_line' id='line_1_74' title="bbox 1328 450 2173 489; baseline 0.002 -9"><span class='ocrx_word' id='word_1_538' title='bbox 1328 452 1463 481; x_wconf 71' lang='lat' dir='ltr'>dixeritis</span> <span class='ocrx_word' id='word_1_539' title='bbox 1483 452 1576 481; x_wconf 73' lang='lat' dir='ltr'>monti</span> <span class='ocrx_word' id='word_1_540' title='bbox 1596 451 1685 481; x_wconf 80' lang='lat' dir='ltr'>huic.-</span> <span class='ocrx_word' id='word_1_541' title='bbox 1712 450 1856 489; x_wconf 64' lang='lat' dir='ltr'>Transfer</span> <span class='ocrx_word' id='word_1_542' title='bbox 1876 455 1901 482; x_wconf 79' lang='lat' dir='ltr'>te</span> <span class='ocrx_word' id='word_1_543' title='bbox 1928 452 1960 480; x_wconf 79' lang='lat' dir='ltr'>in</span> <span class='ocrx_word' id='word_1_544' title='bbox 1986 459 2091 485; x_wconf 70' lang='lat' dir='ltr'>mare,-</span> <span class='ocrx_word' id='word_1_545' title='bbox 2117 451 2173 489; x_wconf 77' lang='lat' dir='ltr'>fiet.</span> 
     </span>
     <span class='ocr_line' id='line_1_75' title="bbox 1327 499 1932 536; baseline 0 -9"><span class='ocrx_word' id='word_1_546' title='bbox 1327 499 1379 529; x_wconf 81' lang='lat' dir='ltr'>Sed</span> <span class='ocrx_word' id='word_1_547' title='bbox 1399 499 1463 536; x_wconf 87' lang='lat' dir='ltr'>quis</span> <span class='ocrx_word' id='word_1_548' title='bbox 1482 501 1541 533; x_wconf 86' lang='lat' dir='ltr'>est,</span> <span class='ocrx_word' id='word_1_549' title='bbox 1561 499 1608 536; x_wconf 86' lang='lat' dir='ltr'>qui</span> <span class='ocrx_word' id='word_1_550' title='bbox 1630 502 1722 536; x_wconf 85' lang='lat' dir='ltr'>posset</span> <span class='ocrx_word' id='word_1_551' title='bbox 1743 499 1795 528; x_wconf 91' lang='lat' dir='ltr'>hoc</span> <span class='ocrx_word' id='word_1_552' title='bbox 1816 499 1932 529; x_wconf 77' lang='lat' dir='ltr'>facere?</span> 
     </span>
    </p>

    <p class='ocr_par' dir='ltr' id='par_1_26' title="bbox 1327 545 2285 816">
     <span class='ocr_line' id='line_1_76' title="bbox 1407 545 2265 594; baseline 0 -18"><span class='ocrx_word' id='word_1_553' title='bbox 1407 546 1586 576; x_wconf 70' lang='lat' dir='ltr'>Rnsnouneo:</span> <span class='ocrx_word' id='word_1_554' title='bbox 1615 545 1767 577; x_wconf 86' lang='lat' dir='ltr'>Dicendum</span> <span class='ocrx_word' id='word_1_555' title='bbox 1796 545 1951 575; x_wconf 86' lang='lat' dir='ltr'>secundum</span> <span class='ocrx_word' id='word_1_556' title='bbox 1979 545 2143 584; x_wconf 82' lang='lat' dir='ltr'>Gregorium</span> <span class='ocrx_word' id='word_1_557' title='bbox 2162 545 2173 563; x_wconf 83' lang='lat'>⁹</span> <span class='ocrx_word' id='word_1_558' title='bbox 2185 551 2265 594; x_wconf 31' lang='lat'>3533&amp;</span> 
     </span>
     <span class='ocr_line' id='line_1_77' title="bbox 1328 581 2285 629; baseline 0.001 -9"><span class='ocrx_word' id='word_1_559' title='bbox 1328 594 1355 620; x_wconf 89' lang='lat' dir='ltr'>et</span> <span class='ocrx_word' id='word_1_560' title='bbox 1375 592 1574 629; x_wconf 81' lang='lat' dir='ltr'>Augustinum,</span> <span class='ocrx_word' id='word_1_561' title='bbox 1596 591 1670 629; x_wconf 92' lang='lat' dir='ltr'>quod</span> <span class='ocrx_word' id='word_1_562' title='bbox 1691 592 1810 628; x_wconf 86' lang='lat' dir='ltr'>duplicia</span> <span class='ocrx_word' id='word_1_563' title='bbox 1832 595 1898 620; x_wconf 89' lang='lat' dir='ltr'>sunt</span> <span class='ocrx_word' id='word_1_564' title='bbox 1918 599 2003 629; x_wconf 87' lang='lat' dir='ltr'>opera</span> <span class='ocrx_word' id='word_1_565' title='bbox 2023 591 2174 622; x_wconf 80' lang='lat' dir='ltr'>mirabilia:</span> <span class='ocrx_word' id='word_1_566' title='bbox 2270 581 2285 598; x_wconf 60' lang='lat'>&#39;³&#39;</span> 
     </span>
     <span class='ocr_line' id='line_1_78' title="bbox 1327 638 2176 675; baseline 0 -8"><span class='ocrx_word' id='word_1_567' title='bbox 1327 638 1464 675; x_wconf 82' lang='lat' dir='ltr'>quaedam</span> <span class='ocrx_word' id='word_1_568' title='bbox 1482 638 1649 672; x_wconf 68' lang='lat' dir='ltr'>sensibilia,</span> <span class='ocrx_word' id='word_1_569' title='bbox 1671 638 1806 675; x_wconf 83' lang='lat' dir='ltr'>quaedam</span> <span class='ocrx_word' id='word_1_570' title='bbox 1835 638 2028 675; x_wconf 72' lang='lat' dir='ltr'>spiritualia:</span> <span class='ocrx_word' id='word_1_571' title='bbox 2055 638 2176 667; x_wconf 75' lang='lat' dir='ltr'>sensibi-</span> 
     </span>
     <span class='ocr_line' id='line_1_79' title="bbox 1328 684 2176 719; baseline 0.001 -4"><span class='ocrx_word' id='word_1_572' title='bbox 1328 684 1387 719; x_wconf 74' lang='lat' dir='ltr'>tia,</span> <span class='ocrx_word' id='word_1_573' title='bbox 1407 688 1439 714; x_wconf 90' lang='lat' dir='ltr'>ut</span> <span class='ocrx_word' id='word_1_574' title='bbox 1459 684 1595 716; x_wconf 86' lang='lat' dir='ltr'>suscitare</span> <span class='ocrx_word' id='word_1_575' title='bbox 1615 687 1756 719; x_wconf 81' lang='lat' dir='ltr'>mortuos,</span> <span class='ocrx_word' id='word_1_576' title='bbox 1773 687 1801 714; x_wconf 84' lang='lat' dir='ltr'>et</span> <span class='ocrx_word' id='word_1_577' title='bbox 1815 685 1974 716; x_wconf 88' lang='lat' dir='ltr'>huiusmodi</span> <span class='ocrx_word' id='word_1_578' title='bbox 1996 687 2061 714; x_wconf 89' lang='lat' dir='ltr'>sunt</span> <span class='ocrx_word' id='word_1_579' title='bbox 2081 692 2176 716; x_wconf 86' lang='lat' dir='ltr'>neces-</span> 
     </span>
     <span class='ocr_line' id='line_1_80' title="bbox 1327 731 2177 770; baseline 0.002 -10"><span class='ocrx_word' id='word_1_580' title='bbox 1327 732 1401 761; x_wconf 85' lang='lat' dir='ltr'>saria</span> <span class='ocrx_word' id='word_1_581' title='bbox 1420 732 1454 760; x_wconf 86' lang='lat' dir='ltr'>ad</span> <span class='ocrx_word' id='word_1_582' title='bbox 1468 731 1646 761; x_wconf 83' lang='lat' dir='ltr'>astruendam</span> <span class='ocrx_word' id='word_1_583' title='bbox 1662 731 1744 761; x_wconf 79' lang='lat' dir='ltr'>fidem</span> <span class='ocrx_word' id='word_1_584' title='bbox 1759 732 1943 769; x_wconf 63' lang='lat' dir='ltr'>simplicium</span> <span class='ocrx_word' id='word_1_585' title='bbox 1965 732 2015 763; x_wconf 81' lang='lat' dir='ltr'>sed</span> <span class='ocrx_word' id='word_1_586' title='bbox 2032 732 2177 770; x_wconf 73' lang='lat' dir='ltr'>spiritua-</span> 
     </span>
     <span class='ocr_line' id='line_1_81' title="bbox 1327 778 2176 816; baseline 0.001 -10"><span class='ocrx_word' id='word_1_587' title='bbox 1327 778 1369 809; x_wconf 78' lang='lat' dir='ltr'>lia</span> <span class='ocrx_word' id='word_1_588' title='bbox 1390 781 1455 807; x_wconf 91' lang='lat' dir='ltr'>sunt</span> <span class='ocrx_word' id='word_1_589' title='bbox 1474 778 1616 809; x_wconf 81' lang='lat' dir='ltr'>suscitatio</span> <span class='ocrx_word' id='word_1_590' title='bbox 1636 786 1653 806; x_wconf 87' lang='lat' dir='ltr'>a</span> <span class='ocrx_word' id='word_1_591' title='bbox 1672 781 1762 808; x_wconf 87' lang='lat' dir='ltr'>morte</span> <span class='ocrx_word' id='word_1_592' title='bbox 1776 779 1913 815; x_wconf 89' lang='lat' dir='ltr'>spirituali</span> <span class='ocrx_word' id='word_1_593' title='bbox 1928 786 1978 816; x_wconf 86' lang='lat' dir='ltr'>per</span> <span class='ocrx_word' id='word_1_594' title='bbox 1992 779 2176 808; x_wconf 87' lang='lat' dir='ltr'>Sacramenta.</span> 
     </span>
    </p>

    <p class='ocr_par' dir='ltr' id='par_1_27' title="bbox 1327 822 2273 863">
     <span class='ocr_line' id='line_1_82' title="bbox 1327 822 2273 863; baseline 0.002 -10"><span class='ocrx_word' id='word_1_595' title='bbox 1327 824 1419 857; x_wconf 86' lang='lat' dir='ltr'>Prima</span> <span class='ocrx_word' id='word_1_596' title='bbox 1439 828 1634 859; x_wconf 81' lang='lat' dir='ltr'>cessaverunt,</span> <span class='ocrx_word' id='word_1_597' title='bbox 1655 824 1721 861; x_wconf 85' lang='lat' dir='ltr'>quia</span> <span class='ocrx_word' id='word_1_598' title='bbox 1742 825 1812 854; x_wconf 84' lang='lat' dir='ltr'>fides</span> <span class='ocrx_word' id='word_1_599' title='bbox 1838 828 1880 855; x_wconf 90' lang='lat' dir='ltr'>est</span> <span class='ocrx_word' id='word_1_600' title='bbox 1906 826 2107 862; x_wconf 85' lang='lat' dir='ltr'>multiplicata;</span> <span class='ocrx_word' id='word_1_601' title='bbox 2135 833 2177 855; x_wconf 81' lang='lat' dir='ltr'>se·</span> <span class='ocrx_word' id='word_1_602' title='bbox 2272 822 2273 863; x_wconf 64' lang='lat' dir='ltr'>l</span> 
     </span>
    </p>

    <p class='ocr_par' dir='ltr' id='par_1_28' title="bbox 1327 871 2177 908">
     <span class='ocr_line' id='line_1_83' title="bbox 1327 871 2177 908; baseline 0.004 -8"><span class='ocrx_word' id='word_1_603' title='bbox 1327 871 1418 900; x_wconf 84' lang='lat' dir='ltr'>cunda</span> <span class='ocrx_word' id='word_1_604' title='bbox 1439 879 1550 908; x_wconf 88' lang='lat' dir='ltr'>semper</span> <span class='ocrx_word' id='word_1_605' title='bbox 1566 874 1678 900; x_wconf 88' lang='lat' dir='ltr'>manent</span> <span class='ocrx_word' id='word_1_606' title='bbox 1692 874 1807 908; x_wconf 84' lang='lat' dir='ltr'>propter</span> <span class='ocrx_word' id='word_1_607' title='bbox 1821 875 1945 901; x_wconf 89' lang='lat' dir='ltr'>nostram</span> <span class='ocrx_word' id='word_1_608' title='bbox 1959 873 2086 902; x_wconf 83' lang='lat' dir='ltr'>salutem.</span> <span class='ocrx_word' id='word_1_609' title='bbox 2101 872 2177 903; x_wconf 87' lang='lat' dir='ltr'>Unde</span> 
     </span>
    </p>

    <p class='ocr_par' dir='ltr' id='par_1_29' title="bbox 1327 918 2178 955">
     <span class='ocr_line' id='line_1_84' title="bbox 1327 918 2178 955; baseline 0.004 -8"><span class='ocrx_word' id='word_1_610' title='bbox 1327 918 1552 955; x_wconf 84' lang='lat' dir='ltr'>intelligendum,</span> <span class='ocrx_word' id='word_1_611' title='bbox 1581 918 1655 955; x_wconf 90' lang='lat' dir='ltr'>quod</span> <span class='ocrx_word' id='word_1_612' title='bbox 1677 918 1811 948; x_wconf 89' lang='lat' dir='ltr'>Dominus</span> <span class='ocrx_word' id='word_1_613' title='bbox 1832 918 1999 955; x_wconf 80' lang='lat' dir='ltr'>loquebatur</span> <span class='ocrx_word' id='word_1_614' title='bbox 2019 920 2059 949; x_wconf 92' lang='lat' dir='ltr'>eis</span> <span class='ocrx_word' id='word_1_615' title='bbox 2080 920 2122 949; x_wconf 90' lang='lat' dir='ltr'>vel</span> <span class='ocrx_word' id='word_1_616' title='bbox 2143 920 2178 950; x_wconf 88' lang='lat' dir='ltr'>de</span> 
     </span>
    </p>

    <p class='ocr_par' dir='ltr' id='par_1_30' title="bbox 1327 964 2273 1005">
     <span class='ocr_line' id='line_1_85' title="bbox 1327 964 2273 1005; baseline 0.002 -12"><span class='ocrx_word' id='word_1_617' title='bbox 1327 965 1503 993; x_wconf 84' lang='lat' dir='ltr'>mirabilibus</span> <span class='ocrx_word' id='word_1_618' title='bbox 1529 964 1754 1002; x_wconf 75' lang='lat' dir='ltr'>spiritualibus,</span> <span class='ocrx_word' id='word_1_619' title='bbox 1783 965 1827 994; x_wconf 89' lang='lat' dir='ltr'>vel</span> <span class='ocrx_word' id='word_1_620' title='bbox 1848 965 2015 1002; x_wconf 82' lang='lat' dir='ltr'>loquebatur</span> <span class='ocrx_word' id='word_1_621' title='bbox 2036 974 2088 1003; x_wconf 86' lang='lat' dir='ltr'>pro</span> <span class='ocrx_word' id='word_1_622' title='bbox 2108 969 2177 995; x_wconf 88' lang='lat' dir='ltr'>tem-</span> <span class='ocrx_word' id='word_1_623' title='bbox 2272 996 2273 1005; x_wconf 15' lang='grc' dir='ltr'>ἵ</span> 
     </span>
    </p>

    <p class='ocr_par' dir='ltr' id='par_1_31' title="bbox 1328 1011 2274 1051">
     <span class='ocr_line' id='line_1_86' title="bbox 1328 1011 2274 1051; baseline 0.002 -11"><span class='ocrx_word' id='word_1_624' title='bbox 1328 1019 1396 1048; x_wconf 88' lang='lat' dir='ltr'>pore</span> <span class='ocrx_word' id='word_1_625' title='bbox 1418 1011 1561 1041; x_wconf 78' lang='lat' dir='ltr'>Ecclesiae</span> <span class='ocrx_word' id='word_1_626' title='bbox 1578 1011 1766 1048; x_wconf 82' lang='lat' dir='ltr'>primitivae,</span> <span class='ocrx_word' id='word_1_627' title='bbox 1788 1012 1815 1040; x_wconf 92' lang='lat' dir='ltr'>in</span> <span class='ocrx_word' id='word_1_628' title='bbox 1844 1020 1900 1049; x_wconf 86' lang='lat' dir='ltr'>quo</span> <span class='ocrx_word' id='word_1_629' title='bbox 1927 1012 2043 1049; x_wconf 84' lang='lat' dir='ltr'>gentiles</span> <span class='ocrx_word' id='word_1_630' title='bbox 2063 1016 2091 1041; x_wconf 90' lang='lat' dir='ltr'>et</span> <span class='ocrx_word' id='word_1_631' title='bbox 2110 1013 2178 1042; x_wconf 90' lang='lat' dir='ltr'>idio·</span> <span class='ocrx_word' id='word_1_632' title='bbox 2272 1013 2274 1051; x_wconf 61' lang='grc' dir='ltr'>ξ</span> 
     </span>
    </p>

    <p class='ocr_par' dir='ltr' id='par_1_32' title="bbox 1328 1058 2178 1090">
     <span class='ocr_line' id='line_1_87' title="bbox 1328 1058 2178 1090; baseline 0.002 -3"><span class='ocrx_word' id='word_1_633' title='bbox 1328 1061 1372 1087; x_wconf 85' lang='lat' dir='ltr'>tae</span> <span class='ocrx_word' id='word_1_634' title='bbox 1393 1058 1559 1089; x_wconf 87' lang='lat' dir='ltr'>informandi</span> <span class='ocrx_word' id='word_1_635' title='bbox 1588 1061 1668 1087; x_wconf 83' lang='lat' dir='ltr'>erant</span> <span class='ocrx_word' id='word_1_636' title='bbox 1695 1058 1729 1088; x_wconf 85' lang='lat' dir='ltr'>ad</span> <span class='ocrx_word' id='word_1_637' title='bbox 1757 1058 1848 1089; x_wconf 87' lang='lat' dir='ltr'>fidem.</span> <span class='ocrx_word' id='word_1_638' title='bbox 1875 1058 2059 1089; x_wconf 87' lang='lat' dir='ltr'>Nihilominus</span> <span class='ocrx_word' id='word_1_639' title='bbox 2086 1062 2178 1090; x_wconf 76' lang='lat' dir='ltr'>tamen</span> 
     </span>
    </p>

    <p class='ocr_par' dir='ltr' id='par_1_33' title="bbox 1327 1105 2177 1143">
     <span class='ocr_line' id='line_1_88' title="bbox 1327 1105 2177 1143; baseline 0.001 -8"><span class='ocrx_word' id='word_1_640' title='bbox 1327 1105 1410 1135; x_wconf 87' lang='lat' dir='ltr'>modo</span> <span class='ocrx_word' id='word_1_641' title='bbox 1430 1105 1517 1140; x_wconf 89' lang='lat' dir='ltr'>fiunt,</span> <span class='ocrx_word' id='word_1_642' title='bbox 1539 1105 1586 1134; x_wconf 89' lang='lat' dir='ltr'>sed</span> <span class='ocrx_word' id='word_1_643' title='bbox 1607 1106 1743 1135; x_wconf 89' lang='lat' dir='ltr'>Dominus</span> <span class='ocrx_word' id='word_1_644' title='bbox 1763 1106 1880 1135; x_wconf 82' lang='lat' dir='ltr'>arctavit</span> <span class='ocrx_word' id='word_1_645' title='bbox 1898 1113 2031 1140; x_wconf 87' lang='lat' dir='ltr'>manum,</span> <span class='ocrx_word' id='word_1_646' title='bbox 2043 1105 2109 1143; x_wconf 89' lang='lat' dir='ltr'>quia</span> <span class='ocrx_word' id='word_1_647' title='bbox 2123 1114 2177 1136; x_wconf 86' lang='lat' dir='ltr'>non</span> 
     </span>
    </p>

    <p class='ocr_par' dir='ltr' id='par_1_34' title="bbox 1328 1152 2293 1237">
     <span class='ocr_line' id='line_1_89' title="bbox 1328 1152 2274 1189; baseline 0.005 -8"><span class='ocrx_word' id='word_1_648' title='bbox 1328 1155 1371 1182; x_wconf 84' lang='lat' dir='ltr'>est</span> <span class='ocrx_word' id='word_1_649' title='bbox 1390 1152 1429 1184; x_wconf 90' lang='lat' dir='ltr'>sic</span> <span class='ocrx_word' id='word_1_650' title='bbox 1450 1160 1529 1189; x_wconf 89' lang='lat' dir='ltr'>opus.</span> <span class='ocrx_word' id='word_1_651' title='bbox 2273 1183 2274 1186; x_wconf 73' lang='grc'>,</span> 
     </span>
     <span class='ocr_line' id='line_1_90' title="bbox 1408 1199 2293 1237; baseline 0 -7"><span class='ocrx_word' id='word_1_652' title='bbox 1408 1199 1454 1230; x_wconf 67' lang='lat'>24.</span> <span class='ocrx_word' id='word_1_653' title='bbox 1477 1199 1510 1228; x_wconf 87' lang='lat' dir='ltr'>Si</span> <span class='ocrx_word' id='word_1_654' title='bbox 1529 1199 1652 1237; x_wconf 69' lang='lat' dir='ltr'>ditiyia&#39;s</span> <span class='ocrx_word' id='word_1_655' title='bbox 1673 1208 1718 1228; x_wconf 82' lang='lat' dir='ltr'>me</span> <span class='ocrx_word' id='word_1_656' title='bbox 1738 1202 1789 1229; x_wconf 88' lang='lat' dir='ltr'>etc.</span> <span class='ocrx_word' id='word_1_657' title='bbox 1812 1200 1903 1237; x_wconf 85' lang='lat' dir='ltr'>Supra</span> <span class='ocrx_word' id='word_1_658' title='bbox 1922 1200 2052 1228; x_wconf 90' lang='lat' dir='ltr'>hortatus</span> <span class='ocrx_word' id='word_1_659' title='bbox 2069 1201 2111 1230; x_wconf 63' lang='lat' dir='ltr'>fflt</span> <span class='ocrx_word' id='word_1_660' title='bbox 2124 1200 2178 1230; x_wconf 67' lang='lat' dir='ltr'>Do-</span> <span class='ocrx_word' id='word_1_661' title='bbox 2188 1202 2293 1223; x_wconf 54' lang='lat' dir='ltr'>senuna...</span> 
     </span>
    </p>
   </div>
   <div class='ocr_carea' id='block_1_13' title="bbox 1328 1223 2293 1284">
    <p class='ocr_par' dir='ltr' id='par_1_35' title="bbox 1328 1223 2293 1284">
     <span class='ocr_line' id='line_1_91' title="bbox 2273 1223 2275 1234; baseline 0 0"><span class='ocrx_word' id='word_1_662' title='bbox 2273 1223 2275 1234; x_wconf 67' lang='grc'>,</span> 
     </span>
     <span class='ocr_line' id='line_1_92' title="bbox 1328 1226 2293 1284; baseline 0 -9"><span class='ocrx_word' id='word_1_663' title='bbox 1328 1246 1421 1275; x_wconf 90' lang='lat' dir='ltr'>minus</span> <span class='ocrx_word' id='word_1_664' title='bbox 1442 1246 1474 1275; x_wconf 85' lang='lat' dir='ltr'>ad</span> <span class='ocrx_word' id='word_1_665' title='bbox 1498 1246 1596 1281; x_wconf 86' lang='lat' dir='ltr'>fidem,</span> <span class='ocrx_word' id='word_1_666' title='bbox 1618 1247 1646 1275; x_wconf 87' lang='lat' dir='ltr'>in</span> <span class='ocrx_word' id='word_1_667' title='bbox 1668 1247 1719 1276; x_wconf 82' lang='lat' dir='ltr'>hac</span> <span class='ocrx_word' id='word_1_668' title='bbox 1740 1246 1862 1276; x_wconf 87' lang='lat' dir='ltr'>secunda</span> <span class='ocrx_word' id='word_1_669' title='bbox 1882 1249 1977 1284; x_wconf 84' lang='lat' dir='ltr'>parte,</span> <span class='ocrx_word' id='word_1_670' title='bbox 1998 1246 2064 1284; x_wconf 87' lang='lat' dir='ltr'>quia</span> <span class='ocrx_word' id='word_1_671' title='bbox 2082 1258 2095 1272; x_wconf 70' lang='grc' dir='ltr'><strong>α</strong></span> <span class='ocrx_word' id='word_1_672' title='bbox 2110 1246 2178 1276; x_wconf 81' lang='lat' dir='ltr'>fides</span> <span class='ocrx_word' id='word_1_673' title='bbox 2194 1226 2293 1269; x_wconf 45' lang='lat' dir='ltr'>‘22²2ssssss</span> 
     </span>
    </p>
   </div>
   <div class='ocr_carea' id='block_1_14' title="bbox 1328 1272 2295 1841">
    <p class='ocr_par' dir='ltr' id='par_1_36' title="bbox 1328 1272 2292 1377">
     <span class='ocr_line' id='line_1_93' title="bbox 1329 1272 2292 1338; baseline -0.002 -16"><span class='ocrx_word' id='word_1_674' title='bbox 1329 1293 1388 1322; x_wconf 91' lang='lat' dir='ltr'>sine</span> <span class='ocrx_word' id='word_1_675' title='bbox 1402 1293 1534 1330; x_wconf 85' lang='lat' dir='ltr'>operibus</span> <span class='ocrx_word' id='word_1_676' title='bbox 1549 1296 1661 1322; x_wconf 87' lang='lat' dir='ltr'>mortua</span> <span class='ocrx_word' id='word_1_677' title='bbox 1675 1296 1716 1322; x_wconf 88' lang='lat' dir='ltr'>est</span> <span class='ocrx_word' id='word_1_678' title='bbox 1729 1294 1751 1310; x_wconf 91' lang='lat'>¹⁰</span> <span class='ocrx_word' id='word_1_679' title='bbox 1763 1305 1790 1328; x_wconf 64' lang='grc' dir='ltr'>η,</span> <span class='ocrx_word' id='word_1_680' title='bbox 1806 1294 1936 1322; x_wconf 83' lang='lat' dir='ltr'>hortatur</span> <span class='ocrx_word' id='word_1_681' title='bbox 1950 1293 1991 1322; x_wconf 85' lang='lat' dir='ltr'>ad</span> <span class='ocrx_word' id='word_1_682' title='bbox 2004 1293 2178 1322; x_wconf 76' lang='lat' dir='ltr'>observatio-</span> <span class='ocrx_word' id='word_1_683' title='bbox 2192 1272 2292 1338; x_wconf 51' lang='grc' dir='ltr'>ῗῗῗὲξὲῥῗ</span> 
     </span>
     <span class='ocr_line' id='line_1_94' title="bbox 1328 1339 2178 1377; baseline 0.004 -10"><span class='ocrx_word' id='word_1_684' title='bbox 1328 1348 1393 1368; x_wconf 70' lang='lat' dir='ltr'>item</span> <span class='ocrx_word' id='word_1_685' title='bbox 1414 1340 1646 1373; x_wconf 77' lang='lat' dir='ltr'>mandatoram;</span> <span class='ocrx_word' id='word_1_686' title='bbox 1667 1342 1694 1368; x_wconf 90' lang='lat' dir='ltr'>et</span> <span class='ocrx_word' id='word_1_687' title='bbox 1715 1340 1768 1370; x_wconf 91' lang='lat' dir='ltr'>hoc</span> <span class='ocrx_word' id='word_1_688' title='bbox 1788 1339 1901 1377; x_wconf 88' lang='lat' dir='ltr'>quidem</span> <span class='ocrx_word' id='word_1_689' title='bbox 1921 1339 1986 1369; x_wconf 87' lang='lat' dir='ltr'>facit</span> <span class='ocrx_word' id='word_1_690' title='bbox 2006 1339 2059 1368; x_wconf 89' lang='lat' dir='ltr'>hoc</span> <span class='ocrx_word' id='word_1_691' title='bbox 2072 1339 2178 1370; x_wconf 76' lang='lat' dir='ltr'>ordine.</span> 
     </span>
    </p>

    <p class='ocr_par' dir='ltr' id='par_1_37' title="bbox 1328 1386 2178 1471">
     <span class='ocr_line' id='line_1_95' title="bbox 1329 1386 2178 1423; baseline 0.001 -9"><span class='ocrx_word' id='word_1_692' title='bbox 1329 1386 1421 1414; x_wconf 86' lang='lat' dir='ltr'>Primo</span> <span class='ocrx_word' id='word_1_693' title='bbox 1436 1387 1566 1415; x_wconf 88' lang='lat' dir='ltr'>hortatur</span> <span class='ocrx_word' id='word_1_694' title='bbox 1580 1386 1766 1423; x_wconf 89' lang='lat' dir='ltr'>promittendo</span> <span class='ocrx_word' id='word_1_695' title='bbox 1780 1386 1949 1420; x_wconf 79' lang='lat' dir='ltr'>auxiliam,·</span> <span class='ocrx_word' id='word_1_696' title='bbox 1963 1386 2101 1421; x_wconf 89' lang='lat' dir='ltr'>secund0,</span> <span class='ocrx_word' id='word_1_697' title='bbox 2114 1394 2178 1423; x_wconf 89' lang='lat' dir='ltr'>pro-</span> 
     </span>
     <span class='ocr_line' id='line_1_96' title="bbox 1328 1433 2178 1471; baseline -0.001 -9"><span class='ocrx_word' id='word_1_698' title='bbox 1328 1433 1463 1462; x_wconf 85' lang='lat' dir='ltr'>mittendo</span> <span class='ocrx_word' id='word_1_699' title='bbox 1475 1433 1637 1467; x_wconf 79' lang='lat' dir='ltr'>solatium,·</span> <span class='ocrx_word' id='word_1_700' title='bbox 1652 1434 1748 1468; x_wconf 87' lang='lat' dir='ltr'>tertio,</span> <span class='ocrx_word' id='word_1_701' title='bbox 1762 1433 1953 1471; x_wconf 77' lang='lat' dir='ltr'>praemium;</span> <span class='ocrx_word' id='word_1_702' title='bbox 1968 1435 2069 1470; x_wconf 87' lang='lat' dir='ltr'>quarto</span> <span class='ocrx_word' id='word_1_703' title='bbox 2083 1433 2178 1470; x_wconf 86' lang='lat' dir='ltr'>expri-</span> 
     </span>
    </p>

    <p class='ocr_par' dir='ltr' id='par_1_38' title="bbox 1328 1479 1836 1518">
     <span class='ocr_line' id='line_1_97' title="bbox 1328 1479 1836 1518; baseline 0 -10"><span class='ocrx_word' id='word_1_704' title='bbox 1328 1480 1395 1518; x_wconf 83' lang='lat' dir='ltr'>mit,</span> <span class='ocrx_word' id='word_1_705' title='bbox 1415 1479 1490 1516; x_wconf 86' lang='lat' dir='ltr'>quod</span> <span class='ocrx_word' id='word_1_706' title='bbox 1511 1480 1546 1508; x_wconf 84' lang='lat' dir='ltr'>sit</span> <span class='ocrx_word' id='word_1_707' title='bbox 1568 1480 1670 1508; x_wconf 83' lang='lat' dir='ltr'>horum</span> <span class='ocrx_word' id='word_1_708' title='bbox 1690 1480 1836 1509; x_wconf 80' lang='lat' dir='ltr'>meritum.</span> 
     </span>
    </p>

    <p class='ocr_par' dir='ltr' id='par_1_39' title="bbox 1329 1526 2295 1841">
     <span class='ocr_line' id='line_1_98' title="bbox 1408 1526 2295 1571; baseline 0.001 -16"><span class='ocrx_word' id='word_1_709' title='bbox 1408 1526 1497 1562; x_wconf 82' lang='lat' dir='ltr'>(Vers.</span> <span class='ocrx_word' id='word_1_710' title='bbox 1522 1527 1587 1560; x_wconf 81' lang='lat'>15.).</span> <span class='ocrx_word' id='word_1_711' title='bbox 1611 1527 1703 1555; x_wconf 87' lang='lat' dir='ltr'>Primo</span> <span class='ocrx_word' id='word_1_712' title='bbox 1723 1534 1790 1564; x_wconf 82' lang='lat' dir='ltr'>ergo</span> <span class='ocrx_word' id='word_1_713' title='bbox 1819 1527 1949 1556; x_wconf 86' lang='lat' dir='ltr'>hortatur</span> <span class='ocrx_word' id='word_1_714' title='bbox 1969 1526 2003 1555; x_wconf 88' lang='lat' dir='ltr'>ad</span> <span class='ocrx_word' id='word_1_715' title='bbox 2025 1526 2180 1557; x_wconf 74' lang='lat' dir='ltr'>observem-</span> <span class='ocrx_word' id='word_1_716' title='bbox 2191 1528 2295 1571; x_wconf 54' lang='lat' dir='ltr'>E¹Pgssffjji⁹</span> 
     </span>
     <span class='ocr_line' id='line_1_99' title="bbox 1329 1573 2275 1611; baseline 0 -9"><span class='ocrx_word' id='word_1_717' title='bbox 1329 1573 1402 1605; x_wconf 77' lang='lat' dir='ltr'>tiam</span> <span class='ocrx_word' id='word_1_718' title='bbox 1422 1574 1656 1607; x_wconf 75' lang='lat' dir='ltr'>mandatorum;</span> <span class='ocrx_word' id='word_1_719' title='bbox 1677 1577 1704 1603; x_wconf 87' lang='lat' dir='ltr'>et</span> <span class='ocrx_word' id='word_1_720' title='bbox 1725 1574 1791 1611; x_wconf 85' lang='lat' dir='ltr'>quia</span> <span class='ocrx_word' id='word_1_721' title='bbox 1811 1574 1958 1611; x_wconf 84' lang='lat' dir='ltr'>contingit,</span> <span class='ocrx_word' id='word_1_722' title='bbox 1973 1573 2102 1602; x_wconf 82' lang='lat' dir='ltr'>mandata</span> <span class='ocrx_word' id='word_1_723' title='bbox 2121 1581 2180 1603; x_wconf 89' lang='lat' dir='ltr'>ser-</span> <span class='ocrx_word' id='word_1_724' title='bbox 2274 1583 2275 1586; x_wconf 50' lang='lat'>¹</span> 
     </span>
     <span class='ocr_line' id='line_1_100' title="bbox 1329 1620 2178 1658; baseline 0 -9"><span class='ocrx_word' id='word_1_725' title='bbox 1329 1620 1387 1650; x_wconf 85' lang='lat' dir='ltr'>vari</span> <span class='ocrx_word' id='word_1_726' title='bbox 1416 1628 1452 1649; x_wconf 87' lang='lat' dir='ltr'>ex</span> <span class='ocrx_word' id='word_1_727' title='bbox 1482 1620 1598 1655; x_wconf 79' lang='lat' dir='ltr'>timore,</span> <span class='ocrx_word' id='word_1_728' title='bbox 1627 1624 1659 1649; x_wconf 89' lang='lat' dir='ltr'>ut</span> <span class='ocrx_word' id='word_1_729' title='bbox 1686 1621 1713 1652; x_wconf 85' lang='lat' dir='ltr'>in</span> <span class='ocrx_word' id='word_1_730' title='bbox 1741 1621 1827 1658; x_wconf 83' lang='lat' dir='ltr'>Lege,</span> <span class='ocrx_word' id='word_1_731' title='bbox 1852 1623 1879 1649; x_wconf 89' lang='lat' dir='ltr'>et</span> <span class='ocrx_word' id='word_1_732' title='bbox 1901 1621 1952 1649; x_wconf 92' lang='lat' dir='ltr'>hoc</span> <span class='ocrx_word' id='word_1_733' title='bbox 1973 1628 2029 1649; x_wconf 82' lang='lat' dir='ltr'>non</span> <span class='ocrx_word' id='word_1_734' title='bbox 2049 1620 2178 1657; x_wconf 82' lang='lat' dir='ltr'>quaerit3</span> 
     </span>
     <span class='ocr_line' id='line_1_101' title="bbox 1329 1666 2178 1704; baseline 0 -8"><span class='ocrx_word' id='word_1_735' title='bbox 1329 1667 1462 1704; x_wconf 83' lang='lat' dir='ltr'>contingit</span> <span class='ocrx_word' id='word_1_736' title='bbox 1482 1667 1564 1696; x_wconf 90' lang='lat' dir='ltr'>etiam</span> <span class='ocrx_word' id='word_1_737' title='bbox 1586 1667 1692 1697; x_wconf 85' lang='lat' dir='ltr'>servari</span> <span class='ocrx_word' id='word_1_738' title='bbox 1713 1675 1822 1701; x_wconf 87' lang='lat' dir='ltr'>amore,</span> <span class='ocrx_word' id='word_1_739' title='bbox 1843 1669 1872 1696; x_wconf 92' lang='lat' dir='ltr'>et</span> <span class='ocrx_word' id='word_1_740' title='bbox 1891 1667 1944 1696; x_wconf 89' lang='lat' dir='ltr'>hoc</span> <span class='ocrx_word' id='word_1_741' title='bbox 1964 1667 2092 1704; x_wconf 86' lang='lat' dir='ltr'>quaerit:</span> <span class='ocrx_word' id='word_1_742' title='bbox 2117 1666 2178 1696; x_wconf 87' lang='lat' dir='ltr'>ideo</span> 
     </span>
     <span class='ocr_line' id='line_1_102' title="bbox 1329 1713 2179 1751; baseline 0 -9"><span class='ocrx_word' id='word_1_743' title='bbox 1329 1714 1413 1743; x_wconf 87' lang='lat' dir='ltr'>dicit:</span> <span class='ocrx_word' id='word_1_744' title='bbox 1436 1714 1469 1742; x_wconf 86' lang='lat' dir='ltr'>Si</span> <span class='ocrx_word' id='word_1_745' title='bbox 1488 1714 1611 1751; x_wconf 71' lang='lat' dir='ltr'>diliyicis</span> <span class='ocrx_word' id='word_1_746' title='bbox 1631 1722 1692 1748; x_wconf 82' lang='lat' dir='ltr'>me,</span> <span class='ocrx_word' id='word_1_747' title='bbox 1714 1714 1859 1743; x_wconf 76' lang='lat' dir='ltr'>mandata</span> <span class='ocrx_word' id='word_1_748' title='bbox 1880 1722 1945 1742; x_wconf 83' lang='lat' dir='ltr'>mea</span> <span class='ocrx_word' id='word_1_749' title='bbox 1969 1717 2099 1748; x_wconf 75' lang='lat' dir='ltr'>servate,</span> <span class='ocrx_word' id='word_1_750' title='bbox 2127 1713 2179 1742; x_wconf 83' lang='lat' dir='ltr'>sci-</span> 
     </span>
     <span class='ocr_line' id='line_1_103' title="bbox 1330 1760 2179 1800; baseline -0.001 -11"><span class='ocrx_word' id='word_1_751' title='bbox 1330 1760 1393 1789; x_wconf 89' lang='lat' dir='ltr'>licet</span> <span class='ocrx_word' id='word_1_752' title='bbox 1413 1768 1508 1789; x_wconf 87' lang='lat' dir='ltr'>amore</span> <span class='ocrx_word' id='word_1_753' title='bbox 1529 1760 1601 1794; x_wconf 90' lang='lat' dir='ltr'>mei;</span> <span class='ocrx_word' id='word_1_754' title='bbox 1623 1760 1744 1789; x_wconf 87' lang='lat' dir='ltr'>secunda</span> <span class='ocrx_word' id='word_1_755' title='bbox 1765 1760 1924 1800; x_wconf 71' lang='lat' dir='ltr'>loannisss:</span> <span class='ocrx_word' id='word_1_756' title='bbox 1951 1771 1964 1785; x_wconf 69' lang='grc' dir='ltr'>ιι</span> <span class='ocrx_word' id='word_1_757' title='bbox 1979 1760 2049 1789; x_wconf 88' lang='lat' dir='ltr'>Haec</span> <span class='ocrx_word' id='word_1_758' title='bbox 2067 1763 2109 1789; x_wconf 91' lang='lat' dir='ltr'>est</span> <span class='ocrx_word' id='word_1_759' title='bbox 2134 1767 2179 1788; x_wconf 85' lang='lat' dir='ltr'>oa-</span> 
     </span>
     <span class='ocr_line' id='line_1_104' title="bbox 1329 1806 2263 1841; baseline 0 -6"><span class='ocrx_word' id='word_1_760' title='bbox 1329 1807 1413 1841; x_wconf 82' lang='lat' dir='ltr'>rilas,</span> <span class='ocrx_word' id='word_1_761' title='bbox 1435 1810 1467 1835; x_wconf 89' lang='lat' dir='ltr'>ut</span> <span class='ocrx_word' id='word_1_762' title='bbox 1487 1807 1663 1839; x_wconf 86' lang='lat' dir='ltr'>ambulemus</span> <span class='ocrx_word' id='word_1_763' title='bbox 1685 1807 1837 1836; x_wconf 85' lang='lat' dir='ltr'>secundum</span> <span class='ocrx_word' id='word_1_764' title='bbox 1861 1806 1992 1837; x_wconf 83' lang='lat' dir='ltr'>mandata.</span> <span class='ocrx_word' id='word_1_765' title='bbox 2008 1806 2068 1835; x_wconf 84' lang='lat' dir='ltr'>eius</span> <span class='ocrx_word' id='word_1_766' title='bbox 2083 1818 2109 1835; x_wconf 65' lang='lat' dir='ltr'>n.</span> <span class='ocrx_word' id='word_1_767' title='bbox 2128 1807 2180 1835; x_wconf 87' lang='lat' dir='ltr'>Ta-</span> <span class='ocrx_word' id='word_1_768' title='bbox 2195 1808 2263 1828; x_wconf 64' lang='lat' dir='ltr'>pamm</span> 
     </span>
    </p>
   </div>
   <div class='ocr_carea' id='block_1_15' title="bbox 1331 1853 2096 1891">
    <p class='ocr_par' dir='ltr' id='par_1_40' title="bbox 1331 1853 2096 1891">
     <span class='ocr_line' id='line_1_105' title="bbox 1331 1853 2096 1891; baseline 0 -9"><span class='ocrx_word' id='word_1_769' title='bbox 1331 1854 1405 1884; x_wconf 85' lang='lat' dir='ltr'>libus</span> <span class='ocrx_word' id='word_1_770' title='bbox 1424 1854 1568 1891; x_wconf 74' lang='lat' dir='ltr'>promittit</span> <span class='ocrx_word' id='word_1_771' title='bbox 1589 1854 1738 1884; x_wconf 70' lang='lat' dir='ltr'>auxilium</span> <span class='ocrx_word' id='word_1_772' title='bbox 1749 1865 1759 1888; x_wconf 92' lang='lat'><em>;</em></span> <span class='ocrx_word' id='word_1_773' title='bbox 1780 1857 1895 1891; x_wconf 87' lang='lat' dir='ltr'>propter</span> <span class='ocrx_word' id='word_1_774' title='bbox 1916 1854 1991 1891; x_wconf 86' lang='lat' dir='ltr'>quod</span> <span class='ocrx_word' id='word_1_775' title='bbox 2011 1853 2096 1885; x_wconf 87' lang='lat' dir='ltr'>dicit:</span> 
     </span>
    </p>
   </div>
   <div class='ocr_carea' id='block_1_16' title="bbox 2262 481 2280 573">
    <p class='ocr_par' dir='ltr' id='par_1_41' title="bbox 2262 481 2280 573">
     <span class='ocr_line' id='line_1_106' title="bbox 2270 481 2274 535; baseline 0 0"><span class='ocrx_word' id='word_1_776' title='bbox 2270 481 2274 535; x_wconf 77' lang='lat' dir='ltr'>&#39;i</span> 
     </span>
     <span class='ocr_line' id='line_1_107' title="bbox 2262 559 2280 573; baseline 0 0"><span class='ocrx_word' id='word_1_777' title='bbox 2262 561 2264 567; x_wconf 87' lang='lat'><strong>¹</strong></span> <span class='ocrx_word' id='word_1_778' title='bbox 2272 559 2280 573; x_wconf 76' lang='grc' dir='ltr'>Ι</span> 
     </span>
    </p>
   </div>
   <div class='ocr_carea' id='block_1_17' title="bbox 1331 2062 2183 2954">
    <p class='ocr_par' dir='ltr' id='par_1_42' title="bbox 1331 2062 2180 2131">
     <span class='ocr_line' id='line_1_108' title="bbox 1331 2062 2180 2093; baseline 0.001 -8"><span class='ocrx_word' id='word_1_779' title='bbox 1331 2064 1364 2086; x_wconf 85' lang='lat' dir='ltr'>De</span> <span class='ocrx_word' id='word_1_780' title='bbox 1380 2063 1463 2086; x_wconf 86' lang='lat' dir='ltr'>merito</span> <span class='ocrx_word' id='word_1_781' title='bbox 1486 2062 1589 2093; x_wconf 73' lang='lat' dir='ltr'>conyrui</span> <span class='ocrx_word' id='word_1_782' title='bbox 1605 2066 1627 2085; x_wconf 88' lang='lat' dir='ltr'>et</span> <span class='ocrx_word' id='word_1_783' title='bbox 1644 2062 1759 2092; x_wconf 75' lang='lat' dir='ltr'>condiym&#39;</span> <span class='ocrx_word' id='word_1_784' title='bbox 1774 2064 1816 2085; x_wconf 75' lang='lat' dir='ltr'>cir.</span> <span class='ocrx_word' id='word_1_785' title='bbox 1833 2064 1848 2086; x_wconf 89' lang='lat' dir='ltr'>l.</span> <span class='ocrx_word' id='word_1_786' title='bbox 1866 2064 1927 2086; x_wconf 86' lang='lat' dir='ltr'>Sent.</span> <span class='ocrx_word' id='word_1_787' title='bbox 1945 2063 1969 2086; x_wconf 91' lang='lat' dir='ltr'>d.</span> <span class='ocrx_word' id='word_1_788' title='bbox 1987 2063 2025 2086; x_wconf 72' lang='grc'>11.</span> <span class='ocrx_word' id='word_1_789' title='bbox 2041 2069 2061 2086; x_wconf 86' lang='lat' dir='ltr'>a.</span> <span class='ocrx_word' id='word_1_790' title='bbox 2081 2064 2103 2086; x_wconf 84' lang='grc'>1.</span> <span class='ocrx_word' id='word_1_791' title='bbox 2118 2070 2142 2093; x_wconf 89' lang='lat' dir='ltr'>q.</span> <span class='ocrx_word' id='word_1_792' title='bbox 2159 2064 2180 2086; x_wconf 91' lang='grc'>1.</span> 
     </span>
     <span class='ocr_line' id='line_1_109' title="bbox 1331 2102 1971 2131; baseline 0 -6"><span class='ocrx_word' id='word_1_793' title='bbox 1331 2103 1353 2125; x_wconf 92' lang='lat' dir='ltr'>in</span> <span class='ocrx_word' id='word_1_794' title='bbox 1371 2109 1435 2131; x_wconf 89' lang='lat' dir='ltr'>corp.</span> <span class='ocrx_word' id='word_1_795' title='bbox 1453 2105 1475 2125; x_wconf 90' lang='lat' dir='ltr'>et</span> <span class='ocrx_word' id='word_1_796' title='bbox 1493 2103 1515 2125; x_wconf 89' lang='grc' dir='ltr'>ΙΙ.</span> <span class='ocrx_word' id='word_1_797' title='bbox 1534 2103 1596 2125; x_wconf 83' lang='lat' dir='ltr'>sent.</span> <span class='ocrx_word' id='word_1_798' title='bbox 1614 2102 1637 2124; x_wconf 90' lang='lat' dir='ltr'>d.</span> <span class='ocrx_word' id='word_1_799' title='bbox 1655 2103 1691 2124; x_wconf 91' lang='grc'>27.</span> <span class='ocrx_word' id='word_1_800' title='bbox 1710 2109 1731 2125; x_wconf 83' lang='lat' dir='ltr'>a.</span> <span class='ocrx_word' id='word_1_801' title='bbox 1748 2103 1769 2125; x_wconf 81' lang='lat'>2.</span> <span class='ocrx_word' id='word_1_802' title='bbox 1787 2109 1809 2131; x_wconf 91' lang='lat' dir='ltr'>q.</span> <span class='ocrx_word' id='word_1_803' title='bbox 1828 2103 1849 2125; x_wconf 90' lang='grc'>2.</span> <span class='ocrx_word' id='word_1_804' title='bbox 1868 2102 1889 2125; x_wconf 94' lang='lat' dir='ltr'>in</span> <span class='ocrx_word' id='word_1_805' title='bbox 1907 2108 1971 2130; x_wconf 84' lang='lat' dir='ltr'>corp.</span> 
     </span>
    </p>

    <p class='ocr_par' dir='ltr' id='par_1_43' title="bbox 1395 2140 1545 2164">
     <span class='ocr_line' id='line_1_110' title="bbox 1395 2140 1545 2164; baseline 0.007 -1"><span class='ocrx_word' id='word_1_806' title='bbox 1395 2140 1404 2154; x_wconf 66' lang='grc' dir='ltr'><strong>Β</strong></span> <span class='ocrx_word' id='word_1_807' title='bbox 1424 2142 1489 2164; x_wconf 87' lang='lat' dir='ltr'>Vers.</span> <span class='ocrx_word' id='word_1_808' title='bbox 1507 2142 1545 2164; x_wconf 76' lang='grc'>21.</span> 
     </span>
    </p>

    <p class='ocr_par' dir='ltr' id='par_1_44' title="bbox 1331 2179 2183 2713">
     <span class='ocr_line' id='line_1_111' title="bbox 1394 2179 2180 2209; baseline 0.001 -6"><span class='ocrx_word' id='word_1_809' title='bbox 1394 2179 1403 2193; x_wconf 80' lang='lat'>⁹</span> <span class='ocrx_word' id='word_1_810' title='bbox 1420 2180 1483 2203; x_wconf 88' lang='lat' dir='ltr'>Libr.</span> <span class='ocrx_word' id='word_1_811' title='bbox 1511 2181 1536 2203; x_wconf 88' lang='lat' dir='ltr'>ll.</span> <span class='ocrx_word' id='word_1_812' title='bbox 1561 2181 1645 2206; x_wconf 59' lang='lat' dir='ltr'>Homil.</span> <span class='ocrx_word' id='word_1_813' title='bbox 1670 2181 1692 2203; x_wconf 89' lang='lat' dir='ltr'>in</span> <span class='ocrx_word' id='word_1_814' title='bbox 1718 2181 1807 2209; x_wconf 80' lang='lat' dir='ltr'>Evang.</span> <span class='ocrx_word' id='word_1_815' title='bbox 1832 2181 1912 2204; x_wconf 75' lang='lat' dir='ltr'>homil.</span> <span class='ocrx_word' id='word_1_816' title='bbox 1937 2181 1973 2204; x_wconf 71' lang='lat'>29.</span> <span class='ocrx_word' id='word_1_817' title='bbox 1991 2187 2013 2205; x_wconf 86' lang='lat' dir='ltr'>n.</span> <span class='ocrx_word' id='word_1_818' title='bbox 2032 2180 2054 2203; x_wconf 80' lang='lat'>4.</span> <span class='ocrx_word' id='word_1_819' title='bbox 2070 2181 2180 2209; x_wconf 63' lang='lat' dir='ltr'>August„</span> 
     </span>
     <span class='ocr_line' id='line_1_112' title="bbox 1332 2219 2180 2249; baseline -0.001 -7"><span class='ocrx_word' id='word_1_820' title='bbox 1332 2220 1406 2243; x_wconf 83' lang='lat' dir='ltr'>Serm.</span> <span class='ocrx_word' id='word_1_821' title='bbox 1425 2220 1462 2242; x_wconf 82' lang='lat'>88.</span> <span class='ocrx_word' id='word_1_822' title='bbox 1482 2220 1547 2249; x_wconf 81' lang='lat' dir='ltr'>(alias</span> <span class='ocrx_word' id='word_1_823' title='bbox 1565 2220 1603 2242; x_wconf 79' lang='grc'>18.</span> <span class='ocrx_word' id='word_1_824' title='bbox 1620 2220 1649 2242; x_wconf 89' lang='lat' dir='ltr'>de</span> <span class='ocrx_word' id='word_1_825' title='bbox 1667 2219 1751 2242; x_wconf 86' lang='lat' dir='ltr'>Verbis</span> <span class='ocrx_word' id='word_1_826' title='bbox 1768 2220 1870 2249; x_wconf 87' lang='lat' dir='ltr'>Domini)</span> <span class='ocrx_word' id='word_1_827' title='bbox 1888 2226 1910 2243; x_wconf 67' lang='lat' dir='ltr'>c.</span> <span class='ocrx_word' id='word_1_828' title='bbox 1926 2220 1948 2242; x_wconf 98' lang='grc'>1.</span> <span class='ocrx_word' id='word_1_829' title='bbox 1965 2226 1988 2242; x_wconf 89' lang='lat' dir='ltr'>n.</span> <span class='ocrx_word' id='word_1_830' title='bbox 2005 2220 2027 2242; x_wconf 90' lang='grc'>1.</span> <span class='ocrx_word' id='word_1_831' title='bbox 2044 2226 2124 2249; x_wconf 66' lang='lat' dir='ltr'>seqq„</span> <span class='ocrx_word' id='word_1_832' title='bbox 2140 2219 2180 2242; x_wconf 89' lang='lat' dir='ltr'>uhi</span> 
     </span>
     <span class='ocr_line' id='line_1_113' title="bbox 1332 2258 2181 2288; baseline 0 -7"><span class='ocrx_word' id='word_1_833' title='bbox 1332 2259 1442 2287; x_wconf 83' lang='lat' dir='ltr'>ostendit,</span> <span class='ocrx_word' id='word_1_834' title='bbox 1460 2259 1525 2288; x_wconf 89' lang='lat' dir='ltr'>quod</span> <span class='ocrx_word' id='word_1_835' title='bbox 1537 2258 1641 2282; x_wconf 88' lang='lat' dir='ltr'>Christus</span> <span class='ocrx_word' id='word_1_836' title='bbox 1652 2259 1771 2282; x_wconf 86' lang='lat' dir='ltr'>miraculis</span> <span class='ocrx_word' id='word_1_837' title='bbox 1783 2258 1943 2287; x_wconf 82' lang='lat' dir='ltr'>corporalibus</span> <span class='ocrx_word' id='word_1_838' title='bbox 1954 2258 2092 2283; x_wconf 75' lang='lat' dir='ltr'>aedificabat</span> <span class='ocrx_word' id='word_1_839' title='bbox 2110 2259 2181 2287; x_wconf 81' lang='lat' dir='ltr'>fldem</span> 
     </span>
     <span class='ocr_line' id='line_1_114' title="bbox 1331 2298 2183 2327; baseline 0.001 -8"><span class='ocrx_word' id='word_1_840' title='bbox 1331 2298 1355 2323; x_wconf 86' lang='lat' dir='ltr'>in</span> <span class='ocrx_word' id='word_1_841' title='bbox 1372 2298 1487 2326; x_wconf 86' lang='lat' dir='ltr'>principio</span> <span class='ocrx_word' id='word_1_842' title='bbox 1504 2298 1631 2325; x_wconf 84' lang='lat' dir='ltr'>Ecclesiae,</span> <span class='ocrx_word' id='word_1_843' title='bbox 1647 2298 1759 2327; x_wconf 83' lang='lat' dir='ltr'>quodque</span> <span class='ocrx_word' id='word_1_844' title='bbox 1771 2298 1870 2321; x_wconf 85' lang='lat' dir='ltr'>Ecclesia</span> <span class='ocrx_word' id='word_1_845' title='bbox 1883 2301 1963 2326; x_wconf 87' lang='lat' dir='ltr'>postea</span> <span class='ocrx_word' id='word_1_846' title='bbox 1975 2298 2025 2320; x_wconf 90' lang='lat' dir='ltr'>sine</span> <span class='ocrx_word' id='word_1_847' title='bbox 2037 2298 2072 2321; x_wconf 86' lang='lat' dir='ltr'>his</span> <span class='ocrx_word' id='word_1_848' title='bbox 2083 2298 2183 2321; x_wconf 84' lang='lat' dir='ltr'>miracu-</span> 
     </span>
     <span class='ocr_line' id='line_1_115' title="bbox 1331 2337 2179 2366; baseline 0.001 -7"><span class='ocrx_word' id='word_1_849' title='bbox 1331 2337 1359 2360; x_wconf 88' lang='lat' dir='ltr'>lis</span> <span class='ocrx_word' id='word_1_850' title='bbox 1375 2337 1525 2366; x_wconf 83' lang='lat' dir='ltr'>laudabilior,</span> <span class='ocrx_word' id='word_1_851' title='bbox 1543 2338 1597 2360; x_wconf 86' lang='lat' dir='ltr'>etin</span> <span class='ocrx_word' id='word_1_852' title='bbox 1609 2338 1659 2366; x_wconf 80' lang='lat' dir='ltr'>ipsa</span> <span class='ocrx_word' id='word_1_853' title='bbox 1677 2344 1738 2360; x_wconf 85' lang='lat' dir='ltr'>nune</span> <span class='ocrx_word' id='word_1_854' title='bbox 1757 2337 1863 2360; x_wconf 88' lang='lat' dir='ltr'>Christus</span> <span class='ocrx_word' id='word_1_855' title='bbox 1879 2337 1967 2360; x_wconf 84' lang='lat' dir='ltr'>maiora</span> <span class='ocrx_word' id='word_1_856' title='bbox 1984 2340 2094 2366; x_wconf 85' lang='lat' dir='ltr'>operatur</span> <span class='ocrx_word' id='word_1_857' title='bbox 2111 2337 2179 2361; x_wconf 86' lang='lat' dir='ltr'>mira-</span> 
     </span>
     <span class='ocr_line' id='line_1_116' title="bbox 1332 2376 2182 2406; baseline 0.001 -8"><span class='ocrx_word' id='word_1_858' title='bbox 1332 2376 1398 2401; x_wconf 73' lang='lat' dir='ltr'>cula:</span> <span class='ocrx_word' id='word_1_859' title='bbox 1419 2385 1431 2399; x_wconf 69' lang='grc' dir='ltr'>τι</span> <span class='ocrx_word' id='word_1_860' title='bbox 1442 2377 1503 2399; x_wconf 81' lang='lat' dir='ltr'>Haec</span> <span class='ocrx_word' id='word_1_861' title='bbox 1524 2383 1580 2405; x_wconf 84' lang='lat' dir='ltr'>ergo</span> <span class='ocrx_word' id='word_1_862' title='bbox 1597 2376 1721 2406; x_wconf 79' lang='lat' dir='ltr'>[miracula</span> <span class='ocrx_word' id='word_1_863' title='bbox 1738 2376 1878 2405; x_wconf 83' lang='lat' dir='ltr'>corporalia]</span> <span class='ocrx_word' id='word_1_864' title='bbox 1897 2377 1950 2399; x_wconf 81' lang='lat' dir='ltr'>fecit</span> <span class='ocrx_word' id='word_1_865' title='bbox 1966 2376 2093 2404; x_wconf 85' lang='lat' dir='ltr'>Dominus,</span> <span class='ocrx_word' id='word_1_866' title='bbox 2108 2378 2134 2399; x_wconf 92' lang='lat' dir='ltr'>ut</span> <span class='ocrx_word' id='word_1_867' title='bbox 2150 2376 2182 2399; x_wconf 75' lang='lat' dir='ltr'>in-</span> 
     </span>
     <span class='ocr_line' id='line_1_117' title="bbox 1332 2415 2181 2441; baseline 0 -3"><span class='ocrx_word' id='word_1_868' title='bbox 1332 2416 1416 2441; x_wconf 78' lang='lat' dir='ltr'>vitaret</span> <span class='ocrx_word' id='word_1_869' title='bbox 1432 2416 1462 2439; x_wconf 85' lang='lat' dir='ltr'>ad</span> <span class='ocrx_word' id='word_1_870' title='bbox 1479 2416 1558 2438; x_wconf 86' lang='lat' dir='ltr'>fidem.</span> <span class='ocrx_word' id='word_1_871' title='bbox 1575 2416 1636 2438; x_wconf 81' lang='lat' dir='ltr'>Haec</span> <span class='ocrx_word' id='word_1_872' title='bbox 1653 2416 1711 2438; x_wconf 79' lang='lat' dir='ltr'>fides</span> <span class='ocrx_word' id='word_1_873' title='bbox 1727 2421 1790 2438; x_wconf 80' lang='lat' dir='ltr'>nuno</span> <span class='ocrx_word' id='word_1_874' title='bbox 1805 2416 1879 2438; x_wconf 83' lang='lat' dir='ltr'>servet</span> <span class='ocrx_word' id='word_1_875' title='bbox 1894 2416 1917 2438; x_wconf 84' lang='lat' dir='ltr'>in</span> <span class='ocrx_word' id='word_1_876' title='bbox 1943 2415 2042 2438; x_wconf 85' lang='lat' dir='ltr'>Ecclesia</span> <span class='ocrx_word' id='word_1_877' title='bbox 2060 2417 2107 2438; x_wconf 87' lang='lat' dir='ltr'>toto</span> <span class='ocrx_word' id='word_1_878' title='bbox 2124 2415 2181 2438; x_wconf 85' lang='lat' dir='ltr'>orbo</span> 
     </span>
     <span class='ocr_line' id='line_1_118' title="bbox 1332 2454 2181 2483; baseline -0.001 -6"><span class='ocrx_word' id='word_1_879' title='bbox 1332 2454 1424 2477; x_wconf 82' lang='lat' dir='ltr'>diffusa.</span> <span class='ocrx_word' id='word_1_880' title='bbox 1441 2455 1467 2476; x_wconf 85' lang='lat' dir='ltr'>Et</span> <span class='ocrx_word' id='word_1_881' title='bbox 1483 2460 1545 2479; x_wconf 86' lang='lat' dir='ltr'>nunc</span> <span class='ocrx_word' id='word_1_882' title='bbox 1568 2455 1667 2477; x_wconf 81' lang='lat' dir='ltr'>maiores</span> <span class='ocrx_word' id='word_1_883' title='bbox 1684 2455 1792 2479; x_wconf 79' lang='lat' dir='ltr'>sanitates</span> <span class='ocrx_word' id='word_1_884' title='bbox 1809 2457 1930 2483; x_wconf 79' lang='lat' dir='ltr'>operatur,</span> <span class='ocrx_word' id='word_1_885' title='bbox 1947 2457 2044 2482; x_wconf 83' lang='lat' dir='ltr'>propter</span> <span class='ocrx_word' id='word_1_886' title='bbox 2060 2460 2121 2483; x_wconf 82' lang='lat' dir='ltr'>quas</span> <span class='ocrx_word' id='word_1_887' title='bbox 2134 2460 2181 2477; x_wconf 88' lang='lat' dir='ltr'>non</span> 
     </span>
     <span class='ocr_line' id='line_1_119' title="bbox 1332 2493 2182 2521; baseline 0 -5"><span class='ocrx_word' id='word_1_888' title='bbox 1332 2496 1367 2517; x_wconf 85' lang='lat' dir='ltr'>est</span> <span class='ocrx_word' id='word_1_889' title='bbox 1383 2493 1523 2521; x_wconf 82' lang='lat' dir='ltr'>dedignatus</span> <span class='ocrx_word' id='word_1_890' title='bbox 1540 2496 1594 2516; x_wconf 90' lang='lat' dir='ltr'>tunc</span> <span class='ocrx_word' id='word_1_891' title='bbox 1612 2493 1721 2516; x_wconf 86' lang='lat' dir='ltr'>exhibere</span> <span class='ocrx_word' id='word_1_892' title='bbox 1737 2494 1786 2517; x_wconf 86' lang='lat' dir='ltr'>illas</span> <span class='ocrx_word' id='word_1_893' title='bbox 1803 2494 1912 2517; x_wconf 68' lang='lat' dir='ltr'>minores,</span> <span class='ocrx_word' id='word_1_894' title='bbox 1930 2494 1994 2516; x_wconf 85' lang='lat' dir='ltr'>Sicut</span> <span class='ocrx_word' id='word_1_895' title='bbox 2010 2493 2072 2516; x_wconf 88' lang='lat' dir='ltr'>enim</span> <span class='ocrx_word' id='word_1_896' title='bbox 2089 2494 2182 2516; x_wconf 84' lang='lat' dir='ltr'>animus</span> 
     </span>
     <span class='ocr_line' id='line_1_120' title="bbox 1333 2533 2182 2562; baseline 0 -7"><span class='ocrx_word' id='word_1_897' title='bbox 1333 2533 1414 2555; x_wconf 84' lang='lat' dir='ltr'>melior</span> <span class='ocrx_word' id='word_1_898' title='bbox 1431 2535 1465 2555; x_wconf 90' lang='lat' dir='ltr'>est</span> <span class='ocrx_word' id='word_1_899' title='bbox 1482 2538 1593 2560; x_wconf 88' lang='lat' dir='ltr'>corpore,</span> <span class='ocrx_word' id='word_1_900' title='bbox 1610 2533 1643 2555; x_wconf 81' lang='lat' dir='ltr'>sic</span> <span class='ocrx_word' id='word_1_901' title='bbox 1660 2535 1683 2555; x_wconf 91' lang='lat' dir='ltr'>et</span> <span class='ocrx_word' id='word_1_902' title='bbox 1699 2533 1780 2555; x_wconf 86' lang='lat' dir='ltr'>melior</span> <span class='ocrx_word' id='word_1_903' title='bbox 1796 2533 1859 2555; x_wconf 82' lang='lat' dir='ltr'>salus</span> <span class='ocrx_word' id='word_1_904' title='bbox 1874 2533 1944 2555; x_wconf 82' lang='lat' dir='ltr'>animi</span> <span class='ocrx_word' id='word_1_905' title='bbox 1966 2538 2037 2562; x_wconf 86' lang='lat' dir='ltr'>quam</span> <span class='ocrx_word' id='word_1_906' title='bbox 2053 2533 2115 2555; x_wconf 81' lang='lat' dir='ltr'>selus</span> <span class='ocrx_word' id='word_1_907' title='bbox 2134 2539 2182 2555; x_wconf 91' lang='lat' dir='ltr'>cor-</span> 
     </span>
     <span class='ocr_line' id='line_1_121' title="bbox 1333 2571 2181 2601; baseline 0 -7"><span class='ocrx_word' id='word_1_908' title='bbox 1333 2572 1419 2600; x_wconf 74' lang='lat' dir='ltr'>poris»</span> <span class='ocrx_word' id='word_1_909' title='bbox 1439 2574 1481 2594; x_wconf 91' lang='lat' dir='ltr'>etc.</span> <span class='ocrx_word' id='word_1_910' title='bbox 1499 2572 1528 2600; x_wconf 89' lang='lat' dir='ltr'>(c.</span> <span class='ocrx_word' id='word_1_911' title='bbox 1547 2572 1568 2594; x_wconf 85' lang='lat'>3.</span> <span class='ocrx_word' id='word_1_912' title='bbox 1586 2578 1609 2594; x_wconf 87' lang='lat' dir='ltr'>n.</span> <span class='ocrx_word' id='word_1_913' title='bbox 1626 2572 1667 2601; x_wconf 82' lang='lat'>3.).</span> <span class='ocrx_word' id='word_1_914' title='bbox 1684 2571 1730 2595; x_wconf 82' lang='lat' dir='ltr'>Csr.</span> <span class='ocrx_word' id='word_1_915' title='bbox 1748 2572 1817 2594; x_wconf 90' lang='lat' dir='ltr'>XXll.</span> <span class='ocrx_word' id='word_1_916' title='bbox 1835 2572 1864 2595; x_wconf 89' lang='lat' dir='ltr'>de</span> <span class='ocrx_word' id='word_1_917' title='bbox 1889 2571 1938 2595; x_wconf 84' lang='lat' dir='ltr'>civ.</span> <span class='ocrx_word' id='word_1_918' title='bbox 1963 2572 2017 2600; x_wconf 89' lang='lat' dir='ltr'>Dei,</span> <span class='ocrx_word' id='word_1_919' title='bbox 2040 2578 2061 2595; x_wconf 86' lang='lat' dir='ltr'>c.</span> <span class='ocrx_word' id='word_1_920' title='bbox 2081 2572 2102 2594; x_wconf 90' lang='lat'>8.</span> <span class='ocrx_word' id='word_1_921' title='bbox 2119 2578 2141 2594; x_wconf 94' lang='lat' dir='ltr'>n.</span> <span class='ocrx_word' id='word_1_922' title='bbox 2160 2572 2181 2594; x_wconf 87' lang='grc'>1.</span> 
     </span>
     <span class='ocr_line' id='line_1_122' title="bbox 1332 2609 2180 2639; baseline 0 -6"><span class='ocrx_word' id='word_1_923' title='bbox 1332 2616 1412 2639; x_wconf 66' lang='lat' dir='ltr'>seqq,</span> <span class='ocrx_word' id='word_1_924' title='bbox 1437 2610 1477 2633; x_wconf 92' lang='lat' dir='ltr'>ubi</span> <span class='ocrx_word' id='word_1_925' title='bbox 1494 2610 1591 2639; x_wconf 89' lang='lat' dir='ltr'>insuper</span> <span class='ocrx_word' id='word_1_926' title='bbox 1607 2609 1703 2638; x_wconf 83' lang='lat' dir='ltr'>probat,</span> <span class='ocrx_word' id='word_1_927' title='bbox 1721 2610 1785 2639; x_wconf 86' lang='lat' dir='ltr'>quod</span> <span class='ocrx_word' id='word_1_928' title='bbox 1805 2619 1817 2631; x_wconf 69' lang='lat' dir='ltr'>n</span> <span class='ocrx_word' id='word_1_929' title='bbox 1828 2611 1897 2636; x_wconf 85' lang='lat' dir='ltr'>etiarn</span> <span class='ocrx_word' id='word_1_930' title='bbox 1915 2616 1980 2634; x_wconf 78' lang='lat' dir='ltr'>nunc</span> <span class='ocrx_word' id='word_1_931' title='bbox 1997 2611 2055 2635; x_wconf 85' lang='lat' dir='ltr'>flunt</span> <span class='ocrx_word' id='word_1_932' title='bbox 2071 2611 2180 2634; x_wconf 81' lang='lat' dir='ltr'>miracula</span> 
     </span>
     <span class='ocr_line' id='line_1_123' title="bbox 1333 2649 2182 2679; baseline 0.001 -7"><span class='ocrx_word' id='word_1_933' title='bbox 1333 2650 1357 2672; x_wconf 89' lang='lat' dir='ltr'>in</span> <span class='ocrx_word' id='word_1_934' title='bbox 1372 2650 1421 2672; x_wconf 87' lang='lat' dir='ltr'>eius</span> <span class='ocrx_word' id='word_1_935' title='bbox 1438 2649 1543 2679; x_wconf 81' lang='lat' dir='ltr'>[Christi]</span> <span class='ocrx_word' id='word_1_936' title='bbox 1562 2650 1655 2672; x_wconf 88' lang='lat' dir='ltr'>nomine</span> <span class='ocrx_word' id='word_1_937' title='bbox 1672 2650 1722 2672; x_wconf 91' lang='lat' dir='ltr'>sive</span> <span class='ocrx_word' id='word_1_938' title='bbox 1746 2656 1788 2678; x_wconf 85' lang='lat' dir='ltr'>per</span> <span class='ocrx_word' id='word_1_939' title='bbox 1811 2650 1961 2674; x_wconf 79' lang='lat' dir='ltr'>Sacramenta</span> <span class='ocrx_word' id='word_1_940' title='bbox 1985 2650 2047 2677; x_wconf 86' lang='lat' dir='ltr'>eius,</span> <span class='ocrx_word' id='word_1_941' title='bbox 2068 2650 2118 2673; x_wconf 83' lang='lat' dir='ltr'>sive</span> <span class='ocrx_word' id='word_1_942' title='bbox 2139 2656 2182 2679; x_wconf 71' lang='lat' dir='ltr'>per</span> 
     </span>
     <span class='ocr_line' id='line_1_124' title="bbox 1333 2689 1952 2713; baseline 0 -2"><span class='ocrx_word' id='word_1_943' title='bbox 1333 2689 1448 2711; x_wconf 83' lang='lat' dir='ltr'>orationes</span> <span class='ocrx_word' id='word_1_944' title='bbox 1465 2689 1507 2713; x_wconf 55' lang='lat' dir='ltr'>vel*</span> <span class='ocrx_word' id='word_1_945' title='bbox 1519 2689 1644 2711; x_wconf 85' lang='lat' dir='ltr'>memorias</span> <span class='ocrx_word' id='word_1_946' title='bbox 1661 2690 1799 2712; x_wconf 84' lang='lat' dir='ltr'>Sanctorum</span> <span class='ocrx_word' id='word_1_947' title='bbox 1816 2690 1866 2712; x_wconf 85' lang='lat' dir='ltr'>eius</span> <span class='ocrx_word' id='word_1_948' title='bbox 1878 2698 1889 2710; x_wconf 75' lang='lat' dir='ltr'>n</span> <span class='ocrx_word' id='word_1_949' title='bbox 1909 2691 1952 2711; x_wconf 84' lang='lat' dir='ltr'>etc.</span> 
     </span>
    </p>

    <p class='ocr_par' dir='ltr' id='par_1_45' title="bbox 1333 2726 2182 2795">
     <span class='ocr_line' id='line_1_125' title="bbox 1396 2726 2182 2756; baseline 0.001 -7"><span class='ocrx_word' id='word_1_950' title='bbox 1396 2726 1416 2740; x_wconf 86' lang='lat'>¹⁰</span> <span class='ocrx_word' id='word_1_951' title='bbox 1433 2728 1476 2750; x_wconf 84' lang='lat' dir='ltr'>lac.</span> <span class='ocrx_word' id='word_1_952' title='bbox 1493 2729 1520 2755; x_wconf 84' lang='lat'>2,</span> <span class='ocrx_word' id='word_1_953' title='bbox 1538 2728 1575 2751; x_wconf 86' lang='grc'>20.</span> <span class='ocrx_word' id='word_1_954' title='bbox 1592 2731 1614 2751; x_wconf 90' lang='lat' dir='ltr'>et</span> <span class='ocrx_word' id='word_1_955' title='bbox 1630 2729 1668 2751; x_wconf 79' lang='lat'>26.</span> <span class='ocrx_word' id='word_1_956' title='bbox 1685 2728 1731 2751; x_wconf 86' lang='lat' dir='ltr'>Csr.</span> <span class='ocrx_word' id='word_1_957' title='bbox 1747 2734 1819 2756; x_wconf 86' lang='lat' dir='ltr'>supra</span> <span class='ocrx_word' id='word_1_958' title='bbox 1836 2735 1858 2750; x_wconf 91' lang='lat' dir='ltr'>n.</span> <span class='ocrx_word' id='word_1_959' title='bbox 1877 2729 1903 2756; x_wconf 87' lang='grc'>1,</span> <span class='ocrx_word' id='word_1_960' title='bbox 1928 2727 1969 2750; x_wconf 90' lang='lat' dir='ltr'>ubi</span> <span class='ocrx_word' id='word_1_961' title='bbox 1993 2728 2061 2750; x_wconf 81' lang='lat' dir='ltr'>etlam</span> <span class='ocrx_word' id='word_1_962' title='bbox 2079 2728 2109 2751; x_wconf 84' lang='lat' dir='ltr'>de</span> <span class='ocrx_word' id='word_1_963' title='bbox 2125 2727 2182 2751; x_wconf 87' lang='lat' dir='ltr'>divi-</span> 
     </span>
     <span class='ocr_line' id='line_1_126' title="bbox 1333 2767 1604 2795; baseline 0 -6"><span class='ocrx_word' id='word_1_964' title='bbox 1333 2767 1399 2789; x_wconf 89' lang='lat' dir='ltr'>sione</span> <span class='ocrx_word' id='word_1_965' title='bbox 1416 2767 1484 2789; x_wconf 83' lang='lat' dir='ltr'>huius</span> <span class='ocrx_word' id='word_1_966' title='bbox 1501 2767 1604 2795; x_wconf 85' lang='lat' dir='ltr'>capituli.</span> 
     </span>
    </p>

    <p class='ocr_par' dir='ltr' id='par_1_46' title="bbox 1333 2805 2182 2954">
     <span class='ocr_line' id='line_1_127' title="bbox 1396 2805 2179 2835; baseline 0 -6"><span class='ocrx_word' id='word_1_967' title='bbox 1396 2805 1415 2818; x_wconf 88' lang='lat'>²¹</span> <span class='ocrx_word' id='word_1_968' title='bbox 1434 2806 1499 2829; x_wconf 88' lang='lat' dir='ltr'>Vers.</span> <span class='ocrx_word' id='word_1_969' title='bbox 1517 2806 1538 2829; x_wconf 88' lang='lat'>6.</span> <span class='ocrx_word' id='word_1_970' title='bbox 1549 2819 1581 2823; x_wconf 97' lang='lat'><strong>—</strong></span> <span class='ocrx_word' id='word_1_971' title='bbox 1592 2807 1702 2835; x_wconf 75' lang='lat' dir='ltr'>August,</span> <span class='ocrx_word' id='word_1_972' title='bbox 1719 2809 1797 2829; x_wconf 85' lang='lat' dir='ltr'>contra</span> <span class='ocrx_word' id='word_1_973' title='bbox 1814 2806 1931 2829; x_wconf 75' lang='lat' dir='ltr'>Adimant.</span> <span class='ocrx_word' id='word_1_974' title='bbox 1948 2812 1967 2829; x_wconf 92' lang='lat' dir='ltr'>c.</span> <span class='ocrx_word' id='word_1_975' title='bbox 1986 2806 2023 2829; x_wconf 90' lang='grc'>17.</span> <span class='ocrx_word' id='word_1_976' title='bbox 2041 2813 2064 2829; x_wconf 86' lang='lat' dir='ltr'>n.</span> <span class='ocrx_word' id='word_1_977' title='bbox 2081 2807 2179 2829; x_wconf 74' lang='lat' dir='ltr'>22Nam</span> 
     </span>
     <span class='ocr_line' id='line_1_128' title="bbox 1334 2845 2182 2874; baseline 0.001 -7"><span class='ocrx_word' id='word_1_978' title='bbox 1334 2846 1390 2867; x_wconf 89' lang='lat' dir='ltr'>haec</span> <span class='ocrx_word' id='word_1_979' title='bbox 1408 2848 1442 2868; x_wconf 89' lang='lat' dir='ltr'>est</span> <span class='ocrx_word' id='word_1_980' title='bbox 1463 2845 1601 2868; x_wconf 83' lang='lat' dir='ltr'>brevissima</span> <span class='ocrx_word' id='word_1_981' title='bbox 1627 2849 1650 2869; x_wconf 88' lang='lat' dir='ltr'>et</span> <span class='ocrx_word' id='word_1_982' title='bbox 1670 2846 1816 2874; x_wconf 81' lang='lat' dir='ltr'>apertissima</span> <span class='ocrx_word' id='word_1_983' title='bbox 1841 2846 1967 2869; x_wconf 77' lang='lat' dir='ltr'>differentia</span> <span class='ocrx_word' id='word_1_984' title='bbox 1989 2845 2091 2868; x_wconf 91' lang='lat' dir='ltr'>duorum</span> <span class='ocrx_word' id='word_1_985' title='bbox 2116 2848 2182 2868; x_wconf 78' lang='lat' dir='ltr'>testa-</span> 
     </span>
     <span class='ocr_line' id='line_1_129' title="bbox 1333 2879 2179 2915; baseline 0.001 -9"><span class='ocrx_word' id='word_1_986' title='bbox 1333 2887 1478 2907; x_wconf 85' lang='lat' dir='ltr'>mentorum:</span> <span class='ocrx_word' id='word_1_987' title='bbox 1496 2884 1568 2908; x_wconf 81' lang='lat' dir='ltr'>timm·</span> <span class='ocrx_word' id='word_1_988' title='bbox 1585 2887 1607 2907; x_wconf 89' lang='lat' dir='ltr'>et</span> <span class='ocrx_word' id='word_1_989' title='bbox 1623 2891 1711 2914; x_wconf 81' lang='lat' dir='ltr'>amor;</span> <span class='ocrx_word' id='word_1_990' title='bbox 1729 2886 1785 2908; x_wconf 86' lang='lat' dir='ltr'>illud</span> <span class='ocrx_word' id='word_1_991' title='bbox 1802 2886 1832 2908; x_wconf 86' lang='lat' dir='ltr'>ad</span> <span class='ocrx_word' id='word_1_992' title='bbox 1849 2879 1965 2915; x_wconf 84' lang='lat' dir='ltr'>veterem,</span> <span class='ocrx_word' id='word_1_993' title='bbox 1982 2886 2026 2908; x_wconf 87' lang='lat' dir='ltr'>hoc</span> <span class='ocrx_word' id='word_1_994' title='bbox 2043 2885 2073 2907; x_wconf 86' lang='lat' dir='ltr'>ad</span> <span class='ocrx_word' id='word_1_995' title='bbox 2090 2891 2179 2908; x_wconf 89' lang='lat' dir='ltr'>novum</span> 
     </span>
     <span class='ocr_line' id='line_1_130' title="bbox 1333 2923 1998 2954; baseline 0.003 -9"><span class='ocrx_word' id='word_1_996' title='bbox 1333 2923 1452 2945; x_wconf 90' lang='lat' dir='ltr'>hominem</span> <span class='ocrx_word' id='word_1_997' title='bbox 1470 2924 1568 2951; x_wconf 87' lang='lat' dir='ltr'>pertinet</span> <span class='ocrx_word' id='word_1_998' title='bbox 1585 2926 1627 2947; x_wconf 88' lang='lat' dir='ltr'>etc.</span> <span class='ocrx_word' id='word_1_999' title='bbox 1644 2924 1691 2947; x_wconf 78' lang='lat' dir='ltr'>cfr.</span> <span class='ocrx_word' id='word_1_1000' title='bbox 1710 2925 1742 2947; x_wconf 87' lang='grc' dir='ltr'>ΙΙΙ.</span> <span class='ocrx_word' id='word_1_1001' title='bbox 1761 2925 1822 2947; x_wconf 85' lang='lat' dir='ltr'>Sent.</span> <span class='ocrx_word' id='word_1_1002' title='bbox 1839 2925 1862 2947; x_wconf 89' lang='lat' dir='ltr'>d.</span> <span class='ocrx_word' id='word_1_1003' title='bbox 1881 2924 1918 2947; x_wconf 77' lang='lat'>40.</span> <span class='ocrx_word' id='word_1_1004' title='bbox 1935 2931 1959 2954; x_wconf 90' lang='lat' dir='ltr'>q.</span> <span class='ocrx_word' id='word_1_1005' title='bbox 1977 2925 1998 2947; x_wconf 93' lang='grc'>1.</span> 
     </span>
    </p>
   </div>
  </div>
 </body>
</html>
