2296 3316
251 466 320 484 Tertia.

204 747 321 771 Exemplum.

217 1029 314 1053 Expositio

209 1053 321 1077 spiritualis.

215 2065 251 2083 Pro
265 2067 318 2088 parte

207 2089 325 2107 affirmativa.

337 194 375 222 ΔΟ

336 271 413 308 plum
436 270 536 299 huius:
553 269 627 298 tertii
648 269 753 306 Regum
775 267 865 305 primo
879 267 996 301 dicitur,
1012 267 1085 304 quod
1100 266 1187 295 David

337 320 467 347 senuerat
488 320 515 346 et
535 324 590 345 non
612 315 768 349 calefiebat,
787 318 815 344 et
836 314 977 349 subditur,
1000 313 1074 351 quod
1102 321 1186 351 quae-

338 364 445 393 sierunt
473 363 570 400 Abisag
598 362 783 396 Sunamstem,
806 369 877 398 quae
897 361 1052 390 dormiebat
1073 361 1101 389 in
1123 360 1186 389 sinu

338 411 411 448 regis
431 414 458 439 et
480 410 654 439 calefaciebat
675 417 754 443 eum;
777 416 826 446 per
854 416 882 437 se
911 416 966 436 non
986 409 1095 444 poterat
1116 407 1186 435 cale-

338 458 414 492 fieri,
436 466 499 487 cum
520 460 593 486 esset
613 457 696 486 solus.
713 472 749 477 —
764 456 904 492 Quantum
920 455 953 489 ad
968 455 1187 484 emolumentum

337 505 365 534 in
387 503 563 542 defendendo
584 503 690 533 subdit:
714 504 749 532 Et
768 503 796 531 si
816 503 973 541 qnisquam
984 501 1189 540 praevaluerit

338 555 441 581 eontra
462 560 573 585 unum,
595 551 653 580 dito
673 551 805 579 resistent
826 550 868 584 ei,
890 553 917 578 et
938 550 975 578 ita
996 549 1069 577 valet
1089 548 1122 577 ad
1140 548 1188 577 de-

338 599 503 633 fensionem;
525 598 638 628 secundi
660 598 764 635 Regum
785 597 928 626 decim012
950 608 963 621 «
978 596 1004 624 Si
1026 595 1188 633 praevalue-

339 646 395 675 rint
415 646 563 675 adversum
585 653 630 674 me
651 645 725 682 Syri,
747 645 803 674 eris
823 644 891 673 mihi
913 644 941 672 in
963 643 1149 677 adiutorium;
1165 643 1187 671 si

338 696 430 722 autem
452 693 500 721 filii
521 694 635 721 Ammon
656 691 863 729 praevaluerint
884 691 1031 720 adversum
1047 693 1085 724 te,
1107 689 1189 718 auxi-

338 740 426 769 liabor
447 740 537 769 tibi».
568 740 598 769 Et
630 740 682 768 hoc
713 738 825 776 quidem
857 738 1013 767 manifestat
1043 737 1187 774 exemplo:

339 788 504 817 Fimieztlus
532 787 636 825 triplex
664 786 779 825 difficile
806 786 965 823 rumpitm:
988 785 1064 814 Sicut
1085 784 1189 813 chorda

339 834 458 864 chordae
479 834 626 863 coniuncta
646 837 688 862 est
709 833 821 867 sortior,
844 833 882 861 sic
903 835 931 861 et
951 833 1046 866 homo;
1073 832 1189 860 Prover-

338 881 449 910 biorum
478 880 584 910 decimo
615 882 725 909 octavo:
753 880 887 914 «Frater,
919 879 967 916 qui
999 878 1148 907 adiuvatur
1173 886 1189 907 a

339 928 439 961 fratre,
462 927 542 964 quasi
563 927 659 956 civitas
680 927 760 955 firma
774 939 800 955 n.

419 974 621 1012 Spiritualz'ter
641 974 687 1002 hic
707 977 820 1002 notatur
849 973 952 1010 triplex
977 973 1092 1002 effectus
1119 972 1189 1001 cari-

340 1022 417 1056 tatis,
439 1021 542 1050 scilicet
563 1024 662 1049 mutua
683 1020 837 1054 relevatio,
860 1023 959 1048 mutua
979 1019 1137 1048 consolatio
1162 1022 1190 1048 et

339 1071 438 1097 mutua
451 1067 587 1106 defensio.
604 1068 718 1105 Propter
732 1067 935 1096 relevationem
956 1067 1036 1096 dicit:
1059 1067 1093 1096 Si
1110 1076 1190 1096 unus

339 1116 471 1145 ceciderit
479 1127 489 1150 ;
519 1116 553 1144 ad
585 1115 693 1144 Galatas
724 1115 859 1144 ultimo2:
887 1115 941 1143 «Si
970 1117 1190 1152 praeoccupatus

339 1163 424 1192 fuerit
451 1163 534 1191 homo
562 1162 589 1191 in
620 1162 714 1199 aliquo
741 1162 855 1196 delicto,
875 1169 940 1196 vos,
962 1161 1010 1199 qui
1032 1161 1190 1198 spirituales

340 1210 420 1245 estis,
442 1210 601 1239 huiusmodi
624 1209 753 1238 instruite
774 1209 803 1237 in
824 1209 925 1246 spiritu
940 1208 1059 1237 lenitatis
1073 1219 1100 1243 »3
1116 1208 1190 1237 unde

339 1258 440 1286 dicitur
456 1257 636 1286 Ecclesiastici
651 1256 792 1293 trigesimo
806 1256 936 1293 septimo:
957 1255 1031 1284 «Cor
1047 1255 1110 1284 boni
1125 1263 1190 1284 con-

341 1304 393 1333 silii
414 1307 504 1333 statue
526 1307 658 1333 tecum».
675 1319 712 1324 —
728 1303 842 1340 Propter
863 1302 1088 1331 consolationem
1108 1302 1189 1331 dicit:

342 1350 527 1380 Fovebuntar
534 1355 636 1380 mutuo
641 1361 651 1384 ,·
660 1350 765 1387 primae
773 1350 807 1378 ad
815 1349 1071 1379 Thessalonicenses
1079 1350 1189 1387 quinto:

346 1410 359 1423 α
378 1398 560 1427 Consolamini
592 1397 780 1434 pusillanimes
795 1408 826 1431 »;
858 1399 886 1425 et
915 1396 1017 1425 ibidem
1048 1396 1189 1426 secundo:

347 1457 359 1469 α
373 1445 445 1474 Facti
467 1453 565 1474 sumus
586 1444 695 1481 parvuli
723 1444 751 1472 in
776 1444 867 1473 medio
889 1444 989 1478 vestri,
1012 1446 1145 1481 tanquam
1168 1444 1190 1473 si

342 1493 439 1521 nutrix
460 1492 551 1521 foveat
579 1492 649 1520 filios
670 1499 736 1520 suos
750 1503 777 1519 ».
800 1508 837 1511 ——
860 1491 974 1527 Propter
996 1489 1191 1528 defensionem

342 1540 421 1568 dicit:
439 1540 502 1568 Duo
524 1539 672 1573 resistent5
686 1539 770 1567 Isaiae
788 1538 1032 1575 quinquagesimo:
1053 1550 1066 1564 «
1081 1539 1191 1567 Stemus

342 1586 438 1620 simul;
455 1586 517 1623 quis
538 1588 580 1615 est
600 1586 776 1614 adversarius
797 1593 876 1614 meus
887 1588 920 1614 n?
933 1601 973 1605 -
987 1586 1101 1622 Propter
1116 1585 1192 1614 hunc

343 1634 479 1670 triplicem
501 1633 629 1662 effectum
644 1633 766 1661 caritatis
780 1632 882 1661 dicitur
897 1632 1052 1670 funiculas
1068 1632 1191 1669 triplex;

343 1680 412 1710 Osee
432 1680 595 1709 undecimo:
622 1680 678 1708 «In
700 1680 831 1709 funiculis
852 1680 935 1709 Adam
958 1680 1066 1709 traham
1095 1682 1138 1714 te,
1164 1680 1191 1708 in

343 1727 461 1756 vinculis
482 1727 644 1756 caritatis».

666 1821 867 1857 QunnsrioNsss.

421 1918 438 1945 I.
461 1916 611 1954 Quaeritur
626 1915 672 1944 hic
686 1915 720 1944 de
735 1915 791 1944 vita
805 1915 936 1949 solitaria,
952 1917 1048 1944 utrum
1064 1915 1099 1944 sit
1113 1923 1193 1952 prae-

342 1964 466 2002 eligenda
486 1963 617 1993 societati.
640 1962 719 1999 Quod
741 1963 796 1996 sic,
818 1962 940 1991 videtur:

424 2013 448 2040 ¹1.
481 2011 551 2048 Quia
578 2010 680 2039 dicitur
708 2010 885 2039 Threnorum
915 2009 1022 2038 tertio³
1055 2009 1089 2038 de
1121 2010 1194 2038 bono

343 2059 529 2088 adolescente:
553 2057 663 2087 Sedebit
683 2057 838 2086 solitarius
865 2061 889 2085 et
911 2056 1029 2085 tacebit:
1051 2064 1118 2094 ergo
1145 2057 1193 2085 bo—

343 2115 411 2136 num
432 2110 474 2135 est
494 2113 555 2135 esse
576 2105 675 2134 solum.

423 2154 449 2181 Ξ).
472 2153 632 2185 Praeterea,
663 2151 844 2180 Bernardus4
874 2151 954 2180 dicit:
986 2151 1127 2187 «Quoties
1153 2151 1194 2180 fui

345 2200 417 2228 inter
445 2199 583 2233 homines,
610 2198 704 2226 minus
730 2198 813 2226 bomo
842 2198 909 2227 redii
925 2209 952 2226 »z
982 2206 1037 2226 non
1059 2200 1100 2226 est
1127 2205 1194 2234 ergo

346 2247 449 2276 bonum
471 2254 530 2275 esse
552 2246 623 2274 inter
644 2245 778 2274 homines.

424 2293 450 2323 3.
473 2294 555 2328 Item,
577 2293 625 2330 qui
646 2295 688 2321 est
708 2293 736 2321 in
758 2292 902 2326 societate,
917 2300 1029 2321 necesse
1043 2295 1101 2326 est,
1120 2291 1195 2329 quod

345 2341 380 2370 sit
401 2340 550 2374 sollicitus,
576 2339 715 2377 quomodo
742 2346 771 2367 se
802 2338 955 2367 conformet
987 2338 1124 2372 societati;
1147 2337 1195 2367 sed

345 2388 490 2425 Apostolus
509 2387 575 2416 dicit
597 2387 703 2424 primae
724 2386 758 2414 ad
779 2385 936 2414 Corinthios
951 2384 1105 2422 septim05,
1120 2384 1195 2422 quod

346 2435 449 2464 bonum
470 2438 512 2463 est
532 2443 585 2463 non
608 2434 715 2463 nubere
736 2436 851 2470 propter
873 2432 1011 2461 vitandam
1033 2431 1194 2461 sollicitudi-

919 188 1088 217 COMMENT.
1112 188 1144 217 ΙΝ
1166 187 1403 217 ECCLESIASTEN
1424 187 1452 216 C.
1475 187 1516 216 lV.

1243 274 1306 295 nem
1328 266 1361 295 de
1388 265 1522 303 placendo
1549 265 1649 294 uxori:
1675 272 1742 302 ergo
1766 265 1893 294 similiter
1924 266 2029 295 bonum
2050 269 2093 295 est

1243 320 1353 341 omnem
1375 312 1533 341 societatem
1553 312 1659 349 sugere.

1323 359 1451 388 CONTRA:
1476 360 1500 388 1.
1522 359 1635 388 Genesis
1655 359 1812 388 secundo<⁵z
1828 359 1893 388 Non
1914 364 1956 389 est
1976 360 2092 395 bonum,

1244 405 1388 435 hominem
1408 414 1467 434 esse
1486 406 1597 435 sotum:
1613 414 1680 443 ergo
1694 406 1813 436 solitudo
1834 409 1876 436 est
1889 407 2093 444 vituperabilis,

1244 455 1272 481 et
1292 460 1342 490 per
1363 453 1521 490 oppositum
1542 453 1658 482 societas
1678 453 1832 483 laudabilis.

1324 501 1350 529 2.
1373 500 1452 535 Item,
1467 500 1594 529 Matthaei
1609 500 1716 530 decimo
1730 503 1827 530 octavo
1838 501 1865 530 ⁷:
1886 501 1940 531 Ubi
1952 505 2021 531 sunt
2034 502 2093 531 duo

1245 547 1288 575 vel
1308 550 1365 575 tres
1386 547 1556 584 conyreyati
1583 548 1615 576 in
1642 547 1758 576 nomine
1785 557 1864 583 ineo,
1886 548 1927 577 ibi
1947 548 1978 577 in
1998 549 2093 578 medio

1245 602 1346 623 eorum
1366 602 1451 628 surm
1472 602 1528 623 non
1548 594 1629 623 dicit:
1652 595 1700 623 ubi
1721 603 1817 629 unns,
1839 595 1887 624 sed
1907 596 1955 624 ubi
1970 596 2029 624 duo
2050 596 2093 625 vel

1245 644 1319 669 tres:
1341 648 1408 677 ergo
1435 641 1532 669 melior
1560 645 1601 670 est
1625 641 1681 670 vita
1709 641 1737 670 in
1768 642 1980 679 congregatione
2010 651 2094 680 quam

1245 687 1376 716 solitarIa.

1325 734 1351 763 3.
1374 734 1456 769 Item,
1472 735 1524 764 hoc
1539 736 1674 772 probatur
1689 744 1739 772 per
1754 736 1873 765 litteram
1895 737 1976 766 istam
1987 736 2014 771 ⁸,
2029 737 2094 774 quia

1245 781 1361 810 societas
1387 780 1490 819 fulcit,
1518 781 1594 820 fovet
1622 785 1649 812 et
1677 782 1820 821 defendit,
1842 791 1914 821 quae
1945 785 2011 812 sunt
2042 783 2096 813 tria

1245 828 1332 862 bona,
1354 829 1457 866 quibus
1478 829 1592 858 solitarii
1613 830 1769 867 privantur.

1325 876 1498 913 Respondeo:
1521 877 1683 912 dicendum,
1706 877 1780 914 quod
1805 878 1908 915 triplex
1930 880 1972 907 est
1996 878 2095 907 solita-

1246 923 1345 952 rium:
1367 931 1456 952 unum
1477 932 1527 961 per
1548 924 1681 961 inopiam
1701 924 1879 959 dilectionis,
1901 925 1973 954 sicut
1993 933 2096 955 avarus

1246 978 1301 999 non
1323 970 1383 999 vult
1403 970 1507 1000 habere
1527 974 1684 1000 consortem
1715 972 1742 1000 in
1773 972 1891 1007 divitiis,
1913 980 1964 1001 nec
1985 972 2096 1002 invidus

1246 1017 1274 1046 in
1295 1017 1391 1051 bonis,
1413 1025 1464 1046 nec
1485 1018 1624 1055 superbus
1645 1018 1673 1047 in
1694 1018 1816 1056 magnis;
1838 1022 1865 1048 et
1886 1019 2006 1048 solitudo
2027 1020 2095 1049 haec

1247 1064 1320 1092 mala
1339 1064 1451 1093 omnino
1471 1067 1521 1093 est.
1543 1065 1600 1093 Alia
1620 1065 1738 1094 solitudo
1759 1073 1810 1102 per
1831 1065 1975 1104 defectum
1998 1075 2097 1095 conso*

1247 1110 1382 1145 lationis,
1404 1111 1476 1140 sicut
1496 1111 1598 1140 dicitur
1620 1112 1647 1141 in
1670 1112 1814 1141 Psalmo⁹:
1841 1113 1951 1142 Unicus
1971 1117 1998 1142 et
2017 1122 2096 1151 pau-

1244 1166 1298 1195 per
1317 1166 1385 1186 sum
1405 1167 1472 1196 eqo,
1494 1161 1521 1187 et
1542 1159 1610 1188 haec
1630 1159 1732 1188 misera
1759 1161 1809 1188 est.
1839 1160 1885 1189 Est
1911 1163 1939 1189 et
1959 1160 2013 1189 alia
2033 1161 2097 1190 soli-

1247 1205 1315 1234 tudo
1336 1213 1385 1242 per
1407 1205 1529 1243 quietem
1543 1206 1809 1243 contemplacionis,
1824 1207 1934 1236 ethaeo
1952 1207 2098 1237 laudabilis

1247 1255 1274 1281 et
1296 1252 1419 1281 honesta.
1442 1269 1481 1273 —
1501 1252 1631 1282 Similiter
1658 1253 1760 1291 triplici
1788 1254 1869 1283 modo
1896 1257 1938 1283 est
1958 1255 2096 1284 societas:

1247 1300 1383 1337 quaedam
1404 1300 1508 1329 scilicet
1529 1300 1653 1329 turbans
1667 1304 1694 1329 et
1707 1301 1879 1338 impediens,
1895 1302 1967 1331 sicut
1981 1302 2097 1332 societas

1247 1347 1398 1382 malorum;
1413 1347 1548 1385 quaedam
1562 1347 1694 1376 subsidio
1712 1352 1737 1376 et
1749 1348 1853 1377 solatio
1867 1349 2010 1387 indiqens,
2025 1349 2098 1379 sicut

1248 1394 1364 1424 societas
1384 1403 1509 1424 uxorum
1536 1397 1564 1424 et
1591 1395 1779 1431 infirmorum
1803 1398 1830 1425 et
1853 1396 1989 1433 quaedam
2010 1396 2097 1426 adiu-

1247 1451 1322 1471 vans
1336 1446 1361 1471 et
1372 1451 1564 1480 promovens,
1580 1442 1651 1471 sicut
1666 1443 1781 1472 societas
1795 1443 1991 1481 perfectorum.
2007 1444 2097 1473 Prima

1248 1492 1289 1518 est
1309 1488 1469 1527 fugienda,
1491 1489 1612 1518 secunda
1640 1489 1807 1524 toleranda,
1829 1490 1877 1519 sed
1908 1491 1990 1519 tertia
2010 1499 2097 1528 appe-

1248 1537 1352 1571 tenda;
1373 1540 1400 1566 et
1422 1537 1490 1566 haec
1510 1540 1552 1566 est
1573 1537 1600 1565 in
1622 1537 1763 1574 religione.
1785 1537 1900 1574 Quando
1921 1537 2007 1575 igitur
2025 1537 2097 1567 Scri-

1247 1587 1332 1621 ptura
1352 1584 1527 1613 commendat
1547 1583 1721 1618 societatem,
1743 1584 1906 1622 intelligitur
1927 1584 1961 1613 de
1982 1585 2048 1619 hac;
2070 1587 2098 1614 et

1248 1631 1317 1660 haec
1337 1639 1391 1659 non
1413 1634 1551 1668 repugnat
1579 1631 1719 1659 solitudini
1751 1631 2004 1668 contemplationis,
2032 1631 2099 1669 quia

1249 1678 1407 1707 Bernardus
1428 1678 1455 1707 in
1477 1678 1595 1707 Canticis
1607 1678 1646 1706 1⁰:
1673 1679 1775 1707 «Inter
1796 1679 1900 1708 multos
1915 1679 1990 1708 solus
2008 1681 2098 1716 potest

1249 1733 1309 1755 esse
1330 1726 1414 1754 homo
1441 1726 1569 1761 omnino,
1591 1725 1613 1754 si
1641 1726 1830 1755 curiositatem
1858 1726 1986 1764 fugiat».
2009 1742 2045 1747 —
2067 1726 2099 1755 Et

1250 1772 1288 1801 sic
1309 1775 1404 1809 patent
1424 1772 1539 1801 obiecta.

1279 1868 1342 1896 AnT.
1366 1866 1391 1896 3.
1416 1867 1455 1895 De
1477 1866 1605 1895 vanitate
1624 1866 1853 1903 imprudentiae,
1876 1875 1951 1904 quae
1968 1866 2067 1904 primo

1368 1913 1537 1942 detestanda
1557 1917 1677 1950 propter
1697 1913 1811 1942 malum
1830 1921 1980 1950 praesens.

1330 2008 1429 2037 Melior
1450 2011 1490 2036 est
1508 2017 1584 2045 puer
1604 2011 1655 2037 etc.
1678 2008 1739 2045 Egit
1759 2015 1846 2045 supra
1859 2007 1893 2036 de
1907 2007 2028 2036 vanitate
2042 2015 2100 2036 ma-

1251 2054 1325 2083 litiae
1339 2057 1366 2083 et
1378 2054 1527 2089 avaritiae;
1549 2055 1594 2084 hic
1614 2055 1670 2092 agit
1685 2054 1718 2084 de
1733 2054 1853 2083 vanitate
1868 2053 2100 2091 imprudentiae,-

1251 2104 1278 2131 et
1298 2101 1365 2139 quia
1384 2101 1491 2130 vanitas
1512 2102 1716 2138 imprudentiae
1743 2104 1786 2130 est
1812 2101 1958 2137 culpabilis
1979 2103 2006 2130 et
2025 2101 2101 2130 dete-

1251 2149 1359 2183 standa;
1374 2149 1435 2177 ideo
1450 2152 1547 2177 contra
1561 2149 1649 2185 ipsam
1663 2148 1805 2177 invehitur
1820 2148 1980 2185 dupliciter:
1996 2148 2100 2186 primo,

1251 2198 1366 2233 propter
1387 2195 1491 2224 malum
1511 2203 1666 2232 praesens;
1694 2194 1828 2228 secundo,
1854 2198 1969 2232 propter
1996 2195 2101 2224 malum

1250 2242 1405 2271 succedens
1433 2242 1490 2270 sive
1518 2249 1706 2278 consequenS,
1736 2241 1789 2269 ibi:
1827 2241 1890 2270 Vidi
1913 2246 2032 2271 cunctos
2058 2242 2101 2270 vi-

1251 2293 1354 2318 ventes.

2112 364 2148 383 Pro
2161 366 2213 388 parte

2118 387 2210 411 negativa.

2282 591 2292 851 ἰ

2112 880 2169 904 Resp.
2287 859 2292 870 ¹

2112 926 2229 969 Ilattia·
2270 930 2271 949 ³
2284 875 2293 1132 ᾗ

2270 1017 2272 1027 l

2270 1075 2271 1085 l

2270 1104 2271 1113 l

2270 1225 2271 1234 l

2114 1255 2190 1282 Triplex
2202 1260 2231 1274 so-
2286 1134 2295 1720 ζ

2138 1281 2204 1298 clems-

2117 2006 2195 2025 nivisio.
2291 2004 2296 2249 1

2291 2251 2295 2264 l

1331 2336 1419 2372 (Vers.
1446 2335 1488 2364 13.
1514 2336 1579 2373 tlt).
1602 2336 1703 2365 Malum
1716 2344 1859 2373 praesens
1873 2339 1901 2365 et
1914 2336 2101 2365 concomitans
2114 2334 2245 2359 E¹¹³⁰⁵³²³⁰¹³⁸·

1252 2382 1467 2420 imprudentiam
1488 2385 1545 2417 est,
1560 2382 1634 2420 quod
1650 2390 1742 2420 regem
1757 2382 1870 2412 divitem
1885 2386 1912 2412 et
1928 2391 2021 2412 senem
2035 2382 2102 2412 sub-

1252 2431 1309 2460 iicit
1330 2438 1418 2468 puero
1432 2429 1561 2467 pauperi,
1577 2429 1688 2459 habenti
1709 2430 1901 2467 prudentiam,
1916 2433 1943 2460 et
1964 2431 2017 2459 hoc
2040 2429 2102 2467 qui-

408 2641 415 2653 ¹
435 2642 500 2663 Vcrs.
519 2642 555 2663 rll.
571 2654 603 2658 —
621 2641 728 2670 Sequitur
745 2641 813 2663 Prov.
830 2641 873 2668 18,
891 2641 928 2663 r19.

408 2680 416 2693 ²
437 2682 502 2703 Vers.
521 2681 541 2703 l.
559 2693 589 2697 -
613 2681 747 2709 Sequuntur
764 2680 830 2702 Eccii.
854 2680 900 2707 37,
916 2680 957 2708 Ἰ17;
975 2681 989 2702 Ι.
1013 2681 1093 2702 Thess.
1111 2680 1138 2707 ὅ,
1157 2679 1193 2702 14.

346 2724 368 2742 et
380 2721 405 2746 2,
418 2720 443 2746 7,
457 2720 495 2742 ubi
509 2720 609 2748 Vulgata
620 2722 726 2743 cestrum
739 2726 782 2748 pro
795 2719 880 2748 oestri;
894 2720 943 2742 lsai.
956 2720 997 2746 50,
1010 2720 1037 2746 83
1049 2719 1108 2741 Osee
1121 2719 1128 2741 1
1140 2720 1157 2746 l,
1171 2719 1195 2747 xi,

346 2760 368 2781 in
386 2766 432 2788 quo
450 2765 492 2787 pro
509 2758 606 2782 traham
623 2760 644 2782 te
662 2759 759 2787 Vulgata
777 2758 874 2782 traham
891 2764 937 2781 eos.

409 2797 418 2810 ³
435 2799 502 2821 Vers.
520 2799 556 2820 28.

409 2836 418 2849 ⁴
436 2838 496 2859 Ilaec
513 2838 636 2864 sententia,
654 2843 715 2866 quae
732 2837 800 2860 etiam
818 2837 882 2865 apud
900 2838 1023 2859 Auctorem
1042 2836 1093 2859 libri
1106 2837 1135 2859 de
1146 2836 1195 2859 lmi-

348 2879 384 2898 tat.
403 2876 486 2899 Christi
505 2876 554 2903 (lib.
571 2876 585 2898 l.
604 2882 623 2898 c.
641 2876 678 2898 20.
696 2883 719 2898 n.
736 2877 767 2904 2.)
785 2876 898 2903 occurrit,
916 2876 1043 2898 insinuatur
1060 2882 1072 2898 a
1096 2876 1195 2902 Seneca,

349 2915 417 2943 Epist.
434 2915 461 2936 7:
482 2924 493 2934 «
506 2915 602 2936 Avarior
619 2915 700 2942 redeo,
719 2914 870 2941 ambitiosior,
886 2914 1032 2941 luxuriosior,
1050 2914 1121 2936 immo
1138 2920 1195 2936 vero

348 2954 462 2977 crudelior
479 2956 502 2975 et
518 2953 671 2981 inhumanior,
689 2953 742 2982 quia
760 2953 818 2975 inter
835 2953 940 2975 homines
958 2953 987 2975 sui
1001 2962 1022 2975 n.
1040 2953 1100 2975 Haec
1122 2952 1194 2975 verba

348 2994 416 3016 etiam
436 2994 456 3015 in
475 2994 490 3015 E
507 2993 537 3015 ad
555 2993 683 3021 marginem
701 2993 834 3020 allegantur.
852 2993 894 3015 l‘ro
912 2993 1027 3015 Bernardo
1045 2993 1127 3020 allegat
1144 2993 1195 3014 Vat.

1253 2639 1277 2662 in
1295 2638 1383 2662 Cantic.
1400 2645 1473 2662 serm.
1490 2637 1538 2667 40,
1557 2639 1578 2660 in
1596 2645 1643 2667 quo
1662 2639 1693 2665 (n.
1712 2638 1732 2660 [ι.
1750 2640 1771 2660 et
1789 2637 1819 2666 5.)
1838 2637 1999 2660 mntnmmodo
2020 2636 2102 2659 adnor-

1253 2679 1307 2701 tatio
1330 2678 1458 2701 continetur
1476 2677 1505 2700 ad
1527 2677 1673 2700 solitudinem
1696 2677 1821 2699 amandam
1839 2679 1861 2699 et
1883 2677 1912 2699 ad
1930 2675 2034 2699 debitum
2052 2680 2102 2697 mo-

1253 2718 1309 2740 dum
1328 2717 1510 2739 conversationis
1527 2717 1584 2738 inter
1602 2717 1714 2738 homines.
1732 2715 1777 2739 Csr.
1794 2716 1846 2738 finis
1863 2721 1968 2743 respons.

1315 2755 1325 2768 ⁶
1344 2757 1409 2779 Vers.
1426 2757 1463 2779 32.
1481 2762 1547 2785 seqq.

1316 2794 1325 2807 ⁰
1344 2796 1408 2818 Vers.
1427 2796 1465 2818 JIS.

1316 2834 1325 2847 ⁸
1343 2836 1415 2858 Eccle.
1434 2834 1460 2861 4,
1478 2835 1539 2857 942.

1316 2873 1325 2886 ⁹
1344 2875 1425 2896 Psalm.
1444 2874 1486 2901 24,
1505 2874 1543 2896 ⁴6.

1316 2912 1335 2924 ¹⁰
1353 2913 1426 2935 Serui.
1440 2912 1475 2934 40.
1489 2918 1512 2934 n.
1526 2913 1552 2934 5:
1570 2912 1637 2934 solus
1648 2918 1673 2934 es
1685 2912 1707 2934 in
1720 2914 1908 2940 quantacumque
1920 2909 2040 2932 hominum
2053 2913 2101 2929 ver-

1253 2952 1310 2975 seris
1326 2952 1466 2981 frequentin,
1484 2953 1571 2973 tantum
1589 2957 1646 2973 eave
1671 2951 1759 2973 alienae
1783 2949 1964 2973 conversationis
1989 2954 2041 2970 esse
2062 2949 2101 2969 aut

1253 2992 1358 3014 curiosus
1375 2991 1510 3018 explorator,
1528 2993 1567 3012 aut
1583 2989 1719 3012 temerarius
1736 2989 1813 3011 iudex.

1953 2791 1961 2804 ⁷
1981 2793 2046 2814 Vers.
2064 2792 2101 2814 20.

2139 2359 2210 2378 tei-alis.

2121 2383 2148 2402 De
2162 2383 2214 2406 parte
2227 2381 2244 2400 ί.
