2296 3316
268 314 295 340 De
308 313 338 331 via
350 311 374 338 ad

266 339 322 355 Vitam
335 338 377 354 tria.

289 359 377 378 Primum.

262 499 375 519 Secundum.

288 592 378 611 Tertium.

262 873 381 893 Contrarium

254 899 275 917 fit
282 898 305 916 tri
320 897 388 924 liciter.

326 926 380 939 rimo.

288 972 381 991 Secundo.

313 1159 382 1178 Tertio.

271 1441 383 1461 Notandum.

259 1723 285 1741 De
299 1724 348 1740 statu
361 1722 385 1740 vi-

283 1748 312 1764 tae
326 1745 368 1763 tria.

278 2285 291 2304 N
296 2285 392 2304 otandum.

267 2575 352 2593 ehi-istus
367 2579 395 2592 sa-

279 2599 330 2616 navit
345 2598 394 2624 infir-

273 2624 399 2645 mospertria.

396 180 452 209 564
865 171 1090 202 COLLATIONES
1112 170 1143 198 IN
1165 168 1311 198 lOANNEM
1332 167 1400 195 CAP.
1424 166 1454 194 V.
1477 165 1570 194 COLL.
1593 165 1671 194 XXV.

473 257 499 286 3.
523 255 666 287 Audierit,
689 253 791 290 inquit,
813 259 908 280 vocem
924 250 995 278 Filii
1012 249 1071 277 Dei.
1095 247 1240 280 Audient,

396 305 523 341 inquam,
545 302 578 331 ad
600 300 830 337 intellimmtum,
852 297 886 326 ad
907 296 1101 329 credendum,
1122 294 1157 323 ad
1177 293 1239 322 obe-

394 351 541 380 diendum.
563 348 606 377 Sic
626 346 699 376 enim
729 348 771 375 est
791 343 960 373 audiendum
988 342 1121 375 verbum,
1142 344 1174 369 ut
1195 340 1239 368 iu-

395 398 575 435 fatigamus,
607 393 760 423 secundum
792 391 866 429 quod
897 390 1000 419 dicitur
1032 389 1059 417 in
1092 388 1198 417 Psalmo
1214 388 1239 414 ¹:

399 457 412 470 ι(
428 444 510 477 Audi,
533 443 599 475 filia,
622 444 649 470 et
671 440 731 469 vide
746 451 773 472 »,
789 439 815 467 id
837 440 893 471 est,
916 436 1050 472 intellige,
1069 446 1083 460 «ι
1098 437 1125 463 et
1140 434 1241 463 inclina

394 499 491 520 aurem
514 494 588 519 tuam
604 500 617 514 υ
643 490 694 517 etc.
718 503 754 508 —
773 486 816 514 Sic
837 485 919 514 etiam
940 482 1108 512 audiendum
1130 484 1187 514 est,
1209 483 1241 509 ut

395 538 566 569 credamus,-
588 535 694 564 loannis
712 534 824 571 quinto:
851 544 864 556 a
877 531 929 568 Qui
945 530 1062 559 verbum
1084 536 1177 557 meum
1192 536 1240 556 au-

395 586 434 614 dit
448 588 475 614 et
489 583 576 612 credit
590 583 617 610 in
632 590 676 610 me
698 581 781 610 habet
795 580 879 608 vitam
894 581 1035 607 aeternam
1046 588 1073 604 ».
1087 592 1123 596 —
1136 575 1178 603 Sic
1193 583 1241 603 au-

395 631 526 661 diendum
546 632 603 663 est,
625 631 657 657 ut
670 627 849 656 obediamus.
865 624 967 653 Taliter
985 622 1115 652 audiebat
1131 622 1165 650 de
1186 629 1242 658 quo

395 679 496 708 dicitur
512 678 539 706 in
555 676 677 705 Psalmo:
704 686 717 700 α
732 675 760 703 111
775 673 873 702 auditu
897 671 974 700 auris
993 669 1114 699 obedivit
1135 668 1202 697 mihi
1215 680 1241 696 ».

398 743 431 746 —
444 726 558 761 Propter
570 724 638 752 haec
653 722 706 751 tria
716 721 818 750 dicitur
830 717 1004 756 Apocalypsis
1015 716 1148 745 secundo:
1165 727 1178 740 «
1190 714 1242 752 Qui

397 772 479 801 habet
493 778 577 800 aures
598 768 726 798 audiendi
748 767 883 796 audiat».

475 819 501 847 4.
525 817 615 846 Primo
636 815 717 844 modo
738 822 793 843 nou
814 813 931 842 audiunt
952 810 999 848 qui
1016 810 1102 839 verbo
1119 809 1166 838 Dei
1189 816 1243 837 non

400 866 569 898 intendunt,-
597 864 630 893 de
659 862 762 900 quibus
790 861 817 889 in
846 860 952 888 Psalmo
968 859 991 886 2;
1019 870 1032 883 «
1054 858 1111 886 Non
1139 856 1244 885 audivit

400 913 519 951 populus
539 919 618 940 meus
640 917 734 938 vocem
756 915 861 941 meam,
883 909 910 935 et
936 905 1018 934 lsrael
1046 912 1101 933 non
1128 902 1245 932 intendit

401 960 467 990 mihi
481 972 506 987 ».
523 975 559 980 —
582 957 708 987 Secundo
728 955 822 989 modo,
851 954 899 991 qui
920 953 1007 982 verbo
1028 952 1075 981 Dei
1104 959 1158 980 non
1185 958 1245 979 cre-

400 1009 487 1040 dunt,
509 1006 542 1034 de
564 1004 668 1042 quibus
690 1002 772 1031 Isaiae
793 1004 889 1030 sexto:
917 1011 929 1025 «
946 1000 1068 1028 Excaeca
1082 1006 1130 1027 cor
1151 996 1245 1034 populi

401 1054 484 1083 huius
505 1056 531 1082 et
553 1060 636 1081 aures
656 1051 717 1079 eius
737 1056 873 1087 aggrava,
895 1055 929 1076 ne
951 1047 1022 1076 forte
1043 1046 1134 1074 videat
1158 1044 1246 1073 oculis

400 1101 458 1130 suis
479 1102 506 1128 et
527 1098 644 1127 auribus
664 1097 722 1126 suis
743 1095 838 1124 audiat
855 1097 883 1123 et
903 1093 985 1123 corde
1000 1101 1051 1122 suo
1072 1091 1206 1128 intelligat
1220 1093 1247 1119 et

401 1150 589 1180 convertatur,
605 1148 632 1174 et
646 1152 739 1173 sanem
755 1151 819 1172 eum
830 1154 857 1170 ».
871 1158 907 1162 -
919 1141 1013 1169 Tertio
1026 1139 1108 1168 modo
1129 1147 1182 1167 11011
1197 1146 1247 1166 au-

400 1196 494 1228 diunt,
517 1194 538 1223 si
561 1193 608 1231 qui
631 1192 717 1221 verbo
739 1190 786 1219 Dei
808 1198 862 1218 non
885 1188 1037 1220 obmutuit,-
1059 1186 1162 1215 similes
1182 1187 1248 1214 sunt

398 1243 450 1276 illi,
472 1242 505 1271 de
520 1249 576 1278 quo
597 1240 699 1269 dicitur
715 1238 802 1267 iacobi
824 1237 930 1274 primo:
958 1248 971 1260 α
986 1235 1068 1271 Quia,
1084 1234 1105 1263 si
1121 1233 1184 1270 quis
1199 1241 1248 1261 au-

399 1290 471 1318 ditor
492 1292 533 1317 est
555 1287 632 1316 verbi
655 1290 681 1315 et
703 1294 756 1314 non
778 1284 878 1317 factor,
900 1283 945 1312 hic
967 1281 1174 1318 comparabitur
1189 1279 1248 1307 viro

400 1334 583 1364 vonsideranfi
606 1333 715 1362 vultum
737 1330 888 1360 nativitatis
909 1337 975 1358 suae
994 1328 1021 1356 in
1043 1327 1155 1365 speculo
1171 1336 1200 1359 »;
1222 1328 1250 1354 et

403 1384 502 1412 talibus
527 1382 629 1411 dicitur
652 1380 758 1409 loannis
778 1382 887 1407 octavo:
914 1389 927 1402 «
950 1377 1098 1413 Propterea
1119 1382 1167 1403 vos
1195 1382 1249 1402 non

401 1430 518 1464 auditis,
540 1429 605 1466 quia
619 1436 655 1457 ex
677 1428 733 1456 Deo
747 1434 801 1455 non
823 1426 890 1455 estis
905 1437 930 1452 ».
946 1440 983 1445 —
1002 1424 1055 1451 Nos
1069 1430 1135 1459 ergo
1156 1421 1249 1450 audia-

404 1486 465 1506 mus
486 1485 582 1505 vocem
608 1475 678 1504 Filii
701 1474 751 1502 Dei
774 1473 808 1501 ad
830 1471 1058 1508 iutelligyendum,
1079 1469 1113 1497 ad
1135 1468 1250 1497 ereden-

403 1525 474 1552 dum
492 1527 519 1552 et
541 1523 574 1551 ad
596 1521 796 1554 obediendum,
816 1522 848 1547 ut
868 1519 956 1547 simus
982 1516 1150 1545 «auditores
1168 1518 1195 1543 et
1212 1515 1250 1542 sa-

404 1576 493 1601 ctores
510 1570 599 1604 verbi,
615 1577 669 1597 non
685 1568 825 1597 auditores
840 1568 947 1595 tantum
963 1575 989 1598 “3
1005 1567 1032 1593 et
1046 1563 1084 1592 sic
1099 1562 1252 1600 poterimus

404 1619 496 1647 vivere
517 1626 567 1654 per
592 1616 717 1645 verbum.

482 1666 508 1693 5
530 1664 678 1701 Sequitur:
703 1663 738 1690 Et
758 1661 810 1699 qui
829 1659 951 1689 audient
964 1658 1067 1686 vivent.
1083 1673 1119 1677 —
1142 1656 1251 1689 Vivent,

405 1713 534 1749 inquam,
557 1718 606 1747 per
626 1709 712 1746 fidem
729 1707 874 1740 veritatiS,
897 1714 946 1742 per
962 1713 1093 1733 amorem
1115 1702 1253 1731 emittatis

403 1763 430 1788 et
452 1766 501 1796 per
523 1765 612 1795 opera
633 1756 759 1784 virtutis.
783 1755 829 1783 llic
851 1753 923 1782 enini
949 1755 990 1781 est
1012 1751 1115 1788 triplex
1144 1750 1252 1779 vivendi

406 1806 503 1836 modus
525 1804 693 1842 spiritualis,
716 1806 747 1831 ut
770 1802 896 1830 vivamus
916 1808 966 1837 per
981 1799 1083 1836 fidem,
1099 1797 1252 1827 secundum

406 1853 479 1891 quod
500 1853 603 1882 dicitur
624 1851 751 1879 Habacuc
779 1848 901 1878 secundo
915 1848 942 1875 ³:
970 1847 1091 1875 «Iustus
1120 1853 1198 1874 meus
1226 1844 1254 1873 in

406 1910 457 1930 sua
471 1900 524 1929 fide
539 1899 645 1928 vivit».
659 1898 791 1926 Vivamus
805 1896 888 1925 etiam
905 1904 953 1933 per
966 1894 1134 1926 caritatem,-
1149 1892 1254 1930 primae

408 1948 514 1977 loannis
536 1947 632 1976 tertio:
660 1957 673 1971 «
695 1945 818 1978 Scimus,
847 1943 978 1980 quoniam
1004 1940 1128 1970 translati
1158 1947 1255 1969 sumus

407 1996 440 2024 de
462 1998 551 2023 morte
572 1993 605 2022 ad
634 1993 734 2025 vitam,
757 1991 887 2028 quoniam
909 1989 1049 2026 diligimus
1068 1988 1176 2016 fratres.
1203 1986 1253 2023 Qui

408 2043 481 2071 enim
504 2049 558 2070 non
579 2040 668 2077 diligit
689 2042 781 2067 manet
802 2038 830 2066 in
852 2040 941 2066 morte
959 2048 984 2063 n.
1015 2035 1146 2063 Vivanius
1173 2033 1255 2062 etiam

411 2097 458 2126 per
480 2096 569 2125 opera
584 2086 717 2119 virtutis,
732 2085 766 2113 de
787 2084 890 2122 quibus
906 2082 1119 2111 Proverbiorum
1142 2083 1255 2117 quarto:

413 2148 425 2161 α
442 2136 502 2164 Vita
523 2135 595 2164 enim
618 2137 684 2163 sunt
712 2132 916 2161 invenientibus
937 2138 969 2159 ea
992 2140 1018 2163 »3
1040 2128 1189 2157 Ezechielis
1210 2127 1257 2155 de-

409 2183 480 2212 cimo
500 2185 612 2211 octavo:
639 2192 652 2206 «
668 2181 693 2209 Si
726 2179 810 2208 fuerit
832 2179 874 2207 vir
903 2178 994 2206 iustus
1015 2180 1042 2205 et
1069 2175 1165 2204 fecerit
1186 2174 1257 2203 iudi-

410 2230 483 2259 cium
505 2233 531 2259 et
553 2229 687 2258 iustitiam
702 2231 770 2261 etc.;
793 2227 848 2255 vita
870 2226 943 2254 vivet
957 2228 984 2253 et
1005 2232 1060 2253 non
1081 2223 1256 2251 morietur».

410 2294 446 2298 —
470 2277 608 2305 Exeamus
632 2284 698 2312 ergo
719 2274 753 2303 de
775 2276 953 2302 monumento
981 2272 1093 2308 culpae,
1115 2272 1142 2298 et
1163 2268 1257 2298 audia-

412 2333 472 2353 mus
494 2324 610 2352 verbum
632 2322 788 2356 doctrinae,
810 2324 837 2350 et
858 2321 983 2348 vivemus
1005 2318 1061 2346 vita
1081 2317 1186 2354 gratiae
1197 2316 1217 2343 4.

742 2425 869 2447 ΑΝΝοτΑτιο
888 2422 925 2444 19.

490 2512 579 2548 (Vers.
606 2511 670 2545 14).
696 2511 782 2543 Ecce,
804 2517 898 2537 sanus
919 2507 1019 2545 sactus
1039 2514 1076 2534 es.

495 2559 516 2586 1.
540 2558 619 2591 Nota,
642 2557 716 2594 quod
731 2556 865 2593 quosdam
881 2554 987 2583 sanavit
1002 2552 1136 2581 Dominus
1150 2559 1258 2584 mauu,

412 2605 545 2642 quosdam
562 2604 662 2637 verbo,
678 2603 811 2640 quosdam
826 2605 919 2631 autem
933 2604 1008 2629 uutu
1027 2600 1092 2628 solo.
1118 2615 1146 2618 —
1168 2598 1258 2626 Tuetu

1297 252 1398 273 manus
1418 244 1526 272 sanavit
1553 243 1711 280 leprosum3
1734 243 1821 271 Lucae
1850 242 1985 279 quintofi:
2013 253 2026 267 α
2042 242 2143 270 Exten-
2160 245 2223 265 Τιῑοῑι·Ι

1297 292 1364 321 dens
1386 291 1461 320 lesus
1483 298 1609 324 manum,
1633 289 1721 326 tetigit
1741 297 1805 317 eum
1827 289 1936 318 dicens:
1959 289 2041 322 Volo,
2063 296 2143 317 mun-

1296 338 1376 371 dare;
1392 341 1420 366 et
1434 336 1577 366 confestim
1592 336 1718 365 discessit
1732 336 1809 372 lepra
1822 335 1857 364 ab
1871 343 1903 364 eo
1919 347 1944 363 n.
1961 351 1997 356 —
2019 334 2142 369 Virtute,
2160 339 2230 358 verbo-

1298 385 1402 414 scilicet
1426 383 1519 418 verbi,
1548 383 1655 412 sanavit
1681 383 1879 420 paralyticum;
1903 382 2010 411 loannis
2030 382 2143 419 quinto:

1303 445 1316 458 «
1331 432 1408 461 Dixit
1428 432 1502 461 enim
1531 431 1625 460 lesus:
1651 430 1726 459 Tolle
1754 430 1901 467 grabatum
1924 433 2004 458 tuum
2033 432 2060 458 et
2087 437 2145 458 am-

1298 479 1372 508 bula.
1390 479 1420 507 Et
1441 478 1533 507 statim
1556 485 1640 507 sanus
1661 477 1750 506 factus
1771 479 1821 505 est.
1837 492 1874 497 —
1890 475 1973 504 Nutu
1998 476 2084 505 solius
2098 483 2146 504 vo-
2164 479 2221 498 Nutu-

1299 526 1414 555 luntatis
1434 525 1541 554 sanavit
1555 525 1643 554 filium
1665 524 1771 561 reguli,
1786 524 1834 561 qui
1861 535 1874 548 «
1889 523 2084 552 infirmabatur
2098 523 2147 551 Ca-

1299 573 1456 610 pharnaum
1472 583 1505 606 ›·,
1535 572 1642 600 loannis
1667 573 1784 608 quarto,
1816 578 1899 608 quem
1927 578 1978 599 nec
2010 569 2077 599 vidit
2097 577 2147 599 nec

1300 620 1404 657 tetigit,
1433 619 1480 648 sed
1502 619 1588 648 solius
1616 617 1768 647 voluntatis
1794 617 1912 654 imperio
1939 617 2046 646 sanavit
2066 625 2147 651 euin,

1300 676 1364 696 cum
1386 667 1458 695 dixit
1480 666 1550 703 patri
1573 674 1639 694 suo:
1666 677 1679 691 «ι
1694 665 1779 694 Filius
1793 668 1860 694 tuus
1881 665 1990 694 vivit».
2283 657 2289 708 i

1379 716 1405 743 2.
1423 715 1461 743 lta
1476 714 1612 750 intellige,
1625 713 1700 750 quod
1711 713 1846 741 Dominus
1858 716 1936 741 sanat
1950 712 2084 750 quosdam
2094 711 2149 749 sla—
2165 715 2286 740 Anniana«

1299 762 1371 800 90110
1393 761 1599 794 correctionis,·
1622 761 1668 789 lob
1689 760 1820 798 quint0⁶x
1841 772 1854 786 α
1869 760 2003 789 Vulnerat
2017 763 2044 789 et
2058 759 2150 789 mede-

1302 813 1364 843 tur,
1387 808 1522 846 percutit‚
1537 812 1565 837 et
1580 816 1678 837 manus
1693 807 1754 836 eius
1768 807 1906 836 sanabunt
1920 819 1947 836 n.
1961 824 1996 828 —
2011 806 2150 844 Quosdam

1302 858 1380 884 sanat
1414 855 1580 892 alloquendo
1614 855 1672 883 solo
1703 853 1788 883 verbo
1817 853 2072 891 praedicationis:
2104 854 2150 882 Sa·
2290 882 2291 889 1

1302 902 1421 940 pientiae
1435 902 1542 931 decimo
1557 905 1653 931 sexto:
1673 913 1686 927 «
1699 901 1793 938 Neque
1808 901 1895 930 herba
1909 908 2000 938 neque
2014 895 2151 938 malagma
2289 892 2296 932 1·

1303 949 1410 979 sanavit
1439 957 1501 983 eos,
1532 953 1560 977 at
1590 956 1683 977 sermo
1714 951 1795 982 tuus,
1827 947 1959 981 Domine,
1990 947 2037 985 qui
2071 950 2151 976 sanat

1303 997 1395 1026 omnia
1409 1009 1435 1024 ».
1460 1013 1496 1017 -
1518 996 1656 1033 Quosdam
1679 999 1770 1024 autem
1794 998 1872 1024 sanat
1893 994 2057 1024 illustrando
2080 1003 2152 1032 yru-

1304 1045 1347 1073 tia
1368 1043 1591 1081 inspirationis,
1614 1042 1767 1071 secundum
1789 1041 1862 1079 quod
1881 1041 1984 1070 dicitur
2005 1041 2152 1070 Malachiae

1303 1094 1419 1128 quarto:
1446 1102 1459 1115 «
1474 1090 1588 1118 Orietur
1614 1089 1691 1118 vobis
1714 1089 1875 1117 timentibus
1896 1088 1983 1117 Deum
2013 1088 2053 1117 sol
2074 1088 2153 1117 iusti-

1305 1139 1374 1172 tiae,
1395 1141 1422 1166 et
1444 1137 1546 1166 sanitas
1568 1137 1594 1165 in
1618 1136 1714 1173 pennis
1735 1136 1795 1164 eius
1811 1148 1836 1163 ».

1637 1223 1767 1245 Ais-wormio
1785 1222 1822 1244 20.

1386 1304 1475 1340 (Vers.
1495 1303 1560 1337 13.).
1578 1302 1606 1330 Is
1621 1305 1733 1335 autem,
1749 1301 1801 1339 qui
1813 1309 1907 1329 sctizus
1918 1299 2020 1338 fuerat
2030 1299 2155 1338 effectus,

1306 1351 1463 1384 nesciebat,
1486 1349 1552 1388 quis
1572 1352 1659 1383 esset,
1682 1348 1793 1385 supple:
1815 1348 1862 1385 qui
1885 1350 2031 1376 sanaverat
2051 1355 2126 1376 eum.

1386 1397 1508 1431 Atteude,
1523 1404 1606 1434 quam
1623 1404 1722 1433 magna
1736 1399 1777 1424 est
1792 1394 1981 1423 misericordia
1995 1394 2044 1423 Dei
2059 1394 2157 1423 solius:
2175 1396 2294 1417 munumina

1308 1448 1453 1475 sanaverat
1483 1452 1564 1477 eum,
1587 1447 1614 1472 et
1646 1442 1769 1471 nondum
1801 1441 2028 1479 coynoscebatur
2059 1441 2095 1470 ab
2115 1449 2156 1470 eo.
2179 1421 2296 1469 31225'2219111‘5

1308 1495 1417 1529 Quanta
1437 1492 1540 1520 faceret
1561 1499 1611 1528 pro
1633 1490 1695 1523 illo,
1717 1490 1739 1518 si
1761 1489 1796 1518 ab
1818 1489 1864 1517 illo
1885 1488 2058 1525 diligeretur,
2080 1488 2102 1517 si
2124 1488 2159 1517 ab
2179 1470 2232 1488 ΜΕ

1310 1540 1355 1568 1110
1377 1542 1537 1576 rogaretur,
1559 1538 1606 1575 qui
1629 1537 1721 1574 ipsum
1745 1536 1871 1570 sanabat,
1893 1538 2044 1572 antequam
2071 1535 2106 1564 ab
2128 1543 2160 1564 eo

1309 1587 1540 1623 cognosceretur?
1553 1584 1579 1612 In
1593 1584 1645 1613 hoc
1656 1592 1723 1620 ergo
1736 1587 1778 1612 est
1793 1591 1892 1620 magna
1907 1582 2097 1611 misericordia
2112 1582 2158 1611 Dei

1309 1642 1374 1671 erga
1395 1641 1460 1666 nos,
1482 1632 1548 1669 quia
1570 1631 1702 1660 beneficia
1730 1630 1790 1659 eius
1819 1629 2002 1666 praeveniunt
2037 1632 2161 1658 nostram

1310 1679 1517 1717 coemtionem,
1547 1680 1670 1706 nostram
1698 1677 1892 1710 dilectionem,
1924 1678 2052 1705 nostrum
2084 1675 2161 1705 obse-

1310 1727 1415 1765 quium
1436 1727 1493 1755 sive
1516 1728 1638 1754 nostram
1661 1724 1858 1762 operationem.
1871 1724 2047 1752 -Nostram
2063 1723 2161 1761 cogni-

1311 1774 1416 1802 tionem
1438 1773 1597 1810 praevenit,
1620 1775 1651 1800 ut
1666 1772 1711 1800 hic
1733 1775 1823 1809 patet,
1846 1779 1909 1800 cum
1925 1770 2043 1799 dicitur:
2066 1771 2096 1799 Is
2110 1771 2163 1808 qui

1310 1830 1404 1849 sunus
1425 1819 1540 1858 effectus
1561 1818 1679 1857 fuerat,
1695 1818 1853 1852 nesciebat,
1869 1818 1936 1856 quis
1951 1821 2030 1846 esset.
2050 1834 2087 1838 —
2110 1818 2162 1846 No-

1312 1871 1398 1897 stram
1412 1867 1606 1901 dilectionem3
1622 1865 1695 1895 unde
1710 1866 1744 1894 ad
1759 1866 1894 1894 Romanos
1908 1865 2006 1902 quinto
2018 1865 2042 1893 ⁷:
2065 1876 2078 1890 «κ
2094 1865 2162 1893 Cum

1312 1915 1403 1944 adhuc
1424 1914 1527 1942 inimici
1548 1921 1687 1947 essemus,
1711 1912 1878 1941 reconciliati
1901 1920 1999 1941 sumus
2020 1920 2070 1949 per
2089 1920 2164 1941 mor-

1313 1965 1367 1991 tem
1390 1961 1447 1989 Filii
1469 1961 1571 1989 eius».
1588 1977 1625 1981 ——
1644 1960 1774 1988 Nostrum
1797 1959 1964 1997 obs-equium
1988 1958 2046 1987 sive
2066 1966 2164 1995 opera-

1314 2009 1427 2043 tionem;
1450 2008 1483 2037 ad
1498 2008 1590 2036 Titum
1607 2007 1704 2036 tertio:
1724 2018 1737 2031 «
1754 2007 1811 2035 Non
1826 2014 1862 2035 ex
1877 2005 2009 2043 operibus
2030 2005 2163 2040 iustitiae,

1313 2064 1384 2093 quae
1398 2055 1514 2084 fecimus
1535 2062 1597 2088 nos,
1613 2054 1660 2083 sed
1675 2053 1828 2082 secundum
1847 2061 1925 2082 suam
1946 2052 2162 2081 misericordiam

1314 2103 1404 2132 salvos
1425 2110 1475 2131 nos
1496 2102 1560 2131 fecit
1574 2114 1600 2129 υ.

1646 2189 1774 2210 ΑκΝοτΑτιυ
1791 2187 1828 2209 21,

1395 2269 1483 2303 (Vers.
1503 2269 1568 2303 ia).
1586 2267 1650 2295 Nou
1663 2270 1753 2304 potest
1776 2265 1871 2294 Filius·
1886 2274 1904 2294 a
1919 2274 1949 2294 ,se
1969 2265 2068 2303 facere
2081 2265 2165 2304 quid-

1315 2324 1421 2354 quam,
1443 2315 1504 2343 nisi
1524 2315 1600 2353 quod
1621 2313 1727 2342 viderit
1750 2313 1870 2341 Patrem
1891 2311 2054 2350 facientem.

1394 2362 1476 2395 Nota,
1491 2361 1565 2399 quod
1580 2361 1701 2398 aliquem
1722 2368 1783 2389 esse
1803 2359 1919 2388 alterius
1940 2359 2029 2388 filium
2049 2359 2167 2396 probant
2203 2360 2245 2380 Tria
2258 2363 2294 2383 1³¹⁰·

1316 2410 1384 2438 tria:
1399 2409 1532 2443 mansio,
1547 2408 1705 2437 aemulatio
1721 2410 1748 2436 et
1763 2406 1896 2435 imitatio.
1917 2406 1990 2435 Solet
2005 2406 2078 2435 enim
2094 2406 2168 2435 tilius
2183 2384 2296 2427 ἒῗῑὲξῖῑιῡθὲῗῑῗ

1316 2456 1432 2484 imitari
1447 2459 1568 2492 patrem,
1584 2454 1733 2483 aemulari
1751 2462 1802 2490 pro
1817 2458 1908 2490 patre,
1923 2453 2075 2482 succedere
2096 2453 2167 2490 patri
2184 2431 2238 2451 hum.

1316 2502 1342 2531 in
1358 2502 1507 2530 mansione.
1524 2501 1592 2529 Haec
1608 2501 1661 2529 tria
1675 2501 1877 2537 probaverunt,
1893 2499 2034 2528 Christum
2053 2507 2113 2528 esse
2127 2499 2168 2527 Fi-

1316 2549 1384 2578 lium
1399 2549 1455 2577 Dei.
1472 2548 1571 2577 Tenuit
1586 2548 1658 2577 enim
1674 2548 1762 2576 Patris
1776 2547 1957 2575 mansionem
1966 2557 1976 2580 ;
1992 2546 2064 2575 unde
2080 2547 2168 2575 Lucae

1316 2596 1437 2625 secundo
1449 2595 1475 2623 8;
1493 2607 1506 2620 «
1518 2595 1589 2632 Quid
1604 2597 1658 2628 est,
1673 2594 1748 2631 quod
1763 2602 1807 2622 me
1821 2593 2013 2631 quaerebatis;
2029 2592 2168 2622 nescieba-

477 2782 484 2794 ¹
504 2783 585 2804 Psalm.
612 2782 652 2808 44,
671 2782 707 2803 Μ.
730 2794 760 2798 -
784 2781 841 2803 Tres
862 2787 926 2810 seqq.
950 2780 993 2803 loci
1016 2782 1069 2802 sunt
1091 2780 1152 2801 10311.
1175 2777 1201 2804 5,
1220 2777 1262 2804 24;

417 2823 450 2844 Ps.
469 2822 510 2847 17,
529 2821 565 2843 45.
582 2823 605 2843 et
622 2822 692 2848 Apoc.
710 2822 737 2847 2,
754 2820 777 2842 7.
795 2820 844 2845 (cfr.
862 2820 939 2842 Mattn.
958 2820 997 2847 tt,
1019 2818 1057 2846 15;
1077 2818 1118 2844 13,
1136 2818 1158 2839 9.
1170 2820 1192 2839 et
1205 2816 1260 2845 ta).

478 2859 486 2872 ²
504 2860 586 2882 Psalm.
605 2860 647 2887 80,
666 2860 703 2882 12.
720 2871 750 2876 -
767 2861 901 2888 Sequuntur
916 2859 1005 2885 lsai.e,
1023 2859 1065 2884 40;
1083 2858 1126 2879 lac.
1145 2857 1169 2883 1,
1187 2856 1224 2878 23.
1242 2858 1264 2877 01

417 2901 476 2922 10311.
495 2900 523 2925 8,
542 2899 579 2921 47.
597 2900 618 2921 ln
637 2899 681 2921 fine
698 2899 820 2926 respicitur
837 2899 879 2921 lac.
901 2900 919 2926 l,
936 2899 974 2920 22.

479 2937 489 2950 ³
506 2939 572 2960 Vei-s.
586 2938 605 2960 4.
618 2950 648 2955 —
661 2938 765 2960 Subinde
776 2938 904 2966 allegantur
914 2939 929 2960 1.
941 2939 1001 2960 10311.
1015 2937 1027 2959 3
1036 2954 1041 2963 ,
1054 2936 1095 2963 tt,
1109 2937 1175 2958 Prov.
1190 2935 1214 2962 4,
1226 2935 1264 2957 22.

371 2988 374 2990 -
418 2981 440 2999 01
457 2978 536 3000 Ezech.
555 2977 597 3004 18,
615 2977 637 2999 5.
653 2980 675 2999 et
692 2978 730 2999 21.

1382 2774 1391 2787 ⁴
1409 2775 1465 2797 Cod.
1482 2774 1499 2797 C
1516 2775 1538 2797 et
1555 2773 1662 2797 Dicamus
1679 2772 1704 2795 in
1721 2771 1800 2802 qratia
1818 2772 1885 2795 vitae.

1383 2813 1392 2826 ⁵
1410 2815 1476 2837 Vers.
1496 2814 1531 2836 13.
1548 2826 1578 2830 -
1591 2813 1641 2835 Duo
1653 2819 1718 2842 seqq.
1731 2812 1774 2834 loci
1787 2814 1840 2834 sunt
1852 2812 1912 2833 toan.
1925 2811 1952 2837 5,
1965 2811 1986 2832 8,
1998 2816 2047 2839 seq.
2059 2812 2081 2831 et
2094 2808 2120 2836 4,
2133 2808 2168 2831 46.

1321 2861 1348 2877 ac
1366 2854 1403 2877 50.

1383 2892 1393 2905 ⁶
1411 2894 1475 2915 Vers.
1494 2893 1530 2915 18.
1548 2905 1578 2909 -
1595 2894 1729 2921 Sequuntur
1746 2891 1799 2919 Sap.
1819 2891 1860 2918 16,
1880 2890 1916 2912 Ἰ12.
1935 2892 1957 2911 01
1974 2889 2068 2911 Μ313011.
2087 2887 2112 2915 4,
2130 2888 2152 2909 2.

1384 2931 1392 2944 ⁷
1412 2933 1477 2954 vers.
1496 2933 1532 2954 40.
1550 2944 1579 2948 -—
1597 2931 1701 2954 Subinde
1718 2931 1830 2958 allegatur
1848 2929 1891 2951 Tit.
1910 2929 1936 2956 3,
1954 2928 1977 2950 5.

1384 2971 1394 2984 Β
1412 2972 1477 2994 Vers.
1495 2971 1532 2994 49.
1550 2984 1579 2987 --
1596 2971 1706 3000 Sequitur
1723 2971 1784 2993 toan.
1801 2970 1827 2996 2,
1847 2969 1883 2991 16.
