2296 3316
398 157 453 185 0226

474 236 562 271 (Vers.
588 236 653 271 19.).
676 235 802 264 Visiones
822 235 912 268 enim,
933 235 1103 263 somniorum
1126 235 1241 269 scilicet,

395 291 470 321 quae
484 282 547 311 illos
561 282 767 316 turbaverunt,
789 281 859 310 baec
870 281 1117 319 praemonebant,
1139 282 1243 310 scilicet

396 337 506 358 causam
528 337 594 357 suae
615 329 720 357 mortis.
743 328 785 356 Ne
806 328 906 362 inscii,
931 337 1024 366 quare
1050 328 1132 356 mala
1150 328 1242 365 patie-

395 376 514 409 bantur,
533 376 678 412 perirent,
699 378 726 404 et
751 375 789 403 sic
810 378 924 412 propter
945 375 1127 412 ignorantiam
1155 383 1242 404 excu-

395 426 523 452 sarentur
544 423 577 451 de
598 422 819 459 impoenitentia;
842 422 924 451 Isaiae
952 422 1083 459 vigesimo
1103 425 1200 450 octavo
1216 423 1241 451 ¹:

399 469 543 497 «Vexatio
573 469 648 497 dabit
679 469 848 498 intellectum
883 468 989 497 auditui
1005 479 1038 502 »;
1070 468 1241 505 Gregorius:

398 526 411 540 «
426 515 542 549 Oculos,
564 524 634 552 quos
655 516 737 553 culpa
757 515 985 552 claudit‚>poena
1005 515 1131 552 aperit».

578 616 668 647 Tertio,
686 616 835 640 Hebraeorum
852 615 931 645 gravis
948 614 1057 639 tentatio.

479 703 580 741 Ten'ytt
600 706 650 732 etc.
674 703 720 732 Hic
734 702 864 732 subditur
886 702 1073 731 Hebraeorum
1087 704 1149 738 post
1163 708 1242 729 suam

299 755 375 774 Divisio·
393 752 583 781 liberatIOnem
598 751 692 788 gravis
705 750 819 779 tentatio
833 750 860 778 in
872 750 993 783 deserto;
1009 752 1035 777 et
1050 749 1140 785 primo
1154 751 1243 777 osten-

392 799 468 828 ditur
484 798 650 836 pericatam
664 806 680 826 a
695 801 773 834 parte
791 799 973 830 tentatorum;
989 796 1122 830 secundo,
1138 796 1243 824 modus

395 846 575 874 liberationis
589 854 605 873 a
619 848 697 882 parte
717 844 866 873 Pontificis:
888 844 1060 880 Properans
1074 842 1149 870 enim
1173 845 1241 876 etc.;

393 892 487 926 tertio,
518 900 612 920 cansa
643 891 686 920 vel
717 891 808 919 virtus
838 890 965 918 liberans
986 898 1001 917 a
1023 892 1100 926 parte
1127 891 1243 917 ornatus

394 939 568 976 pontificalis:
584 939 619 967 In
636 943 706 967 ueste
720 941 787 972 etc.;
810 939 922 974 quarto,
938 936 1052 974 effectus
1073 939 1244 964 consecutas

394 989 471 1023 parte
492 994 507 1014 a
529 986 620 1023 Angeli
642 984 868 1014 exterminantis:
891 984 946 1012 His
966 986 1063 1011 antem
1085 985 1135 1011 etc.

472 1033 560 1070 (Vers.
583 1032 650 1067 ᾖα).
680 1031 782 1069 Tetigyit
808 1034 905 1059 antcin
927 1033 977 1059 etc.
1000 1030 1039 1058 Ita
1066 1030 1155 1066 puniti
1178 1032 1243 1058 sunt

248 1083 382 1125 Pegggffigiu
393 1080 514 1117 Aegyptii
537 1087 586 1108 nec
618 1082 726 1107 tantum
752 1078 806 1111 illi;
838 1081 952 1111 (uitem,
976 1085 1025 1114 pro
1057 1077 1120 1109 sed;
1152 1076 1243 1114 tetiyit

393 1131 479 1159 tunc,-
508 1131 592 1158 lunc,
625 1126 746 1155 sumitur
778 1125 872 1161 large,
900 1125 938 1153 ita
969 1124 1043 1161 quod
1072 1124 1106 1152 sit
1127 1131 1241 1152 sensus:

399 1176 495 1208 Tunc,
518 1175 620 1204 scilicet
640 1174 686 1202 illo
707 1176 847 1209 tempore,
869 1180 925 1209 quo
943 1170 1045 1208 egressi
1067 1170 1101 1199 de
1122 1171 1242 1207 Aegypto

394 1221 639 1259 proficiscebantur
661 1228 710 1257 per
735 1219 890 1252 desertum,
913 1218 1003 1256 tctiyit
1022 1221 1048 1245 et
1069 1218 1174 1251 iustos,
1190 1217 1241 1246 sci-

394 1269 456 1297 licet
477 1268 547 1296 lilios
576 1267 666 1296 Israel.
696 1266 796 1304 Tetiyit
816 1266 898 1299 dicit,
926 1265 992 1302 quia
1019 1273 1073 1293 non
1105 1265 1153 1293 diu
1180 1272 1241 1301 per-

394 1315 493 1344 mansit
520 1323 570 1343 nec
591 1315 618 1343 in
640 1314 768 1342 omnibus
789 1313 853 1347 fuit,
876 1312 992 1341 tentatio
1017 1311 1137 1345 mortis,
1160 1311 1186 1339 id
1201 1314 1242 1339 est

393 1362 426 1391 ad
447 1365 565 1390 mortem
586 1361 698 1390 ducens.
716 1361 749 1389 Et
770 1360 922 1389 commotio
944 1360 975 1387 in
989 1367 1082 1387 cremo
1103 1357 1187 1395 facta
1201 1362 1241 1386 est

392 1408 606 1441 multitudinis,
636 1407 738 1436 seilicet
759 1410 856 1435 contra
882 1407 992 1442 Moysen
1021 1407 1048 1433 et
1072 1406 1175 1437 Aaron,
1204 1404 1241 1431 ita

393 1456 467 1493 quod
483 1456 615 1493 fugerunt
629 1455 663 1483 ad
679 1454 888 1483 tabernaculum
910 1453 1033 1486 Domini,
1048 1455 1080 1480 ut
1094 1455 1168 1488 patet
1186 1452 1241 1479 Nu-

392 1511 535 1531 merorum
562 1502 668 1530 decimo
695 1504 776 1530 sexto
790 1501 809 1528 2.
838 1500 892 1529 Sed
913 1508 971 1528 non
1002 1499 1055 1527 dia
1076 1498 1241 1536 permansit

393 1551 442 1579 ira
463 1554 536 1583 tna;
558 1550 697 1577 Habacuc:
725 1560 738 1573 ι(
756 1548 824 1576 Cum
847 1547 936 1576 iratus
956 1547 1057 1581 fueris,
1084 1546 1241 1574 misericor-

392 1597 451 1626 diae
472 1596 663 1625 recordaberis
678 1608 704 1623 ».

472 1644 642 1680 Properans
663 1642 738 1670 enim
760 1645 811 1670 etc.
834 1642 880 1670 Hic
909 1641 996 1678 tangit
1017 1640 1152 1677 triplicem
1182 1649 1241 1668 nw-

247 1691 376 1733 ᾏζῗζῑίξξζξζ
391 1692 461 1720 dnm
484 1690 663 1718 liberationis
684 1697 795 1722 eorum,
817 1688 920 1717 scilicet
940 1688 1035 1715 devote
1056 1687 1184 1720 cranam,-
1199 1694 1241 1715 se-

258 1738 308 1761 plex.

392 1737 497 1770 cundo,
520 1740 630 1773 patrum
649 1735 800 1773 promissa
821 1734 1059 1763 rememorando:
1092 1734 1163 1761 Vicit
1186 1742 1240 1761 au-

393 1788 462 1817 tern,-
478 1784 571 1817 tertio,
587 1791 615 1811 se
627 1782 821 1820 personaliter
837 1781 1058 1818 interponendo:
1077 1781 1149 1808 Cnm
1164 1781 1240 1808 enirn

392 1831 454 1860 iant
475 1830 644 1859 acervatim.

472 1878 560 1914 (Veis.
583 1878 650 1913 ιη).
680 1876 750 1905 Dicit
771 1884 852 1912 ergo:
885 1876 1055 1912 Properans
1084 1875 1160 1903 enirn
1188 1878 1238 1903 etc.

294 1925 374 1943 Pfiflm
392 1925 463 1953 Bene
483 1924 558 1958 dixi,
580 1923 653 1961 quod
674 1932 733 1951 non
754 1923 806 1951 din
824 1922 990 1959 permansit
1010 1922 1060 1950 ira
1081 1926 1151 1954 tna,·
1169 1930 1239 1958 pro-

388 1981 500 2009 perans
527 1972 604 1999 enim
636 1970 718 1998 bomo
749 1970 812 1998 sine
842 1969 975 2007 quercla,
1008 1968 1112 1997 scilicet
1131 1969 1238 2001 Aaron3

392 2018 465 2047 unde
486 2019 672 2046 Numerorum
692 2017 798 2045 decimo
826 2015 942 2044 sexto-³⁵:
970 2027 983 2040 «
999 2015 1077 2051 Quod
1105 2023 1168 2043 cum
1190 2023 1239 2043 au-

393 2065 486 2094 diisset
500 2066 587 2093 Aaron
604 2068 631 2093 et
645 2064 816 2092 cucurrisset
830 2063 863 2091 ad
879 2062 994 2091 mediam
1019 2061 1238 2096 multitudinem,

393 2121 477 2150 quam
498 2113 552 2140 iam
575 2111 699 2140 vastabat
721 2110 903 2139 incendium»
922 2113 973 2138 etc.
987 2120 993 2143 ;
1009 2117 1189 2146 properans,
1212 2109 1237 2137 in

394 2161 444 2188 hoc
467 2159 593 2188 innuitur
620 2158 713 2187 servor
743 2157 848 2190 cordis,
870 2157 932 2185 sinc
953 2155 1086 2194 querela,
1109 2156 1240 2184 sauctitas

393 2205 618 2239 conversationIs,
630 2205 784 2242 deprecari
795 2212 851 2241 pro
862 2203 982 2241 populis
993 2206 1043 2232 etc.
1057 2203 1149 2231 Talem
1165 2203 1237 2231 enim

394 2254 467 2283 Deus
485 2253 599 2282 exaudit
614 2256 641 2281 et
664 2260 717 2280 non
731 2255 901 2288 peccatores;
920 2250 993 2279 unde
1012 2250 1117 2278 loannis
1132 2251 1236 2278 nono4:

399 2312 412 2325 «
427 2301 585 2329 Peccatores
606 2299 680 2328 Deus
694 2307 749 2326 non
769 2298 846 2326 audit
859 2308 890 2332 ”3
912 2297 1076 2334 Gregorius:
1104 2309 1117 2322 «
1131 2297 1200 2325 Cum
1215 2297 1237 2325 is

394 2348 442 2384 qui
463 2347 603 2383 dispIIc-et,
624 2346 658 2374 ad
686 2345 912 2374 intercedendum
938 2344 1073 2378 mittitur,
1096 2344 1158 2372 irati
1179 2344 1237 2372 ani-

972 156 1142 185 COMMENT.
1166 157 1196 185 IN
1218 157 1409 186 SAPIENTIAM
1430 157 1458 185 C.
1480 158 1567 186 XVIII.

1299 243 1361 263 mus
1388 235 1420 263 ad
1443 235 1580 264 deteriora
1605 238 1772 273 provocatur
1787 247 1817 271 »;
1840 236 1993 274 deprecari
2009 245 2066 274 pro
2093 245 2142 274 po-

1296 281 1397 318 pulis,-
1418 282 1580 318 deprecatio
1608 283 1720 319 proprie
1740 285 1782 312 est
1808 283 1842 312 de
1863 283 1941 311 malis
1965 283 2142 317 amovendis,

1298 328 1393 357 oratio
1415 336 1481 357 vero
1501 328 1535 357 de
1563 329 1641 357 bonis
1666 329 1862 366 adipiscendis,
1884 329 1930 358 sed
1958 329 2144 358 communiter

1299 375 1411 412 ponitur
1433 383 1519 403 unum
1543 383 1594 412 pro
1615 376 1710 404 altero.
1728 375 1885 413 Proferens
1903 375 2051 404 servitutis
2071 384 2144 404 suae

1297 425 1430 456 sentam,
1452 422 1612 451 orationem
1638 426 1689 452 etc.
1711 423 1806 452 Oratio
1833 423 1934 452 dicitur
1962 425 2078 451 scutum
2099 430 2144 451 ra-

1299 469 1372 498 tione
1393 469 1586 506 protectionis;
1609 469 1758 498 Ezechielis
1783 469 1915 507 vigesimo
1933 469 1957 497 ⁵:
1983 480 1997 494 «
2016 468 2144 505 Quaesivi

1298 516 1331 545 de
1352 516 1391 545 eis
1409 516 1517 550 virum,
1539 516 1586 553 qui
1602 516 1790 553 interponeret
1811 524 1903 553 sepem
1918 518 1945 544 et
1960 517 2046 544 staret
2060 523 2144 552 oppo-

1299 563 1368 592 situs
1389 566 1486 591 contra
1506 570 1591 591 me».
1615 562 1769 592 Servitntis
1792 571 1865 591 suae
1892 562 2003 596 dicitur,
2025 561 2091 599 quia
2110 562 2145 591 ad

1299 610 1351 638 hoc
1377 609 1520 638 servitium
1550 609 1696 637 tenebatur
1717 609 1823 638 ratione
1851 608 1933 637 officii
1962 608 2143 645 pontificalis;

1299 656 1372 684 unde
1393 656 1426 684 ad
1449 656 1584 684 llebraeos
1605 655 1702 692 quinto
1716 655 1746 683 ⁶:
1773 667 1786 680 «
1801 655 1897 684 Omnis
1918 662 2038 692 namque
2056 654 2145 692 ponti-

1299 703 1355 737 fex,
1377 711 1412 732 ex
1439 703 1598 732 hominibus
1618 706 1775 737 assumtus,
1797 710 1848 739 pro
1869 702 2028 731 hominibus
2045 702 2146 731 consti-

1300 750 1389 779 tuitur
1401 760 1431 784 »;
1447 753 1474 778 et
1488 752 1582 786 postea
1603 750 1747 786 sequitur:
1768 761 1782 774 «
1796 749 1898 784 Debet,
1913 749 2145 786 quemadmodum

1300 805 1351 834 pro
1372 797 1489 834 populo,
1505 797 1543 825 ita
1558 805 1608 833 pro
1629 797 1775 833 semetipso
1796 797 1896 825 offerre
1917 804 1968 833 pro
1989 796 2144 833 peccatis».

1378 844 1546 878 Notandum,
1562 844 1636 881 quod
1657 847 1773 872 scutum
1788 843 1969 880 spiritualiter
1991 846 2080 880 potest
2093 843 2146 872 diei

1298 891 1387 928 fides;
1408 891 1481 920 unde
1502 890 1536 919 ad
1566 890 1696 927 Ephesios
1724 890 1841 918 sexto⁷:
1868 902 1881 915 «
1897 890 1924 918 In
1943 890 2076 920 ⁴omnibus
2099 897 2146 918 su-

1299 941 1406 967 mentes
1437 941 1548 966 scutum
1579 937 1640 965 lidei
1657 948 1682 964 ».
1709 937 1791 971 Item,
1823 936 1944 965 verbani
1977 936 2044 970 Dei;
2072 936 2146 965 unde

1300 985 1513 1014 Proverbiorum
1542 984 1701 1021 trigesimo:
1728 995 1742 1009 «
1757 983 1853 1012 Omnis
1877 991 1968 1014 sermo
1983 995 1997 1009 ι»
2022 983 2145 1018 Domini,

1300 1032 1343 1060 vel
1368 1032 1461 1065 «Dei,
1484 1031 1586 1068 ignitus
1607 1031 1720 1068 clypeus
1745 1033 1786 1059 est
1813 1031 1989 1067 sperantibus
2019 1030 2047 1059 in
2075 1038 2144 1059 se».

1299 1079 1381 1112 Item,
1403 1079 1516 1111 cratim
1537 1078 1610 1107 unde
1632 1078 1692 1106 liic:
1715 1076 1873 1114 Profercns
1886 1081 2003 1106 scutum
2023 1077 2147 1106 servitu-

1300 1125 1336 1153 tis
1365 1134 1438 1154 snae
1468 1125 1637 1154 orationem.
1670 1125 1753 1158 Item,
1784 1124 1918 1163 aequitas
1925 1135 1935 1158 ,·
1961 1124 2034 1153 unde
2061 1131 2147 1164 supra

1299 1172 1437 1209 quinto&
1468 1184 1481 1197 a
1504 1173 1598 1201 Sumet
1627 1174 1737 1200 scutum
1764 1171 1995 1208 inexpugnabile,
2023 1171 2146 1208 aequita-

1299 1223 1392 1248 tem».
1409 1220 1490 1253 Item,
1512 1219 1704 1257 cleemosyna;
1726 1218 1799 1247 unde
1815 1217 1994 1247 Ecclesiastici
2014 1217 2146 1254 vigesimo

1298 1275 1385 1295 nono:
1405 1277 1419 1291 ι(
1431 1266 1519 1302 Super
1540 1268 1650 1294 scutum
1666 1265 1785 1302 potentis
1805 1268 1832 1294 et
1853 1273 1937 1301 super
1959 1265 2080 1293 lanceam
2099 1263 2146 1292 ad—

1298 1322 1396 1342 versus
1418 1313 1560 1341 inimicum
1583 1315 1663 1340 tuum
1684 1312 1817 1349 pugnabit
1839 1323 1864 1339 ».
1887 1312 1966 1346 Item,
1984 1310 2128 1348 patientia
2136 1320 2146 1344 ;

1298 1360 1410 1389 secundi
1433 1360 1536 1396 Regum
1553 1359 1656 1395 primo:
1678 1370 1690 1383 «
1703 1358 1739 1386 Ibi
1761 1358 1885 1387 abiectus
1902 1361 1944 1387 est
1964 1358 2077 1395 clypeus
2090 1357 2146 1387 for-

1299 1408 1396 1436 tium»
1422 1410 1472 1435 etc.
1497 1407 1578 1440 Item,
1601 1405 1774 1439 obedientia,
1796 1406 1829 1434 de
1851 1414 1906 1442 quo
1928 1405 2010 1442 primi
2038 1405 2146 1434 Macha-

1297 1454 1430 1482 baeorum
1451 1453 1557 1481 decimo
1578 1455 1694 1489 quarto:
1722 1464 1735 1477 «
1751 1452 1819 1481 Haec
1840 1455 1882 1481 est
1908 1460 2012 1481 aureus
2033 1452 2146 1489 clypeus

1298 1500 1415 1529 Simonis
1437 1508 1565 1528 mnarum
1589 1500 1663 1528 mille
1678 1511 1704 1527 ».

1378 1548 1412 1575 Et
1429 1555 1483 1583 per
1498 1546 1662 1579 incensmn,
1684 1546 1711 1574 id
1726 1549 1767 1574 est
1782 1546 1883 1575 incensi
1906 1546 2084 1580 oblati0nem‚
2100 1545 2146 1574 de-

1293 1594 1492 1631 precationem
1521 1593 1668 1630 atlcyans,
1697 1593 1724 1621 id
1755 1596 1796 1621 est
1825 1593 1966 1630 allegando
1987 1592 2144 1629 proferens;

1297 1641 1483 1669 Numerorum
1504 1640 1610 1668 decimo
1638 1642 1718 1668 sexto
1733 1640 1759 1667 ⁰:
1786 1651 1799 1664 «
1814 1639 1921 1668 Obtulit
1941 1639 2092 1676 thymiama
2118 1641 2146 1667 et

1297 1690 1372 1716 stans
1394 1687 1465 1715 inter
1492 1689 1617 1714 mortuos
1638 1689 1665 1714 et
1686 1686 1809 1714 viventes
1838 1694 1888 1723 pro
1916 1685 2018 1722 populo
2048 1685 2146 1722 depre-

1297 1738 1375 1763 catus
1396 1737 1478 1762 est».
1502 1734 1533 1761 Et
1554 1733 1719 1767 notandum⁷
1741 1733 1815 1770 quod
1837 1733 1932 1761 oratio
1954 1732 2066 1769 ponitur
2094 1740 2145 1769 pro

1298 1782 1458 1811 remissione
1481 1781 1597 1818 peccatI‚
1618 1780 1781 1817 deprecatio
1802 1788 1853 1816 pro
1874 1780 2011 1808 amotione
2028 1779 2144 1816 flagelli,

1297 1828 1449 1857 incensam
1470 1835 1520 1864 pro
1543 1826 1763 1855 reconciliatione
1783 1826 1881 1855 iudicis
1902 1826 2006 1855 offensi.
2035 1826 2145 1862 Prope-

1297 1883 1384 1909 rans,
1406 1875 1535 1911 inquam,
1559 1873 1642 1902 honio
1663 1876 1725 1907 etc,
1744 1873 1850 1902 restitit
1869 1873 1946 1907 irae,
1967 1873 1993 1902 id
2015 1875 2056 1901 est
2076 1872 2145 1901 divi-

1297 1929 1347 1950 nae
1369 1921 1549 1958 percussioni.
1574 1921 1609 1948 Et
1634 1920 1720 1957 finem
1751 1920 1890 1957 imposuit
1910 1919 2088 1953 necessitati,
2118 1919 2146 1947 id

1296 1972 1337 1997 est
1359 1969 1497 1997 humanae
1513 1967 1653 1996 afflictioni
1676 1967 1833 1995 inevitabili.
1852 1966 2020 2000 Ostendens,
2042 1965 2145 1995 scilicet

1295 2016 1382 2049 facto,
1405 2023 1458 2043 non
1475 2015 1565 2043 solum
1584 2014 1682 2047 verbo⁷
1698 2014 1837 2052 qnoniam
1860 2017 1929 2042 titus
1942 2017 1982 2042 est
1996 2012 2144 2050 famatus,

1296 2062 1448 2091 secundum
1464 2061 1532 2090 illud
1549 2061 1654 2089 Ioannis
1668 2061 1776 2089 decimo
1788 2061 1825 2088 ¹⁰:
1846 2072 1859 2085 «
1874 2060 1965 2089 Bonus
1980 2063 2072 2097 pastor
2086 2060 2144 2088 ani-

1295 2116 1368 2137 mam
1389 2116 1468 2137 suam
1489 2108 1536 2136 dat
1559 2116 1608 2144 pro
1629 2107 1728 2136 ovibus
1750 2107 1808 2136 suis
1822 2118 1853 2141 »3
1877 2106 2054 2136 Ecclesiastici
2076 2114 2144 2143 qua—

1294 2155 1449 2192 dragesimo
1463 2155 1573 2192 quinto:
1594 2166 1607 2179 «
1624 2155 1715 2191 Ipsum
1730 2154 1812 2191 elegit
1831 2154 1866 2183 ab
1887 2154 1961 2182 omni
1982 2153 2090 2182 vivente
2105 2153 2144 2182 of-

1294 2202 1367 2231 ferre
1389 2201 1556 2231 sacrificium
1578 2201 1651 2235 Deo,
1673 2201 1816 2229 incensum
1836 2212 1850 2226 »
1875 2204 1926 2229 etc.
1949 2200 2066 2229 Econtra
2079 2207 2144 2228 con-

1294 2249 1424 2286 queritur
1446 2248 1580 2277 Dominus
1601 2248 1635 2276 de
1657 2248 1787 2285 praelatis
1817 2247 1897 2276 malis
1923 2246 2071 2275 Ezechielis
2097 2246 2144 2275 de-

1295 2296 1366 2324 cimo
1386 2295 1479 2324 tertio:
1507 2306 1520 2319 «
1532 2295 1589 2323 Non
1605 2295 1766 2323 ascendistis
1787 2303 1823 2323 ex
1837 2294 1967 2328 adverso,
1989 2301 2081 2330 neque
2095 2301 2143 2330 op-

1295 2342 1426 2380 posuistis
1447 2350 1561 2371 murum
1584 2350 1634 2378 pro
1655 2342 1736 2370 domo
1758 2342 1840 2370 Israel
1855 2353 1880 2369 ».

457 2524 464 2537 ¹
482 2526 549 2547 Vers.
570 2525 603 2546 19.
621 2537 651 2541 -
668 2524 700 2546 De
717 2523 828 2546 sententia
844 2523 949 2551 Gregorii
966 2524 1009 2545 csr.
1025 2529 1096 2551 supra
1113 2529 1168 2551 pag.
1186 2522 1238 2550 480,

394 2566 445 2586 nota
464 2564 484 2586 5.

456 2601 465 2614 ²
483 2603 548 2625 Vers.
567 2602 645 2624 [tt-43.
662 2614 693 2619 —
710 2602 818 2630 Sequitur
835 2601 921 2623 Habeo.
938 2601 965 2629 3,
983 2602 1004 2623 2.

457 2640 465 2653 ³
484 2642 550 2664 Vers.
568 2641 612 2664 47:
630 2641 696 2670 Quod
713 2647 767 2663 cum
784 2641 873 2663 fecisset
889 2640 963 2662 Aaron
981 2642 1023 2662 etc.

457 2678 466 2691 ‘²
484 2680 550 2702 Vers.
568 2680 604 2702 31.
622 2692 653 2696 -
670 2679 785 2702 Sententia
802 2679 906 2707 Gregorii
924 2678 1022 2701 hahetur
1039 2679 1061 2707 in
1078 2677 1117 2700 lib.
1137 2678 1239 2706 Regulae

395 2719 526 2747 pastoralis,
543 2725 567 2747 p.
583 2720 599 2741 l.
615 2725 634 2741 c.
654 2719 690 2740 lo.
707 2721 729 2741 et
746 2719 759 2740 l.
777 2718 847 2746 Epist.
864 2718 931 2746 epist.
949 2717 985 2739 25.
1003 2717 1049 2740 Csr.
1061 2717 1169 2745 Gratiam,
1186 2716 1238 2739 dist.

395 2757 432 2780 49.
452 2758 474 2779 in
492 2758 562 2780 initio.

457 2795 466 2808 ⁶
484 2797 549 2819 Vers.
568 2797 605 2819 30.
616 2809 647 2813 -
659 2797 763 2824 August,
780 2796 849 2824 Epist.
868 2796 919 2818 449.
937 2795 1002 2825 <alias
1019 2795 1066 2823 59.)
1084 2801 1104 2817 c.
1121 2795 1144 2817 2.
1161 2801 1182 2816 n.
1197 2794 1238 2816 43:

394 2836 556 2859 Precationem
573 2839 595 2858 et
611 2835 797 2865 deprecationem
809 2835 871 2857 multi
889 2835 959 2857 nostri
977 2836 1021 2857 hoc
1037 2834 1099 2857 idem
1112 2836 1205 2862 putant,
1217 2835 1239 2855 et

395 2877 438 2898 hoc
460 2876 594 2904 quotidiano
616 2882 659 2898 usu
682 2876 727 2897 iam
744 2875 838 2897 omnino
854 2874 989 2902 praevaluit.
1007 2874 1049 2902 Qui
1068 2876 1144 2895 autern
1162 2873 1239 2895 distin-

394 2915 452 2937 ctius
474 2915 542 2936 latine
564 2914 631 2937 locuti
658 2916 710 2936 sunt
732 2913 909 2943 precationibus
935 2913 1058 2935 utebantur
1082 2912 1106 2934 in
1130 2911 1238 2939 optandis

395 2954 472 2982 bonis,
490 2952 690 2983 deprecationibus
707 2960 763 2975 vero
781 2953 802 2975 in
819 2953 949 2975 devitandis
971 2952 1043 2974 malis.
1062 2951 1161 2975 Precari
1176 2951 1237 2973 enim

1297 2521 1404 2544 dicebant
1428 2527 1478 2543 esse
1503 2520 1620 2548 precando
1644 2519 1703 2542 bona
1727 2522 1822 2547 optare;
1840 2517 1970 2548 imprecari
1991 2518 2061 2545 mala,
2079 2517 2144 2546 quod

1297 2562 1368 2589 vulgo
1386 2561 1430 2583 iam
1449 2561 1532 2583 dicitur
1550 2559 1702 2587 maledicere3
1715 2558 1839 2588 deprecari
1854 2561 1931 2580 autem
1949 2558 2009 2580 mala
2027 2556 2143 2585 precando

1297 2601 1435 2629 depellere...
1453 2599 1578 2623 Orationes
1595 2605 1675 2621 vero...
1693 2598 1835 2626 distinguere
1852 2604 1865 2620 a
1881 2596 1991 2627 precibus
2008 2597 2045 2619 vel
2065 2602 2144 2624 preca-

1296 2638 1398 2661 tionibus
1415 2638 1511 2661 omnino
1528 2637 1619 2660 difficile
1636 2640 1677 2659 est.

1358 2675 1368 2689 ⁶
1386 2677 1452 2700 Vers.
1472 2678 1494 2705 l;
1512 2677 1567 2699 ibid.
1585 2683 1607 2699 v.
1626 2677 1646 2699 3.
1664 2679 1698 2698 est
1715 2682 1764 2705 seq.
1782 2676 1854 2698 locus.

1359 2715 1368 2728 ⁷
1387 2717 1452 2739 Vers.
1470 2717 1506 2739 46.
1524 2728 1555 2733 -—
1572 2716 1680 2744 Sequitur
1697 2716 1766 2737 Prov.
1783 2715 1823 2741 30,
1841 2714 1863 2736 5.

1358 2754 1367 2767 ¹³
1386 2756 1451 2778 Vers.
1469 2756 1507 2778 ⁴20.
1524 2768 1555 2772 —
1572 2756 1629 2778 Tres
1651 2760 1716 2783 seqq.
1734 2754 1778 2776 loci
1798 2756 1852 2776 sunt
1869 2753 1935 2775 Eccli.
1953 2753 1995 2781 29,
2013 2753 2100 2779 46-=18;
2116 2752 2141 2774 II.

1295 2795 1352 2822 Reg.
1373 2795 1392 2822 l,
1405 2794 1443 2816 21.
1459 2797 1482 2816 et
1498 2794 1513 2816 I.
1530 2793 1633 2816 Machab.
1651 2793 1692 2819 tt,
1710 2793 1755 2815 24:
1772 2793 1830 2815 Misit
1847 2792 1926 2814 Simon
1942 2791 2083 2814 Numenium
2099 2791 2142 2813 Ro-

1296 2839 1371 2861 mam,
1391 2833 1514 2855 habentem
1538 2833 1645 2860 clypeum
1668 2837 1764 2854 aureum
1787 2837 1911 2859 magnum,
1934 2830 2012 2858 pondo
2034 2835 2141 2852 mnarum

1296 2873 1366 2894 mille.

1358 2909 1367 2922 ⁹
1384 2911 1451 2934 Vers.
1468 2910 1505 2933 47.
1522 2912 1544 2932 et
1562 2910 1597 2932 48.
1617 2910 1675 2932 Vide
1692 2915 1746 2937 pag.
1763 2914 1812 2937 seq.
1828 2910 1905 2930 notam
1924 2908 1946 2930 3.

1359 2948 1378 2962 ¹⁰
1396 2950 1461 2972 Vers.
1481 2950 1517 2971 ll.
1529 2962 1558 2965 —
1571 2950 1704 2977 Sequuntur
1721 2947 1787 2970 Eccli.
1806 2947 1848 2975 45,
1866 2947 1903 2969 20.
1922 2949 1945 2968 et
1961 2947 2041 2968 Ezech.
2058 2946 2101 2973 43,
2118 2945 2141 2968 5.

2178 851 2202 878 Se
2217 853 2253 879 teni
2263 857 2267 871 ι
2276 854 2277 859 ’
2291 859 2296 871 ε

2163 880 2194 898 gni
2202 877 2277 895 matium*
2286 879 2296 894 ι

2162 898 2217 917 scuti.

2162 1739 2218 1759 Nota.
