2296 3316
29 1261 131 1286 Dupliciter

28 1287 132 1309 arguentur.

16 1737 17 1742 ¹
25 1730 134 1750 Secundum.

730 149 899 178 COMMENT.
919 149 956 178 iN
976 149 1214 179 ECCLESlASTEN
1231 151 1258 180 C.
1278 151 1321 180 xi.

156 225 277 254 abundet
298 226 435 262 praesenti
460 227 651 264 prosperitate.
674 227 788 264 Propter
815 227 889 263 quod
917 226 1000 255 dicit:

157 272 191 300 Si
209 272 297 300 annis
317 272 417 301 multis
437 273 544 301 vixerit
564 272 661 307 homo,
682 273 748 310 quia
763 280 873 307 revera,
895 273 945 301 etsi
962 273 1000 301 vi-

156 319 273 347 deantur
296 319 387 353 multi‚
403 320 482 348 multi
505 322 595 349 tamen
609 328 669 349 esse
684 328 738 348 non
760 322 887 356 possunt,
903 327 1001 347 secun-

155 365 222 393 dum
251 365 319 393 illud
344 365 522 395 Ecclesiastici
547 367 653 395 decimo
681 367 812 394 octav01:
839 366 1001 394 «Numerus

155 412 263 440 dierum
286 412 416 447 hominis,
438 417 470 441 ut
496 413 616 441 multum
644 415 755 440 centum
776 412 839 440 anni
859 424 885 440 ».
911 412 943 439 Et
971 412 1001 439 in

156 457 201 487 his
222 458 356 486 omnibus
371 459 495 487 laetatus
515 458 623 496 faerit,
645 458 797 487 secundum
813 458 886 495 quod
902 458 953 492 illi,
968 458 1001 486 de

156 505 258 542 quibus
287 505 389 534 dicitur
417 506 462 534 lob
489 505 622 542 vigesimo
647 505 751 541 primo,
779 516 791 529 «
812 508 904 533 tenent
932 508 1001 541 tym-

155 560 257 589 panum
278 555 305 581 et
325 552 446 589 gaudent
465 553 499 581 ad
520 552 640 581 sonitum
661 552 755 588 organi
766 563 772 585 ;
790 552 897 580 ducunt
912 552 938 580 in
955 552 1001 580 bo-

156 599 198 627 nis
217 599 275 628 dies
295 607 361 628 suos
375 611 388 625 »
414 602 464 628 etc.
486 599 650 627 Meminisse
669 599 746 627 debet
768 599 908 628 tenebrosi
934 603 1001 628 tem-

152 646 249 684 poris,
272 647 297 675 id
319 650 360 675 est
380 647 432 675 diei
455 646 562 680 iudicii,
583 654 654 683 quae
675 646 728 675 erit
744 650 852 683 tempus
875 647 1000 676 tenebre*

155 701 233 728 sum;
254 695 408 731 sophoniae
429 694 556 730 prim02:
583 705 596 718 «
613 694 674 723 Dies
695 694 755 728 illa,
777 694 834 723 dies
850 695 922 728 irae,
943 694 1001 723 dies

156 741 333 769 tenebrarum
355 743 384 769 et
403 740 527 777 caliginis
537 751 568 774 »;
589 744 615 768 et
635 740 750 769 dieram
773 741 939 770 multorum.
956 742 999 770 Isti

155 790 220 816 sunt
239 787 298 816 dies
318 788 375 816 sive
396 787 458 815 anni
480 787 664 821 aeternitatis;
687 787 713 815 in
734 788 851 816 Psalmo:
878 788 1000 817 «Melior

154 837 196 863 est
215 833 274 863 dies
294 842 350 862 una
371 834 397 862 in
419 834 497 862 atriis
519 834 574 862 tuis
598 842 683 871 super
704 834 789 863 millia
803 847 829 863 υ.
855 836 999 864 Memorari

154 880 235 909 debet
254 880 307 909 diei
329 880 448 914 iudicii,
475 883 507 909 ut
528 881 637 916 timeat3
666 882 813 910 memorari
839 882 920 910 debet
939 882 999 919 ylo-

154 929 231 963 riae,
252 931 284 956 ut
305 931 397 964 speret
417 931 444 956 et
465 928 597 965 gaudeat,
619 931 646 957 et
667 929 718 957 hoc
739 929 892 957 secundum
920 929 999 958 vicis-

154 975 300 1004 situdinem
322 982 452 1011 operum;
468 975 541 1004 unde
564 975 740 1004 Ecclesiastici
757 975 915 1005 undecimo:
943 988 956 1001 «
972 976 1000 1004 ln

153 1021 197 1051 die
224 1021 360 1050 honorum
389 1029 423 1050 ne
451 1022 596 1051 immemor
617 1022 654 1051 sis
675 1023 824 1057 malorum,
846 1027 873 1051 et
901 1023 927 1051 in
956 1023 999 1051 die

153 1069 289 1098 malorum
316 1077 349 1097 ne
371 1069 516 1098 immemor
538 1070 575 1098 sis
596 1070 731 1098 bonorum
747 1082 773 1098 ».
797 1070 932 1104 Hieram,
958 1070 999 1098 in-

154 1124 251 1153 quam,
272 1116 447 1150 multorum,
469 1117 520 1155 qui
540 1125 607 1145 eum
621 1118 764 1151 venerint,
787 1118 927 1145 vanitatis
949 1126 999 1145 ar-

151 1166 279 1201 yuentur
306 1164 485 1200 praeterita,
512 1164 537 1192 id
565 1168 621 1198 est,
648 1164 789 1193 manifeste
819 1164 999 1193 ostendentur

154 1210 238 1239 fuisse
252 1218 334 1244 vana;
356 1210 429 1239 unde
445 1211 627 1247 Hieronymus
638 1212 662 1240 ³:
678 1212 747 1240 Cum
766 1220 882 1248 regnum
897 1212 997 1240 Christi

154 1258 276 1292 venerit,
297 1260 389 1286 cetera
410 1265 495 1294 regna
519 1262 690 1288 evanescent.
714 1261 887 1296 Aryuentur
914 1268 999 1296 prae-

154 1304 256 1338 terita,
278 1304 381 1333 scilicet
401 1304 435 1333 de
456 1305 575 1334 vanitate
600 1306 826 1339 mutabilitatis;
848 1306 1000 1342 Sapientiae

153 1351 286 1389 quint04:
314 1351 412 1388 «Quid
434 1352 513 1381 nobis
534 1352 637 1389 profuit
658 1353 811 1390 superbia?
827 1354 877 1381 Aut
892 1353 999 1381 divitia-

153 1407 215 1427 rum
238 1399 365 1427 iactantia
389 1399 455 1436 quid
479 1400 595 1428 contulit
610 1400 710 1428 nobis?
732 1400 913 1429 Transierunt
934 1401 999 1429 haec

152 1445 244 1474 omnia
262 1445 338 1474 velut
359 1445 496 1474 umbra».
518 1447 676 1483 Arguentnr
696 1447 729 1475 de
751 1447 870 1476 vanitate
892 1448 999 1485 iniqui-

153 1492 238 1526 tatis;
260 1492 437 1521 Ecclesiastici
459 1492 565 1521 decimo
586 1494 718 1530 septimo:
745 1494 844 1530 «Quid
866 1495 998 1531 nequius,

152 1548 235 1577 quam
263 1540 337 1577 quod
364 1540 531 1577 excogitavit
558 1548 623 1569 caro
643 1544 671 1569 et
691 1541 803 1578 sanguis
818 1544 854 1569 »i
876 1541 908 1569 Et
932 1542 999 1570 haec

152 1589 317 1624 arguentur3
339 1587 371 1615 ad
388 1587 518 1624 Ephesios
532 1587 642 1624 quinto:
662 1599 675 1612 «
691 1588 767 1624 Quae
788 1588 860 1616 enim
876 1596 998 1624 arguun-

152 1637 199 1662 tur
219 1642 236 1662 a
257 1634 360 1662 lumine
382 1634 630 1663 manifestantur».

231 1681 319 1717 (Vers.
336 1681 383 1717 9.).
399 1681 521 1710 Laetare
541 1690 609 1719 erqo
624 1682 737 1710 iuvenis
751 1684 801 1710 etc.
818 1682 864 1710 Hic
879 1682 999 1710 secundo

151 1726 332 1765 reprehendit
344 1732 523 1764 praesentem
538 1728 692 1762 laetitiam,
708 1736 843 1762 asserens,
860 1728 998 1756 hominem

151 1783 203 1812 pro
223 1775 270 1804 illa
284 1774 460 1803 iudicandum
483 1782 556 1809 esse;
577 1775 651 1803 unde
666 1775 769 1803 ironice
791 1775 906 1812 loquens
920 1775 998 1804 dicit:

150 1822 273 1851 Laetare
293 1830 371 1859 eryo,
387 1822 419 1850 in
432 1821 555 1855 iuvenis,
570 1821 761 1850 adolescentia
783 1825 848 1856 tua,
870 1822 936 1858 quia
954 1822 1000 1850 illa

151 1872 225 1898 aetas
252 1871 294 1897 est
315 1869 432 1897 laetitiae
459 1872 537 1905 apta;
559 1868 632 1897 unde
660 1868 814 1905 Sapientiae
839 1868 997 1897 secundo⁵:

156 1915 295 1950 «Venite,
324 1915 452 1943 fruamur
483 1918 613 1944 creatura
635 1918 764 1951 tanquam
797 1915 822 1943 in
855 1916 998 1944 iuventute

151 1962 277 1991 celeriter
288 1973 319 1997 ’¹3
341 1962 419 1999 quasi
441 1962 525 1990 dicat:
548 1969 582 1990 ne
603 1962 713 1990 laeteris
734 1962 760 1990 in
783 1962 942 1997 iuventute,
964 1971 997 1991 ne

150 2008 242 2037 doleas
262 2009 289 2037 in
311 2011 467 2042 senectute3
490 2008 562 2037 unde
592 2008 769 2037 Ecclesiastici
791 2009 904 2045 quinto:
933 2010 997 2038 «Ne

151 2055 276 2092 sequaris
302 2056 330 2084 in
360 2055 521 2084 fortitudine
554 2058 601 2083 tua
631 2055 879 2092 concupiscentiam
906 2056 997 2084 cordis

151 2103 232 2131 tui».
256 2102 287 2131 Et
307 2102 427 2140 explicat
459 2102 604 2136 laetitiam,
630 2105 662 2131 ut
692 2103 727 2131 sit
748 2103 883 2139 completa
913 2107 939 2132 et
967 2103 993 2131 in

212 2287 221 2301 ¹
239 2289 305 2311 Vers.
322 2289 344 2312 8.
363 2301 393 2306 —
411 2289 519 2318 Sequitur
542 2290 582 2312 lob
599 2290 636 2317 21,
656 2290 691 2313 12.
712 2291 764 2312 Post
786 2292 926 2320 tympanum
944 2291 996 2314 an-

151 2331 202 2356 gata
220 2328 284 2351 addit
300 2330 323 2351 et
338 2328 463 2352 citharam.

212 2365 221 2379 ²
238 2367 303 2390 Vers.
322 2367 365 2390 45:
381 2367 435 2390 Dies
451 2368 510 2395 irae,
531 2368 581 2391 dies
599 2368 649 2396 illa,
671 2368 721 2391 dies
742 2369 894 2392 tribulationis
916 2372 938 2392 et
958 2376 995 2392 an-

150 2407 251 2434 gustiae,
268 2407 317 2429 dies
334 2407 468 2430 calamitatis
485 2410 507 2430 et
524 2408 643 2435 miseriae,
660 2408 710 2430 dies
732 2408 880 2431 tenebrarum
903 2411 946 2431 etc.
964 2421 995 2424 —

150 2446 282 2474 Sequuntur
299 2446 334 2468 ΡΞ.
353 2446 396 2473 83,
414 2447 450 2468 11.
468 2449 490 2468 et
506 2447 573 2469 Eccli.
592 2447 634 2474 11,
651 2447 689 2469 27.

211 2482 220 2496 ⁵
237 2485 341 2512 Hieron,
365 2484 496 2508 Comment.
521 2486 544 2507 in
567 2486 627 2508 hunc
649 2486 738 2513 locum,
756 2486 795 2508 dat
817 2487 933 2515 duplicem
957 2493 995 2509 ex—

149 2523 306 2551 plicationem;
325 2525 399 2552 prima
417 2528 463 2548 est:
483 2534 494 2545 ιι
507 2526 577 2548 Porro
594 2525 612 2547 si
630 2527 652 2547 et
674 2526 751 2548 multis
776 2526 841 2549 annis
864 2526 948 2549 vixeris
973 2529 995 2549 et

150 2563 226 2585 omnia
244 2563 303 2585 bona
321 2563 431 2586 habueris
447 2565 483 2586 vel
501 2564 561 2587 hona
578 2571 649 2593 opera
667 2565 819 2593 perpetraris,
831 2568 853 2587 et
865 2565 956 2594 scieris,
973 2568 994 2587 te

150 2607 241 2630 semper
256 2608 307 2625 esse
323 2603 485 2626 moriturum...
503 2605 631 2631 praesentia
649 2605 714 2633 quasi
732 2605 804 2633 fluxa,
822 2605 909 2633 fragilia
927 2607 949 2627 et
960 2611 995 2627 ca-

150 2641 208 2664 duca
225 2644 359 2665 contemnes
370 2651 381 2662 »
402 2643 450 2672 (cir.
468 2649 538 2671 supra
550 2649 605 2671 pag.
618 2644 660 2671 55,
672 2647 724 2666 nota
737 2645 764 2671 6,
777 2643 816 2666 ubi
828 2645 909 2667 similia
921 2644 993 2667 verba

150 2680 300 2708 allegavimus
316 2687 342 2703 ex
360 2681 430 2710 Epist.
448 2681 501 2704 140.
518 2688 540 2705 n.
564 2683 619 2711 ia).
641 2683 746 2706 Secunda
770 2687 816 2706 est:
837 2693 848 2703 ιι
861 2684 927 2712 Quod
954 2685 993 2713 qui

151 2719 217 2742 tuerit
226 2723 363 2743 consecutus
375 2721 433 2749 [scil.
445 2721 562 2744 scientiam
575 2722 698 2745 salutarem
709 2723 831 2751 utriusque
848 2723 994 2753 testamenti]‚

149 2757 237 2781 videbit
252 2759 341 2786 lucem,
359 2759 448 2782 videbit
469 2759 599 2788 Christum,
615 2761 686 2783 solem
711 2761 808 2784 iustitiae
820 2771 831 2781 »
851 2765 894 2784 etc.
917 2762 993 2785 Verba

150 2802 162 2818 a
179 2797 202 2819 S.
218 2797 305 2820 Bonav.
322 2798 359 2820 hic
375 2799 471 2826 allegata
483 2799 508 2821 in
519 2799 660 2832 expositione
672 2800 740 2822 huius
752 2800 793 2822 loci
807 2807 851 2822 non
868 2800 994 2828 habentur,

151 2835 292 2859 insinuantur
309 2839 385 2859 tamen
404 2838 426 2860 in
443 2837 572 2860 Comment.
589 2839 611 2860 in
623 2839 680 2861 Dan.
692 2839 718 2867 7,
731 2839 785 2861 3-27
794 2857 799 2866 ,
812 2839 851 2861 ubi
863 2840 992 2862 secundum

151 2874 225 2902 ipsum
242 2881 284 2903 per
300 2878 399 2904 quatuor
416 2876 500 2899 bestias
521 2877 681 2904 significantur
706 2881 805 2906 quatuor
829 2885 900 2906 regna
927 2879 993 2906 Assy-

149 2913 248 2943 riorum,
261 2915 392 2944 Persarum,
410 2916 559 2938 Macedonum
577 2919 600 2938 et
616 2917 787 2944 Romanorum;
799 2923 897 2945 regnum
910 2918 993 2940 Roma-

149 2957 231 2975 norum
248 2956 370 2981 superatur
386 2960 398 2976 a
416 2954 519 2983 quodam
536 2960 605 2982 rege,
623 2955 662 2984 qui
685 2955 832 2978 antichristus
848 2956 991 2984 agnoscitur,

1862 157 1899 185 91

1057 228 1157 256 animo
1182 231 1209 256 et
1230 229 1256 257 in
1278 238 1361 266 opere
1381 234 1408 259 et
1430 231 1457 259 in
1481 232 1572 269 signo.
1598 233 1737 269 Quantum
1765 233 1797 261 ad
1824 234 1902 262 laeti-·
1916 239 1995 266 Laeuus
2009 240 2028 258 iu

1058 274 1123 302 tiam
1147 274 1333 304 delectationis
1354 277 1380 304 in
1407 278 1505 306 ammo
1533 278 1613 308 dicit:
1643 280 1677 307 Et
1705 280 1735 308 in
1764 280 1834 308 bono
1861 280 1899 308 sit

1057 328 1107 348 eor
1139 324 1238 355 tuum,
1267 323 1343 359 quasi
1372 323 1458 352 dicat:
1491 333 1544 353 non
1573 326 1681 354 laeteris
1709 326 1806 360 corde,
1834 327 1898 363 quia

1058 375 1142 403 supra
1164 368 1280 403 septimo
1294 369 1320 396 6;
1348 370 1427 398 «Cor
1454 372 1546 405 stulti,
1576 372 1622 400 ubi
1644 373 1785 401 laetitia».
1807 374 1898 410 Quan—

1935 268 2003 281 animo.

1058 416 1117 441 tum
1138 414 1172 441 ad
1193 414 1399 444 delectationem
1420 417 1446 445 in
1468 426 1567 454 opere.-
1591 419 1624 446 Et
1645 419 1763 447 ambula
1785 420 1815 447 in
1843 421 1898 448 viis
1916 425 1934 443 ¹0
1948 431 2011 449 opera

1058 460 1155 488 cordis
1176 461 1236 495 tui,
1259 461 1285 489 id
1305 465 1361 496 est,
1384 464 1508 492 exterius
1528 465 1633 501 comple
1654 474 1737 502 opere
1757 466 1830 503 quod
1851 466 1898 496 de-

1058 507 1162 535 sideras
1176 508 1270 541 corde,
1292 509 1370 545 quasi
1385 509 1471 537 dicat:
1494 519 1547 538 non
1562 512 1697 545 ainbules;
1721 512 1898 542 Ecclesiastici

1057 553 1164 582 decimo
1179 558 1289 583 octavo:
1317 556 1404 589 «Fili,
1426 560 1487 592 post
1505 558 1738 594 concupiscentias
1760 562 1821 587 tuas
1844 567 1898 587 non

1057 608 1118 634 eas,
1140 604 1167 629 et
1181 609 1197 629 a
1218 602 1358 630 voluntate
1383 606 1430 630 tua
1450 606 1615 631 avertere».
1638 604 1776 639 Quantum
1798 605 1831 633 ad
1846 605 1899 633 lae-
1916 612 1935 630 ¹n
1949 612 2007 635 signu⁴

1058 647 1144 675 titiam
1167 648 1194 676 in
1215 648 1298 685 scyno
1319 648 1396 677 dicit:
1421 650 1453 676 Et
1474 649 1504 677 in
1527 650 1635 677 intuitu
1660 650 1809 679 oculorum
1838 656 1900 680 tuo-

1057 703 1140 728 rum,
1162 698 1193 723 ut
1214 703 1245 723 ea
1267 695 1407 724 intueatur
1422 696 1532 730 oculus,
1554 704 1625 733 quae
1638 696 1774 725 desiderat
1795 706 1854 732 cor,
1873 702 1903 727 et

1056 745 1189 778 operatur
1203 750 1302 770 manus
1324 746 1383 776 tua,
1399 742 1551 771 secundum
1574 742 1647 779 quod
1668 743 1701 771 de
1718 743 1769 772 illis
1789 744 1899 779 dicitur,

1055 788 1089 817 de
1120 788 1222 825 quibus
1257 789 1393 818 secundae
1426 789 1496 817 Petri
1531 789 1651 818 secundo
1673 790 1698 817 ⁷:
1736 802 1748 814 «
1768 790 1900 819 Habentes

1056 836 1151 864 oculos
1172 836 1267 872 plenos
1287 836 1414 865 adulterii
1438 839 1465 865 et
1479 836 1647 865 incessabilis
1668 836 1799 871 delicti»,
1822 838 1898 874 quasi

1055 883 1142 912 dicat:
1164 892 1219 912 non
1240 884 1279 912 sic
1299 883 1440 917 ambules;
1463 883 1545 912 Isaiae
1561 884 1655 912 tertio:
1684 896 1696 909 «
1713 885 1763 912 Pro
1781 892 1812 913 eo
1826 885 1900 922 quod

1055 930 1176 959 elevatae
1207 934 1272 959 sunt
1302 930 1374 959 filiae
1395 931 1458 959 Sion
1489 933 1516 959 et
1546 931 1758 960 ambulaverunt
1788 934 1900 960 extento

1055 977 1125 1005 collo
1146 980 1172 1005 et
1194 977 1308 1005 nutibus
1335 978 1508 1005 oculorum»
1534 981 1585 1006 etc.
1609 978 1639 1006 Et
1666 978 1739 1015 quod
1765 978 1836 1006 istud
1865 978 1899 1007 sit

1056 1024 1159 1052 ironice
1179 1024 1297 1058 dictum,
1319 1027 1406 1061 patet,
1435 1024 1500 1061 quia
1527 1025 1710 1053 comminatur
1731 1025 1834 1053 malum
1862 1026 1900 1054 sic

1056 1071 1236 1105 laetantibus;
1259 1071 1331 1100 unde
1362 1071 1470 1100 subdit:
1494 1072 1527 1100 Et
1547 1072 1634 1106 scito,
1667 1073 1743 1110 quod
1770 1081 1826 1109 pro
1855 1072 1900 1101 liis

1056 1118 1190 1146 omnibus
1221 1119 1343 1147 adducet
1372 1123 1395 1147 te
1429 1119 1504 1147 Deas
1535 1119 1566 1147 in
1597 1120 1748 1148 iudicium.
1782 1120 1812 1148 Et
1841 1120 1900 1148 ideo

1056 1165 1147 1193 omnia
1168 1169 1232 1194 sunt
1252 1165 1395 1202 fugienda;
1418 1166 1463 1194 lob
1490 1166 1597 1195 decimo
1618 1175 1707 1195 nono:
1735 1167 1857 1203 «Fugite
1885 1174 1900 1195 a

1056 1211 1123 1240 faeie
1144 1212 1238 1248 gladii,
1260 1212 1325 1249 quia
1346 1212 1420 1241 ultor
1442 1213 1593 1250 iniquitatis
1608 1216 1649 1241 est
1669 1213 1788 1250 gladius,
1807 1216 1833 1241 et
1848 1213 1899 1241 sci-

1057 1261 1125 1293 tote,
1147 1267 1206 1287 esse
1228 1259 1360 1287 iudicium
1375 1271 1402 1287 ».

1135 1305 1223 1340 (Vers.
1249 1305 1314 1341 10.).
1338 1305 1433 1343 Aufer
1454 1306 1533 1334 iram
1554 1309 1605 1334 etc.
1628 1306 1673 1334 Hic
1696 1307 1775 1334 tertio
1801 1305 1899 1334 Ιιονια-

1056 1356 1106 1380 tar
1128 1352 1252 1381 abiicere
1273 1361 1385 1381 omnem
1405 1353 1583 1390 nequitiam,
1605 1352 1730 1381 videlicet
1755 1353 1899 1381 malitiam

1056 1399 1153 1427 cordis
1174 1402 1202 1427 et
1223 1399 1444 1427 immunditiam
1462 1399 1572 1427 carnis.
1594 1399 1733 1435 Quantum
1756 1399 1790 1427 ad
1816 1399 1900 1427 mali-

1056 1447 1129 1474 ciam
1156 1446 1254 1474 cordis
1281 1446 1363 1475 dicit:
1392 1445 1487 1483 Aufer
1515 1446 1592 1474 iram
1619 1454 1639 1474 a
1667 1446 1751 1474 corde
1780 1450 1841 1479 teto,
1871 1449 1901 1474 ut

1055 1502 1110 1522 non
1131 1493 1274 1527 irascaris,
1289 1493 1355 1530 quia
1369 1493 1411 1521 ira
1425 1492 1514 1521 reddit
1528 1493 1666 1521 hominem
1689 1501 1820 1529 nequam;
1836 1493 1902 1521 Mat—

1055 1540 1128 1569 thaei
1144 1540 1279 1577 quintoss:
1307 1552 1319 1565 «
1336 1540 1389 1577 Ego
1403 1543 1497 1569 autem
1519 1540 1579 1568 dico
1601 1540 1690 1574 vobis,
1705 1540 1778 1577 quod
1800 1540 1901 1574 omnis,

1056 1588 1103 1624 qui
1133 1587 1262 1616 irascitur
1283 1587 1361 1615 fratri
1392 1595 1457 1621 suo,
1486 1595 1552 1615 reus
1580 1587 1632 1615 erit
1660 1587 1761 1615 iudicio
1772 1598 1803 1621 »;
1825 1590 1852 1615 et
1879 1587 1899 1615 si

1056 1634 1195 1667 irascitur,
1226 1642 1281 1662 non
1302 1633 1455 1671 perdurare
1485 1634 1580 1667 debet;
1602 1634 1675 1662 unde
1706 1634 1739 1662 ad
1771 1634 1901 1670 Ephesios

1056 1684 1174 1717 quarto:
1206 1692 1219 1705 «
1240 1681 1284 1709 Sol
1315 1689 1369 1709 non
1400 1681 1505 1710 occidat
1536 1689 1619 1717 super
1654 1681 1823 1709 iracundiam
1856 1688 1901 1709 ve-

1055 1730 1141 1756 stram
1157 1740 1183 1755 ι».
1206 1728 1345 1764 Quantum
1360 1728 1393 1756 ad
1408 1728 1627 1756 inmunditiam
1642 1728 1742 1756 carnis
1760 1728 1824 1756 dicit
1837 1739 1843 1756 :
1869 1728 1901 1756 Et

1055 1782 1156 1802 amove
1169 1774 1316 1803 malitiam
1338 1783 1357 1803 a
1371 1783 1461 1803 earne
1479 1778 1544 1808 tua,
1560 1778 1587 1803 et
1601 1774 1639 1803 sic
1653 1774 1777 1803 excludit
1791 1782 1899 1802 omnem

1055 1821 1256 1850 immunditiam
1288 1822 1393 1855 carnis;
1427 1821 1513 1850 iacobi
1545 1821 1675 1858 primo⁹÷
1711 1821 1899 1849 «Abiicientes

1055 1876 1163 1896 omnem
1195 1868 1396 1897 immunditiam
1424 1871 1451 1897 et
1482 1868 1676 1896 abundantiam
1709 1868 1843 1901 malitiae,
1872 1868 1897 1895 in

1055 1915 1266 1944 mansuetudine
1286 1915 1416 1952 suscipite
1437 1915 1550 1944 insitum
1572 1915 1687 1943 verbum
1701 1927 1726 1943 ».
1744 1915 1788 1943 llle
1809 1914 1899 1943 aufert

1054 1962 1185 1991 malitiam
1207 1971 1223 1990 a
1244 1970 1341 1996 carne,
1364 1962 1410 1999 qui
1437 1970 1496 1991 eam
1518 1962 1678 1995 mortificat;
1704 1962 1737 1990 ad
1759 1962 1898 1990 Colossen—

1053 2017 1097 2038 ses
1118 2009 1217 2038 tertio:
1243 2021 1256 2034 «
1272 2009 1431 2038 Mortificate
1452 2009 1576 2037 membra
1600 2012 1706 2043 vestra,
1735 2016 1806 2045 quae
1834 2011 1898 2036 sunt

1053 2064 1138 2093 super
1153 2059 1255 2085 terram
1272 2068 1297 2084 ».
1314 2057 1345 2085 Et
1359 2056 1485 2085 redditur
1499 2056 1569 2084 ratio
1584 2056 1683 2084 huius:
1700 2055 1898 2084 Adolescentia

1053 2104 1128 2132 enim
1143 2107 1168 2131 et
1181 2103 1315 2141 voluptas
1329 2111 1410 2131 vana
1423 2107 1505 2137 sunt,
1524 2103 1589 2140 quia
1603 2104 1657 2131 cito
1670 2105 1826 2136 transeunt3
1842 2102 1898 2139 pri-

1053 2294 1075 2313 et
1086 2294 1139 2319 post
1150 2292 1206 2313 haec
1218 2291 1260 2313 erit
1269 2296 1368 2318 regnum
1380 2290 1462 2313 Christi
1474 2292 1601 2312 aeternum.
1620 2289 1677 2312 lbid.
1694 2295 1712 2311 c.
1733 2289 1760 2311 ’12
1770 2306 1775 2316 ,
1792 2289 1814 2311 7.
1831 2288 1898 2311 divit:

1052 2331 1078 2353 Et
1095 2331 1214 2353 manifeste
1231 2331 1260 2353 de
1274 2330 1375 2352 adventu
1387 2329 1469 2353 Christi
1481 2332 1551 2358 atque
1564 2330 1699 2352 Sanctorum
1712 2329 1779 2351 dicit:
1792 2329 1896 2356 Regnum

1051 2372 1128 2392 autem
1146 2372 1169 2392 et
1185 2372 1286 2397 potestas
1303 2372 1324 2391 et
1342 2369 1478 2396 magnitudo
1496 2369 1574 2397 regni,
1591 2374 1652 2397 quae
1673 2373 1707 2390 est
1729 2368 1807 2390 subter
1830 2373 1898 2389 omne

1052 2409 1155 2436 caelum,
1172 2408 1240 2431 detur
1257 2409 1343 2436 populo
1361 2409 1497 2431 Sanctorum
1515 2408 1636 2434 Altissimi,
1658 2408 1723 2429 cuius
1745 2413 1842 2435 regnum
1864 2413 1899 2428 re-

1052 2454 1124 2476 gnum
1142 2448 1308 2476 sempiternum
1321 2450 1361 2474 est,
1374 2450 1395 2469 et
1412 2453 1493 2469 omnes
1511 2453 1578 2475 reges
1595 2447 1695 2469 servient
1712 2447 1732 2468 ei
1750 2449 1771 2468 et
1782 2446 1898 2468 obedient.

1051 2487 1096 2510 Cir.
1115 2487 1170 2509 ibid.
1188 2488 1214 2515 2,
1232 2487 1315 2513 38-40,
1332 2490 1354 2509 et
1371 2488 1480 2514 August,
1498 2487 1549 2509 XX.
1566 2486 1595 2508 de
1613 2485 1661 2508 civ.
1680 2486 1733 2513 Dei,
1750 2492 1770 2507 c.
1788 2486 1825 2507 ⁶23.

1114 2526 1123 2538 ‘¹
1142 2527 1206 2549 Vers.
1225 2528 1246 2548 8.
1263 2530 1285 2548 et
1301 2527 1324 2549 9.
1344 2539 1374 2542 —
1391 2527 1523 2554 Sequuntur
1540 2526 1606 2548 Eccli.
1625 2526 1664 2552 17,
1683 2526 1719 2547 30.
1745 2529 1765 2547 et
1790 2525 1846 2552 Epli.
1871 2524 1896 2551 5,

1052 2567 1094 2594 43,
1114 2566 1153 2589 ubi
1177 2567 1274 2594 Vulgata
1290 2566 1373 2588 omittit
1389 2565 1459 2589 enim.

1114 2604 1123 2617 ⁶
1141 2606 1206 2628 Vers.
1224 2606 1251 2627 6:
1269 2606 1350 2628 Venite
1367 2610 1436 2633 ergo,
1455 2607 1477 2626 et
1495 2606 1598 2626 fruamur
1616 2604 1693 2632 bonis,
1711 2610 1770 2632 qnae
1792 2607 1857 2630 sunt,
1875 2607 1893 2625 et

1051 2648 1144 2667 utamur
1161 2647 1265 2666 creatura
1283 2646 1325 2666 etc.
1342 2657 1373 2659 —
1390 2644 1498 2672 Sequitur
1516 2644 1581 2666 Eccli.
1600 2644 1626 2671 ὅ,
1645 2644 1666 2665 2.

1113 2681 1123 2694 ⁸
1141 2683 1205 2705 Vers.
1224 2684 1249 2705 5:
1268 2682 1312 2706 Cor
1329 2683 1463 2710 stultorum,
1475 2682 1514 2704 ubi
1527 2682 1617 2704 laetitia.
1628 2694 1659 2699 ——
1672 2681 1773 2704 Subinde
1785 2682 1895 2709 allegatur

1051 2722 1117 2745 Eccli.
1136 2723 1179 2749 18,
1197 2722 1234 2744 30.

1113 2759 1122 2773 '¹
1141 2762 1205 2783 vers.
1226 2761 1262 2783 14.
1279 2773 1309 2777 -
1327 2762 1459 2790 Sequuntur
1476 2761 1526 2783 lsai.
1543 2761 1569 2788 3,
1591 2761 1625 2783 16.
1642 2764 1664 2782 et
1681 2760 1719 2782 lob
1738 2760 1778 2787 19,
1800 2760 1841 2786 29,
1856 2758 1893 2781 ubi

1051 2806 1093 2828 pro
1111 2800 1166 2829 quia
1184 2799 1249 2823 ullor
1265 2799 1395 2829 iniquitatis·
1413 2800 1510 2827 Vulgata
1528 2799 1640 2828 quoniam
1658 2799 1724 2822 ultor
1736 2798 1892 2827 iniquitatum.

1113 2838 1122 2851 ‘³
1140 2840 1205 2862 Vers.
1224 2840 1260 2861 22.
1279 2840 1375 2867 Vulgata
1396 2839 1452 2869 quia
1477 2846 1519 2867 pro
1545 2838 1613 2868 qaod.
1639 2851 1669 2855 —
1695 2839 1747 2866 Seq.
1773 2838 1835 2859 locus
1860 2839 1892 2858 est

1050 2878 1107 2906 Epli.
1126 2878 1151 2905 t,
1170 2879 1206 2900 26.

1113 2915 1122 2928 ⁹
1142 2917 1206 2939 Vers.
1225 2917 1261 2939 21.
1279 2930 1308 2932 —
1327 2917 1434 2945 Sequitur
1451 2916 1497 2939 Col,
1515 2917 1541 2945 3,
1559 2917 1580 2938 5.

1917 1312 2007 1330 Tertium.

1919 1405 1988 1424 Malitia
1999 1411 2039 1424 cor-

1954 1429 1990 1447 dis.

1918 1733 2036 1760 immunditia

1941 1762 2009 1776 earnis.

1916 2061 1977 2079 Ratio.
