2296 3316
433 184 489 213 604

310 269 415 289 secundus.
432 264 548 290 mortem
571 268 625 288 non
647 258 750 287 videbit
769 257 797 286 in
818 258 964 286 aeternum
979 267 1006 283 ».
1021 271 1061 275 —
1075 254 1219 283 Secundus
1233 256 1275 282 est

434 307 547 345 adeptio
566 306 700 344 9ratiae‚·
721 304 755 333 de
776 311 833 341 quo
853 303 914 332 hic:
937 303 973 331 Et
993 302 1085 330 Pater
1106 309 1188 329 meus
1208 300 1275 328 diti·-

430 358 477 391 ρει
495 361 577 386 eum,
599 356 625 381 et
645 351 685 380 ad
705 359 773 379 eam
792 350 940 379 veniemus
954 351 1016 382 ete,
1031 348 1135 377 scilicet
1149 355 1198 384 per
1213 355 1275 384 gra-

333 408 414 428 τοκῆας.
432 400 505 429 tiam.
529 415 563 419 —
586 398 697 427 Tertius
717 400 760 426 est
779 396 915 426 meritum
936 395 1064 433 moriae,-
1084 393 1118 422 de
1138 401 1195 430 quo
1209 393 1276 421 Mat-

431 446 503 475 thaei
524 445 630 474 decimo
651 452 739 473 nono:
766 454 779 469 «
794 443 819 472 Si
842 443 884 471 vis
904 442 937 471 ad
953 442 1037 470 vitam
1057 440 1174 478 ingredi,
1196 447 1276 468 serva

431 492 557 521 mandata
571 503 596 519 ».

989 605 1151 634 Carirucun
1173 604 1226 632 XV.
1251 603 1384 641 Suryite,
1406 611 1510 631 eamus
1531 601 1598 631 ltine
1609 602 1629 630 ³.

762 717 892 739 ANNOTATro
909 716 946 738 58.

510 811 598 846 (Vers.
624 810 669 842 1.).
694 810 753 848 Ego
773 818 841 838 sam
862 809 930 838 vitis
951 817 1029 837 vera.

510 858 593 891 Nota,
614 856 688 894 quod
710 856 838 885 Christus
859 856 911 884 fuit
942 855 1010 883 vitis
1031 855 1058 883 in
1091 857 1191 883 trunco
1212 861 1279 882 con-

299 913 415 940 neonisio
433 904 611 942 temptibilis,
634 904 662 933 in
684 903 844 940 palmitibus
865 902 1029 939 multiplex,
1051 902 1079 929 in
1101 901 1194 929 fructu
1215 900 1279 929 clut-

298 939 474 980 u‘ffrtiinffiss'cis
502 951 559 980 sive
591 950 691 980 suavis.
717 966 751 970 -—
774 949 802 977 In
830 952 934 977 trunco
965 948 1018 977 suit
1044 947 1279 985 contemptibilis;

432 999 515 1028 Isaiae
536 997 767 1035 quinquagesimo
795 996 911 1025 tertio&
939 1006 952 1020 <t
967 995 1100 1024 Ascendet
1131 994 1203 1023 sicut
1224 994 1280 1022 vir-

432 1046 541 1083 gultum
563 1052 656 1073 coram
678 1052 724 1078 eo,
746 1046 773 1072 et
794 1042 867 1071 sicut
889 1041 970 1070 radix
1001 1041 1035 1070 de
1063 1044 1140 1070 terra
1161 1041 1279 1075 sitieut'13

301 1101 413 1121 secumdum.
432 1101 486 1121 non
507 1095 548 1121 est
569 1092 592 1120 ei
615 1091 719 1128 species
740 1098 831 1127 neque
851 1089 935 1118 decor
948 1101 975 1117 ».
992 1089 1073 1117 —In
1092 1088 1279 1126 palmitibus,

433 1139 600 1176 multiplea,-
621 1138 757 1167 Psalmus:
784 1148 797 1162 α
813 1136 943 1165 Extendit
964 1136 1090 1173 palmites
1104 1143 1170 1164 suos
1190 1142 1281 1172 usque

433 1187 466 1216 ad
486 1195 563 1215 mare
584 1189 611 1215 et
632 1193 722 1222 usque
737 1184 771 1213 ad
785 1184 890 1213 flumen
905 1183 1071 1220 propagines
1092 1182 1153 1211 eius
1168 1194 1194 1210 n.
1213 1182 1281 1210 Pal-

435 1234 515 1262 mites
536 1232 636 1261 Christi
667 1232 761 1260 fideles
782 1231 840 1265 sui;
872 1230 979 1259 loannis
1010 1230 1117 1259 decimo
1147 1229 1280 1266 quinto⁶:

326 1289 416 1309 Tertium.
439 1293 451 1306 «
468 1281 522 1318 Ego
543 1288 605 1309 sum
626 1279 705 1312 vitis,
727 1286 776 1307 vos
798 1278 925 1315 palmites
940 1289 966 1305 ι».
983 1293 1019 1298 --
1036 1277 1064 1305 In
1085 1275 1203 1313 fractu,
1218 1276 1282 1305 dul.-

434 1329 494 1362 e·is;
516 1326 695 1356 Ecclesiastici
718 1325 850 1363 vigesimo
871 1327 987 1362 quarto:
1014 1336 1028 1349 «
1043 1324 1097 1361 Ego
1119 1323 1197 1360 quasi
1220 1323 1283 1352 vitis

434 1373 598 1404 fructificavi
628 1372 791 1402 suavitatem
817 1371 935 1401 odoris»
961 1374 1026 1405 etc.;
1052 1373 1079 1400 et
1106 1370 1282 1399 Canticorum

436 1421 572 1451 secundo:
599 1420 681 1449 «Sub
701 1420 802 1448 umbra
831 1419 906 1448 illius
934 1426 1018 1455 quem
1044 1417 1282 1451 desideraveram,

437 1469 508 1503 sedi,
530 1471 557 1497 et
578 1468 687 1496 fructus
707 1467 767 1496 eius
788 1466 877 1495 dulcis
897 1465 1004 1503 gutturi
1027 1472 1126 1494 meo».

767 1570 894 1592 mummio
912 1569 948 1590 59.

516 1658 604 1694 (Vers.
628 1659 676 1694 2.).
702 1657 820 1685 Omnem
839 1655 990 1694 palmitem
1005 1655 1037 1683 in
1051 1663 1095 1683 me
1111 1663 1167 1683 non
1189 1653 1284 1691 feren-

437 1709 491 1733 tem
512 1703 646 1742 finctum
668 1704 743 1732 tollet
762 1712 836 1732 enm.

518 1753 541 1779 1.
565 1751 647 1785 Nota,
669 1750 742 1788 quod
764 1750 798 1779 de
819 1750 874 1779 vite
897 1749 1030 1778 Ecclesiae
1052 1749 1159 1777 tollitur
1180 1748 1285 1785 palmes

292 1806 371 1826 Tollitur
381 1806 420 1829 pal·
439 1798 543 1827 inutilis
557 1798 705 1835 aliquando
727 1805 776 1834 per
797 1797 930 1825 divinam
945 1796 1194 1833 reprobationem,
1214 1795 1286 1824 sicut

303 1829 422 1880 ῧὲἷζιέεῗτῖἶ
440 1846 540 1882 legitur
561 1845 594 1873 de
616 1844 680 1873 Saul
708 1844 790 1881 primi
813 1844 917 1880 Regum
938 1843 1044 1871 decimo
1069 1842 1187 1871 sexto⁶:
1208 1853 1221 1867 ει
1236 1842 1285 1871 Us-

303 1877 419 1918 p¹¹⁶¹i3³rrimm
437 1900 549 1930 quequo
571 1894 601 1920 tu
623 1892 700 1928 luges
728 1891 805 1924 Saul,
828 1898 891 1919 cum
913 1898 963 1926 ego
984 1889 1149 1926 proiecerim
1177 1897 1241 1918 eum
1254 1891 1285 1917 n?

327 1946 419 1965 seeundo·
435 1939 538 1968 dicitur
559 1938 688 1967 Samueli.
710 1955 748 1958 -
768 1937 920 1974 Aliquando
941 1944 990 1973 per
1011 1936 1285 1965 excommunicatio-

439 1995 516 2019 nem,
539 1986 611 2015 sicut
625 1985 742 2022 legimus
756 1984 790 2013 de
804 1984 944 2018 adultero,
960 1983 1066 2020 primae
1080 1983 1114 2012 ad
1129 1983 1286 2012 Corinthios

437 2034 550 2070 quinto:
577 2032 724 2061 «Iudicavi
746 2031 904 2060 huiusmodi
927 2030 1037 2059 tradere
1062 2033 1173 2059 satanae
1195 2030 1222 2059 in
1244 2031 1286 2059 in-

338 2087 420 2118 vTertio.
438 2080 552 2108 teritum
580 2079 699 2108 carnis»
731 2081 782 2107 etc.
809 2093 846 2098 —
875 2076 1027 2114 Aliquando
1055 2085 1105 2114 per
1134 2080 1286 2105 aeternam

438 2126 675 2160 damnationem,
701 2125 773 2154 sicut
806 2124 909 2153 dicitur
939 2124 973 2153 de
1002 2124 1130 2161 reprobis
1155 2123 1285 2152 Matthaei

437 2174 543 2203 decimo
564 2173 662 2202 tertio:
683 2184 695 2197 (ι
707 2172 840 2209 Colligent
854 2180 900 2201 eos
915 2172 963 2209 qui
978 2171 1084 2200 faciunt
1104 2171 1286 2208 iniquitatem,

438 2225 465 2250 et
486 2221 595 2249 mittent
615 2228 662 2249 eos
683 2220 710 2248 in
733 2219 871 2248 caminum
893 2219 964 2256 ignis
975 2229 1002 2253 »ς
1018 2222 1045 2247 et
1066 2218 1193 2247 Matthaei
1214 2218 1287 2255 vige-

439 2268 508 2297 simo
539 2267 651 2304 qulnto:
678 2268 821 2296 «Servum
844 2266 970 2295 inutilem
991 2266 1081 2295 eiicite
1107 2265 1135 2294 in
1157 2265 1287 2294 tenebras

440 2315 595 2344 exteriores
606 2326 633 2342 ».

518 2363 544 2390 2.
563 2362 597 2389 Et
614 2369 740 2395 omnem,
756 2360 808 2399 qui
820 2359 878 2398 fert
891 2359 1042 2397 fructum,
1054 2358 1198 2397 puryabit
1212 2367 1286 2387 eum.

296 2416 424 2442 Tripleipur-
441 2409 523 2443 Nota,
545 2409 618 2446 quod
648 2409 752 2446 palmes
778 2407 931 2445 spiritualis
962 2410 1099 2444 purgatur
1125 2406 1287 2443 tripliciter:

331 2441 424 2481 ίζ”Μῑῗῗῑίτιο-
441 2464 491 2493 per
524 2456 750 2485 sacramentalem
786 2454 1013 2492 confessionem‚·
1044 2454 1150 2491 primae
1182 2453 1288 2482 loannis

443 2502 573 2540 primo⁷:
596 2514 609 2527 »
628 2502 653 2531 Si
676 2502 860 2531 confiteamur
882 2504 993 2538 peccata
1014 2504 1123 2533 nostra,
1146 2499 1234 2529 fidelis
1261 2503 1288 2528 et

443 2550 534 2579 iustus
555 2552 611 2584 est,
633 2552 665 2578 ut
686 2549 809 2578 remittat
830 2549 909 2577 nobis
931 2551 1042 2585 peccata
1062 2551 1157 2576 nostra
1172 2557 1199 2581 »;
1218 2546 1289 2583 side-

509 2738 516 2751 ¹
536 2739 601 2765 Vers.
618 2739 641 2761 7.
658 2751 688 2755 —
706 2739 813 2768 Sequitur
830 2738 914 2761 Habac.
934 2740 959 2766 2,
977 2739 999 2761 3.

507 2777 516 2790 ²
534 2777 580 2801 Csr.
596 2778 654 2800 inira
672 2778 745 2800 collat.
764 2778 829 2800 LVll.
845 2785 868 2800 n.
887 2778 908 2800 t.
927 2781 950 2800 et
967 2778 989 2800 3.

507 2815 517 2829 ³
535 2818 558 2839 In
575 2817 659 2839 nostris
676 2817 730 2840 edd.
747 2816 833 2839 Bibliae
845 2818 901 2840 haec
913 2816 985 2839 verba
998 2816 1112 2839 habentur
1125 2816 1147 2838 in
1158 2816 1204 2838 fine
1215 2822 1234 2839 c.
1248 2815 1276 2838 Μ
1285 2833 1291 2843 ,

446 2858 483 2884 31,
502 2857 558 2879 dum
576 2863 595 2879 c.
618 2856 650 2878 15.
669 2857 747 2885 incipit
763 2856 842 2879 verbis
859 2857 910 2886 Eyo
926 2862 981 2880 sum
997 2856 1051 2879 vitis
1069 2862 1132 2879 vera

508 2895 518 2908 4
536 2896 599 2918 Vers.
618 2897 639 2918 2.
656 2908 688 2912 —
704 2896 813 2925 Sequitur
829 2896 866 2919 Ps.
882 2896 925 2923 79,
944 2896 982 2918 42.

508 2933 518 2947 ⁵
536 2935 600 2957 Vers.
619 2935 641 2957 5.
661 2947 689 2950 —-
708 2935 757 2957 Duo
775 2941 839 2964 seqq.
857 2935 899 2957 loci
923 2938 976 2957 sunt
997 2934 1064 2957 Eccli.
1082 2934 1124 2962 24,
1142 2934 1179 2956 23.
1197 2936 1219 2955 et
1235 2933 1291 2956 Can-

447 2975 483 2997 tic.
501 2975 526 3001 2,
545 2975 564 2997 3.

899 177 1124 207 COLLATlONES
1145 177 1177 205 IN
1199 176 1345 205 ΙΟΑΝΝΕΜ
1367 176 1435 204 ΟΑΡ.
1458 175 1512 204 XV.
1534 174 1627 203 COLL.
1651 173 1713 202 LlV.

2294 225 2296 238 l

1412 254 1437 281 5.
1462 253 1508 281 Ad
1528 260 1608 286 eum,
1623 251 1729 289 inquit,
1744 251 1900 281 veniemus.
1916 253 1997 287 Nota,
2011 252 2086 290 quod
2106 252 2179 281 Deus
2209 259 2274 280 neunt
2294 246 2296 281 Ι

1334 299 1409 328 venit
1429 299 1560 332 libenter,
1582 298 1629 327 ubi
1651 298 1802 336 ditz'yitur5
1823 298 1896 327 unde
1912 298 1977 327 hic:
2000 299 2032 328 st
2053 298 2120 337 quis
2133 297 2179 327 di·-
2194 282 2296 326 iiten*

1333 345 1397 383 liqit
1417 354 1461 374 me
1482 347 1550 379 etc.;
1572 345 1620 373 ubi
1648 345 1811 378 invitatur;
1838 345 1993 382 Sapientiae
2019 345 2178 383 septimo¹:

1337 403 1349 416 «
1367 391 1507 426 1nvocavi,
1528 394 1557 420 et
1577 391 1652 420 venit
1673 391 1701 420 in
1722 399 1765 420 me
1786 391 1901 429 spiritus
1922 392 2071 429 sapientiae
2082 402 2110 426 »3
2131 391 2180 420 ubi

1332 442 1534 476 exspectatum
1556 438 1682 467 Habacuc
1703 437 1840 467 secundo:
1866 449 1880 464 α
1895 438 1921 467 Si
1943 446 2050 467 moram
2071 437 2180 473 fecerit,
2286 424 2296 472 Q

1332 488 1465 523 exspecta
1478 493 1560 520 eum,
1575 485 1641 522 quia
1655 485 1768 514 veniens
1783 485 1873 514 veniet
1887 489 1915 514 et
1929 494 1984 514 non
1998 485 2118 514 tardabit
2129 485 2140 503 2
2153 496 2179 513 ι).
2284 483 2296 563 ᾖ

2285 561 2296 608 i

2284 625 2286 639 Ι

2288 650 2296 682 ’ἰ

1335 713 1371 741 lis
1391 716 1447 746 est,
1463 715 1493 741 ut
1513 724 1526 737 (ι
1542 712 1657 741 mundet
1678 719 1728 740 nos
1741 711 1776 740 ab
1790 711 1865 740 omni
1880 711 2025 749 iniquitate
2036 724 2063 740 ».
2079 728 2116 733 —
2131 712 2182 741 Per
2198 702 2296 750 secutum}

1336 759 1515 796 temporalem
1538 758 1770 792 tribulationem,-
1785 758 1924 787 psalmus:
1945 770 1958 784 a
1974 759 2037 796 Igne
2051 766 2101 788 nos
2115 766 2183 787 exa-

1334 805 1460 840 minasti,
1482 806 1555 834 sicut
1575 805 1752 834 examinatur
1766 807 1912 842 argentum
1924 816 1951 833 ι».
1967 822 2002 826 -
2019 805 2068 834 Per
2089 807 2185 834 extre·
2201 808 2268 828 Tertio·

1335 861 1408 882 mam
1419 852 1762 884 excommunicationem,-
1774 851 1921 881 Malachiae
1936 852 2030 881 tertio:
2050 863 2064 878 «
2075 851 2184 881 Sedebit
2291 849 2294 874 ἓ

1336 900 1460 929 conflans
1489 902 1517 928 et
1548 899 1702 928 emundans
1732 901 1879 936 argentum
1907 901 1935 928 et
1962 898 2093 936 purgabit
2113 898 2184 927 filios

1337 946 1398 976 Levi
1415 958 1440 974 ».

1670 1048 1800 1071 ΑΝΝοτΑτιο
1817 1047 1856 1070 60.

1417 1135 1506 1171 (Vers.
1530 1134 1578 1169 3.).
1594 1134 1660 1162 Iam
1676 1133 1781 1162 mundi
1800 1133 1867 1162 estis
1878 1136 2000 1171 propter
2013 1141 2185 1168 sermonem,

1338 1191 1422 1220 quem
1443 1182 1556 1210 locutas
1576 1189 1644 1209 sum
1664 1180 1752 1210 vobis.
1775 1180 1894 1218 Require
1915 1188 2001 1218 supra
2021 1180 2055 1210 de
2077 1180 2186 1210 mundi-

1338 1229 1376 1258 tia
1397 1229 1518 1266 capitulo
1539 1228 1646 1258 decimo
1668 1228 1750 1257 tertio
1759 1228 1779 1256 Β.

1674 1330 1802 1353 Annorum
1820 1330 1857 1353 61.

1419 1417 1509 1454 (Vers.
1532 1417 1580 1453 4.).
1603 1417 1714 1446 Manete
1734 1417 1766 1445 in
1787 1425 1848 1451 me,
1870 1420 1894 1445 et
1915 1425 1966 1454 eqo
1987 1416 2019 1445 in
2038 1415 2127 1445 vobis.

1420 1465 1504 1499 Nota,
1526 1464 1601 1501 quod
1622 1464 1789 1493 manendum
1804 1466 1846 1493 est
1860 1464 1887 1492 in
1903 1463 2014 1492 Christo
2028 1471 2077 1500 per
2091 1462 2187 1500 fidem,
2199 1463 2290 1506 Trirlggy

1341 1520 1390 1549 per
1412 1512 1567 1540 caritatem
1587 1515 1615 1540 et
1636 1519 1685 1548 per
1707 1511 1912 1548 operationem.
1934 1527 1972 1531 —-
1994 1510 2022 1539 ln
2043 1510 2100 1539 Deo
2114 1509 2188 1539 enim
2205 1510 2272 1530 Prima.

1340 1562 1433 1588 manet
1453 1559 1502 1596 qui
1523 1559 1551 1587 in
1572 1559 1714 1588 Christum
1736 1558 1844 1592 medic,-
1863 1558 1969 1595 primae
1983 1557 2090 1586 loannis
2104 1565 2189 1594 quar-

1341 1606 1404 1636 to⁹:
1429 1618 1443 1632 a
1457 1605 1590 1643 Quisquis
1610 1605 1752 1634 confessus
1772 1605 1873 1640 fuerit,
1894 1604 2026 1642 quoniam
2049 1604 2123 1634 lesus
2148 1606 2189 1634 est

1341 1654 1425 1682 Filius
1446 1653 1511 1687 Dei,
1533 1653 1607 1681 Deus
1628 1652 1655 1681 in
1678 1652 1737 1689 ipso
1758 1655 1866 1686 manet,
1881 1654 1909 1681 et
1922 1651 2023 1689 ipsein
2037 1652 2135 1681 Deo».
2151 1667 2188 1673 -

1342 1701 1417 1735 Item,
1440 1700 1467 1729 in
1489 1700 1545 1728 Deo
1566 1701 1659 1728 manet
1673 1699 1720 1736 qui
1735 1699 1826 1736 ipsum
1848 1699 1962 1736 dit-imm
1983 1698 2089 1736 primae
2113 1698 2189 1727 Ioan—
2206 1697 2292 1718 Sssssfflfflav

1341 1747 1384 1776 nis
1405 1750 1521 1784 quarto:
1548 1746 1625 1783 «Qui
1648 1749 1741 1775 manet
1762 1746 1789 1774 in
1821 1745 1935 1775 caritate
1957 1745 1985 1774 in
2006 1745 2063 1774 Deo
2083 1747 2188 1779 manet,

1342 1797 1369 1823 et
1390 1795 1464 1823 Deus
1485 1794 1512 1822 in
1534 1802 1566 1823 eo
1581 1806 1607 1822 n.
1630 1810 1668 1813 —
1690 1793 1718 1822 In
1740 1793 1797 1822 Deo
1819 1795 1911 1822 manet
1939 1792 1987 1830 qui
2009 1792 2059 1830 ipsi
2082 1792 2189 1826 obeam
2206 1793 2273 1812 Tertia·

1343 1841 1450 1870 loannis
1470 1841 1576 1870 decimo
1597 1841 1708 1878 quinto:
1734 1852 1748 1865 «
1764 1840 1789 1869 Si
1813 1842 1961 1877 praecepta
1980 1847 2042 1869 mea
2062 1847 2190 1869 servave-

1343 1888 1418 1922 ritis,
1441 1888 1587 1917 manebitis
1608 1888 1636 1916 in
1657 1887 1802 1926 dilectione
1824 1895 1885 1916 mea
1896 1898 1923 1921 »;
1945 1890 1973 1916 et
1992 1887 2098 1924 primae
2113 1887 2189 1916 Ioan-

1343 1935 1386 1965 nis
1407 1935 1544 1964 secundo:
1572 1946 1585 1960 «
1600 1935 1650 1971 Qui
1674 1935 1755 1969 dicit,
1777 1942 1806 1964 se
1827 1934 1854 1963 in
1871 1934 1930 1971 ipso
1949 1942 2074 1968 manere,
2095 1934 2189 1968 debet,

1342 1983 1414 2012 sicut
1435 1983 1480 2011 ille
1501 1982 1669 2016 ambulavit,
1691 1985 1719 2010 et
1740 1982 1798 2018 ipse
1818 1981 1964 2010 ambulare
1978 1993 2005 2009 ».
2166 1991 2169 1994 ⁴

1674 2083 1802 2106 ΑΝΝοτΛτιο
1820 2084 1855 2105 62.

1423 2170 1511 2204 (Vers.
1535 2170 1583 2204 7.).
1607 2170 1639 2199 Si
1659 2169 1830 2198 manseritis
1851 2169 1882 2198 in
1903 2177 1963 2203 me,
1978 2173 2004 2197 et
2017 2168 2107 2197 verba
2125 2177 2190 2197 mea

1344 2218 1375 2246 in
1399 2217 1476 2246 vobis
1497 2217 1677 2251 manserint,
1699 2217 1900 2256 quodcumque
1929 2216 2096 2250 volueritis,
2115 2220 2191 2253 pete-

1344 2265 1394 2299 tis,
1417 2268 1441 2293 et
1462 2264 1508 2301 fiet
1530 2264 1618 2293 vobis.

1423 2313 1551 2341 Habitum
1573 2315 1615 2341 est
1634 2320 1720 2348 supra
1741 2311 1911 2345 immediate,
1934 2311 2053 2348 qualiter
2075 2318 2191 2339 manen—
2208 2311 2296 2353 Ffrffifggj

1344 2359 1410 2388 dum
1432 2362 1473 2388 est
1495 2359 1521 2387 in
1543 2359 1615 2393 Deo;
1637 2358 1805 2387 describitur
1826 2358 1872 2387 hic
1885 2357 2005 2395 fractus
2020 2357 2147 2386 manendi
2164 2357 2191 2386 in
2226 2357 2296 2377 Chri⁵²⁰

1344 2414 1392 2440 eo,
1417 2406 1465 2443 qui
1493 2409 1535 2434 est
1563 2405 1727 2442 petitionum
1757 2409 1917 2434 nostrarum
1945 2404 2094 2433 exauditio.
2124 2404 2193 2433 Nota

1345 2452 1440 2490 igitur,
1462 2452 1537 2489 quod
1558 2452 1654 2489 petitio
1674 2452 1744 2481 solet
1763 2451 1892 2480 exaudiri
1921 2454 2034 2488 propter
2060 2450 2192 2488 qratiam

1342 2500 1478 2537 petentis;
1500 2499 1574 2528 unde
1595 2499 1700 2535 primae
1722 2498 1830 2527 Ioannis
1851 2498 1933 2527 tertio
1946 2498 1982 2526 ¹⁰:
2008 2509 2022 2522 «
2037 2498 2133 2526 Sinon
2148 2505 2192 2526 re-

1346 2546 1525 2583 prehenderit
1546 2554 1596 2575 nos
1617 2553 1664 2574 cor
1686 2548 1829 2579 nostrum,
1850 2545 1979 2574 fiduciam
2003 2545 2138 2574 habemus
2159 2544 2192 2573 ad

1409 2735 1418 2748 ‘³
1437 2737 1502 2759 Vers.
1520 2737 1540 2759 4.
1560 2749 1588 2752 -
1607 2736 1710 2759 Subinde
1727 2737 1854 2765 allegantur
1872 2736 1885 2758 1.
1903 2735 1955 2759 Cor.
1973 2735 2000 2763 5,
2017 2736 2044 2763 5;
2061 2735 2136 2758 Matth.
2151 2735 2192 2764 ⁴¹3,

1349 2776 1385 2799 41.
1403 2783 1452 2805 seq.
1469 2779 1491 2799 et
1508 2777 1550 2805 25,
1569 2777 1605 2799 30.

1410 2813 1418 2826 ⁷
1439 2816 1504 2837 Vers.
1521 2815 1542 2837 9.
1560 2827 1590 2832 -
1607 2816 1740 2844 Sequuntur
1760 2815 1795 2844 ΡεἈ
1812 2814 1855 2842 65,
1874 2815 1911 2837 10.
1928 2816 1951 2837 et
1967 2814 2063 2836 Malach.
2080 2814 2106 2841 3,
2125 2814 2145 2836 3.

1410 2852 1419 2866 ⁸
1436 2853 1515 2877 Collat.
1532 2854 1566 2876 Ll.

1410 2891 1419 2904 ⁹
1438 2893 1502 2915 Vers.
1521 2893 1558 2915 45.
1575 2905 1606 2909 —
1623 2893 1681 2915 Tres
1700 2899 1765 2922 seqq.
1783 2893 1827 2916 loci
1848 2895 1901 2915 sunt
1918 2893 1931 2915 Ι.
1950 2893 2010 2915 loon.
2029 2892 2054 2922 4,
2073 2892 2114 2919 463
2132 2892 2193 2915 loan.

1348 2932 1390 2959 ⁴5,
1409 2932 1446 2955 40.
1462 2933 1517 2955 etl.
1536 2933 1597 2955 loan.
1614 2933 1641 2959 2,
1658 2932 1680 2954 6.

1411 2970 1430 2984 ¹⁰
1448 2972 1514 2994 Vers.
1531 2972 1570 2994 2¹l.
1587 2974 1609 2994 et
1626 2972 1663 2994 22.
