2296 3316
0 1691 11 1706 is
19 1690 30 1704 a
41 1686 112 1710 exposi-

8 1719 10 1722 <
33 1709 65 1728 tiu.

0 1826 79 1853 locando,
92 1827 112 1845 in

0 1854 79 1880 itii-amis.

735 143 904 172 COMMENT.
928 144 959 172 ΙΝ
981 145 1172 174 8ΑΡ1ΕΝΤ1ΛΜ
1187 146 1221 175 ·C.
1245 147 1286 175 IV.

213 223 368 252 Notandum
389 225 498 257 autem,
513 222 587 260 quod
602 222 780 251 vitulamina
795 226 860 251 sunt
873 222 982 260 plantae

3 277 117 299 windum-
134 271 337 305 infructuosae,
366 277 437 307 quae
465 272 620 299 nascuntur
647 269 728 298 iuxta
749 272 880 299 truncum
904 270 981 304 vitis,

133 318 207 348 unde
227 318 329 347 dicitur
348 316 508 346 vitulamen
528 324 544 345 a
564 316 657 351 vite¹;
674 317 716 345 vel
730 316 882 345 secundum
898 324 982 354 quos-

134 367 196 396 dam
217 366 318 395 dicitur
339 374 356 394 a
375 364 481 399 vitulo,
503 365 570 401 quia
597 364 658 393 talis
687 365 779 402 planta
802 365 926 394 nascitur
954 364 981 393 in

134 416 210 443 terra
233 412 333 442 vitulis
360 412 419 441 sive
446 412 535 441 bobus
563 415 647 441 arata.
675 412 806 449 Spurius
827 415 919 441 autem
940 412 981 440 di-

133 461 206 490 citur
227 460 299 489 idem
320 459 395 497 quod
415 459 542 497 ignobilis
557 460 599 488 vel
613 459 802 497 degenerans3
824 459 898 488 unde
912 468 981 496 spu-

134 508 183 537 ria
203 507 396 541 vitulamina,
418 506 446 535 id
466 509 507 535 est
528 507 710 543 plantationes
724 507 923 543 degenerantes
938 506 981 535 vel

133 554 318 588 innaturales,
340 557 368 583 et
388 554 571 582 adulterinae
589 554 803 591 plantationes,
825 554 852 582 id
873 556 915 582 est
935 561 981 590 ge-

132 601 287 630 nerationes
308 601 420 638 impiae,
441 601 475 629 de
496 601 632 637 spirituali
654 601 791 629 adulterio
811 603 907 635 natae,
929 600 981 629 sci-

133 647 196 677 licet
215 655 265 684 per
286 647 511 684 propagationem
525 647 672 684 impietatis
687 647 899 684 multiplicatae;
915 648 981 675 Mat-

135 694 206 723 thaei
227 694 389 722 duodecimo
401 694 429 722 ²:
457 705 470 718 «
485 693 630 722 Generatio
650 694 722 722 mala
743 697 770 723 et
787 694 917 722 'adultera
945 693 981 722 si-

132 748 217 778 gnum
238 740 388 778 quaerit».

210 787 276 815 Non
297 787 409 815 dabunt
429 787 545 816 radices
565 787 660 821 altae,
682 788 710 816 in
732 796 776 822 se,
799 788 825 816 id
847 790 889 816 est
908 787 981 824 cogi-

133 834 248 863 tationes
270 837 297 863 et
317 834 474 863 affectiones
502 834 529 862 in
558 834 664 863 caelum
693 834 851 868 tendentes,
878 834 925 862 sed
953 834 980 862 in

133 884 208 910 terra
228 881 342 910 defixas.
373 881 457 910 Homo
478 881 550 910 enim
577 881 730 910 secundum
760 880 981 917 Pliilosoplium⁸

132 931 174 957 est
193 928 277 957 arbor
298 936 412 963 eversa;
434 928 507 957 unde
529 928 635 957 radices
656 936 721 957 suas
735 927 816 956 debet
830 927 940 956 mittere
955 930 981 955 et

133 975 218 1013 figere
239 983 367 1010 sursum,
389 976 492 1004 scilicet
513 982 596 1004 suum
610 975 780 1003 intellectum
796 976 823 1003 et
837 974 980 1008 affectuum

132 1022 205 1052 unde
226 1023 253 1051 in
276 1023 423 1051 Psalm04:
451 1034 464 1047 ι(
479 1022 616 1051 Meditatio
637 1021 728 1050 cordis
742 1021 796 1049 mei
817 1021 844 1049 in
867 1029 981 1058 conspe-

132 1073 178 1099 ctu
200 1072 248 1098 tuo
269 1078 378 1106 semper
391 1080 419 1104 »;
442 1070 526 1098 item:
553 1081 566 1094 α
582 1069 690 1097 Stantes
703 1071 783 1097 erant
796 1068 880 1105 pedes
894 1068 980 1097 nostri

133 1117 160 1145 in
181 1117 259 1145 atriis
280 1117 351 1151 tuis,
373 1116 520 1145 Ierusalem
536 1126 563 1150 »3
585 1115 668 1144 item:
696 1126 709 1140 α
724 1115 848 1149 Domine,
870 1117 933 1143 ante
955 1118 980 1143 te

132 1172 212 1192 omne
239 1163 406 1192 desiderium
435 1170 529 1191 meum
540 1173 567 1197 »ς
590 1163 654 1191 item
676 1162 710 1191 ad
731 1162 905 1191 Colossenses
925 1165 980 1191 ter-

132 1210 188 1239 tio:
215 1210 319 1246 «Quae
347 1217 460 1238 sursum
488 1212 554 1238 sunt
581 1209 748 1246 quaerite»,
777 1209 880 1238 scilicet
904 1210 980 1238 inve-

133 1257 257 1295 stigando
278 1257 420 1286 intellectu
433 1267 439 1291 ;
466 1268 479 1281 «
494 1265 565 1294 quae
586 1264 698 1285 sursum
714 1259 780 1285 sunt
794 1256 880 1293 sapite
896 1268 922 1291 »,
938 1265 979 1285 sa-

133 1304 256 1342 porando
277 1304 396 1339 affectu;
419 1304 558 1333 Psalmus:
579 1316 592 1329 «
606 1303 720 1333 Gustate
734 1307 761 1333 et
775 1304 865 1333 videte
880 1316 906 1332 ».
923 1303 979 1333 Nee

132 1351 233 1381 stabile
252 1351 488 1389 firmamentum,
510 1351 553 1380 vel
575 1347 801 1386 fundamentum,
817 1351 921 1381 scilicet
935 1359 979 1380 re-

131 1402 190 1428 ctae
210 1398 273 1427 fidei
288 1398 322 1427 ad
336 1399 440 1433 Deum,
463 1398 656 1432 collocabunt,·
677 1398 746 1427 fides
760 1399 833 1427 enim
847 1402 888 1428 est
905 1399 979 1428 velut

130 1438 339 1475 fundamentum
361 1446 512 1483 spiritualis
532 1445 666 1480 aedificii;
688 1446 762 1474 unde
786 1445 821 1474 ad
841 1446 979 1475 Hebraeos

130 1493 317 1523 undecimo⁵:
344 1505 357 1518 «
371 1493 449 1522 Fides
476 1496 518 1522 est
538 1493 692 1522 substantia
713 1501 807 1522 rerum
830 1493 979 1530 speranda-

130 1549 221 1570 rum»
248 1543 318 1575 etc.;
340 1540 447 1578 primae
471 1540 506 1569 ad
533 1540 689 1569 Corinthios
717 1540 817 1569 tertio:
844 1552 857 1565 «
872 1540 978 1569 Funda-

129 1590 253 1617 mentum
274 1588 348 1617 aliud
370 1595 450 1617 nemo
471 1590 561 1625 potest
582 1594 700 1624 ponere,
723 1590 834 1624 praeter
855 1587 882 1615 id
904 1588 977 1624 quod

129 1635 249 1672 positum
270 1637 327 1669 est,
349 1635 423 1672 quod
444 1637 486 1664 est
506 1635 634 1663 Christus
655 1635 730 1663 lesus
744 1647 771 1669 n,
794 1635 820 1663 id
842 1638 883 1663 est
910 1635 978 1663 fides

129 1683 163 1712 de
183 1683 293 1711 Christo
315 1683 383 1711 lesu.
399 1699 438 1703 —-
452 1682 536 1711 Aliter
558 1682 711 1711 secundum
732 1682 854 1711 Glossam
866 1682 876 1699 ὃ
892 1690 978 1719 expo-

129 1729 206 1759 nitur
227 1729 260 1758 de
282 1729 428 1758 haereticis
448 1732 475 1757 et
496 1737 593 1758 eorum
614 1729 765 1765 discipulis.

208 1777 297 1810 (vers.
319 1777 368 1812 4.).
393 1776 544 1813 Sequitur:
574 1777 609 1805 Et
635 1776 662 1804 si
688 1776 720 1804 in
747 1776 859 1810 ramis,
882 1776 908 1805 id
936 1780 977 1805 est

130 1823 318 1852 exterioribus
332 1823 411 1852 bonis
426 1826 476 1852 etc.
493 1823 571 1852 Tales
585 1826 665 1851 erant
679 1823 747 1852 rami
767 1823 841 1852 illius
862 1823 976 1860 Babylo-

128 1871 205 1900 nicae
213 1871 329 1905 arboris,
339 1871 442 1900 scilicet
450 1871 710 1905 Nabuchodonosor,
719 1870 838 1899 Danielis
846 1873 946 1908 quarto
956 1871 974 1899 ⁷.

129 1918 166 1947 In
185 1921 310 1955 tempore
326 1918 583 1955 germinaverunt,
605 1917 632 1945 id
653 1920 709 1951 est,
731 1917 764 1946 ad
786 1920 897 1954 tempus
918 1926 975 1946 mo-

1832 154 1885 183 133

1038 223 1130 253 dicum
1153 225 1263 263 aliquod
1291 227 1354 256 boni
1375 229 1541 266 principium
1563 231 1760 264 ostenderunt,
1789 239 1886 260 secun-

1037 271 1104 300 dum
1125 273 1193 301 illud
1215 274 1298 303 Isaiae
1317 275 1423 305 decimo
1450 280 1564 305 octavo:
1592 290 1604 302 «
1621 278 1771 306 {inmatura
1797 279 1887 315 perfe-

1038 319 1092 348 ctio
1112 321 1277 357 germinabit
1292 334 1318 349 ».
1342 322 1502 359 Infirnziter
1521 324 1636 360 posita,
1664 336 1677 349 «
1692 324 1718 352 id
1733 328 1774 353 est
1788 326 1822 354 ad
1837 326 1886 354 lio-

1038 375 1139 401 ram»,
1162 371 1193 396 ut
1213 368 1279 397 dicit
1307 369 1439 403 Glossa⁸;
1463 370 1521 398 vel:
1544 370 1699 406 infirmiter
1717 372 1830 407 posita,
1860 373 1885 401 id

1037 417 1079 442 est
1099 414 1226 443 debiliter
1247 415 1273 443 in
1295 416 1368 444 bono
1390 416 1526 450 radicata,
1541 425 1560 444 a
1574 421 1655 445 vento
1670 418 1886 447 commonebun-

1038 464 1104 494 tur,
1127 461 1154 489 id
1175 465 1216 490 est
1237 470 1253 490 a
1274 462 1424 491 tentatione
1446 463 1557 497 leviori,
1573 464 1725 492 secundum
1740 464 1807 493 illud
1823 466 1886 494 Eze-

1038 507 1134 536 chielis
1155 508 1261 536 decimo
1283 509 1418 545 septimo:
1445 522 1458 533 α
1473 510 1582 544 Nonne,
1605 518 1669 538 cuin
1692 511 1812 548 tetigerit
1826 520 1885 541 eam

1038 557 1139 582 ventus
1154 562 1256 589 urens,
1272 555 1421 587 siccabitur
1434 559 1465 584 »ἵ
1483 557 1516 584 Et
1531 565 1550 584 a
1564 557 1711 585 nimietate
1725 561 1885 593 ventorum,

1038 600 1065 628 id
1080 604 1121 629 est
1136 602 1329 637 persecutione
1344 602 1474 639 graviori,
1489 603 1739 638 eradicabuntur,-
1754 605 1847 634 Glossa
1859 606 1884 634 ⁹:

1042 658 1055 671 «
1068 647 1179 676 Penitus
1190 648 1344 676 evellentur
1353 659 1379 682 »3
1392 649 1519 678 Matthaei
1531 650 1636 679 decimo
1647 652 1756 688 quinto:
1769 664 1783 677 «
1791 652 1886 682 Omnis

1038 694 1185 730 plantatio,
1214 702 1296 731 quam
1319 703 1374 723 non
1394 696 1528 732 plantavit
1549 697 1626 726 Pater
1647 706 1725 727 meus
1745 699 1884 734 caelestis,

1037 741 1224 770 eradicabitur
1240 754 1266 769 ».

1119 788 1207 824 (vers.
1225 788 1272 824 5.).
1291 788 1521 827 Confrinyenlur
1536 791 1610 818 enini
1627 792 1706 820 rami
1720 793 1885 821 inconsum—

1037 835 1128 869 mati,
1151 835 1254 863 scilicet
1282 836 1340 864 sine
1367 844 1415 872 spe
1444 837 1625 873 reparationis
1652 846 1668 866 a
1695 839 1885 875 persecutione

1038 881 1215 917 gravissima;
1239 882 1284 911 lob
1304 883 1410 911 decimo
1431 884 1528 920 quinto
1540 885 1581 912 ¹⁰:
1608 896 1621 909 «
1637 885 1734 914 Ramos
1748 885 1808 914 eius
1826 894 1886 914 are-

1039 928 1120 956 faciet
1132 928 1245 957 ssamma
1256 940 1283 963 »;
1296 930 1352 958 vel:
1364 929 1587 968 confringentur
1603 932 1679 959 enini
1694 933 1774 960 rami
1788 933 1885 961 incon-

1037 975 1198 1009 summati,
1227 976 1253 1004 id
1282 979 1323 1004 est
1351 976 1491 1006 doctrinae
1519 986 1615 1007 eorum
1644 979 1687 1007 vel
1714 980 1886 1016 operationes

1039 1025 1164 1051 carentes
1189 1022 1311 1051 caritatis
1334 1024 1514 1060 perfectione,
1537 1025 1570 1053 ad
1591 1025 1764 1055 Colossenses
1785 1027 1884 1055 tertio:

1042 1080 1056 1092 «
1071 1069 1160 1106 Super
1181 1070 1274 1098 omnia
1294 1070 1436 1099 caritatem
1452 1072 1565 1106 habete,
1587 1081 1658 1109 quae
1679 1076 1721 1101 est
1742 1073 1883 1102 vinculum

1038 1117 1213 1153 perfectionis
1227 1129 1253 1145 n.
1277 1118 1313 1145 Et
1332 1116 1450 1154 fruetus
1471 1118 1604 1154 illorum,
1633 1120 1737 1148 scilicet
1764 1120 1885 1157 proprii,

1037 1164 1064 1192 id
1086 1167 1127 1192 est
1148 1172 1233 1201 opera
1260 1173 1357 1193 eorum
1386 1166 1472 1199 mala,
1495 1166 1647 1195 secundum
1669 1167 1736 1195 illud
1758 1168 1885 1195 Matthaei

1037 1211 1155 1248 septimo
1168 1212 1208 1239 ¹¹:
1235 1224 1248 1236 «
1264 1212 1351 1240 Arbor
1366 1213 1437 1241 mala
1455 1213 1564 1242 fructus
1585 1214 1671 1242 malos
1692 1214 1756 1242 facit
1771 1225 1797 1248 »3
1821 1214 1885 1242 inu-

1038 1259 1115 1293 tile-5,
1137 1262 1168 1287 ut
1189 1267 1242 1287 non
1265 1259 1408 1293 reliciant;
1438 1260 1520 1289 Isaiae
1541 1261 1772 1297 quinquagesimo
1793 1269 1884 1289 nono:

1041 1318 1053 1331 «
1069 1306 1158 1343 Opera
1181 1314 1277 1335 eorum
1299 1314 1383 1343 opera
1404 1307 1512 1335 inutilia
1525 1320 1551 1335 n.
1576 1308 1611 1335 Et
1631 1307 1730 1336 acerbi
1747 1308 1787 1336 ad
1801 1316 1884 1336 inan-

1036 1353 1224 1387 dueandnni,
1247 1357 1278 1382 ut
1299 1362 1352 1382 non
1374 1354 1524 1388 delectent,
1540 1354 1586 1383 sed
1602 1357 1762 1391 torqueant;
1786 1355 1884 1383 Deute-

1036 1400 1154 1429 ronomii
1176 1400 1317 1437 trigesimo
1338 1401 1474 1430 secundo:
1501 1413 1514 1425 «
1530 1401 1587 1429 Uva
1604 1409 1718 1434 eorum,
1740 1409 1794 1429 uva
1815 1401 1884 1430 fellis

1035 1451 1062 1476 et
1082 1447 1180 1476 botrus
1200 1448 1390 1476 amarissimus
1404 1459 1432 1481 »3
1461 1448 1611 1476 Ezechielis
1638 1448 1744 1476 decimo
1768 1451 1883 1476 octavo:

1040 1506 1054 1519 «
1069 1494 1162 1523 Patres
1183 1494 1364 1523 comederunt
1378 1502 1461 1523 uvam
1476 1494 1604 1523 acerbam
1620 1506 1633 1519 »
1652 1497 1703 1522 etc.
1724 1495 1759 1522 Et
1780 1495 1820 1523 acl
1840 1495 1884 1523 ni-

1036 1540 1128 1569 ltilunz
1151 1541 1229 1578 apti,
1251 1544 1283 1569 ut
1304 1541 1331 1569 in
1353 1541 1430 1569 nullo
1450 1541 1485 1569 de
1506 1548 1535 1569 se
1550 1541 1713 1577 proficiant;
1738 1541 1885 1570 Ezechielis

1035 1587 1141 1616 decimo
1155 1588 1266 1625 quinto:
1283 1599 1296 1613 «
1307 1587 1375 1616 Cum
1391 1591 1463 1616 esset
1474 1588 1630 1624 integrum,
1646 1596 1699 1616 non
1715 1591 1774 1617 erat
1788 1592 1883 1625 aptum

1034 1634 1068 1663 ad
1080 1643 1165 1671 opus;
1182 1638 1285 1672 quanto
1300 1635 1403 1672 magis,
1419 1642 1482 1663 cum
1503 1635 1573 1671 ignis
1587 1635 1655 1664 illud
1669 1635 1842 1664 devoraverit
1857 1648 1882 1664 ».

1114 1681 1202 1718 (Vers.
1226 1682 1272 1717 6.).
1298 1682 1341 1710 Ex
1363 1682 1474 1720 iniquis
1495 1685 1563 1716 etc,
1585 1682 1662 1718 quasi
1678 1682 1799 1711 diceret:
1819 1691 1883 1712 vere

1034 1729 1195 1766 multigena
1216 1728 1372 1757 multitudo
1394 1729 1556 1766 impiorum
1577 1737 1635 1757 non
1655 1729 1710 1757 erit
1731 1729 1811 1758 utitis
1831 1733 1883 1758 etc.

1035 1777 1080 1805 Eae
1112 1776 1222 1814 iniquia·
1249 1776 1326 1804 enim
1354 1784 1452 1804 omnes
1465 1776 1487 1792 ¹2
1514 1775 1586 1812 filii,
1619 1777 1671 1814 qui
1700 1781 1882 1811 nascuntur,

1033 1832 1087 1852 non
1115 1823 1205 1852 solum
1233 1823 1375 1851 nativitate
1402 1823 1623 1860 propagationis,
1652 1823 1699 1852 sed
1720 1824 1801 1852 etiam
1822 1824 1883 1852 imi-

1033 1871 1159 1905 tationis,
1184 1870 1218 1899 de
1242 1878 1298 1907 qua
1319 1870 1427 1899 Ioannis
1451 1870 1601 1899 octavoffl:
1631 1870 1713 1899 «Vos
1741 1878 1776 1899 ex
1805 1874 1883 1907 patre

1033 1917 1142 1946 diabolo
1163 1917 1229 1946 estis
1241 1929 1266 1945 ».
1297 1917 1389 1945 Teste-5
1410 1920 1481 1945 sunt
1500 1917 1646 1955 nequitiae
1666 1917 1808 1946 adversus
1826 1926 1881 1954 pa-

1903 1125 1966 1144 Tertio
1973 1140 1977 1147 ,
1992 1126 2011 1145 in

1908 1149 2006 1168 fructibus.

1901 1688 1970 1711 Quarto
1977 1702 1982 1714 ,
1997 1688 2017 1706 in

1915 1713 2000 1735 posteris.

192 2062 200 2076 ²
218 2064 254 2086 Du
270 2063 361 2092 Cange,
378 2063 519 2086 Glossarium
537 2066 592 2092 etc.,
604 2065 661 2086 haec
673 2064 749 2086 affert:
762 2064 859 2087 Necesse
870 2066 905 2086 est
918 2071 974 2092 ergo

130 2103 241 2131 spirituali
257 2103 330 2125 cultro
346 2103 466 2125 succidere
482 2103 560 2131 spuria
578 2103 722 2125 vitulamina.
744 2103 874 2125 Vitulamen
897 2104 974 2131 planta

129 2142 165 2165 illa
181 2142 334 2169 infructuosa,
351 2148 413 2171 quae
429 2142 531 2164 nascitur
548 2147 562 2163 a
578 2141 654 2164 radice
671 2142 732 2167 vitis.

191 2180 200 2194 ²
218 2182 284 2205 Vers.
300 2182 339 2204 39.

191 2219 202 2232 ⁸
217 2220 280 2243 Libr.
296 2221 320 2243 11.
338 2220 367 2243 de
378 2220 478 2247 -Anima,
501 2222 554 2242 text.
576 2220 613 2242 38.
637 2220 666 2248 (c.
690 2220 732 2249 4.),
750 2219 790 2242 ubi
811 2221 974 2248 Empedoclem

129 2259 269 2288 impugnans
285 2259 353 2282 dicit:
373 2268 384 2279 ε(
396 2259 475 2288 Neque
492 2259 553 2281 enim
570 2265 670 2282 sursum
687 2261 709 2281 et
725 2258 838 2282 deorsum
859 2259 919 2282 bene
940 2265 976 2281 ac-

129 2298 184 2327 cipit
190 2307 196 2326 ς
213 2304 260 2321 non
276 2298 337 2320 enirn
355 2298 417 2321 idem
434 2304 534 2321 sursum
549 2301 572 2320 et
588 2298 701 2321 deorsum
717 2298 826 2321 omnibus
839 2301 860 2321 et
871 2299 914 2327 ipsi
926 2299 975 2321 uni-

129 2343 210 2365 verso,
226 2337 269 2360 sed
286 2340 311 2360 ut
327 2343 397 2366 caput
412 2337 559 2365 animalium,
575 2338 608 2360 sic
625 2338 714 2361 radices
731 2339 861 2367 plantarum
878 2341 943 2365 sunt,
955 2338 975 2360 si

129 2376 236 2404 congruit
253 2377 400 2399 instrumenta
419 2376 495 2399 dicere
512 2377 603 2399 diversa
621 2379 643 2399 et
654 2378 736 2400 eadem
749 2377 891 2405 operibus».
906 2378 975 2399 Aver-

129 2422 192 2443 roes,
210 2415 232 2438 in
250 2417 310 2438 hunc
327 2416 417 2438 locum:
434 2416 517 2438 Natura
534 2416 595 2438 enim
613 2416 695 2446 capitis
708 2417 731 2438 in
743 2415 881 2439 animalibus
892 2419 926 2439 est
938 2423 975 2438 na-

132 2457 185 2477 tura
199 2453 288 2478 radicis
305 2454 327 2476 in
346 2455 440 2482 plantis,
458 2461 511 2477 cum
538 2454 636 2477 habeant
658 2455 751 2477 easdem
774 2455 886 2483 actiones3
903 2457 925 2477 et
942 2461 975 2477 se-

130 2493 232 2515 cundum
250 2493 350 2515 actiones
366 2496 401 2516 est
417 2493 540 2516 dicendum
549 2510 555 2521 ,
572 2493 635 2521 qnod
648 2496 724 2522 partes
735 2494 867 2516 animalium
881 2497 902 2516 et
914 2494 974 2521 plan-

129 2534 206 2555 tarum
222 2535 245 2555 et
261 2532 411 2555 instrumenta
430 2532 538 2562 [organa]
555 2539 636 2555 eorum
654 2536 707 2556 sunt
718 2534 878 2556 convenientia
889 2536 929 2556 aut
940 2534 974 2556 di-

129 2577 196 2594 versa
221 2571 245 2593 in
270 2574 359 2594 natura.
381 2571 426 2594 Cir.
451 2575 507 2594 tom.
528 2572 556 2594 V.
573 2578 626 2600 pag.
645 2572 702 2601 503,
719 2575 772 2595 nota
790 2573 816 2599 6,
834 2572 873 2594 ubi
891 2573 973 2595 eadem

130 2610 241 2633 sententia
258 2616 284 2633 ex
301 2611 401 2640 quadam
419 2611 498 2634 Glossa
515 2611 641 2634 derivatur.
658 2625 685 2627 —
704 2612 721 2634 B
735 2613 770 2635 est
780 2611 853 2635 arbor
865 2611 973 2640 int-ersa,-

129 2650 147 2672 Α
164 2650 199 2673 est
214 2649 358 2679 anthropos,
377 2649 401 2672 id
417 2651 451 2673 est
467 2649 541 2673 arbor
558 2652 697 2674 trumversa
716 2650 748 2679 (t).
765 2651 857 2678 lsidor.,
874 2652 912 2674 Xl.
925 2652 974 2679 Ety-

128 2689 215 2717 molog.
232 2695 252 2712 c.
271 2689 291 2711 1.
309 2695 332 2711 11.
350 2689 377 2711 5:
393 2690 451 2712 Nam
468 2689 562 2718 proprie
579 2689 648 2713 homo
666 2689 695 2712 ab
712 2689 792 2713 humo.
804 2690 884 2712 Graeci
896 2694 972 2712 autem

130 2727 248 2750 hominem
267 2724 383 2757 ἄνθρωπον
400 2728 583 2757 appellaverunt,
595 2735 622 2751 eo
635 2729 698 2757 quod
709 2735 800 2752 sursum
813 2731 901 2757 spectet
912 2724 973 2758 [ἄνα-

129 2764 187 2796 Θρεϊν
203 2769 225 2789 et
241 2764 300 2796 ὥψ],
317 2766 451 2790 sublevatus
467 2767 497 2790 ab
513 2769 585 2790 humo
602 2768 631 2791 ad
648 2768 864 2796 contemplationem
881 2768 974 2791 artificis

129 2805 165 2827 sui
187 2807 231 2828 etc.
249 2806 387 2834 (secundum
412 2806 525 2835 Laetam,
542 2807 566 2829 ll.
583 2807 613 2830 de
630 2807 682 2830 Div.
697 2807 766 2829 instit.
783 2813 804 2829 c.
822 2808 847 2835 1,
865 2808 905 2829 cfr.
921 2807 973 2829 Am-

128 2843 204 2872 bros.‚
221 2845 258 2867 Vl.
275 2845 382 2868 nexaem.
400 2852 421 2868 c.
438 2846 460 2868 8.
477 2852 500 2868 n.
517 2845 572 2875 Aa).

190 2883 200 2896 ⁴¹
218 2884 302 2907 Psalm.
314 2885 351 2912 18,
364 2885 406 2913 15;
417 2884 474 2907 ibid.
485 2888 538 2907 sunt
549 2885 596 2908 duo
608 2892 673 2914 seqq.
685 2885 727 2907 loci
740 2886 775 2908 Ps.
788 2886 840 2912 121,
853 2886 873 2907 2.
892 2888 913 2907 et
931 2885 971 2912 37,

129 2923 171 2950 1ος
189 2923 268 2945 tertius
285 2926 319 2945 est
335 2923 382 2946 Col.
400 2924 426 2951 3,
445 2924 466 2946 1.
482 2930 543 2952 seq.;
561 2927 656 2952 quartus
673 2925 709 2946 Ps.
726 2925 767 2953 33,
786 2925 808 2947 9.

190 2960 200 2973 ⁶
217 2962 281 2984 Vers.
300 2962 321 2984 1.
338 2975 369 2979 -
386 2963 494 2991 Sequitur
510 2964 526 2985 l.
543 2962 595 2985 Cor.
613 2963 639 2991 3,
659 2963 694 2985 11.

1094 2063 1104 2076 ⁶
1121 2065 1178 2087 Tam
1196 2063 1361 2091 ordinariam,
1380 2069 1452 2092 quam
1470 2062 1657 2090 interlinearem,
1676 2069 1736 2092 quae
1747 2069 1773 2085 ex
1785 2063 1881 2085 Rabano

1032 2106 1108 2126 sumta
1126 2106 1160 2126 est
1176 2106 1199 2126 et
1215 2102 1245 2125 ab
1262 2103 1314 2131 ipso
1332 2102 1362 2124 ita
1379 2102 1486 2130 ponitur:
1504 2101 1636 2131 Multiqena
1657 2102 1744 2130 quippe
1766 2104 1788 2124 et
1809 2102 1882 2124 multi-

1031 2142 1083 2170 plex
1102 2142 1273 2164 haereticorum
1291 2141 1394 2165 doctrina
1412 2146 1462 2164 non
1478 2139 1524 2163 erit
1539 2139 1617 2169 utilis,
1629 2141 1671 2163 sed
1686 2140 1781 2168 nociva3
1793 2146 1836 2163 nec
1847 2146 1882 2163 su-

1032 2181 1121 2209 perflua
1139 2181 1227 2203 illorum
1245 2183 1396 2209 argumenta,
1422 2185 1482 2209 quae
1505 2179 1597 2207 signant
1621 2179 1705 2209 spuria
1726 2178 1881 2207 vitulamina,

1032 2219 1119 2242 habent
1135 2220 1237 2242 radicem
1255 2219 1371 2247 veritatis,
1389 2219 1442 2242 ideo
1460 2218 1640 2241 stabilimentum
1656 2224 1703 2241 non
1720 2217 1805 2241 habent
1824 2218 1883 2241 sorti-

1032 2258 1133 2286 tudinis,
1150 2258 1191 2281 sed
1208 2264 1220 2280 a
1238 2260 1308 2282 vento
1325 2259 1514 2286 persecutionum
1532 2258 1582 2280 sive
1598 2257 1703 2280 examine
1718 2257 1815 2280 districti
1826 2257 1884 2280 iudi-

1031 2297 1060 2320 cii
1077 2298 1166 2325 attacti,
1184 2298 1229 2320 cito
1246 2304 1259 2319 a
1277 2304 1318 2320 sua
1336 2298 1443 2320 firmitate
1459 2297 1582 2324 decidunt;
1600 2297 1662 2320 unde
1678 2300 1700 2319 et
1719 2297 1836 2326 sequitur:
1852 2296 1884 2320 Et

1031 2337 1053 2360 si
1068 2337 1093 2360 in
1115 2337 1216 2360 ramis...
1232 2338 1320 2360 Ramos
1338 2337 1443 2359 nominat
1459 2337 1582 2359 sententias
1602 2337 1769 2365 scripturarum
1790 2342 1882 2364 perver-

1032 2382 1125 2404 sarum;
1143 2379 1166 2398 et
1181 2376 1276 2406 fructus
1294 2382 1376 2399 sensus
1393 2376 1497 2404 ipsarum
1509 2375 1696 2398 sententiarum...
1709 2374 1781 2398 Filioa=
1796 2375 1882 2402 iniquo-

1031 2421 1086 2438 rum
1103 2418 1179 2438 autem
1198 2415 1326 2443 discipulos
1342 2418 1386 2437 etc.

1094 2452 1103 2465 ⁷
1123 2454 1190 2477 Vers.
1207 2453 1229 2476 7.
1248 2460 1328 2483 seqq.‚
1345 2453 1386 2476 ubi
1402 2456 1508 2476 narratur
1524 2453 1641 2475 somnium
1658 2453 1720 2480 regis
1731 2451 1881 2475 Nabuchodo-

1031 2500 1102 2516 nosor
1119 2494 1148 2516 de
1166 2494 1255 2516 excelsa
1272 2492 1357 2516 arbore
1373 2493 1476 2521 praecisa
1496 2492 1620 2520 (Succidite
1636 2491 1742 2514 arborem
1760 2494 1782 2514 et
1795 2491 1881 2519 praeci-

1033 2533 1081 2556 dite
1098 2539 1176 2555 ramos
1193 2533 1243 2555 eius
1259 2533 1322 2562 ete).
1339 2545 1370 2550 —
1386 2532 1495 2561 Sequitur
1512 2532 1561 2554 lsai.
1580 2532 1620 2560 18,
1638 2531 1662 2554 5.

1095 2570 1106 2583 ⁸
1123 2572 1214 2594 Scilicet
1231 2571 1400 2595 interlinearis.
1418 2584 1447 2587 —
1466 2572 1518 2599 Seq.
1535 2571 1598 2593 locus
1615 2573 1649 2593 est
1664 2571 1745 2593 Ezech.
1764 2570 1804 2598 17,
1825 2570 1859 2592 10.

1094 2610 1103 2623 ⁹
1121 2612 1210 2640 Nempe
1227 2611 1396 2635 interlinearis.
1413 2623 1445 2628 ——
1463 2611 1571 2639 Sequitur
1588 2611 1664 2633 Matth.
1683 2611 1723 2637 45,
1742 2610 1769 2632 13

1095 2649 1114 2662 ¹⁰
1133 2650 1200 2672 Vers.
1219 2650 1255 2672 30.
1273 2663 1304 2666 —
1322 2651 1374 2679 Seq.
1392 2650 1455 2672 locus
1473 2652 1506 2672 est
1517 2649 1564 2672 Col.
1583 2650 1609 2677 3,
1629 2649 1733 2671 14.-Ε
1745 2648 1813 2671 codd.
1825 2654 1880 2676 sup-

1033 2689 1162 2717 plevimus:
1179 2688 1267 2712 scilicet
1284 2688 1335 2712 sine
1351 2695 1414 2718 spe...
1432 2687 1623 2711 inconsummati.

1094 2727 1111 2741 ¹¹
1131 2729 1197 2751 Vcrs.
1216 2728 1253 2750 17.
1275 2741 1306 2745 -
1332 2729 1466 2757 Sequuntur
1490 2728 1540 2750 lsai.
1565 2728 1608 2755 59,
1633 2727 1659 2756 63
1677 2727 1809 2754 Deut.,32,
1833 2727 1877 2753 32,-

1030 2768 1111 2790 Ezecn.
1131 2768 1173 2795 18,
1191 2768 1212 2789 :a
1230 2770 1252 2790 et
1270 2768 1313 2796 15,
1330 2767 1352 2789 5.

1094 2805 1113 2818 ¹²
1132 2807 1230 2834 Vulgata
1249 2812 1311 2829 nunc
1327 2808 1390 2828 recte
1405 2805 1496 2829 somnis
1515 2811 1568 2828 cum
1586 2808 1646 2828 textu
1663 2805 1759 2827 Graeco.

1093 2844 1113 2857 ¹⁸
1132 2846 1198 2868 Vers.
1217 2845 1255 2868 44.
1266 2858 1298 2862 —
1312 2846 1445 2874 Sequuntur
1462 2846 1517 2873 Sap.
1536 2845 1562 2873 6,
1580 2844 1609 2866 4:
1626 2844 1705 2866 Virtus
1715 2843 1745 2865 ab
1756 2843 1877 2869 tutissimo,

1029 2885 1068 2913 qui
1081 2884 1310 2912 interrogabitopera
1319 2887 1394 2907 vestra
1405 2887 1427 2906 et
1436 2884 1585 2911 cogitationes
1594 2882 1732 2905 scrutabitur
1737 2891 1743 2909 ;
1752 2882 1827 2904 Matth.
1842 2881 1876 2908 l2,

1030 2924 1073 2946 36:
1090 2924 1163 2946 Omne
1181 2922 1280 2945 verbnm
1299 2923 1425 2945 otiosum...
1441 2922 1539 2944 reddent
1560 2922 1673 2944 rationem
1695 2921 1724 2943 de
1745 2926 1772 2942 eo
1795 2920 1816 2941 in
1839 2919 1876 2941 die

1029 2962 1118 2990 iudicii;
1136 2963 1190 2990 Sap.
1209 2962 1234 2989 1,
1251 2962 1274 2984 9.
