2296 3316
9 70 10 79 l

9 92 10 101 l

0 231 60 253 'flium
73 230 105 249 be-

10 254 86 274 ericium-

10 1065 60 1098 }iplex
76 1071 107 1090 he-

0 1098 60 1119 nli-‚tum
71 1095 108 1113 col-

0 1118 107 1159 lxiimlosepn.

10 1263 23 1277 ,3
35 1258 101 1282 primo.

0 2100 10 2119 ἱ
18 2101 101 2120 lacunela

726 147 895 175 COMMENT.
919 147 950 175 IN
971 147 1162 177 SAPIENTIAM
1183 149 1211 177 C.
1232 150 1262 178 X.

120 224 223 261 gesimo
237 225 357 253 secundo
371 225 388 253 ¹.
405 226 440 253 Et
454 229 599 254 certamen
613 224 689 262 forte
704 225 779 253 dedit
795 224 852 259 illi;
871 224 966 254 Glossa

120 271 232 308 exponit
255 271 307 300 hoc
327 271 361 300 de
382 272 532 301 certamine
553 275 650 301 contra
664 272 754 300 Lahan
769 274 796 300 et
810 271 881 300 filios
895 271 964 306 eius,

119 317 230 347 Genesis
253 318 393 355 trigesimo
414 319 518 356 primo,
540 319 583 347 vel
601 321 698 347 contra
713 318 798 352 Esau,
814 318 857 347 vel
872 318 966 347 verius

119 368 208 403 potest
229 366 342 403 intelligi
369 366 403 395 de
430 366 597 400 certamine,
619 374 675 403 quo
697 366 817 394 luctatus
838 368 880 394 est
901 373 965 394 cum

119 412 233 449 Angelo,
254 412 366 441 Genesis
387 413 528 450 trigesimo
549 413 685 447 secund03
707 420 770 441 cum
793 412 909 449 Angelo,
924 412 964 440 in-

119 467 219 497 quam,
241 459 347 488 fortiori
370 468 407 488 se.
433 460 499 489 Nam
528 460 549 489 si
579 460 697 496 Angelus
717 460 807 488 malus
828 459 866 488 ita
886 459 965 488 fortis

118 509 175 540 est,
197 506 271 543 quod
296 518 310 531 «
325 515 379 535 non
400 510 442 536 est
462 510 583 543 potestas
603 514 687 543 super
709 509 828 540 terram,
848 514 919 543 quae
939 506 963 535 ei

118 555 294 589 comparetur
309 564 335 587 »,
357 556 389 581 ut
410 553 528 581 habetur
544 553 589 581 lob
603 552 815 590 quadragesimo
835 552 925 590 primo
937 553 947 569 ²
956 563 962 586 ;

118 602 222 636 quanto
249 599 335 636 magis
363 600 481 636 Angelus
502 599 614 628 bonus?
644 599 678 628 Ut
699 599 839 634 vinceret,
861 599 964 628 scilicet

118 646 208 683 ipsum
223 649 377 681 certamem
393 646 462 675 Osee
476 646 652 675 duodecimo:
669 658 682 671 «
696 646 723 675 ln
738 646 899 675 fortitudine
914 654 964 675 sua

117 693 240 722 directus
260 696 301 721 est
322 701 386 722 cum
406 693 506 730 Angelo
528 697 555 722 et
575 693 719 722 invaluit»
744 695 795 722 etc.
823 693 858 722 Ut
870 693 964 722 vince-

118 743 176 773 ret,
198 739 327 776 inquam,
349 743 373 767 et
393 739 497 773 sciret,
519 739 622 768 scilicet
640 739 782 768 victoriam
799 739 963 773 obtinendo,

119 794 167 823 per
189 786 349 823 sapientiam
371 786 490 820 scilicet,
510 786 650 823 quoniam
668 787 811 823 potentior
832 786 962 815 oninium

118 836 160 861 est
178 832 340 870 sapientia,
362 833 428 869 quia
442 835 539 869 potens
553 835 595 861 est
610 832 728 861 liberare
749 841 765 861 a
785 841 964 870 quocumque

120 879 229 908 homine
251 879 337 913 malo;
359 879 433 908 unde
451 879 563 908 Genesis
578 879 719 916 trigesimo
733 880 891 908 seeund03:
912 892 925 904 «
937 880 963 908 Si

118 929 214 955 contra
234 926 322 955 Deum
349 926 429 955 sortis
450 926 542 961 fuisti,
564 929 668 963 quanto
689 926 776 963 magis
797 930 893 955 contra
914 921 964 955 ho—

119 973 205 1002 mines
226 973 395 1010 praevalebis
410 976 443 1002 n?

197 1020 274 1048 Haec
294 1019 443 1048 venditum
464 1020 584 1048 iustum.
600 1020 647 1048 liic
661 1020 780 1048 ostendit
798 1020 963 1049 beneficium

118 1067 267 1104 sapientiae
291 1067 395 1095 sactum
415 1067 442 1095 in
471 1075 589 1104 persona
619 1066 735 1103 loseph,
764 1070 791 1095 et
818 1067 908 1102 primo
936 1067 964 1096 in

119 1114 178 1143 elus
199 1113 383 1147 liberatione,·
404 1114 541 1148 secundo,
564 1114 589 1142 in
614 1114 721 1142 liberati
742 1114 963 1142 sublimatione:

120 1161 212 1189 Donec
232 1159 357 1198 afferret.

197 1207 285 1243 (Vers.
311 1206 376 1243 13.).
404 1207 497 1241 Haec,
526 1207 659 1243 sapientia
687 1208 805 1241 scilicet,
834 1207 963 1241 iustum,

123 1265 136 1279 1(
151 1253 178 1282 id
199 1256 240 1282 est
262 1253 357 1290 Ioseph
373 1264 399 1288 »;
421 1262 472 1290 pro
493 1254 598 1282 iustitia
618 1254 692 1282 enim
713 1254 833 1283 fratrum
847 1262 963 1283 suorum

118 1300 234 1329 crimina
261 1300 408 1329 accusabat
431 1300 505 1337 apud
527 1303 633 1337 patrem
656 1309 753 1335 suum3
776 1301 888 1330 Genesis
916 1301 964 1329 tri-

117 1348 220 1385 gesimo
240 1347 397 1384 septimo4:
424 1359 437 1372 «
452 1347 596 1376 Accusavit
616 1347 716 1377 fratres
737 1356 802 1377 suos
822 1348 896 1385 apud
917 1356 964 1385 pa-

117 1398 188 1423 trem
209 1394 324 1423 crimine
345 1394 464 1431 pessimo
478 1405 505 1428 »;
528 1395 692 1429 venditum,
720 1407 733 1420 «
748 1395 851 1424 scilicet
869 1403 885 1423 a
908 1395 964 1424 sra-

117 1441 207 1470 tribus
227 1441 285 1470 suis
300 1453 326 1475 »‚
348 1441 397 1478 qui
422 1453 436 1467 «
451 1449 514 1470 eum
543 1441 727 1470 vendiderunt
756 1442 964 1471 transeuntibus

118 1488 259 1517 lsmaelitis
274 1500 301 1522 »,
322 1488 439 1523 ibidem,
461 1497 519 1517 non
540 1488 709 1526 dereliquit,
731 1489 835 1517 scilicet
855 1489 890 1517 ab
904 1489 964 1526 ipso

117 1535 283 1569 recedend03
312 1534 340 1563 in
369 1535 488 1564 Psalmo:
514 1546 527 1559 «
543 1535 600 1563 Non
628 1535 803 1572 derelinquet
830 1536 964 1565 Dominus

117 1582 229 1611 sanctos
249 1590 315 1611 suos
329 1582 356 1610 in
371 1585 515 1611 aeternum
531 1594 558 1610 ».
579 1582 634 1610 Sed
649 1591 669 1611 a
679 1582 884 1619 peccatoribus
898 1582 964 1611 libe-

116 1628 196 1657 ravit
209 1637 290 1663 eum,
305 1628 340 1657 ab
355 1636 445 1657 uxore
467 1628 624 1665 Putipharis
638 1631 665 1657 et
679 1629 766 1657 servis
780 1629 855 1663 eius,
875 1640 888 1654 ι(
900 1637 963 1658 cum

116 1679 294 1705 accusaretur
315 1675 348 1704 de
369 1676 505 1704 adulterio
520 1688 547 1710 υ,
569 1675 681 1704 Genesis
709 1676 850 1712 trigesimo
881 1684 962 1704 nono.

118 1723 320 1760 Descenctitque
340 1730 407 1750 cum
429 1722 477 1750 illo
498 1722 530 1750 in
550 1721 683 1759 foueam,·
711 1722 844 1751 Glossa5:
870 1734 884 1747 «
899 1722 963 1751 Car-

115 1769 186 1799 ceris
200 1780 227 1804 ”3
249 1769 367 1797 traditus
388 1769 461 1797 enim
483 1769 535 1797 fuit
549 1769 576 1797 in
592 1776 719 1803 carcere,
734 1769 761 1797 in
777 1777 833 1806 quo
852 1781 865 1794 «
881 1769 963 1798 vincti

116 1816 188 1854 regis
209 1815 436 1845 custodiebantur
451 1827 478 1849 »‚
493 1815 541 1844 ubi
557 1823 620 1844 cum
642 1815 688 1843 illo
703 1816 837 1852 sapientia
851 1816 963 1845 descen-

115 1864 166 1897 dit,
188 1863 262 1900 quod
283 1862 385 1900 patuit,
407 1863 473 1899 quia
499 1862 640 1899 «gratiam
656 1863 789 1899 principis
804 1863 924 1892 carceris
938 1864 962 1892 ei

114 1910 230 1944 dedit»,
251 1909 363 1938 Genesis
385 1909 525 1946 trigesimo
546 1917 626 1937 nono.

194 1957 282 1993 (Vers.
308 1956 373 1990 lla).
397 1957 433 1985 Et
452 1956 484 1984 in
505 1955 640 1989 vinealia,
663 1956 795 1990 carceris,
811 1965 869 1984 non
883 1957 962 1985 clere-

114 2004 199 2043 liquit
219 2004 316 2037 illum,
337 2003 401 2040 quia
423 2011 472 2040 per
501 2003 673 2031 somniorum
701 2004 851 2040 sapientem
877 2004 962 2033 inter-

115 2051 296 2089 pretationem
317 2059 333 2079 a
363 2050 481 2079 vinculis
512 2050 640 2079 liberavit
660 2058 737 2085 eum,
760 2050 872 2080 Genesis
893 2060 961 2088 qua-

114 2098 268 2135 dragesimo
279 2097 369 2134 primo
381 2097 400 2125 ⁸.
414 2097 508 2125 Donec
523 2096 641 2135 afferret
652 2097 696 2125 illi
705 2101 853 2134 sceptrum
867 2098 961 2135 reyni,

114 2144 141 2173 id
162 2147 202 2173 est
224 2144 408 2181 principatum
440 2143 525 2172 totius
550 2144 662 2180 Aegypti
692 2147 753 2180 post
776 2144 960 2179 Pharaonem;

114 2191 187 2220 unde
208 2191 324 2220 ibidem:
350 2202 363 2216 «
378 2192 419 2219 Tu
441 2191 497 2220 eris
510 2199 596 2228 super
617 2191 731 2220 domum
752 2199 841 2220 meam
857 2204 870 2217 »
896 2194 960 2226 etc,

114 2241 141 2266 et
163 2238 338 2275 potentiam,
366 2237 468 2266 scilicet
497 2237 633 2266 iudicandi
666 2238 709 2266 vel
741 2238 894 2267 vindicandi
917 2247 961 2273 se,

1816 156 1869 183 175

1022 225 1043 254 si
1067 226 1214 261 voluisset,
1243 228 1385 258 adversus
1412 239 1458 259 eos
1485 231 1537 270 qui
1560 241 1625 260 eum
1656 232 1869 270 deprimebant,-

1022 272 1048 300 id
1070 276 1111 301 est
1142 277 1238 303 contra
1269 275 1368 305 iratres
1390 285 1466 312 suos,
1498 279 1545 315 qui
1574 287 1638 308 eum
1659 280 1868 316 depresserant,

1022 319 1124 355 quibus
1145 324 1282 350 terrorem
1302 330 1433 360 magnum
1457 324 1587 360 incussit,
1610 330 1640 355 ut
1661 329 1736 363 patet
1756 327 1868 356 Genesis

1021 366 1232 404 quadragesimo
1253 370 1374 398 secundo
1386 371 1405 398 ⁷.
1428 372 1464 399 Et
1489 373 1641 401 mendaces
1668 374 1791 402 ostendit
1818 374 1870 411 qui

1021 413 1246 443 maculaverunt
1267 416 1365 450 illum,
1389 418 1491 447 scilicet
1507 419 1615 448 macula
1633 420 1775 454 infamiae,
1797 428 1868 449 uxo-

1022 467 1080 488 rem
1102 460 1205 489 scilicet
1237 462 1393 499 Putipharis
1423 468 1450 492 et
1482 472 1577 493 servos
1597 465 1673 500 eius;
1696 466 1741 494 lob
1762 466 1869 495 decimo

1022 507 1115 535 tertio:
1142 519 1155 532 «
1171 508 1250 537 Prius
1270 510 1417 539 ostendens
1444 519 1493 539 vos
1523 511 1702 540 fabricatores
1733 512 1867 541 mendacii

1021 557 1048 583 et
1068 555 1188 584 cultores
1210 564 1405 592 perversorum
1427 558 1585 595 dogmatum
1600 571 1626 586 ».
1649 559 1716 587 Nam
1738 567 1787 596 per
1808 559 1868 588 eius

1021 601 1141 630 divinam
1163 603 1357 632 exaltationem
1379 607 1519 633 ostensum
1542 605 1594 633 suit
1615 608 1642 634 et
1663 606 1812 640 creditum,
1828 609 1868 634 to-

1022 651 1081 677 tum
1102 657 1161 677 esse
1183 650 1373 684 mendacium,
1389 651 1448 687 ipsa
1462 651 1544 680 etiam
1558 652 1674 680 muliere
1689 656 1784 688 postea
1798 652 1868 682 sorte

1022 695 1073 723 boc
1095 700 1316 732 recognoscente.
1339 697 1378 725 De
1399 698 1451 725 hac
1472 699 1580 726 macula
1594 699 1721 728 infamiae
1737 699 1867 728 Ecclesia-

1021 742 1081 770 stici
1103 742 1314 779 quadragesimo
1336 744 1489 780 septimo⁸:
1516 745 1660 774 «Posuisti
1682 746 1818 774 maculam
1840 746 1867 774 in

1021 788 1108 825 gloria
1128 792 1176 817 tua
1191 801 1216 817 ».
1240 790 1274 817 Et
1295 790 1372 818 dedit
1392 790 1438 818 illi
1457 790 1620 821 claritatem
1636 796 1800 826 aeternam,
1816 793 1867 821 sci-

1021 834 1084 863 licet
1105 838 1255 872 perpetuae
1276 836 1380 870 famae,
1400 837 1552 867 secundum
1580 838 1648 866 illud
1670 839 1783 867 Psalmi:
1810 851 1823 864 «
1839 839 1866 867 In

1020 881 1154 910 memoria
1175 886 1288 911 aeterna
1308 883 1361 911 erit
1382 883 1473 912 iustus
1487 895 1513 918 »;
1536 885 1579 913 vel
1600 888 1727 914 aeternae
1749 886 1866 922 gloriae,

1021 928 1132 964 quando
1153 929 1256 957 scilicet
1277 929 1404 959 Christus
1426 938 1489 959 cum
1511 932 1611 960 ceteris
1632 932 1758 961 Patribus
1778 932 1811 961 de
1826 933 1866 961 in-

1020 974 1099 1003 serno
1120 975 1146 1003 in
1175 976 1290 1012 gloriam
1318 976 1436 1005 induxit.
1464 989 1477 1002 «
1492 978 1645 1007 Ascendens
1666 979 1693 1007 in
1715 979 1802 1007 altum
1823 988 1867 1008 ca-

1021 1021 1124 1058 ptivam
1145 1022 1250 1051 duxisti
1272 1023 1457 1059 captivitatem
1473 1036 1498 1052 ».

1099 1068 1269 1103 Notandum,
1291 1070 1365 1106 quod
1387 1070 1413 1098 in
1435 1071 1582 1107 praedictis
1603 1080 1653 1101 sex
1668 1073 1793 1109 personis
1808 1076 1867 1101 tan-

1021 1117 1126 1151 guntur
1147 1123 1196 1143 sex
1219 1116 1307 1150 modi,
1329 1117 1431 1153 quibus
1462 1118 1595 1154 sapientia
1620 1119 1718 1148 liberat
1738 1120 1866 1155 Sanctos,

1021 1162 1173 1190 secundum
1195 1163 1261 1191 illud
1284 1164 1329 1192 lob
1344 1164 1475 1201 quintoss:
1495 1177 1507 1189 «
1524 1166 1551 1193 In
1573 1174 1623 1194 sex
1642 1166 1866 1195 tribulationibus

1022 1209 1149 1237 liberabit
1171 1213 1211 1243 te,
1234 1213 1261 1238 et
1281 1210 1307 1238 in
1330 1211 1446 1247 septima
1476 1220 1529 1240 non
1554 1216 1643 1249 tanget
1665 1216 1691 1241 te
1719 1214 1864 1242 malum».

1021 1255 1130 1284 Liberat
1151 1256 1223 1284 enim
1245 1265 1260 1284 a
1281 1258 1430 1286 tentatione
1452 1257 1554 1293 hosti-5,
1577 1262 1608 1287 ut
1628 1259 1727 1293 Adam3
1749 1268 1765 1288 a
1780 1262 1866 1288 tenta-

1022 1302 1095 1331 tione
1116 1303 1314 1340 corruptionis
1334 1302 1462 1341 fomitis,
1485 1308 1516 1333 ut
1537 1305 1606 1339 Noe,
1628 1306 1726 1334 ceteris
1748 1315 1866 1343 pereun-

1022 1349 1096 1377 tibus
1117 1352 1231 1386 propter
1253 1351 1459 1387 corruptionem
1481 1351 1583 1385 carnis,
1599 1352 1673 1386 item,
1688 1361 1704 1381 a
1718 1353 1866 1382 tentatione

1021 1395 1175 1432 superbiae
1196 1399 1223 1425 et
1243 1396 1368 1425 elationis
1389 1397 1543 1431 interioris,
1566 1401 1597 1426 ut
1617 1398 1752 1427 Abraham
1781 1408 1797 1427 a
1827 1400 1866 1437 gi—

1021 1445 1135 1479 gantum
1157 1443 1287 1479 superbia
1308 1443 1440 1472 imitanda
1466 1444 1507 1473 vel
1532 1445 1679 1481 superbiae
1703 1446 1865 1481 imitatione;

1021 1489 1097 1523 item,
1112 1497 1128 1517 a
1143 1490 1291 1519 tentatione
1312 1491 1466 1524 eoeteriore,
1489 1491 1592 1520 scilicet
1612 1493 1689 1529 pravi
1705 1493 1824 1530 exempli
1840 1497 1867 1522 et

1021 1539 1170 1573 corruptae
1191 1538 1422 1572 conversationis,
1445 1542 1476 1566 ut
1496 1539 1557 1573 L0t;
1578 1539 1658 1574 item,
1681 1548 1697 1568 a
1718 1540 1867 1569 tentatione

1020 1582 1169 1612 humanae
1181 1582 1303 1620 fraudis
1318 1588 1345 1613 et
1359 1585 1617 1621 circumventionis,
1633 1589 1664 1615 ut
1678 1587 1771 1622 lacob3
1788 1587 1865 1621 item,

1021 1638 1037 1658 a
1057 1631 1206 1659 tentatione
1227 1632 1396 1660 mundanae
1426 1633 1626 1666 aduersitatis,
1649 1637 1680 1662 ut
1702 1635 1806 1671 loseph.
1828 1652 1867 1655 —

1021 1677 1087 1705 [tem
1107 1678 1274 1711 notandum,
1296 1679 1369 1715 quod
1391 1682 1447 1708 tres
1461 1683 1526 1708 sunt
1542 1681 1634 1709 hostes
1648 1681 1747 1715 nostri,
1763 1682 1866 1710 scilicet

1020 1723 1154 1757 diabolus,
1169 1731 1233 1752 caro
1247 1727 1275 1752 et
1288 1725 1418 1759 mundus,
1433 1726 1576 1763 significati
1588 1735 1638 1763 per
1650 1730 1706 1756 tres
1718 1728 1810 1756 hostes
1819 1728 1865 1756 Sa—

1021 1770 1150 1804 lomonis,
1165 1770 1198 1799 de
1213 1771 1315 1807 quibus
1330 1772 1403 1800 tertii
1419 1773 1521 1810 Regum
1536 1774 1682 1802 undecimo
1694 1774 1725 1802 ¹⁰.
1742 1775 1865 1803 Tentatio

1020 1824 1087 1845 vero
1100 1816 1240 1845 daemonis
1253 1817 1358 1854 duplex
1373 1821 1422 1853 est,
1437 1819 1540 1848 scilicet
1560 1821 1686 1849 exterior
1700 1824 1727 1850 et
1741 1821 1864 1856 visibilis,

1020 1864 1142 1892 interior
1156 1867 1184 1893 et
1197 1865 1348 1895 invisibilis.
1364 1866 1500 1895 Liberatio
1513 1876 1529 1895 a
1544 1868 1633 1904 prima
1647 1868 1819 1905 significatur
1837 1869 1863 1897 in

1020 1911 1180 1940 liberatione
1201 1912 1283 1946 Adae3
1306 1920 1321 1940 a
1342 1913 1477 1947 secunda,
1500 1914 1526 1942 in
1549 1914 1710 1943 liberatione
1731 1915 1863 1944 Abrahae.

1020 1974 1056 1978 —
1078 1958 1173 1986 Carnis
1196 1966 1260 1987 vero
1285 1959 1397 1988 tentatio
1428 1959 1548 1997 duplex,
1570 1961 1673 1990 scilicet
1704 1962 1865 1991 secundum

1884 1079 1920 1097 Sex
1932 1079 1981 1098 modi
1990 1079 2013 1097 li-

1896 1103 1998 1121 bei-ationis

1886 1126 2002 1145 Sanctorum.

1890 1688 1935 1706 Tres
1948 1688 2010 1706 hostes

1878 1713 1897 1729 et
1909 1716 1941 1730 sex
1952 1713 2011 1730 tent-a-

1878 1737 1945 1753 tiones.

1018 2008 1161 2033 naturam
1182 2009 1209 2034 et
1229 2009 1331 2034 eontra
1351 2010 1502 2035 naturam.
1525 2008 1661 2036 Liberatio
1682 2017 1697 2036 a
1718 2009 1808 2045 prima
1829 2009 1882 2038 si-·

1019 2052 1146 2089 gnificata
1167 2052 1219 2081 fuit
1239 2053 1266 2081 in
1289 2053 1450 2083 liberatione
1471 2055 1538 2089 N0e3
1560 2064 1576 2083 a
1597 2056 1727 2090 secunda,
1748 2056 1776 2085 in
1798 2057 1864 2085 libe-

1019 2098 1124 2127 ratione
1146 2100 1201 2128 Lot.
1223 2115 1262 2119 ——
1283 2100 1375 2129 Mundi
1397 2109 1464 2130 vero
1486 2102 1599 2131 tentatio
1619 2102 1740 2139 duplex,
1763 2103 1865 2132 scilicet

1018 2153 1068 2182 per
1088 2144 1323 2182 fraudulentiam
1345 2151 1372 2176 et
1394 2148 1566 2177 violentiam.
1588 2149 1724 2178 Liberatio
1739 2158 1755 2178 a
1776 2150 1866 2186 prima

1019 2192 1170 2229 significata
1191 2197 1232 2222 est
1253 2194 1280 2222 in
1302 2194 1463 2224 liberatione
1486 2195 1575 2230 lacob;
1597 2204 1614 2224 a
1635 2196 1771 2230 secunda,
1791 2197 1817 2225 in
1834 2197 1865 2225 li-

1019 2239 1159 2269 beratione
1181 2240 1285 2278 Ioseph.

178 2404 185 2417 ¹
204 2406 270 2428 Vers.
293 2406 315 2428 3.
336 2411 401 2434 seqq.
418 2418 449 2422 —
470 2406 579 2435 Sequitur
603 2407 682 2430 Glossa
708 2407 879 2436 interlinearis,
902 2415 962 2438 quae

115 2446 192 2466 tamen
213 2450 225 2466 a
246 2445 336 2472 Lyrano
358 2444 423 2467 aliter
444 2444 577 2472 exhibetur;
594 2452 648 2468 nam
667 2446 716 2474 ipse
732 2447 802 2474 legit:
819 2447 850 2470 Et
865 2454 880 2470 a
896 2447 962 2471 sedu-

115 2482 218 2506 oloribus
236 2482 322 2506 culavit
343 2482 412 2506 illum
429 2486 507 2506 contra
529 2484 607 2506 Laban
625 2487 647 2507 et
663 2485 722 2507 filios
746 2485 796 2508 eius
820 2486 856 2508 vel
882 2489 963 2509 contra

115 2522 189 2549 Esau;
206 2523 229 2545 et
249 2523 368 2545 certamen
389 2522 450 2551 forte
472 2522 534 2546 dedit
556 2523 603 2551 illi,
621 2524 716 2552 quando
738 2525 836 2548 luctatus
857 2529 891 2548 est
907 2532 960 2548 cum

115 2560 211 2588 Angelo.
238 2573 265 2576 —
291 2560 395 2584 Subinde
423 2562 549 2590 allegantur
574 2563 630 2585 Gen.
657 2563 694 2590 31,
720 2565 758 2586 22.
783 2570 848 2593 seqq.
872 2568 895 2587 et
919 2566 960 2592 32,

115 2599 154 2622 24.
169 2606 234 2629 seqq.

177 2637 187 2650 ²
205 2639 270 2661 Vers.
288 2638 325 2661 24.
344 2651 373 2655 —
391 2639 499 2668 Sequitur
517 2640 576 2663 Osee
594 2641 635 2668 Ἰ12,
653 2642 675 2664 3.
692 2644 714 2664 et
732 2642 752 2665 4.

178 2675 187 2688 ³
205 2677 270 2699 Vers.
288 2678 327 2699 28.

177 2713 187 2726 ⁴
204 2715 271 2738 Vers.
288 2716 309 2738 2.
326 2728 357 2732 —
374 2717 508 2745 Sequuntur
524 2718 580 2740 Gen.
596 2719 633 2747 37,
649 2720 691 2748 28;
708 2720 744 2742 Ps.
757 2721 799 2748 36,
812 2721 848 2742 28.
866 2723 888 2743 et
904 2722 959 2744 Gen.

116 2753 157 2780 39,
180 2753 216 2776 113.
239 2760 305 2783 seqq.
320 2756 391 2777 —ln
413 2756 554 2783 expositione
579 2757 648 2780 huius
672 2764 755 2781 versus
779 2759 902 2787 respicitur
926 2763 960 2782 ter

116 2791 194 2814 Glossa
216 2791 391 2816 interlinearis:
408 2794 471 2817 Haec
487 2794 620 2823 venditum,
638 2802 650 2818 a
668 2797 788 2825 fratribus,
806 2797 909 2826 iustum,
929 2800 960 2821 lo-

114 2831 186 2858 seph,
202 2836 250 2854 non
267 2831 403 2862 dereliquit,
420 2832 461 2856 sed
477 2840 492 2856 a
505 2834 669 2863 peccatoribus
691 2835 800 2860 liberavit
820 2843 887 2865 eum,
906 2843 958 2860 cum

116 2872 262 2892 accusaretur
278 2870 308 2893 de
324 2871 444 2893 adulterio.

178 2906 188 2919 ⁶
204 2908 290 2936 Nempe
308 2908 480 2938 interlinearis,
497 2917 558 2939 quae
575 2911 643 2934 etiam
657 2912 678 2934 in
690 2913 839 2940 explicatione
851 2919 900 2942 seq.
912 2920 959 2936 ver-

115 2953 155 2969 sus
171 2947 307 2975 respicitur:
330 2954 379 2972 non
395 2948 519 2979 dereliquit
535 2956 600 2978 eum,
621 2950 704 2979 donec,
728 2958 770 2980 per
792 2953 958 2980 expositionem

1018 2409 1175 2436 somniorum,
1188 2410 1285 2439 afferret
1294 2410 1330 2433 illi
1340 2412 1472 2440 sceptrum,
1486 2411 1640 2439 principatum
1648 2429 1654 2438 ,
1666 2412 1745 2441 requi,
1757 2413 1865 2440 Aegypti.

1018 2461 1048 2464 —
1066 2448 1168 2471 Subinde
1185 2450 1297 2477 allegatur
1313 2450 1369 2472 Gen.
1387 2450 1427 2478 39,
1444 2451 1481 2472 20.
1499 2457 1560 2479 seq.:
1579 2451 1730 2480 Tradiditque
1748 2452 1863 2479 losephrin

1018 2493 1146 2517 carcerem,
1165 2488 1202 2511 ubi
1221 2489 1289 2511 vincti
1305 2489 1368 2517 regis
1379 2489 1591 2512 custodiebantur...
1601 2490 1652 2512 Fuit
1663 2493 1740 2512 autem
1754 2491 1864 2513 Dominus

1018 2533 1071 2549 cum
1089 2527 1180 2556 loseph,
1199 2530 1220 2550 et
1237 2528 1344 2550 misertus
1369 2528 1428 2551 illius
1453 2528 1517 2551 dedit
1533 2528 1553 2550 ei
1571 2528 1669 2556 gratiam
1691 2529 1715 2550 in
1737 2532 1862 2557 conspectu

1018 2566 1128 2594 principis
1145 2566 1250 2589 carceris.

1079 2603 1089 2617 θ
1107 2605 1171 2627 Vers.
1189 2606 1211 2627 ¹l.
1228 2612 1305 2634 seqq.;
1324 2605 1380 2628 ibid.
1397 2613 1419 2628 v.
1437 2606 1474 2628 40.
1492 2613 1555 2635 seqq.
1574 2609 1608 2629 est
1625 2613 1674 2635 seq.
1692 2607 1762 2629 locus.

1080 2642 1088 2655 ⁷
1107 2644 1172 2666 Vers.
1190 2644 1209 2665 6.
1228 2650 1293 2672 seqq.
1311 2657 1340 2660 -
1357 2645 1466 2673 Sequitur
1484 2644 1523 2666 lob
1544 2645 1581 2673 13,
1601 2644 1622 2667 4.

1078 2681 1087 2694 ⁸
1105 2684 1170 2705 Vers.
1188 2684 1232 2705 22:
1251 2683 1336 2706 Dedisti
1355 2684 1468 2706 maculam
1486 2686 1529 2706 etc.
1547 2696 1576 2699 —
1594 2685 1644 2706 Duo
1662 2691 1727 2713 seqq.
1745 2685 1788 2706 loci
1810 2688 1863 2707 sunt

1016 2721 1052 2743 Ps.
1065 2722 1117 2749 411,
1129 2722 1152 2744 7.
1163 2725 1185 2744 et
1201 2722 1238 2749 67,
1252 2723 1295 2744 Ἰ19ι
1308 2722 1435 2745 Ascendisti
1452 2722 1474 2744 in
1492 2723 1575 2750 altum,
1593 2723 1673 2751 cepisti
1690 2723 1858 2751 captivitatem

1016 2761 1058 2782 cfr.
1069 2761 1126 2788 Epli.
1139 2760 1163 2787 4,
1176 2761 1202 2782 8:
1214 2761 1346 2783 Ascendens
1364 2761 1386 2782 in
1404 2761 1474 2783 altum
1492 2761 1607 2789 captivam
1621 2762 1684 2783 duxit
1698 2761 1861 2789 captivitatem.

1078 2796 1088 2810 ⁹
1106 2799 1172 2821 Vers.
1191 2799 1226 2820 19.

1080 2836 1098 2849 ¹⁰
1116 2837 1182 2859 Vers.
1200 2837 1240 2865 14,
1259 2838 1296 2859 23.
1312 2840 1334 2859 et
1352 2838 1389 2859 26.
1407 2839 1429 2860 lu
1450 2838 1467 2859 Α
1485 2838 1586 2860 secunda
1604 2845 1686 2861 manus
1712 2839 1734 2860 in
1758 2839 1861 2866 margine

1015 2876 1118 2898 addidit:
1135 2876 1171 2898 lsti
1190 2878 1235 2898 tres
1251 2876 1378 2899 adversarii
1396 2877 1540 2899 Salomonis:
1553 2877 1618 2899 Adad
1636 2877 1769 2905 idumaeus,
1782 2883 1860 2900 secun-

1015 2915 1059 2937 dus
1076 2915 1165 2941 Razon,
1183 2915 1242 2937 silius
1259 2915 1349 2942 Eliada,
1368 2915 1446 2937 tertius
1462 2915 1595 2942 leroboam,
1613 2916 1672 2938 tilius
1684 2916 1764 2938 Nabal.
1781 2929 1810 2932 —
1828 2916 1861 2938 De

1014 2953 1136 2981 speciebus
1153 2953 1282 2976 tentationis
1299 2954 1341 2977 cfr.
1357 2954 1381 2976 ll.
1399 2955 1460 2976 Sent.
1478 2954 1501 2976 d.
1519 2954 1557 2976 21.
1574 2954 1631 2977 dub.
1649 2955 1671 2977 3.
