2296 3316
335 192 357 220 X
1046 187 1289 226 PROLEGOMENA
1310 187 1338 215 C.
1362 187 1380 215 1.

336 264 380 300 q'ue
406 268 479 293 latine
504 268 591 293 dicit-ur
617 267 787 298 interpretatio.
814 267 918 290 Desinit:
944 266 1042 297 Oportet
1057 266 1111 296 fieri
1127 265 1191 297 quod

335 316 439 347 petierit,
456 316 512 347 fiat,
528 316 580 347 fiat.
596 328 628 333 —
645 316 706 339 idem
732 315 863 338 Commeat.
885 313 984 337 habetur
1001 314 1070 337 etiam
1092 313 1190 337 Wratis-

339 363 416 387 taviae
441 364 462 386 in
489 363 629 386 bibliotheca
655 362 828 389 Universitatis,
853 361 910 385 Cod.
933 362 961 384 cl.
979 362 994 384 l.
1011 361 1033 384 in
1051 364 1134 391 quarto
1154 361 1188 384 19.

337 411 437 434 membr.
453 417 514 434 saec.
532 411 588 434 xm.
606 411 709 433 exeuntis
726 411 762 432 vel
780 410 841 432 XlV.
864 409 978 432 ineuntis:
995 409 1076 438 lncipit
1092 409 1190 438 prefatio

336 460 364 481 11.
382 458 502 482 Alexandri
520 458 549 482 de
567 459 648 481 ordine
666 460 763 481 fratrum
781 457 834 480 Min.
851 457 874 480 in
892 456 1059 485 expositionem
1086 456 1191 485 apocaly-

336 507 397 535 psis,
409 506 449 535 qui
461 512 523 529 anno
541 506 632 529 Domini
645 505 767 528 millesimo
779 504 888 528 CCLXXl
900 504 958 527 obiit
967 504 1001 534 (t).
1019 504 1118 526 Sanctus
1130 504 1191 526 loan-

337 560 379 576 nes
395 554 515 582 apostolus
531 556 554 576 et
571 552 713 581 evangelista
737 554 834 581 propter
855 550 956 574 verbum
974 551 1027 580 Dei,
1050 550 1114 580 quod
1139 556 1190 580 pre-

336 600 453 623 dicabat...
470 601 515 623 Fol.
534 601 555 623 3.
573 607 597 622 v.
613 606 634 622 c.
651 600 673 622 l:
691 599 845 627 Apocalypsis
862 604 931 627 grece
942 598 1012 621 latine
1024 598 1108 621 dicitur
1124 604 1191 620 reve-

336 648 397 671 latio.
415 647 473 671 Cum
491 648 547 670 dicit
563 647 711 676 apocalypsis
728 646 917 670 subaudiendum
935 648 978 669 est.

400 695 545 718 Assentimus
562 694 632 723 igitur
650 695 673 717 P.
690 694 778 717 Bonelli
795 694 901 722 neganti,
918 695 981 716 hunc
1005 692 1091 716 librum
1115 695 1192 716 311οῑοτ

336 749 385 765 rem
404 742 490 765 habere
507 742 662 765 Alexandrum
680 742 736 770 Hal.,
753 741 810 771 quin
828 744 905 764 tamen
928 741 1083 764 assentiamus
1099 740 1144 769 ipsi
1161 741 1192 763 af·

339 790 450 819 firmanti,
475 796 529 812 eum
547 796 598 812 esse
619 789 750 817 legitimum
773 792 795 812 et
811 792 901 812 certum
920 789 942 811 S.
959 789 1136 811 Bonaventurae
1162 789 1191 810 se-

336 840 393 860 tum.
412 837 524 860 Nolumus
550 839 626 859 tamen
651 827 738 865 negare
760 836 785 859 id
802 836 867 866 quod
893 842 939 859 non
956 842 1031 864 pauca
1049 835 1191 858 doe-amenta

337 887 462 913 testantur,
484 885 549 913 quod
566 885 614 907 scil.
632 885 655 907 S.
681 884 766 907 Doctor
790 883 908 912 scripserit
931 883 1050 913 quandam
1076 883 1191 906 Postillum

338 932 360 954 in
378 932 554 960 Apocalypsim3
572 932 616 954 alia
642 934 719 954 autem
745 930 851 960 quaestio
868 933 915 958 est,
932 936 960 953 an
984 931 1041 952 haec
1062 936 1134 959 quam
1151 930 1192 952 Bo-

337 979 389 1001 nelli
406 979 479 1001 edidit
500 979 590 1001 Postilla
608 978 637 1000 sit
654 978 762 1006 genuina.
780 979 923 1006 Argumenta
946 977 1009 999 enim
1030 977 1126 1000 editoris
1148 978 1192 999 hoc

338 1033 384 1049 non
402 1027 542 1049 sufficienter
560 1025 672 1054 probant:
689 1025 782 1048 obstant
803 1027 881 1047 autem
898 1024 955 1047 aliae
980 1025 1066 1047 multae
1083 1024 1193 1047 rationes.

338 1073 396 1096 Cum
414 1076 497 1102 agatur
521 1073 551 1096 de
573 1079 599 1095 re
621 1073 702 1101 gravi,
719 1072 825 1101 quaestio
841 1072 912 1100 paulo
929 1071 1003 1094 fusius
1020 1074 1042 1094 et
1058 1070 1194 1099 diligentius

338 1120 456 1144 tractanda
478 1123 525 1147 est,
542 1126 571 1142 ne
590 1106 714 1148 expunctio
731 1119 801 1142 huius
818 1118 984 1142 Commentarii
1001 1118 1104 1147 speciem
1122 1121 1194 1141 teme—

338 1169 412 1191 rariae
429 1168 528 1191 levitatis
545 1174 600 1196 prae
618 1174 643 1190 se
661 1168 726 1190 terat.
742 1167 809 1190 Unde
825 1166 854 1190 ad
871 1166 980 1189 trutinam
992 1165 1131 1189 vocabimus
1143 1169 1192 1188 tum

338 1215 473 1239 testimonia
490 1217 591 1239 eoeterna
609 1218 658 1238 tum
675 1214 773 1238 criterz'a
790 1213 886 1238 interna
903 1220 917 1236 a
933 1215 957 1237 P.
976 1214 1061 1237 Bonelli
1078 1214 1154 1236 allata.

404 1264 480 1286 Primo
505 1263 575 1291 igitur
600 1263 714 1290 (111-1111115,
736 1268 784 1286 non
801 1261 909 1292 sufficere
925 1261 1061 1285 testimonia
1077 1262 1192 1289 eatterna,

337 1310 368 1334 ab
386 1310 437 1341 ipso
455 1310 479 1333 in
496 1310 605 1340 favorem
622 1310 647 1334 S.
666 1310 850 1333 Bonaeenturae
866 1309 979 1340 allegata.

401 1359 451 1387 lpse
469 1365 541 1381 unum
560 1361 648 1381 tantum
666 1358 771 1381 codicem
784 1364 846 1381 saec.
860 1358 919 1381 XlV.
932 1360 1013 1380 testem
1026 1363 1070 1386 pro
1086 1363 1127 1380 sua
1145 1357 1193 1385 opi-

338 1407 407 1429 nione
419 1407 501 1430 afferre
512 1407 599 1435 potuit,
610 1406 711 1429 eundem
724 1406 771 1429 scil.
784 1405 889 1429 codicem
902 1405 1040 1428 Vaticanum
1053 1411 1075 1427 n.
1087 1405 1146 1432 918,
1157 1411 1194 1427 su-

339 1460 380 1483 pra
393 1454 406 1483 3
423 1454 446 1477 7.
463 1454 618 1482 descriptum,
630 1460 656 1476 ex
670 1460 718 1483 quo
729 1453 798 1476 etiam
812 1452 884 1475 edidit
894 1455 945 1475 tum
958 1451 1158 1475 Commentarium
1171 1451 1193 1474 in

338 1501 458 1525 Canticum
476 1501 636 1529 Canticorum,
654 1504 703 1524 tum
721 1501 825 1530 quinque
837 1500 871 1523 illa
884 1500 1010 1529 opuscula,
1022 1506 1083 1529 quae
1100 1499 1193 1522 nomine

340 1547 463 1577 Principia
479 1547 602 1577 yeneratia
619 1553 638 1571 s.
656 1546 799 1577 scripturae
823 1546 965 1569 notavimus.
989 1546 1033 1569 Sed
1052 1551 1123 1574 supra
1141 1545 1154 1574 S
1170 1545 1194 1568 7.

340 1598 363 1618 et
381 1596 402 1617 8.
420 1595 475 1618 satis
492 1595 651 1622 ostendimus,
668 1598 716 1617 tum
742 1594 941 1617 Commentarium
965 1594 1041 1623 illum,
1064 1596 1113 1616 tum
1138 1600 1195 1622 opu-

339 1643 402 1676 scula
421 1643 478 1665 salso
495 1642 588 1665 attribui
606 1642 729 1670 seraphico
747 1641 839 1664 Doctori
856 1644 879 1664 et
898 1641 1040 1664 restituenda
1058 1646 1109 1663 esse
1127 1641 1194 1663 Petro

340 1690 430 1712 loannis
446 1690 513 1712 olivi.
531 1690 589 1712 Hinc
605 1690 723 1718 sequitur,
741 1690 802 1712 hunc
821 1689 927 1711 codicem
947 1688 1034 1711 erroris
1053 1688 1099 1711 iam
1122 1694 1194 1716 supra

341 1737 474 1760 convictum
492 1743 543 1759 esse
560 1739 641 1759 testem
659 1742 742 1765 parum
761 1736 880 1759 idoneum.
892 1748 922 1752 —
940 1736 986 1759 Nee
1004 1736 1054 1758 eius
1070 1735 1195 1758 auctoritas

340 1787 441 1813 augetur
457 1791 497 1812 eo,
514 1784 580 1814 quod
597 1784 746 1812 Waddingus
763 1790 789 1807 ex
807 1785 851 1806 hoc
868 1784 949 1806 codice
966 1783 1058 1806 curavit
1075 1783 1124 1806 11011
1141 1789 1195 1811 apo-

341 1833 471 1860 graphum,
497 1832 519 1854 in
545 1832 641 1854 archivo
665 1831 760 1860 Collegii
786 1832 810 1854 S.
833 1831 922 1854 lsidorii
947 1830 979 1860 (n.
999 1830 1061 1860 100.)
1090 1833 1196 1859 tempore

339 1880 364 1902 P.
389 1879 475 1903 Bonelli
500 1879 577 1902 adhue
599 1882 776 1907 conservatum;
795 1885 837 1902 nec
859 1879 924 1909 quod
942 1879 1005 1902 aliud
1022 1879 1109 1902 saeculi
1122 1878 1196 1901 ·XVll.

341 1927 506 1955 apographum
532 1926 573 1949 ruit
590 1929 613 1948 et
637 1930 671 1949 est
696 1927 785 1949 Romae
807 1926 829 1949 in
847 1925 988 1949 bibliotheca
1005 1925 1115 1957 Angelica
1133 1924 1196 1954 (cod.

341 1974 357 1996 S
370 1974 392 1996 8.
413 1974 447 1996 19,
467 1974 559 2002 chart.),
576 1974 641 2003 quod
659 1974 680 1997 in
703 1974 832 2001 nonnullis,
849 1976 875 1996 ut
891 1974 979 1996 Bonelli
996 1973 1064 2000 dicit,
1083 1975 1118 1995 est
1134 1979 1196 1995 com-

341 2021 433 2050 pletius.
450 2034 481 2039 —
498 2022 604 2051 Accedit,
621 2022 686 2051 quod
703 2022 740 2044 alii
758 2021 851 2045 codices
873 2022 944 2044 ctiam
969 2021 1124 2050 antiquiores,
1142 2026 1195 2043 cum

343 2068 366 2090 S.
379 2069 566 2092 Bonaventuram
579 2070 616 2092 vel
633 2075 679 2091 non
693 2069 813 2092 nominent
824 2072 943 2091 auctorem
952 2086 957 2095 ,
970 2068 1007 2091 vel
1025 2068 1094 2091 alium
1103 2085 1108 2095 ,
1122 2067 1198 2095 magis

342 2117 412 2140 etiam
433 2117 537 2139 animum
556 2117 688 2146 relinquunt
704 2122 844 2145 suspensum
862 2119 932 2145 atque
949 2116 1073 2139 incertum.
1090 2115 1120 2137 En
1139 2117 1197 2137 cata-

342 2165 411 2193 logus
428 2170 509 2187 eorum
528 2165 649 2192 codicum,
666 2164 706 2194 qui
724 2164 796 2192 ignoti
814 2166 880 2187 erant
895 2164 919 2186 P.
937 2163 1030 2186 Bonelli.

407 2213 428 2234 1.
445 2211 526 2235 Budae
542 2212 664 2240 Pestinae,
683 2211 823 2234 bibliotheca
840 2210 1013 2237 Universitatis‚
1031 2210 1083 2233 cod.
1096 2210 1146 2232 sine
1159 2215 1198 2231 nu-

343 2265 422 2288 mero,
439 2259 538 2282 membr.
565 2266 627 2282 saec.
653 2259 714 2282 XlV.
740 2259 800 2282 circa
825 2259 982 2282 medietatem.
1004 2258 1050 2281 Fol.
1070 2257 1123 2280 151.
1140 2264 1159 2280 r.
1175 2257 1197 2279 in

344 2307 466 2334 superiore
486 2307 607 2335 margine:
634 2306 718 2336 Incipit
739 2305 859 2336 prologus
884 2305 963 2329 sancti
987 2304 1103 2328 leronimi
1125 2310 1198 2334 super

344 2352 528 2383 Apocalypsim,·
546 2359 656 2381 anonym.
676 2353 745 2376 Hinc:
769 2351 919 2376 Premittitar
942 2352 1022 2375 autem
1047 2354 1090 2374 ete.
1113 2350 1200 2373 Desinit

345 2400 382 2422 101.
410 2400 458 2422 157.
479 2407 502 2422 1.
520 2401 563 2423 col.
581 2401 608 2422 2:
625 2400 702 2424 Dusrit
719 2400 743 2423 iii
755 2400 827 2430 finem
844 2401 866 2423 et
883 2399 1021 2427 terminum,
1041 2398 1073 2422 sit
1089 2398 1200 2421 honoret

343 2446 424 2476 {floria
442 2447 466 2470 in
483 2447 564 2470 secuta
581 2447 726 2471 secutorum.
744 2448 829 2471 Amen.

408 2494 429 2516 2.
450 2493 595 2523 Burdiqatae
621 2494 641 2516 in
665 2494 748 2521 Gallia,
770 2494 823 2516 cod.
848 2494 886 2516 65.
912 2493 1011 2516 membr.
1035 2493 1056 2516 in
1083 2494 1122 2516 101.
1139 2499 1198 2516 saec.

345 2541 405 2564 xlv.
422 2542 501 2569 Incipit
518 2542 554 2564 101.
573 2543 595 2564 3.
613 2549 631 2564 r.
658 2542 723 2564 initio
749 2541 790 2564 alia
815 2547 898 2564 manns
921 2547 981 2564 saec.
1000 2541 1053 2563 XV.
1068 2541 1199 2570 praemisit:

345 2588 448 2612 Lectura
465 2588 553 2612 obtima
579 2588 630 2617 (sic)
657 2595 729 2618 super
753 2588 929 2619 Apocalipsim;
955 2589 997 2611 alia
1021 2595 1106 2611 manus
1122 2588 1199 2611 adhuc

344 2635 459 2658 recentior
476 2636 578 2659 addidit:
597 2635 705 2659 Gallonis
719 2636 742 2658 in
755 2635 927 2666 Apocatipsim.
940 2636 1052 2664 Prologus
1069 2635 1143 2658 deest.
1159 2635 1200 2658 De-

345 2683 399 2706 sinit
415 2683 453 2706 tol.
470 2684 551 2706 ultimo
569 2683 669 2710 codicis,
687 2686 752 2711 parte
768 2690 792 2706 v.
810 2684 853 2707 col.
872 2684 892 2705 1.

409 2731 431 2753 3.
449 2729 599 2758 Florentiae,
617 2730 756 2754 bibliotheca
779 2731 1052 2758 Mediceo-Lanrentiana,
1074 2731 1126 2754 cod.
1144 2731 1198 2753 olim

344 2781 440 2801 sanctae
458 2778 541 2801 Mariae
558 2784 570 2801 a
593 2778 699 2801 Carmelo
725 2779 784 2807 513,
802 2779 873 2801 modo
899 2785 955 2801 vero
982 2779 1035 2802 ¹135.
1058 2778 1158 2802 membr.
1177 2778 1198 2801 in

346 2826 385 2848 101.
403 2831 464 2849 saec.
481 2825 542 2848 XlV.
559 2825 745 2849 Commentarius
763 2826 784 2848 in
802 2827 967 2855 Apocalypsim
985 2826 1065 2854 incipit
1081 2826 1118 2849 101.
1130 2826 1169 2849 83.
1181 2832 1198 2848 r.

345 2872 439 2895 verbis:
457 2872 622 2896 Praemittitm·
648 2874 732 2896 autem
754 2872 809 2897 huic
835 2872 895 2896 libro
915 2873 1034 2903 prologus
1052 2876 1096 2896 ete.
1113 2873 1200 2896 Desinit

347 2921 384 2943 101.
403 2920 456 2943 446.
473 2927 492 2943 r.
509 2921 562 2943 Post
580 2921 660 2949 triplex
678 2922 753 2944 Amen
771 2921 876 2944 additur:
895 2920 1000 2951 Explicit
1019 2920 1115 2951 postilla
1132 2927 1200 2944 vene-

345 2967 430 2992 rabitis
447 2967 578 2991 cardinatis
595 2969 617 2991 et
633 2968 746 2998 maqistri
769 2974 838 2992 sacre
863 2968 978 2998 tlteotoyz'e
1002 2974 1076 2998 super
1093 2967 1200 2998 Apocali-

345 3014 418 3045 paim.
434 3015 522 3038 Nomen
540 3016 641 3038 auctoris
658 3016 780 3044 proprium
797 3016 950 3039 desideratur.

1311 265 1334 288 4.
1350 265 1451 293 Patavii,
1470 264 1610 288 bibliotheca
1622 264 1693 288 sancti
1705 265 1809 294 Antonii,
1826 265 1878 288 cod.
1896 264 1951 288 272.
1967 271 1994 288 ex
2005 265 2098 289 duobus

1248 313 1270 335 in
1288 319 1360 336 unum
1378 315 1525 341 compactus,
1544 312 1642 336 membr.
1661 313 1683 336 in
1700 313 1738 335 101.
1754 318 1816 336 saec.
1833 312 1894 335 XlV.
1911 312 2099 336 Commentarius

1248 360 1271 382 in
1288 360 1452 389 Apocalypsin]
1471 360 1576 390 sequitur
1592 360 1662 383 alium
1680 360 1703 383 in
1720 360 1800 383 isaiam
1812 362 1834 383 et
1846 360 1937 389 incipit:
1948 359 2100 387 Premittitur

1247 409 1329 431 aulem
1345 407 1401 431 huic
1418 407 1478 431 libro
1496 410 1538 431 etc.
1558 408 1644 431 Desinit
1661 410 1686 431 ut
1703 408 1726 430 in
1742 408 1819 431 editis.

1279 489 1282 491 Β
1311 456 1335 478 5.
1350 455 1391 478 l-lis
1407 455 1510 479 addendi
1526 458 1581 478 sunt
1596 455 1634 478 alii
1652 458 1698 478 tres
1715 455 1819 486 codices,
1837 455 1891 485 qui,
1916 458 1973 479 teste
1990 455 2100 479 Sbaralea

1249 502 1380 532 (Supplem.
1399 509 1421 531 p.
1439 503 1485 525 689
1502 502 1538 533 a),
1555 503 1683 532 antiquitus
1699 503 1770 525 notati
1787 505 1853 526 erant
1870 503 1892 525 in
1909 502 2024 526 tabulario
2040 502 2100 526 sacri

1248 549 1384 573 Conventus
1400 550 1543 573 Assisiensis.
1560 550 1586 573 ni
1598 549 1739 574 exhibebant
1750 550 1868 579 quandam
1881 550 1995 578 postillam
2008 550 2030 572 in
2042 550 2101 579 Apo-

1248 597 1375 625 calypsim,
1387 597 1454 620 cuius
1465 598 1579 626 prologus
1595 597 1733 626 incipiebat:
1750 596 1842 628 Spa-itu
1855 603 1943 627 magno
1955 599 2011 626 etc.;
2022 597 2100 626 ipsum

1249 650 1306 667 vero
1323 651 1384 673 opus
1408 645 1458 668 sive
1483 645 1542 668 alius
1558 645 1671 674 prologus
1688 645 1771 668 eodem
1790 645 1860 668 modo
1878 647 1903 668 ut
1919 644 2047 674 praenotati
2065 650 2101 667 co-

1249 691 1325 720 dices,
1351 692 1416 715 50111
1440 692 1592 716 Premittitnr
1608 694 1689 716 autem
1706 692 1761 716 ttw'c
1780 691 1840 715 libro
1853 691 1972 722 proloqus
1989 694 2033 714 etc.
2049 691 2101 714 lsto-

1249 746 1302 763 rum
1320 740 1436 769 antiquior
1461 742 1510 763 erat
1535 746 1679 769 anonymus,
1696 740 1719 763 in
1737 740 1781 763 atio
1797 740 1853 763 satis
1868 740 1964 769 antiquo
1981 745 2041 768 opus
2062 738 2102 761 tri-

1249 787 1366 812 buebatur
1382 787 1423 811 Fr.
1448 787 1519 811 Vitali
1534 787 1632 811 Doctori
1646 794 1695 811 sac.
1713 788 1779 811 Rom.
1798 787 1907 812 Ecclesia.
1931 788 1965 810 De
1982 788 2017 810 1115
2040 788 2102 811 00111-

1249 834 1317 858 cibus
1334 835 1390 857 infra
1408 835 1469 857 redit
1484 841 1570 858 sermo.

1313 882 1491 905 Observandum
1510 885 1556 911 est,
1573 883 1598 905 in
1615 882 1677 905 edito
1695 882 1867 905 Commentario
1883 882 1965 906 deesse
1977 882 2103 911 1115105011-

1250 929 1323 953 ctoris
1335 930 1459 958 prologum
1471 933 1552 953 contra
1563 930 1758 953 consuetudinem
1770 930 1829 953 1111115
1840 930 1930 953 aetatis.
1941 931 1987 953 Nec
1995 930 2103 954 satisfacit

1249 976 1308 999 ratio
1325 976 1433 1004 editoris,
1449 976 1514 1006 quod
1532 976 1585 999 huic
1602 976 1700 999 defectui
1718 976 1862 1008 suppleverit
1880 977 1991 1005 prologus
2007 976 2102 1008 Gilberti

1250 1030 1303 1046 cum
1329 1023 1481 1052 explicatione
1506 1024 1616 1046 auctoris.
1643 1024 1699 1046 Nam
1726 1024 1748 1046 in
1771 1024 1820 1047 aliis
1836 1024 2015 1047 Commentariis
2031 1024 2103 1047 nostri

1250 1070 1367 1098 Doctoris,
1384 1070 1494 1100 quamvis
1516 1070 1617 1093 habeant
1634 1071 1759 1099 prologum
1777 1070 1925 1100 Hieronymi,
1943 1073 2021 1094 tamen
2038 1077 2104 1100 prae-

1250 1118 1311 1141 cedit
1322 1118 1379 1141 alius
1391 1118 1504 1147 prologus
1520 1118 1629 1141 auctoris.
1642 1119 1691 1141 Non
1703 1125 1756 1141 raro
1768 1118 1863 1148 quidem
1876 1119 1898 1141 in
1910 1118 2053 1148 quibusdam
2065 1125 2105 1143 co-

1249 1165 1340 1190 dicibus
1353 1167 1445 1195 prologi
1457 1166 1559 1189 auctoris
1569 1167 1717 1194 omittuntur,
1728 1167 1765 1189 vel
1777 1167 1836 1190 alius
1847 1152 2002 1190 substituitur.
2012 1167 2039 1190 Et
2050 1173 2104 1190 cum

1251 1214 1272 1236 in
1290 1214 1364 1236 citatis
1389 1213 1511 1237 codicibus
1537 1214 1652 1237 nonnullis
1675 1214 1800 1242 praecedat
1817 1215 1943 1243 prologus,
1959 1213 2105 1243 probabilius

1250 1267 1301 1283 esse
1318 1261 1425 1289 videtur,
1442 1261 1466 1283 in
1483 1260 1577 1284 duabus
1599 1260 1740 1284 editionibus
1757 1261 1869 1284 excidisse
1887 1262 2011 1290 prologum
2029 1264 2106 1285 aucto-

1250 1308 1288 1331 ris.
1306 1309 1354 1331 Hoc
1371 1308 1522 1331 confirmatur
1539 1315 1580 1337 eo,
1597 1309 1662 1338 quod
1678 1309 1771 1331 codices
1782 1308 1866 1337 alligati
1878 1313 1931 1337 post
1938 1308 2104 1341 praemittitur

1250 1354 1339 1377 addunt
1364 1356 1458 1383 autem,
1484 1355 1548 1383 quod
1572 1354 1594 1377 in
1617 1354 1758 1378 editionibus
1774 1361 1928 1383 suppressum
1946 1357 1993 1383 est,
2009 1356 2105 1378 tortasse

1249 1403 1305 1432 quia
1323 1403 1366 1428 tale
1384 1403 1463 1431 operis
1480 1402 1570 1425 initium
1588 1403 1649 1425 male
1665 1405 1739 1425 sonat.

1315 1449 1480 1473 Dellcientibus
1497 1450 1567 1478 igitur
1584 1450 1721 1473 testimoniis
1743 1450 1840 1479 idoneis,
1857 1450 2020 1480 unusquisque
2037 1451 2103 1473 facile

1250 1497 1295 1520 sibi
1314 1498 1452 1526 persuadet,
1469 1498 1605 1521 sententiam
1623 1498 1648 1521 P.
1664 1498 1750 1521 Bonelli
1768 1498 1876 1521 sustineri
1894 1498 1944 1521 iure
1959 1504 2005 1521 non
2023 1504 2105 1527 posse,

1251 1546 1295 1568 nisi
1312 1546 1351 1569 1110
1368 1545 1473 1568 desectus
1490 1546 1626 1574 suppleatur
1643 1546 1743 1568 criteriis
1759 1546 1867 1575 internis,
1884 1552 1946 1575 quae
1963 1542 2066 1569 indolem
2083 1548 2107 1568 et

1250 1593 1328 1616 stilum
1346 1593 1461 1622 seraphici
1478 1593 1583 1616 Doctoris
1600 1593 1727 1616 luculenter
1744 1599 1800 1622 prac
1817 1599 1842 1616 se
1859 1594 1940 1616 serant.
1965 1593 1997 1616 De
2013 1593 2050 1616 his
2067 1593 2106 1622 igi-

1251 1643 1287 1664 tur
1305 1647 1368 1663 nunc
1386 1640 1551 1670 inquirendum
1569 1644 1610 1664 est.

1315 1687 1424 1711 Secundo
1436 1688 1591 1715 affirmamus,
1604 1688 1751 1717 aryumenta
1766 1693 1797 1711 μω
1814 1686 1893 1711 indole
1909 1687 1987 1718 operis
1998 1694 2014 1711 a
2025 1688 2052 1711 P.
2064 1688 2106 1711 Bo-

1250 1734 1309 1758 nelli
1325 1734 1426 1758 deducta
1451 1740 1500 1758 non
1520 1734 1642 1765 sufficiunt
1658 1734 1691 1758 ad
1704 1734 1873 1765 probandum,
1890 1734 1964 1758 immo
1980 1734 2031 1758 alia
2053 1741 2107 1764 qra-

1251 1783 1320 1807 viora
1337 1782 1443 1806 militant
1455 1789 1503 1813 pro
1520 1784 1589 1813 parte
1606 1782 1740 1807 contraria.

1316 1831 1390 1853 Prima
1409 1830 1514 1854 eiusdem
1540 1831 1598 1853 ratio
1616 1833 1651 1853 est
1667 1830 1785 1853 doctrinae
1802 1833 1825 1853 et
1842 1830 1963 1859 phrasium
1981 1829 2107 1856 similitudo

1252 1886 1305 1902 cum
1324 1874 1433 1907 legitimis
1449 1879 1628 1902 Bonaventurae
1644 1878 1765 1907 operibus.
1776 1878 1843 1902 Unde
1854 1884 1898 1907 pro
1911 1884 1976 1901 more
1987 1884 2030 1901 suo
2041 1884 2107 1907 prae-

1252 1926 1331 1950 sertim
1350 1926 1371 1948 in
1389 1926 1449 1948 notis
1466 1926 1532 1954 plura
1550 1926 1616 1948 affert
1627 1926 1732 1954 exempla
1744 1925 1910 1948 sententiarum
1928 1927 1951 1948 et
1967 1924 2107 1953 verborum,

1253 1980 1314 2003 quae
1326 1974 1395 1996 etiam
1407 1973 1470 2002 apud
1489 1973 1674 1997 Bonaventuram
1692 1975 1831 2001 occurrunt,
1843 1973 1979 2002 nullumque
1990 1972 2046 1996 dicit
2057 1973 2108 1995 alle-

1254 2021 1303 2050 gari
1320 2024 1453 2049 auctorem,
1470 2027 1543 2050 quem
1561 2021 1631 2043 etiam
1646 2021 1809 2044 Bonaventura
1820 2026 1867 2043 non
1878 2020 1981 2049 potuerit
1993 2019 2107 2043 adhiberi.

1317 2068 1473 2091 Concedimns
1482 2067 1541 2091 Patri
1551 2068 1644 2096 Bonelli,
1654 2070 1773 2090 auctorem
1783 2067 1852 2090 huius
1860 2066 2025 2091 Commentarii
2038 2066 2108 2090 tuisse

1254 2116 1332 2139 virum
1349 2116 1444 2138 doctum
1462 2118 1484 2138 et
1502 2115 1525 2137 in
1537 2121 1556 2138 s.
1568 2115 1687 2143 Scriptura
1700 2114 1884 2138 versatissimum
1892 2131 1899 2142 ‚
1910 2120 2017 2143 opusque
2028 2114 2107 2143 quoad

1254 2162 1390 2187 doctrinam
1401 2169 1449 2186 11011
1460 2168 1511 2185 esse
1523 2162 1646 2191 seraphico
1664 2162 1764 2185 Doctore
1775 2162 1907 2190 indignum.
1924 2161 2026 2185 Concedi
2038 2162 2108 2184 etiam

1254 2213 1331 2239 potest
1346 2210 1412 2239 quod
1437 2210 1461 2233 P.
1484 2210 1569 2233 Bonelli
1596 2209 1733 2239 (Praelocut.
1758 2215 1780 2232 n.
1799 2208 1852 2237 46.)
1870 2208 1938 2232 dicit:
1962 2209 2028 2238 «Qui
2045 2210 2108 2234 hunc

1254 2258 1453 2282 Commentarium
1470 2257 1550 2285 legerit
1575 2256 1673 2286 perinde
1694 2258 1741 2279 sere
1761 2256 1848 2285 sapiet,
1865 2262 1892 2279 ac
1914 2256 1932 2279 si
1951 2257 2035 2280 multos
2052 2256 2109 2280 alios

1254 2294 1370 2334 legeritn,
1388 2304 1525 2334 praesertim
1551 2310 1605 2327 cum
1629 2304 1678 2332 ipse
1703 2304 1778 2327 editor
1802 2304 1929 2326 multorum
1952 2303 2108 2332 posteriorum

1255 2353 1408 2381 interpretum
1435 2351 1559 2375 sententias
1584 2351 1607 2374 in
1635 2351 1695 2374 notis
1720 2351 1844 2379 diligenter
1872 2351 1990 2374 adiecerit.
2019 2351 2110 2374 Manife-

1256 2403 1317 2423 stum
1335 2403 1369 2423 est
1386 2400 1468 2427 etiam,
1494 2399 1596 2422 eundem
1621 2401 1740 2422 auctorem
1764 2399 1834 2421 1111550
1850 2398 2029 2421 Franciscenum
2047 2401 2070 2422 et
2087 2399 2108 2421 in

1255 2448 1359 2471 doctrina
1388 2447 1501 2477 librisque
1529 2447 1551 2470 S.
1577 2447 1755 2469 Bonaventurae
1779 2449 1898 2469 versatum
1924 2449 1994 2476 atque
2021 2446 2109 2475 passim

1256 2482 1365 2518 nonnulla
1382 2496 1429 2518 fere
1447 2495 1476 2518 ad
1493 2494 1594 2518 verbum
1613 2495 1667 2517 inde
1689 2494 1846 2523 exscripsisse.
1868 2494 1897 2516 lta
1916 2500 1937 2517 e.
1957 2500 1979 2522 g.
1996 2494 2020 2516 in
2038 2494 2110 2522 Expo·

1256 2543 1338 2566 sitione
1355 2543 1446 2571 prologi
1464 2549 1488 2565 n.
1505 2543 1583 2572 25-28.
1601 2545 1673 2565 totum
1692 2542 1760 2571 illud,
1777 2542 1841 2571 quod
1863 2541 1946 2564 dicitnr
1962 2541 1993 2565 de
2009 2543 2110 2571 quatuor

1257 2590 1328 2614 Verbi
1346 2590 1531 2618 conditionibus,
1549 2589 1636 2619 quibus
1651 2590 1769 2613 eliduntur
1791 2592 1892 2619 quatuor
1917 2591 2038 2618 haereses,
2055 2596 2110 2618 pau-

1255 2639 1288 2661 cis
1306 2642 1394 2661 tantum
1412 2638 1504 2661 omissis
1526 2638 1563 2660 vel
1580 2638 1684 2666 mutatis,
1703 2638 1866 2666 transcriptum
1888 2641 1922 2660 est
1944 2644 1972 2660 ex
1995 2638 2017 2660 S.
2035 2638 2111 2660 Bona-

1256 2688 1368 2709 vcnturae
1385 2685 1514 2709 Commeat.
1532 2685 1553 2708 in
1566 2686 1674 2708 loannem
1694 2685 1765 2715 (intra
1783 2692 1837 2714 pag.
1856 2685 1901 2708 246
1922 2684 1992 2714 seq.).
2009 2685 2109 2708 Plurima

1256 2733 1299 2756 alia
1317 2735 1393 2755 notata
1404 2736 1458 2755 sunt
1474 2732 1497 2755 in
1509 2732 1605 2755 adiectis
1616 2732 1682 2755 notis.
1701 2732 1812 2755 Nonnulla
1825 2732 1966 2755 conveniunt
1977 2738 2031 2755 cum
2043 2732 2111 2755 dictis

1256 2781 1329 2805 nostri
1351 2780 1456 2803 Doctoris
1479 2780 1501 2802 in
1518 2779 1684 2803 Collationibus
1707 2780 1728 2802 in
1746 2781 1867 2808 loannem,
1890 2786 1949 2809 quas
1971 2780 2045 2803 editor
2065 2786 2110 2802 nou

1256 2828 1330 2851 novit.

1321 2876 1365 2899 Sed
1384 2876 1429 2898 iam
1442 2875 1554 2903 diximus,
1566 2877 1672 2898 auctores
1688 2875 1760 2898 medii
1772 2875 1836 2902 aevi,
1853 2875 1989 2903 praesertim
2004 2874 2109 2900 ciusdem

1227 2950 1234 2953 -
1257 2922 1363 2950 Ordinis,
1381 2922 1461 2945 maiori
1484 2928 1554 2951 quam
1573 2927 1635 2944 nunc
1652 2921 1786 2944 conceditur
1803 2921 1909 2944 libertate
1924 2921 1997 2954 aliena
2014 2927 2111 2944 consue-

1258 2969 1319 2992 visse
1336 2968 1446 2991 mutuari.
1463 2968 1521 2991 Hinc
1543 2968 1566 2990 in
1588 2967 1712 2991 iudicando
1734 2967 1831 2990 alicuius
1848 2967 1925 2997 scripti
1948 2969 2042 2990 auctore
2065 2973 2109 2989 non

1257 3018 1304 3038 tam
1322 3015 1465 3038 haerendum
1484 3018 1518 3038 est
1535 3015 1595 3038 circa
1612 3015 1702 3043 singula
1719 3015 1835 3044 quaedam
1853 3018 1875 3037 et
1892 3014 2038 3043 particularia
2054 3015 2111 3037 duo-
