2296 3316
323 885 379 908 Resp.

321 1119 348 1137 .le
363 1119 378 1136 ·.'.

394 146 453 175 344
1012 140 1183 170 COMMENT.
1206 141 1237 169 IN
1258 140 1404 169 IOANNEM
1425 140 1452 168 C.
1476 140 1528 168 Vll.

474 224 519 251 25.
542 222 652 258 Quaest.
683 221 710 249 11.
740 220 892 257 Quaeritur
918 219 952 248 de
977 219 1030 247 1100
1057 218 1131 255 quod
1159 218 1240 252 dicit,

395 269 468 307 quod
490 269 594 298 litteras
615 276 670 297 non
691 267 784 296 didicit
805 269 832 295 et
854 266 959 295 litteras
977 265 1095 294 sciebat:

475 317 500 344 l.
522 314 664 352 Quomodo
685 313 736 350 ipsi
757 313 896 346 sciebant,
918 311 993 349 quod
1013 311 1149 340 Dominus
1170 311 1242 340 litte—

396 370 440 393 ras
462 362 565 391 sciret?

474 410 500 438 2.
522 408 605 442 Item,
627 415 690 436 cum
712 406 846 435 Dominus
874 405 1035 442 exemplum
1059 404 1173 433 deberet
1193 412 1242 433 no-

395 456 448 485 bis·
464 456 530 484 dare
562 462 616 483 non
648 454 739 483 solum
770 452 934 481 humilitatis
961 452 989 480 in
1021 459 1122 488 opere,
1142 458 1242 480 verum

395 503 477 531 etiam
500 502 527 530 in
548 501 718 538 cognitione;
740 500 867 533 videtur,
882 499 957 536 quod
978 499 1050 528 sicut
1065 501 1179 535 propter
1194 506 1242 527 no-

396 552 486 578 strum
507 548 668 584 exemplum
683 546 735 576 fuit
749 546 904 583 baptizatus
919 549 946 575 et
960 545 1152 579 circumcisus,
1168 545 1243 582 quod

396 595 522 625 debuerit
543 602 602 623 esse
633 593 786 630 discipulus
817 593 896 630 prius
917 601 1000 630 quam
1022 592 1127 621 doctor.
1148 606 1189 611 -—-
1210 591 1243 621 Si

396 642 494 675 dicas,
516 641 590 678 quod
611 641 680 669 nihil
702 640 792 677 potuit
813 640 971 673 addiscere,
992 647 1057 668 cum
1078 639 1170 668 omnia
1191 638 1243 667 sci-

396 692 453 721 ret;
485 688 621 716 obstemu-
649 687 724 725 quod
749 687 851 715 dicitur
879 687 913 715 ad
941 686 1077 715 Hebraeos
1106 685 1242 723 quint01:

400 748 413 761 «
428 735 525 764 Didicit
547 743 583 764 ex
604 735 636 764 iis
658 742 729 772 quae
743 742 841 771 passus
856 736 909 768 est,
925 733 1106 762 obedientiam
1120 744 1146 761 ».
1162 732 1188 760 Si
1203 732 1244 760 di-

396 783 460 811 dicit
481 782 678 815 obedientiam,
700 789 787 818 quare
808 789 862 810 000
884 780 1047 809 scientiam?

476 829 630 866 Respondet
650 828 744 857 Glossa
756 828 776 862 2,
798 827 873 865 quod
895 835 966 864 quae
994 826 1102 855 dicebat
1122 826 1245 855 auctori-

399 880 452 906 tate
473 877 633 913 Scripturae
660 875 780 910 dicebat;
802 875 863 904 ideo
884 874 1022 908 sciebant,
1052 873 1143 910 ipsum
1173 873 1244 902 scire

397 924 511 953 litteras.
537 923 663 952 Sciebant
684 922 780 956 etiam,
802 922 894 959 ipsum
925 929 980 949 non
1002 920 1146 955 didicisse,
1179 921 1245 958 quia

397 971 457 999 eius
470 970 677 1003 educationem,
692 972 724 997 ut
744 968 810 997 dicit
830 967 1001 1005 Augustinus
1013 967 1033 1001 ³,
1055 970 1083 996 et
1104 968 1196 996 locum
1217 970 1244 997 et

397 1019 525 1054 parentes
545 1019 739 1053 cognoverant.

476 1065 501 1092 ἓ.
518 1063 596 1099 Quod
610 1062 718 1096 obiicit,
733 1062 807 1100 quod
822 1061 918 1091 debuit
932 1061 1054 1095 discere;
1069 1061 1130 1090 dico
1144 1061 1244 1098 primo,

398 1110 471 1147 quod
492 1118 545 1138 non
567 1109 643 1146 eguit
663 1116 713 1137 nec
735 1116 815 1145 egere
837 1108 947 1143 debuit,
970 1108 1036 1146 quia
1066 1116 1162 1137 omnes
1184 1116 1245 1145 pas-

398 1157 487 1186 siones
508 1161 617 1186 nostras
644 1164 786 1185 assumere
813 1155 909 1184 debuit
930 1158 1040 1192 praeter
1062 1155 1245 1193 ignorantiam

398 1207 425 1233 et
445 1207 604 1241 peccatum3
626 1204 692 1241 quia
715 1203 795 1232 nobis
826 1203 938 1232 omnino
968 1206 996 1232 et
1028 1203 1109 1232 saluti
1135 1206 1246 1232 nostrae

398 1254 489 1280 essent
510 1251 629 1280 inutiles.
652 1251 705 1279 Nec
726 1250 754 1279 in
777 1251 828 1279 hoc
857 1250 1019 1287 exemptum
1045 1250 1111 1279 dare
1132 1250 1245 1284 debuit,

398 1298 463 1335 quia
484 1298 511 1326 iu
534 1298 597 1332 hoc,
620 1297 694 1335 quod
724 1297 858 1331 disceret,
880 1305 909 1326 se
929 1297 1087 1326 ostenderet
1117 1297 1247 1334 ignoran-

400 1349 470 1379 tem,
492 1348 519 1373 ct
541 1348 607 1373 tunc
628 1352 698 1381 opus
719 1347 791 1373 esset
812 1344 973 1373 simulatum
984 1344 1004 1372 4.
1027 1360 1066 1364 ——
1087 1343 1165 1380 Quod
1180 1352 1246 1381 ergo

400 1392 465 1421 dicit
485 1392 518 1421 de
540 1392 774 1425 circumcisione,
797 1391 958 1425 dicendum,
980 1391 1054 1428 quod
1070 1394 1130 1420 erat
1151 1390 1184 1419 ad
1206 1390 1246 1418 di-

400 1439 611 1476 stinguendum;
633 1447 667 1467 ne
689 1439 773 1476 igitur
794 1439 908 1467 alterius
930 1438 1001 1467 ritus
1022 1441 1048 1466 et
1069 1438 1157 1475 gentis
1174 1437 1246 1466 vide-

401 1489 492 1521 retur,
514 1486 574 1515 ideo
595 1486 751 1514 observavit
772 1485 1008 1514 circumcisionem
1031 1488 1057 1513 et
1078 1484 1246 1521 baptismum

402 1533 522 1567 loannis,
544 1536 575 1561 ut
596 1540 683 1570 aquas
711 1532 896 1561 sanctificaret
923 1535 950 1560 et
971 1531 1154 1560 innotesceret
1166 1531 1185 1559 ⁵.
1209 1547 1245 1551 —-

401 1580 478 1616 Quod
498 1580 604 1614 obiicit,
626 1579 701 1617 quod
721 1579 840 1612 cticticit,·
862 1579 984 1608 breviter
999 1578 1154 1612 dicendum,
1171 1578 1245 1615 quod

400 1628 508 1655 discere
529 1635 585 1655 uno
605 1627 687 1655 modo
707 1631 748 1656 est
770 1627 797 1655 in
819 1627 904 1664 ignoti
927 1626 1051 1654 notitiam
1074 1634 1123 1662 per
1143 1625 1245 1654 doctri-

399 1682 460 1703 nam
483 1674 630 1707 devenire,
652 1674 704 1702 alio
726 1674 807 1702 modo
833 1674 943 1702 discere
970 1676 1011 1702 est
1033 1673 1173 1710 cognitum
1195 1680 1245 1701 ex-

398 1720 492 1757 periri.
516 1720 606 1748 Primo
627 1720 707 1748 modo
728 1729 782 1749 non
804 1720 913 1755 didicit,
935 1720 1001 1757 quia
1022 1720 1099 1757 ponit
1118 1720 1247 1757 ignoran-

400 1767 479 1801 tiam;
501 1766 622 1795 secundo
653 1766 733 1795 modo
763 1766 872 1800 didicit,
899 1767 964 1804 quia
990 1767 1066 1804 ponit
1088 1767 1246 1803 passiones,

399 1822 468 1851 quas
488 1814 615 1842 Christus
635 1814 765 1842 assumsit
787 1817 814 1843 et
834 1817 969 1851 expertus
991 1817 1032 1842 est
1044 1814 1063 1842 ⁶.

477 1863 522 1890 26.
545 1862 654 1897 Quaest.
679 1861 718 1889 111.
734 1861 800 1889 Item
822 1861 967 1898 quaeritur
989 1861 1022 1889 de
1044 1861 1096 1889 hoc
1117 1861 1191 1898 quod
1206 1861 1247 1889 di-

400 1910 450 1938 cit:
472 1909 536 1937 Mea
557 1908 692 1936 doctrina
713 1916 771 1936 non
792 1912 832 1936 est
854 1916 937 1936 mea:

481 1956 503 1983 1.
526 1955 596 1992 Quia
617 1954 654 1983 ita
675 1957 835 1983 removetur
856 1962 872 1982 a
897 1962 941 1987 se,
963 1957 990 1983 et
1010 1954 1072 1983 ideo
1094 1954 1183 1983 falsa⁷
1204 1955 1245 1983 vi-

399 2002 489 2031 detur.

478 2050 503 2076 2.
527 2048 608 2082 Item,
630 2047 768 2085 quomodo
790 2055 839 2084 per
854 2048 906 2076 1100
921 2047 1018 2075 satisfit
1034 2047 1160 2076 Iudaeis?
1176 2047 1247 2083 Quia

400 2096 524 2125 similiter
546 2103 653 2132 possem
675 2103 725 2132 ego
745 2094 837 2123 dicere
852 2094 940 2129 istud,
956 2094 1031 2131 quod
1046 2102 1107 2122 mea
1120 2093 1247 2123 doctrina

400 2150 454 2171 non
476 2146 516 2171 est
536 2149 552 2170 a
572 2150 631 2176 me,
653 2142 701 2171 sed
722 2150 737 2170 a
759 2142 829 2175 Deo,
852 2141 917 2179 quia
942 2141 1036 2169 omnis
1056 2141 1203 2178 sapientia
1227 2150 1246 2169 a

404 2190 523 2218 Domino
548 2190 602 2218 Deo
623 2189 693 2217 0318.

466 2350 471 2362 ¹
491 2351 555 2373 Vcrs.
574 2351 596 2373 8.

463 2387 472 2401 ²
490 2390 579 2412 Scilicet
595 2388 769 2413 interlinearis:
788 2390 816 2413 Et
834 2389 941 2418 docebat,
961 2392 1026 2413 utens
1043 2390 1178 2412 auctoritate
1191 2389 1247 2411 Seri-

402 2432 546 2456 pturarum...
565 2428 686 2456 Quomodo
704 2428 740 2451 hic
758 2428 848 2452 litteras
865 2429 921 2457 scit,
940 2435 994 2452 cum
1012 2434 1059 2451 uon
1082 2428 1201 2456 didicerit,
1225 2428 1246 2450 in

402 2467 451 2489 eius
468 2468 602 2490 educatione
619 2467 722 2490 sciebant
739 2474 793 2490 eum
810 2474 929 2497 nunquam
948 2468 1062 2490 didicisse.

464 2504 473 2517 ³
491 2507 513 2528 ln
532 2507 591 2529 loun.
609 2507 695 2534 Evang.
712 2509 739 2529 tr.
758 2507 795 2529 29.
812 2514 834 2529 11.
852 2508 878 2529 *22
896 2508 921 2529 Et
940 2507 1002 2529 unde
1025 2507 1165 2529 admiratio?
1190 2507 1247 2535 Quia

403 2545 467 2567 multi
483 2548 604 2572 noverant,
617 2544 657 2567 ubi
670 2548 748 2572 natus,
763 2546 963 2574 quemadmodum
977 2546 1044 2568 fuerit
1055 2546 1180 2575 educatu&
1193 2553 1248 2569 nun-

402 2590 471 2612 quam
489 2590 542 2606 eum
561 2584 664 2606 viderant
680 2584 766 2606 litteras
783 2585 909 2607 discentem
927 2588 970 2607 etc.

465 2621 474 2634 ⁴
492 2622 536 2644 Cir.
554 2623 585 2644 111.
603 2623 664 2645 Sent.
682 2623 705 2645 d.
726 2624 759 2645 15.
777 2629 798 2645 a.
819 2624 836 2645 1.
854 2630 877 2652 11.
894 2625 915 2646 2.
933 2627 956 2646 et
973 2630 993 2647 a.
1012 2625 1032 2646 2.
1051 2631 1073 2653 11.
1092 2625 1113 2646 ·1.

465 2659 474 2672 ⁵
493 2661 551 2683 Vide
568 2661 624 2683 intra
642 2668 663 2683 n.
681 2662 717 2683 35.
735 2664 757 2684 et
774 2668 843 2689 supra
861 2669 880 2685 c.
901 2664 919 2685 1.
940 2670 961 2685 n.
980 2663 1017 2685 64.
1040 2663 1069 2685 ad
1087 2663 1107 2684 2.
1128 2675 1156 2678 —
1173 2662 1248 2685 Codd.

404 2700 483 2727 legunt
500 2699 549 2722 icleo
566 2700 697 2723 observavit
714 2700 740 2723 cle
758 2700 872 2730 baptismo
891 2701 988 2724 loannis
1005 2704 1048 2724 010.

466 2737 475 2750 ‘³
493 2738 538 2761 Ct'r.
555 2736 586 2761 111.
605 2739 665 2761 Sent.
683 2740 706 2761 d.
727 2740 759 2762 14.
778 2746 797 2761 a.
816 2741 836 2763 3.
855 2747 877 2769 11.
897 2742 917 2762 2.
936 2744 957 2763 et
975 2741 998 2763 d.
1018 2741 1053 2763 Ἰ15.
1072 2747 1092 2763 a.
1110 2742 1131 2763 2.
1149 2747 1171 2769 q.
1185 2741 1205 2762 1.
1218 2740 1248 2763 011

405 2779 425 2799 2.
437 2790 468 2794 —
480 2778 590 2805 Superius
607 2782 658 2806 post
675 2779 794 2808 coqniium
813 2780 890 2807 plures
906 2780 973 2803 codd.
994 2780 1083 2802 addunt
1096 2779 1196 2809 coyniw,
1209 2780 1246 2802 vel

404 2817 573 2846 coyiioscemto.

466 2854 474 2867 ⁷
493 2857 595 2884 Supple:
620 2857 754 2884 propositio.
778 2870 807 2873 —
828 2858 867 2880 Ed.
891 2858 1007 2880 substituit
1028 2857 1126 2887 fulsum.
1150 2858 1193 2880 Pro
1216 2857 1248 2881 ita

405 2896 475 2918 DEH
493 2895 561 2918 idem.
1069 2895 1078 2909 ⁸
1096 2897 1162 2919 Eccli.
1184 2898 1206 2924 i,
1229 2898 1247 2919 Ι.

467 2932 476 2945 ⁹
493 2935 517 2956 ln
534 2935 594 2956 Ioan.
613 2935 690 2957 homil.
710 2934 746 2957 49.
765 2935 828 2963 (alias
846 2935 890 2963 48.)
908 2943 930 2958 n.
948 2937 968 2958 2.

1376 217 1530 253 Respondet
1550 216 1763 253 Chrysostomus
1774 216 1794 250 ⁹,
1809 217 1883 253 quod
1898 217 2051 247 doctrinam
2066 226 2144 249 suam
2161 223 2218 248 neap.
2231 223 2247 244 ¹-

1297 263 1363 292 dicit
1391 271 1444 292 non
1473 271 1533 292 esse
1560 271 1576 292 a
1606 271 1636 292 se
1658 263 1814 297 inventam,
1845 263 1892 291 sed
1922 271 1939 292 a
1966 264 2045 293 Patre
2071 273 2143 301 esse,

1298 310 1372 339 unde
1393 318 1491 339 sensus
1512 313 1568 340 est:
1591 318 1652 339 mea
1672 310 1813 345 doctrina,
1828 310 1932 339 seilicet
1946 319 2030 348 quam
2051 311 2144 347 doceo,

1298 364 1353 386 non
1374 361 1416 385 est
1435 364 1512 391 mea,
1534 356 1581 385 sed
1596 364 1612 385 a
1626 357 1705 384 Patre
1723 359 1772 385 est.
1790 372 1825 376 —
1841 356 1872 385 Et
1894 356 1920 385 in
1942 356 1994 386 hoc
2015 358 2145 388 satisfacit
2162 362 2191 381 Ad
2204 363 2221 382 2-
2262 355 2263 358 ’

1299 403 1453 440 quaestioni
1475 411 1585 438 eorum,
1607 403 1740 432 mittendo
1761 411 1808 432 eos
1827 403 1862 432 ad
1884 403 2007 439 Patrem,
2029 407 2056 434 et
2070 405 2146 435 sedat

1299 458 1397 478 eorum
1417 450 1542 479 furorem
1563 458 1613 487 per
1635 450 1835 485 humilitatem;
1857 450 1932 480 unde
1951 460 2010 480 suo,
2024 453 2146 482 0101110-

1299 497 1404 531 ctrina,
1426 497 1492 534 quia
1522 500 1564 526 est
1596 497 1653 534 ipsa
1685 497 1819 534 sapientia
1840 505 1889 534 per
1916 499 2075 535 essentiam;
2098 501 2145 529 sed
2258 484 2292 550 ξ

1299 553 1358 573 non
1378 552 1466 572 suum
1487 552 1546 572 csse
1566 544 1686 579 dicebat,
1708 545 1773 582 quia
1793 544 1828 573 ab
1849 544 1903 573 alio
1923 546 2036 582 accepit.
2265 551 2296 584 ¹.»

1379 591 1430 620 Sed
1452 599 1539 628 quare
1560 599 1614 620 non
1637 591 1798 628 simpliciter
1818 592 1905 620 dixit:
1928 592 1981 630 Ego
2003 601 2065 622 sum
2087 593 2146 631 ipsa
2163 577 2271 639 (111101111ιῖ
2284 584 2294 601 ’“

2266 421 2270 435 t

2254 449 2255 452 .
2267 443 2270 452 1

1301 638 1449 675 sapientia,
1471 637 1517 667 sed
1540 637 1697 667 humiliavit
1718 641 1769 667 se?
2186 625 2203 639 ⁶¹
2217 623 2272 691 enm}

1379 684 1508 721 Quinque
1523 692 1620 713 causas
1634 685 1754 722 assignat
1768 685 1982 722 Chrysostomus
1995 687 2032 715 ¹⁰:
2047 687 2146 724 prima,
2164 690 2247 733 {iiiiii
2266 691 2272 730 1

1300 733 1332 759 ut
1352 731 1493 765 ostendat,
1516 738 1545 759 se
1566 739 1626 760 esse
1646 731 1681 760 ab
1708 732 1761 760 alio
1783 735 1810 761 et
1831 733 1944 768 Filium,
1966 741 2020 762 non
2043 733 2148 771 ingeni-

1302 781 1370 807 tum.
1393 794 1429 799 —-
1451 778 1591 812 Secunda,
1614 781 1645 806 ut
1666 779 1804 813 ostendat,
1820 788 1848 808 se
1864 788 1918 809 non
1939 789 1999 810 esse
2013 781 2070 811 Deo
2084 790 2148 811 con-

1302 824 1436 859 trarium,
1458 824 1530 853 sicut
1550 824 1607 853 erit
1617 825 1813 860 antichristus,
1829 826 1877 863 qui
1896 827 2045 856 extolletur
2059 837 2148 866 super

1302 881 1400 906 omne,
1415 872 1492 910 quod
1506 872 1617 900 dicitur
1640 873 1716 900 Deus
1729 873 1760 900 1¹.
1778 889 1814 894 -
1829 874 1934 908 Tertia,
1956 877 1988 903 ut
2007 875 2147 910 ostendat,

1302 926 1330 947 se
1351 926 1410 947 esse
1432 919 1572 947 hominem
1594 926 1700 947 verum.
1716 936 1754 939 —
1775 920 1892 956 Quarta,
1908 923 2022 958 propter
2036 922 2149 951 audien—

1302 965 1371 994 tium
1392 965 1616 994 imbecillitatem.
1639 982 1678 986 —--
1692 965 1809 1002 Quinta,
1824 966 1858 994 ad
1879 967 2034 996 docendum
2055 969 2149 998 humi-

1302 1012 1422 1047 litatem,
1444 1012 1524 1041 iuxta
1545 1012 1613 1041 illud
1641 1012 1675 1041 ad
1704 1013 1838 1042 Romanos
1863 1013 2009 1043 undecimo
2022 1015 2060 1043 ¹²³:
2082 1015 2150 1044 Noli
2274 1022 2296 1047 ’ἓ

1302 1059 1393 1088 (illum
1415 1068 1525 1096 sapere.
2293 1053 2296 1055 ⁵

1381 1106 1464 1135 Aliter
1486 1106 1685 1143 respondetur,
1707 1106 1781 1144 quod
1802 1106 1983 1136 contradictio
2001 1107 2053 1136 ista
2067 1108 2149 1137 solvi·
2167 1110 2216 1135 aas„
2234 1110 2245 1130 Ξ

1303 1156 1349 1182 101
1381 1153 1534 1182 secundum
1565 1153 1689 1190 regulam
1719 1154 1864 1191 Augustini
1877 1154 1909 1188 ¹³,
1931 1154 2088 1191 aspiciendo
2114 1156 2148 1185 ad

1302 1200 1440 1237 duplicem
1463 1203 1607 1235 naturam,
1630 1204 1661 1229 ut
1683 1201 1717 1229 sit
1745 1209 1858 1230 sensus:
1881 1209 1942 1230 mea
1962 1201 2087 1230 doctrina
2106 1203 2150 1231 'se-

1303 1247 1425 1276 cundum
1447 1247 1623 1276 Divinitatem
1645 1256 1699 1276 non
1728 1251 1769 1276 cst
1796 1256 1858 1276 mea
1878 1248 2030 1277 secundum
2052 1249 2151 1277 huma-

1303 1294 1425 1323 nitatem.
1449 1294 1517 1323 [llud
1544 1294 1646 1323 dicitur
1674 1299 1823 1329 nostrum,
1849 1295 1922 1332 quod
1954 1303 1970 1324 a
2001 1295 2080 1325 nobis
2110 1299 2152 1325 est

1303 1341 1486 1377 acquisitum,
1507 1343 1535 1369 et
1555 1341 1594 1369 sic
1615 1341 1746 1370 satisfacit
1766 1342 1928 1378 quaestioni.

1382 1388 1474 1416 Tertio
1495 1387 1577 1416 niodo
1608 1388 1638 1416 fit
1670 1388 1710 1417 vis
1739 1388 1765 1417 in
1795 1389 1847 1417 hoc
1868 1388 1943 1426 quod
1973 1391 2015 1418 est
2035 1397 2150 1423 meum;
2167 1391 2253 1416 111003-

2289 2655 2296 2672 Ὶ

2290 2708 2296 2726 Ι

2289 2731 2296 2815 i

1303 1443 1400 1463 meum
1421 1435 1494 1463 enim
1515 1435 1580 1463 dicit
1602 1435 1755 1464 libertatem
1772 1435 1926 1472 possidendi
1942 1438 1969 1465 et
1983 1436 2150 1474 principium

1304 1480 1438 1510 efficiendi
1452 1481 1483 1515 ¹⁴²,
1506 1484 1538 1510 ut
1558 1490 1630 1519 11901·
1660 1491 1751 1516 meus,
1775 1482 1845 1511 liber
1865 1491 1963 1517 meus,
1985 1491 2068 1520 quem
2089 1483 2149 1512 feci.

1303 1528 1355 1557 Sed
1376 1528 1428 1556 hoc
1450 1531 1539 1565 potest
1559 1528 1706 1566 dupliciter
1734 1529 1802 1559 dici:
1824 1530 1867 1558 vel
1898 1529 2085 1567 simpliciter,
2107 1531 2152 1560 vel
2167 1532 2263 1552 Di⁵²⁵ss⁰¹⁵⁰
2278 1558 2287 1568 ,Ἴ

1304 1575 1499 1610 discretioeffi,
1521 1576 1593 1604 sicut
1614 1579 1640 1604 et
1661 1576 1718 1605 mei
1737 1579 1764 1605 et
1786 1575 1865 1605 milii.
1888 1576 2064 1613 Simpliciter
2084 1585 2151 1615 ergo
2278 1570 2279 1573 ¹

1304 1622 1457 1659 loquendo,
1478 1622 1602 1651 doctrina
1624 1623 1670 1652 illa
1691 1627 1750 1652 erat
1775 1624 1890 1658 Christi,
1912 1624 1959 1661 qui
1982 1631 2042 1653 eam
2064 1624 2150 1654 libere

1303 1669 1460 1706 possidebat
1487 1672 1514 1698 et
1541 1670 1576 1698 ab
1604 1670 1663 1707 ipso
1694 1670 1728 1699 ad
1759 1671 1902 1700 audientes
1923 1671 2075 1700 emanabat.
2099 1671 2151 1701 Sed

1304 1724 1357 1744 non
1380 1719 1440 1745 erat
1459 1717 1611 1745 discretive
1632 1717 1732 1746 Christi
1755 1718 1855 1752 solius,
1884 1717 1949 1755 quia
1970 1721 1997 1746 et
2018 1718 2086 1747 haee
2107 1726 2152 1747 ea-

1303 1763 1366 1792 dem
1387 1766 1447 1792 erat
1470 1764 1585 1798 Patris,
1600 1767 1627 1793 et
1641 1764 1723 1793 etiam
1745 1765 1813 1794 haec
1834 1764 1927 1794 eadem
1943 1768 2036 1794 erata
2052 1766 2150 1794 Patre.

1304 1827 1343 1830 —
1357 1810 1405 1839 Vel
1416 1810 1500 1839 -aliter
1515 1811 1680 1848 respondeo:
1696 1814 1737 1840 est
1751 1812 1855 1849 triplex
1868 1820 1983 1840 metim:
1998 1821 2095 1841 meum
2110 1820 2152 1841 se·
2168 1814 2235 1834 Aliter.

1304 1857 1427 1886 cundum
1454 1861 1598 1886 naturam
1628 1858 1671 1887 vel
1699 1858 1850 1896 originem,
1872 1867 1967 1887 meum
1998 1859 2151 1888 secundum

1304 1904 1424 1933 divinam
1446 1908 1575 1934 naturam
1597 1906 1639 1934 vel
1662 1906 1829 1941 humanam,
1853 1914 1948 1934 meum
1966 1906 2150 1944 simpliciter,

1304 1952 1348 1980 vel
1369 1952 1528 1981 discretive.

2278 1655 2280 1666 1

2278 1671 2279 1686 i

2277 1716 2280 1725 ι

2278 1730 2282 1750 l

2278 1754 2282 1771 1

2278 1788 2283 1815 l

2278 1817 2281 1847 1

2278 1884 2279 1896 1

1336 2053 1393 2077 Pars
1410 2054 1509 2077 secunda.
1525 2054 1577 2083 agit
1594 2053 1620 2077 de
1637 2053 1753 2078 doetrinae
1770 2054 1971 2078 communicatione
1988 2054 2120 2085 dupliciter.

1384 2142 1429 2169 27.
1453 2140 1554 2169 Nonne
1574 2141 1685 2180 Moyses
1705 2141 1782 2170 (ledit
1803 2144 1853 2170 etc.
1877 2142 1946 2170 Haec
1968 2144 2009 2170 est
2031 2141 2152 2171 secunda

1304 2196 1385 2225 pars,
1407 2188 1434 2216 in
1456 2196 1512 2225 qua
1532 2187 1624 2225 agitur
1644 2188 1678 2216 de
1701 2188 1850 2216 doctrinae
1881 2188 2149 2217 communicatione.

1369 2349 1388 2363 ¹⁰
1404 2351 1458 2373 Leo.
1485 2351 1538 2373 cit.:
1564 2350 1610 2373 Cur
1634 2352 1712 2373 autem
1737 2350 1832 2372 humilia
1850 2350 1970 2378 loquatur,
1993 2349 2079 2371 multae
2099 2350 2153 2371 sunt

1305 2395 1401 2416 causae;
1418 2392 1486 2417 puta,
1504 2395 1533 2411 ne
1549 2389 1665 2417 ingenitus
1682 2391 1775 2417 putetur
1792 2394 1856 2415 esse,
1874 2394 1902 2410 ne
1921 2388 1969 2410 Deo
1992 2387 2152 2415 adversarius,

1305 2431 1330 2450 ut
1347 2434 1440 2450 carnem
1459 2428 1559 2450 induisse
1577 2428 1697 2456 credatur,
1709 2430 1733 2450 ut
1750 2427 1875 2450 infirmitati
1893 2427 2025 2450 auditorum
2037 2427 2153 2454 consulat,

1305 2470 1330 2490 ut
1346 2468 1483 2490 modestiam
1501 2467 1583 2489 sectari
1600 2470 1622 2489 et
1639 2467 1768 2489 iactantiam
1786 2468 1867 2494 sugere
1884 2467 1974 2489 doceat.

1368 2506 1386 2518 ¹¹
1405 2507 1475 2534 Epist.
1494 2507 1515 2528 ll.
1535 2507 1615 2529 Thess.
1633 2507 1660 2533 2,
1679 2506 1699 2528 4,

1369 2544 1388 2558 ¹²
1408 2547 1472 2567 Vers.
1489 2545 1526 2567 ⁴20.

1368 2583 1388 2597 ¹³
1406 2585 1427 2607 ln
1446 2585 1507 2607 loon.
1524 2585 1611 2612 Evuug.
1630 2587 1655 2606 tr.
1674 2585 1711 2607 29.
1729 2591 1751 2606 11,
1770 2584 1792 2607 3.
1811 2590 1876 2613 seqq.
1890 2596 1918 2600 —-
1931 2583 2025 2606 inferius
2042 2585 2094 2611 post
2109 2589 2154 2606 na-

1306 2626 1387 2647 turum
1405 2624 1442 2646 ed.
1459 2624 1552 2652 supplet
1568 2623 1593 2646 in
1611 2622 1710 2647 Christo.

1368 2662 1388 2675 ¹⁴
1405 2663 1449 2686 Csr.
1468 2664 1481 2685 l.
1499 2664 1561 2686 Sent.
1579 2663 1601 2686 d.
1618 2664 1656 2685 AS.
1674 2670 1697 2692 q.
1715 2663 1736 2685 6.
1754 2663 1776 2685 10
1794 2669 1872 2690 0011»,
1890 2662 1928 2684 ubi
1946 2662 2026 2684 similis
2038 2662 2152 2685 distinctio

1305 2703 1410 2730 affertur,
1428 2702 1475 2724 scil.
1490 2701 1647 2731 possessionis
1665 2705 1687 2724 et
1705 2701 1862 2725 causuli‘tutis.

1370 2739 1388 2753 ¹⁵
1407 2741 1465 2763 Vide
1483 2741 1538 2763 infra
1556 2741 1583 2769 8,
1601 2740 1642 2768 54,
1655 2740 1694 2763 ubi
1712 2741 1741 2763 de
1758 2741 1896 2768 pronomine
1908 2746 1950 2770 eqo
1962 2739 2092 2763 discretive.
2109 2739 2154 2761 Pri-

1306 2780 1390 2807 scian,
1406 2780 1454 2802 ΧΗ.
1471 2781 1596 2802 Grammat.
1614 2786 1633 2802 0.
1652 2781 1681 2802 ⁴2:
1699 2781 1725 2802 Et
1743 2779 1874 2807 possessiva
1891 2779 1987 2808 quidem
2005 2781 2073 2806 egent
2093 2778 2154 2800 adie-

1306 2819 1380 2841 ctione
1396 2819 1517 2841 nominum
1535 2819 1565 2841 1111
1582 2819 1673 2847 plenam
1691 2819 1895 2846 significationem,
1907 2817 2024 2846 primitiva
2036 2823 2092 2839 vero
2106 2823 2153 2839 non

1306 2864 1405 2885 semper.
1423 2858 1501 2886 ltaque
1518 2859 1644 2885 perfectum
1662 2858 1692 2880 ad
1709 2857 1871 2880 discretionem
1889 2860 1935 2879 est:
1949 2863 1993 2884 ego
2010 2856 2106 2885 quidem
2123 2856 2154 2877 as-

1307 2897 1351 2924 sui,
1370 2900 1392 2919 tu
1411 2899 1487 2919 autem
1504 2903 1550 2919 non
1569 2897 1662 2924 aderas3
1680 2897 1790 2919 deficiens
1806 2903 1862 2919 vero
1883 2899 1996 2925 quantum
2019 2895 2048 2918 ad
2071 2895 2154 2917 discre-

1307 2936 1404 2958 tionem:
1422 2936 1475 2958 affui
1492 2936 1599 2965 quidem,
1618 2942 1663 2958 non
1681 2936 1763 2958 aderas
1780 2938 1865 2958 autem.
