2296 3316
22 1781 107 1800 Tertium.

733 113 902 142 COMMENT.
925 114 958 143 IN
980 114 1125 144 IOANNEM
1146 115 1174 144 C.
1195 116 1260 145 VIII.

129 201 220 222 nonne
240 200 336 222 omnes
350 191 479 221 morituri
494 193 574 220 erant
588 193 618 219 »?
632 190 674 219 Ob
688 191 760 220 hanc
774 191 975 220 dubitationem

129 240 206 278 ponit
225 240 359 269 Dominus
379 247 446 268 suae
460 237 679 268 comminationis
693 238 931 274 explanationem;
947 240 975 267 et

127 290 183 319 duo
203 288 329 321 dixerat,
350 286 411 315 ideo
424 285 480 314 duo
494 285 645 322 explanat:
654 285 745 321 primo
758 284 827 313 iilud
841 285 916 321 quod
933 285 974 313 di-

128 337 221 364 xerat:
239 334 301 369 Quo
315 341 366 370 090
379 332 469 366 vado,
490 340 541 360 vos
561 340 620 360 non
638 331 755 368 potestis
776 331 881 359 venire.
904 332 974 368 Quia

128 381 201 411 enim
215 381 268 409 hoc
288 379 400 408 dixerat
409 378 443 407 de
454 378 545 407 eundo
556 378 590 406 ad
605 378 712 406 Patrem
727 385 777 414 per
791 378 924 415 gloriam,
939 379 973 407 ad

128 435 212 466 quam
233 435 287 455 non
302 428 413 463 possent
427 424 610 454 conscendere
624 427 798 461 peccatores;
819 424 880 454 ideo
894 425 972 454 dicit:

206 473 252 502 332
275 472 363 509 (Vers.
386 471 454 507 23).
478 472 512 500 Et
541 471 653 500 dicebat
673 471 730 499 eis:
759 471 812 500 Vos
832 471 866 500 de
890 472 973 500 deor-

127 528 194 550 sum
214 519 299 553 estis,·
319 526 406 556 supra
419 518 501 547 tertio
513 519 535 546 ¹:
554 529 569 543 α
583 518 636 554 Qui
656 517 691 546 de
703 520 780 546 terra
793 520 835 546 est
849 518 883 546 de
896 520 973 547 terra

127 566 251 604 loquitur
263 577 290 600 »3
312 574 362 603 eyo
384 567 482 593 autem
502 564 537 592 de
555 564 693 601 supernis
706 572 790 598 sum,
805 566 832 592 et
846 563 908 593 ideo
921 572 972 601 ego

127 621 240 644 sursum
260 612 345 647 vado;
367 614 394 641 et
414 614 561 649 propterea
582 619 638 649 quo
658 619 708 649 090
728 611 822 645 vado,
843 619 894 639 vos
913 620 972 640 ncm

123 660 242 700 potestis
267 659 383 692 venire;
414 658 494 695 quia,
526 658 598 686 sicut
628 657 731 686 dicitur
762 665 848 695 supra
873 658 970 693 tertio,

131 719 145 734 ιι
159 715 241 736 nemo
265 705 387 735 ascendit
414 705 443 733 in
464 704 586 739 caelum,
615 704 667 733 nisi
694 704 742 741 qui
770 704 910 733 descendit
937 704 972 733 de

127 753 202 783 caelo
215 763 243 787 1>;
274 752 336 781 ideo
363 759 412 780 vos
439 751 616 785 descenditis,
645 759 696 788 ego
723 754 816 780 autem
843 751 970 780 ascendo.

127 800 248 829 Rursus:
269 799 323 827 Vos
337 798 405 827 estis
424 797 458 826 de
479 797 531 826 hoc
551 798 678 832 mundo,
700 798 766 835 quia
780 798 846 827 huic
867 798 971 826 mundo

126 845 282 875 adhaeretis
309 852 359 881 per
379 851 518 879 amorem;
540 852 590 881 eqo
618 844 739 872 autem*
760 852 818 872 non
849 852 916 872 sum
937 844 971 872 de

126 892 178 922 lzoc
205 892 328 926 mundo,
356 891 418 921 ideo
445 899 495 928 ego
522 891 650 928 relinquo
674 899 723 919 vos
746 891 774 919 in
803 891 922 925 mundo,
944 894 971 919 et

131 951 145 966 α
159 948 214 977 quo
235 939 319 974 vado,
340 946 390 968 vos
410 946 465 967 non
490 937 605 975 potestis
635 937 731 966 venire
745 948 777 971 »3
799 937 871 965 infra
898 937 971 966 deci-

125 995 172 1016 mo
199 989 292 1015 sexto:
319 985 426 1014 «Exivi
457 992 474 1013 a
504 984 584 1013 Patre
610 986 638 1012 et
668 984 730 1012 veni
758 984 786 1012 in
817 984 970 1019 mundum;

125 1033 227 1062 iterum
248 1032 377 1068 relinquo
396 1031 533 1059 mundum
554 1033 582 1059 et
609 1030 679 1059 vado
699 1030 733 1058 ad
754 1030 864 1059 Patrem
879 1043 905 1059 ».
928 1031 971 1060 Sic

125 1079 256 1116 explanat
276 1078 351 1115 quod
371 1077 495 1106 dixerat:
518 1078 581 1113 Quo
611 1085 662 1114 690
683 1077 774 1110 vado;
795 1076 848 1105 hoc
870 1077 970 1106 Intelli-

125 1125 245 1163 gendum
277 1127 319 1153 est
346 1132 396 1161 per
429 1124 579 1158 virtutem,
604 1131 659 1151 non
690 1130 740 1160 per
771 1123 969 1152 infirmitatem.

125 1171 245 1208 Exponit
265 1171 347 1200 etiam
368 1170 443 1207 quod
463 1169 574 1199 dixitss:
597 1170 631 1198 ln
653 1173 771 1207 peccato
791 1173 886 1198 vestro
910 1178 971 1198 mo-

125 1217 261 1251 riemini,·
282 1217 355 1246 unde
377 1216 451 1245 istud
472 1216 602 1253 replicat,
624 1218 656 1245 ut
675 1216 811 1252 explicet:

204 1264 250 1293 34.
273 1263 361 1300 (Vers.
378 1263 445 1299 24).
464 1263 534 1291 Dixi
546 1271 615 1300 erqo
629 1262 725 1296 vobis,
747 1263 825 1300 quod
835 1263 847 1279 4
865 1263 970 1291 morie-

124 1310 199 1340 mini
218 1311 250 1338 in
267 1309 394 1347 peccatis
421 1309 542 1343 vestris,
563 1311 591 1337 et
611 1308 746 1345 explano,
769 1309 908 1345 quomodo
929 1309 970 1337 in-

125 1358 225 1395 telligo.
248 1357 281 1386 Si
300 1356 377 1385 enim
397 1364 456 1384 non
483 1355 682 1390 credideritis,
710 1355 782 1394 quia
809 1364 859 1393 690
885 1365 969 1391 sum,

124 1404 292 1434 moriemini
312 1403 344 1432 in
361 1406 478 1440 peceato
499 1407 601 1431 vestro.
624 1403 650 1431 Si
672 1405 765 1431 autem
781 1402 970 1437 credideritis,

125 1460 180 1480 non
200 1451 372 1485 moriemini,
394 1450 430 1478 ab
450 1450 588 1488 oppositis
602 1452 644 1478 est
657 1449 880 1486 intelligendum;
896 1450 970 1478 unde

124 1497 333 1536 Augustinus52
361 1509 374 1522 «
393 1494 505 1526 Reddita
525 1499 567 1525 est
587 1504 650 1534 spes
670 1496 897 1533 desperantibus,
920 1505 970 1525 ex-

125 1544 217 1574 citatio
237 1544 309 1573 facta
329 1546 370 1572 est
390 1543 591 1572 dormientibus
608 1553 636 1577 »;
658 1550 744 1579 supra
767 1543 862 1571 tertio:
888 1554 902 1568 «
917 1543 970 1579 Qui

124 1590 285 1620 incredulus
310 1592 351 1619 est
376 1590 441 1618 Filio
468 1597 524 1618 non
544 1589 627 1618 habet
648 1589 748 1623 vitam,
777 1589 825 1618 sed
852 1589 894 1617 ira
921 1589 968 1618 Dei

125 1640 217 1666 manet
243 1645 328 1673 super
355 1644 438 1670 eum;
460 1636 508 1673 qui
529 1638 623 1665 autem
644 1635 732 1664 credit
752 1636 781 1664 in
802 1636 899 1664 Filium
920 1636 969 1664 Dei

125 1684 209 1713 habet
229 1684 311 1712 vitam
333 1686 474 1712 aeternam
489 1694 515 1710 ».
537 1682 592 1711 Hoc
613 1676 786 1719 pr6mIserat.

203 1730 249 1759 35.
272 1730 360 1767 (Vers.
383 1729 450 1765 25).
474 1728 614 1757 Dicebant
626 1737 694 1766 erqo
709 1731 759 1758 etc.
775 1729 909 1766 Tangitur
924 1729 969 1758 hic

124 1777 254 1810 tertium,
275 1776 379 1804 scilicet
399 1775 553 1812 explicatio
577 1775 768 1803 credibilium.
797 1775 867 1811 Quia
895 1775 969 1804 euim

124 1822 365 1852 comminationem
386 1829 465 1851 suam
480 1824 663 1858 exposuerat,
679 1821 754 1859 quod
768 1822 826 1851 sine
841 1821 895 1850 tide
909 1822 969 1851 eius

125 1869 218 1898 nullus
239 1871 347 1906 poterat
360 1868 472 1897 liberari
494 1877 511 1897 a
530 1871 635 1903 morte,
650 1868 758 1903 dicens,
774 1869 848 1906 quod
862 1869 890 1897 in
905 1877 969 1906 pec-

124 1919 185 1945 cato
199 1918 290 1944 essent
303 1915 448 1949 morituri,
463 1915 515 1944 nisi
530 1915 684 1949 crederent,
699 1915 771 1953 quia
785 1923 834 1952 090
848 1924 916 1944 sum
931 1932 967 1937 —

124 1963 177 1991 hoc
188 1962 299 1999 quidem
310 1962 441 1998 implicite
455 1961 565 1990 dixerat
575 1978 614 1982 —
624 1961 685 1990 ideo
696 1961 707 1978 θ
722 1964 862 1998 quaerunt
876 1962 967 1991 Iudaei

124 2009 258 2046 explicari
286 2011 313 2037 et
341 2008 368 2036 in
396 2008 450 2037 fide
470 2008 571 2037 doceri.
594 2009 742 2045 Propterea
762 2008 895 2037 dicebant
922 2009 967 2037 ei:

131 2056 173 2084 Tu
195 2055 260 2093 quis
281 2055 333 2083 cs?
358 2063 394 2083 ex
416 2063 471 2092 quo
492 2055 592 2084 salvari
613 2063 667 2084 non
688 2063 851 2092 possumus,
873 2056 925 2084 uisi
939 2055 968 2084 in

186 2229 194 2242 ¹
212 2230 277 2253 Vers.
296 2231 336 2258 3l;
354 2230 410 2253 ibid.
433 2237 457 2253 v.
480 2231 516 2253 13.
540 2231 637 2253 babetur
662 2237 710 2260 seq.
733 2232 806 2254 locus.
821 2243 852 2248 —
871 2232 968 2259 Vulgata

124 2272 176 2298 post
192 2275 235 2299 eqo
252 2269 335 2292 omittit
350 2271 437 2293 autem.

186 2307 195 2320 ²
212 2309 235 2330 In
254 2309 350 2336 Vulgata
367 2308 432 2331 deest
448 2310 535 2332 autem.
552 2321 583 2326 —
600 2309 732 2337 Sequuntur
753 2309 814 2331 Ioan.
838 2310 863 2337 8,
886 2310 924 2331 22.
946 2312 968 2331 et

125 2347 167 2374 116,
185 2347 223 2369 28.
240 2346 285 2370 Cir.
302 2347 371 2369 etiam
388 2353 458 2375 supra
475 2347 497 2375 7,
514 2347 537 2369 7.

186 2384 195 2397 ³
213 2385 287 2413 Supra
306 2393 329 2408 v.
346 2387 383 2408 21.

185 2424 195 2437 ‘¹
212 2426 309 2453 Vulgata
322 2425 386 2455 quia.
398 2438 428 2442 —
441 2425 543 2448 Subinde
552 2432 595 2454 pro
604 2425 719 2449 Siautem
733 2425 890 2455 credideritis,
903 2427 967 2455 quod

123 2463 209 2486 habent
224 2463 307 2492 CEN,
325 2464 360 2486 alii
377 2464 405 2488 Si
420 2464 482 2487 enim
499 2463 533 2494 [B
550 2470 617 2492 vero,
635 2465 671 2487 ed.
688 2464 757 2494 erqo]
775 2465 930 2488 credideritis.

187 2501 196 2513 ⁶
213 2502 236 2524 In
253 2503 313 2525 Ioan.
331 2503 419 2531 Evang.
433 2505 460 2525 tr.
477 2503 514 2525 38.
533 2509 556 2525 n.
571 2502 595 2525 7.
610 2515 641 2520 —-
658 2503 761 2526 Subinde
778 2504 889 2532 allegatur
905 2504 965 2526 loan.

125 2541 150 2569 3,
168 2541 207 2563 36.

185 2577 195 2591 ὅ
212 2579 260 2608 Ed,
285 2579 363 2602 verbis
387 2580 547 2608 transpositis:
569 2579 619 2603 ideo
645 2580 687 2603 hos
712 2580 775 2609 quod
799 2580 831 2603 eis
855 2580 966 2610 implicite

124 2616 228 2640 diverat.

186 2654 194 2667 ⁷
213 2657 279 2679 Vers.
297 2657 334 2679 49.

186 2693 195 2706 Β
213 2696 278 2718 Vers.
296 2696 333 2718 27.

186 2732 195 2745 '³
212 2734 279 2756 Vers.
296 2735 321 2762 43
338 2733 394 2756 ibid.
411 2741 433 2757 v.
452 2735 473 2757 3.
490 2736 524 2757 est
540 2740 588 2763 seq.
606 2735 678 2758 locus.

186 2770 205 2783 ¹⁰
222 2773 287 2795 Vers.
306 2773 328 2794 2.
339 2785 369 2789 —
381 2773 432 2795 Duo
449 2779 514 2802 seqq.
532 2773 576 2795 loci
592 2775 645 2796 sunt
661 2774 724 2796 ioan.
743 2774 768 2801 4,
785 2774 823 2796 26.
840 2776 862 2797 et
879 2774 905 2803 9,
923 2774 965 2796 37:

124 2810 167 2838 Qui
185 2811 285 2839 loquitur
302 2814 391 2839 tecum,
408 2812 458 2839 ipse
474 2814 515 2834 est.

186 2847 204 2861 ¹¹
222 2849 300 2872 Plures
311 2850 388 2877 codd.,
400 2853 425 2872 ut
441 2851 459 2872 G
469 2851 487 2872 H
497 2851 504 2872 Ι
514 2851 532 2872 K
543 2851 559 2872 L
569 2851 600 2877 Μ,
613 2852 634 2872 et
647 2851 764 2873 Gorranus
781 2850 965 2881 informationis.

186 2886 205 2899 ²²
222 2888 265 2910 Pro
282 2887 320 2916 de,
338 2889 402 2917 quod
419 2888 514 2917 praebet
531 2888 547 2911 C
565 2889 676 2918 quodque
693 2890 729 2912 ed.
742 2890 836 2918 omittit,
848 2890 885 2912 alii
896 2890 965 2912 codd.

216 2932 243 2956 S.
260 2933 349 2956 Bonav.
360 2946 391 2950 —
403 2934 470 2956 Tom.
488 2934 526 2956 VI.

1816 117 1868 147 361

1031 194 1058 221 te
1084 193 1238 223 credamus.
1267 193 1397 223 Similiter
1424 195 1594 231 quaerebant
1620 203 1636 223 a
1663 195 1762 224 Ioanne
1789 203 1874 232 supra

1024 239 1122 275 'primo
1133 240 1144 257 ⁷
1157 250 1163 267 :
1189 251 1203 265 α
1217 241 1259 268 Tu
1273 241 1336 277 quis
1350 249 1379 270 es
1393 244 1425 270 »Ἰ
1447 242 1478 270 Et
1498 242 1625 278 sequitur
1639 242 1781 279 responsio
1794 242 1873 271 Chri—

1030 285 1080 319 511,
1102 294 1158 323 qua
1178 287 1291 316 instruit
1312 288 1439 323 Iudaeos,
1461 288 1574 317 credere
1595 288 1622 317 in
1644 296 1673 317 se
1693 289 1783 326 primo
1801 297 1873 326 quae
1889 293 1976 336 1332&
1978 298 2019 335 fg:

1030 331 1182 368 respiciunt
1211 335 1368 362 creaturam
1395 341 1446 370 per
1473 334 1563 371 ipsum
1594 334 1712 369 factam:
1740 335 1873 370 secundo,
1890 342 1957 358 turam-

1030 385 1101 414 quae
1115 378 1268 415 respiciunt
1282 379 1369 408 Patris
1382 388 1527 416 personam
1536 403 1543 414 ,
1559 380 1596 408 ibi
1608 380 1634 408 ⁸:
1651 381 1687 409 Et
1700 389 1758 409 non
1772 389 1874 419 00900-

1029 429 1141 452 verunt.
1156 440 1194 446 —
1207 425 1297 454 Primo
1318 434 1438 463 namque
1460 429 1501 456 est
1521 430 1652 461 crea-tom
1670 430 1784 464 propter
1799 428 1873 464 quod
1890 433 1922 451 Est
1937 436 2016 452 creator·

1029 470 1085 499 ait:
1110 471 1191 500 Dixit
1211 472 1251 500 eis
1272 472 1373 501 Iesus:
1395 473 1600 511 Principium,
1622 473 1649 502 id
1670 476 1727 508 est,
1745 482 1795 511 ego
1810 482 1873 503 sum

1028 517 1196 554 principium
1219 525 1330 553 creans;
1351 519 1418 556 quia
1432 519 1524 548 omnia
1538 527 1587 557 per
1601 520 1692 556 ipsum
1707 524 1874 557 acceperunt

1028 571 1103 598 esse,
1129 564 1202 593 sicut
1227 564 1332 593 dictum
1352 568 1395 594 est
1414 574 1500 603 supra
1520 566 1610 603 primo
1630 566 1749 603 capitulo
1761 567 1790 595 ⁹:
1817 579 1830 593 «
1844 568 1873 596 In

1028 610 1164 648 principio
1191 614 1251 640 erat
1276 611 1399 641 Verbum
1413 624 1441 646 n,
1469 616 1497 641 et
1522 621 1642 642 rursus:
1672 625 1685 639 «
1699 613 1797 642 Omnia
1823 622 1873 651 per

1028 657 1120 694 ipsum
1135 657 1206 686 facta
1226 660 1332 686 sunt».
1355 674 1392 679 —
1415 659 1460 688 Est
1480 659 1562 688 etiam
1582 660 1700 693 doctam
1720 660 1772 698 qui
1790 664 1816 688 et
1834 660 1872 689 lo-
1889 665 1921 684 Est
1933 665 2003 684 doctor-

1028 710 1104 742 quor
1123 703 1204 732 vobis
1214 715 1225 737 ;
1238 704 1273 733 ad
1288 704 1424 734 Hebraeos
1444 705 1534 742 primo
1546 706 1584 734 ¹⁰:
1603 717 1617 731 α
1632 706 1782 735 Novissime
1797 707 1872 736 locu-

1028 752 1074 779 tus
1094 753 1136 779 est
1156 750 1235 780 nobis
1249 751 1276 779 in
1291 751 1371 786 Filio,
1394 760 1476 789 quem
1497 753 1640 781 constituit
1660 753 1788 782 heredem
1811 755 1872 782 uni-

1017 805 1190 832 ·versorum,
1211 805 1261 834 per
1281 805 1365 835 quem
1386 798 1450 827 fecit
1463 801 1491 828 et
1504 799 1613 828 saecula
1626 811 1653 827 ».
1676 800 1806 829 Similiter
1820 800 1873 829 Do-

1027 844 1120 873 minus
1134 844 1276 880 respondit
1297 844 1482 874 Samaritanae
1503 846 1666 882 quaerenti:
1693 857 1706 871 «
1721 846 1775 883 Ego
1796 854 1871 881 sum,

1028 891 1076 928 qui
1104 891 1204 928 loquor
1231 893 1323 920 tecum
1344 902 1371 926 1›;
1400 895 1427 920 et
1455 900 1551 927 caeco,
1573 893 1644 921 infra
1665 901 1745 921 nono.
1767 910 1806 914 η
1827 894 1872 922 Est
1889 897 1921 916 Est
1934 898 1997 917 iudex-

1028 937 1110 966 etiam
1130 937 1235 972 iudex,
1251 938 1378 975 quamvis
1392 947 1466 967 nunc
1480 947 1535 967 non
1557 939 1688 976 loquatur
1709 940 1794 968 verba
1808 947 1872 968 con-

1027 984 1225 1018 demnationis,
1253 984 1300 1013 sed
1328 985 1552 1014 instructionis²l
1573 988 1601 1014 et
1621 986 1778 1015 vocationis.
1808 987 1871 1015 Pro—

1028 1034 1123 1068 pterea
1142 1031 1226 1060 dIcit:

1107 1077 1152 1106 36.
1175 1077 1264 1113 (Vers.
1287 1078 1354 1114 26).
1383 1078 1476 1107 Multa
1503 1077 1591 1107 habeo
1619 1079 1653 1108 de
1673 1079 1753 1107 vobis
1774 1079 1853 1118 loqui
1861 1091 1872 1114 ,-

1028 1123 1110 1158 de12,
1132 1124 1159 1152 id
1180 1127 1221 1152 est
1239 1127 1336 1153 contra
1356 1132 1420 1159 vos,
1442 1129 1468 1153 et
1487 1125 1638 1160 iudicare,
1660 1134 1731 1163 quae
1752 1135 1806 1155 non
1828 1134 1871 1156 re-

1027 1170 1179 1199 manebunt
1199 1171 1367 1205 indiscussa,
1389 1179 1444 1200 non
1471 1172 1506 1200 ob
1533 1172 1680 1207 malitiam,
1706 1173 1753 1201 sed
1773 1173 1808 1202 ob
1829 1174 1872 1202 iu-

1028 1217 1139 1245 stitiam.
1166 1217 1222 1245 Sed
1248 1217 1301 1255 qui
1319 1218 1399 1246 misit
1419 1226 1463 1246 me
1483 1226 1575 1246 veram
1595 1222 1651 1252 est,
1673 1222 1697 1247 et
1721 1228 1770 1256 090
1798 1228 1872 1258 quae

1028 1264 1133 1292 audivi
1152 1263 1189 1292 ab
1211 1272 1257 1298 eo,
1286 1263 1356 1292 haec
1377 1264 1478 1302 loquor
1498 1265 1529 1293 in
1550 1266 1680 1299 mundo;
1701 1269 1728 1294 et
1749 1266 1809 1295 ideo
1830 1267 1872 1295 iu-

1027 1310 1088 1339 dico
1103 1310 1256 1345 veraciter3
1272 1318 1358 1347 supra
1371 1311 1469 1347 quinto
1481 1311 1520 1339 ¹³:
1541 1323 1554 1336 «
1568 1311 1644 1340 Sicut
1658 1312 1755 1347 audio,
1770 1313 1870 1348 iudico,

1028 1360 1055 1386 et
1076 1357 1209 1385 iudicium
1230 1365 1324 1385 meum
1346 1357 1452 1385 iustum
1473 1360 1532 1392 est;
1554 1358 1619 1394 quia
1639 1366 1694 1386 non
1709 1367 1813 1396 quaero
1824 1368 1872 1388 vo-

1027 1404 1162 1432 luntatem
1190 1411 1296 1437 meam,
1318 1403 1366 1432 sed
1390 1404 1450 1432 eius
1477 1404 1525 1441 qui
1553 1404 1627 1433 misit
1648 1413 1692 1433 me
1706 1416 1732 1433 »,
1755 1405 1787 1433 Et
1807 1406 1872 1442 quia

1027 1458 1056 1478 se
1078 1450 1262 1478 manifestavit
1282 1450 1310 1478 in
1332 1450 1536 1486 comparatione
1557 1450 1591 1479 ad
1612 1455 1799 1486 creaturam,
1814 1460 1871 1480 ma·
1885 1454 2017 1497 S‘fflffiggz

1027 1496 1136 1525 nifestat
1163 1504 1192 1525 se
1220 1496 1247 1524 in
1276 1496 1479 1533 comparatione
1506 1497 1539 1525 ad
1568 1497 1672 1526 Patris
1698 1507 1871 1535 personam,
1900 1504 1954 1520 trem.

1027 1551 1111 1580 quam
1132 1542 1224 1571 Iudaei
1244 1543 1397 1579 intelligere
1418 1551 1473 1571 non
1494 1546 1639 1580 poterant;
1662 1544 1722 1573 ideo
1742 1545 1822 1574 dicit:

1106 1589 1151 1618 37.
1174 1589 1263 1626 (Vers.
1287 1590 1354 1625 27).
1378 1590 1412 1617 Et
1426 1597 1484 1617 non
1499 1594 1703 1627 cognoverunt,
1725 1591 1797 1629 quia
1811 1592 1871 1620 Pa-

1026 1640 1099 1665 trem
1120 1636 1184 1664 eius
1205 1635 1317 1664 dicebat
1339 1636 1452 1669 Deum,·
1472 1639 1500 1665 et
1520 1636 1585 1673 quia
1606 1645 1660 1665 non
1682 1638 1809 1667 valebant
1830 1639 1870 1667 in-

1026 1683 1149 1720 telligere
1176 1683 1348 1711 altitudinem
1377 1683 1576 1720 generationis,
1597 1684 1681 1712 mittit
1701 1692 1747 1713 eos
1768 1685 1801 1713 ad
1828 1686 1869 1714 in—

1025 1730 1183 1759 firmitatem
1205 1730 1354 1766 passionis,
1375 1737 1439 1758 cum
1459 1730 1543 1758 dicit:

1105 1776 1150 1804 38.
1177 1776 1265 1812 (Vers.
1294 1776 1362 1812 28).
1392 1776 1474 1805 Dixit
1500 1785 1568 1813 erqo
1595 1777 1635 1805 eis
1663 1777 1765 1806 Iesus-.-
1795 1778 1869 1807 Cum

1025 1822 1223 1851 exaltaveritis
1244 1822 1355 1851 Filium
1377 1821 1518 1857 hominis,
1541 1823 1643 1852 scilicet
1664 1823 1692 1852 in
1713 1832 1812 1859 cruce3
1827 1825 1868 1853 in-

1025 1869 1068 1897 fra
1082 1868 1244 1897 duodecimo
1257 1869 1297 1897 ¹4:
1317 1880 1331 1894 (ε
1342 1869 1374 1897 Et
1388 1877 1446 1906 ego,
1462 1869 1484 1898 si
1499 1870 1636 1899 exaltatus
1654 1870 1733 1899 fuero
1747 1879 1763 1899 a
1778 1874 1867 1905 terra,

1025 1915 1117 1943 omnia
1137 1915 1245 1943 traham
1260 1915 1294 1943 ad
1308 1923 1352 1944 me
1366 1916 1458 1952 ipsum
1472 1926 1499 1950 »3
1516 1919 1584 1944 tune
1598 1918 1780 1954 cognoscetis,
1796 1919 1868 1955 quid

1025 1971 1075 1999 (390
1089 1971 1171 1996 sum,
1187 1962 1290 1990 scilicet
1303 1962 1431 1991 distincta
1444 1963 1472 1990 in
1487 1963 1620 1992 Trinitate
1641 1971 1773 2000 persona3
1789 1972 1867 1998 ecce,

1021 2008 1187 2046 personalis
1207 2009 1374 2042 distinctio;
1397 2009 1482 2037 Exodi
1504 2010 1603 2037 tertio:
1631 2021 1644 2034 «
1660 2010 1713 2046 Ego
1728 2018 1804 2044 sum,
1820 2011 1879 2047 qui-

1025 2064 1087 2084 sum
1102 2068 1128 2083 ».
1152 2056 1186 2084 Et
1208 2064 1227 2084 a
1247 2064 1291 2083 me
1312 2056 1374 2092 ipso
1401 2054 1481 2092 faeie
1508 2055 1598 2089 nihil,
1627 2056 1729 2084 scilicet
1750 2057 1802 2085 hoc
1824 2064 1867 2085 co-

1025 2234 1047 2254 et
1063 2232 1180 2254 Gorranus
1203 2231 1336 2255 iudicando.
1354 2231 1394 2253 Ed.
1411 2234 1464 2259 post
1481 2234 1564 2254 contra
1582 2236 1622 2254 vos
1639 2231 1703 2253 addit
1719 2231 1742 2254 si
1755 2236 1803 2254 non
1821 2237 1868 2254 cre-

1025 2270 1143 2298 dideritis,
1163 2273 1185 2292 et
1201 2273 1253 2298 post
1275 2269 1408 2293 indiscussa
1425 2270 1457 2292 sic
1474 2270 1634 2298 prosequitur:
1651 2269 1683 2292 ad
1699 2269 1817 2292 malitiam
1834 2276 1869 2293 ve-

1024 2311 1101 2333 stram
1123 2308 1269 2338 puniendum
1296 2310 1318 2331 ct
1341 2308 1373 2331 ad
1396 2314 1474 2331 metim
1496 2308 1611 2331 iustitiam
1634 2308 1808 2331 ostendendam.
1825 2309 1867 2331 Vel

1024 2349 1095 2370 multa
1113 2348 1187 2370 habeo
1204 2348 1266 2376 loqui
1283 2347 1351 2370 vobis
1368 2350 1390 2369 et
1406 2347 1520 2374 iudicare,
1532 2347 1556 2370 id
1567 2349 1601 2370 est
1617 2346 1699 2370 docere
1715 2347 1747 2370 (ld
1764 2349 1868 2370 vestram

1023 2387 1161 2415 utilitatem,
1179 2386 1201 2409 si
1216 2386 1361 2409 credideritis
1379 2385 1517 2415 [secundum
1534 2386 1637 2408 Glossam
1655 2386 1814 2415 ordinariam}
1826 2387 1867 2409 Ec-

1023 2425 1144 2449 clesiastae
1161 2431 1223 2448 nono
1242 2424 1273 2453 [v.
1291 2424 1339 2453 2.]:
1357 2424 1437 2446 Omnia
1461 2424 1482 2446 in
1506 2426 1607 2446 futurum
1633 2427 1755 2446 servantur
1773 2425 1867 2447 incerta.

1024 2465 1052 2487 El
1069 2464 1108 2487 Iob
1126 2464 1246 2493 triqesimo
1263 2464 1348 2493 quarto
1366 2462 1400 2492 [v.
1420 2462 1484 2492 42.]:
1503 2463 1564 2485 Deus
1580 2469 1624 2485 non
1641 2463 1805 2485 condemnabit
1824 2464 1867 2485 sru-

1022 2506 1080 2531 stra,
1093 2508 1135 2525 nec
1146 2503 1296 2530 Omnipotens
1313 2501 1431 2524 subvertet
1448 2501 1567 2524 iudicium.
1578 2514 1608 2518 —
1624 2501 1777 2529 Adiungimus
1793 2502 1866 2524 verba

1022 2541 1085 2563 card.
1103 2541 1170 2568 Hug„
1188 2541 1209 2562 in
1233 2542 1293 2562 bunc
1315 2541 1407 2562 locum:
1426 2539 1501 2562 Multa
1523 2539 1595 2562 habeo
1617 2539 1644 2562 de
1666 2539 1729 2562 vobis·
1748 2539 1823 2569 loqui,
1844 2540 1866 2562 id

1023 2583 1069 2607 est,
1086 2579 1160 2602 habeo
1177 2580 1199 2601 in
1217 2580 1294 2601 multis
1318 2585 1440 2605 accusare,
1457 2580 1478 2601 et
1494 2577 1610 2606 iudicare,
1629 2578 1651 2600 id
1669 2581 1714 2605 est,
1738 2579 1766 2601 de
1789 2579 1867 2600 multis

1024 2619 1098 2641 habeo
1120 2625 1162 2641 vos
1184 2619 1274 2646 punire.
1296 2618 1370 2646 Aliqui
1392 2617 1477 2640 nabent
1501 2616 1577 2640 multa
1602 2617 1673 2640 habeo
1699 2616 1763 2640 vobis·
1789 2617 1865 2646 loqui,

1023 2657 1088 2686 quasi
1105 2657 1187 2685 loquor
1205 2656 1283 2684 vobis;
1301 2659 1322 2678 et
1339 2655 1415 2678 multa
1433 2655 1504 2678 liabeo
1523 2655 1589 2684 loqui
1603 2655 1679 2682 cobis,
1698 2655 1721 2677 id
1738 2658 1772 2677 est
1789 2655 1819 2676 ad
1836 2655 1867 2676 in-

1023 2696 1171 2718 structionem
1193 2698 1294 2717 vestram
1317 2697 1339 2716 et
1361 2695 1492 2721 utilitatem,
1510 2693 1527 2715 si
1545 2694 1675 2720 volueritis,
1693 2694 1714 2715 in
1737 2693 1865 2721 praesenti;

1023 2736 1044 2757 et
1060 2733 1177 2762 iudica-re„
1194 2734 1218 2756 in
1236 2735 1322 2759 futuro,
1340 2733 1362 2755 id
1386 2735 1419 2755 est
1441 2733 1608 2761 condemnare,
1627 2733 1646 2754 si
1663 2738 1709 2754 non
1731 2732 1866 2760 poenitueri-

1023 2773 1063 2800 tis,
1081 2773 1146 2801 quasi
1164 2773 1264 2794 diceret:
1283 2772 1363 2794 doctor
1380 2778 1430 2793 suin
1449 2774 1470 2793 et
1488 2771 1563 2793 iudex.

1086 2810 1105 2823 ¹³
1124 2813 1189 2834 Vers.
1209 2812 1246 2833 30.

1086 2849 1105 2862 ¹⁴
1123 2851 1187 2872 Vers.
1206 2851 1242 2872 32.
1260 2862 1291 2866 —
1309 2850 1416 2878 Sequitur
1437 2849 1507 2872 Exod.
1525 2850 1551 2878 3,
1569 2849 1606 2871 14.
1628 2848 1673 2872 Csr.
1691 2850 1705 2871 1.
1725 2850 1786 2871 Sent.
1804 2849 1826 2871 d.
1844 2849 1865 2870 2.

1023 2889 1078 2912 dub.
1099 2889 1120 2911 4.

1742 2933 1770 2955 46
