2296 3316
258 1046 351 1073 Iustorum

260 1074 350 1088 raemiurn

246 1075 322 1117 guplex.

255 1233 282 1252 De
295 1233 363 1257 primo.

233 2312 262 2332 De
272 2312 361 2332 secundo.

292 2359 362 2378 Aurea.

380 168 436 196 142

377 245 449 282 spui
461 247 604 281 comparat
618 244 758 273 hominem
773 244 800 272 in
822 244 874 272 hac
888 244 944 272 vita
958 243 1138 278 existentem,
1160 243 1226 285 quia

378 291 517 328 peregrini
545 293 573 319 et
600 290 722 327 hospites
750 290 829 328 quasi
851 290 879 319 in
900 290 989 319 aliena
1009 289 1091 319 domo
1111 298 1225 326 sumus,

378 337 531 366 secundum
556 337 625 366 illud
647 337 758 366 Psalmi:
786 349 799 362 α
813 337 923 366 Advena
943 345 1006 366 sum
1030 344 1081 374 ego
1104 337 1179 375 apud
1201 340 1227 367 te

378 387 405 413 et
425 384 606 422 peregrinus,
628 384 700 413 sicut
713 392 809 413 omnes
823 387 917 421 patres
931 384 984 413 mei
996 394 1024 419 »;
1046 384 1112 413 item
1128 385 1162 413 ad
1177 385 1227 414 He-

377 431 477 460 braeos
497 431 659 460 undecimo:
686 443 699 456 «
711 431 893 467 Confitentes,
908 431 974 468 quia
987 431 1127 468 peregrini
1142 443 1155 457 »
1175 434 1226 461 etc.

380 478 598 512 Praetereunti,
620 478 686 515 quia
715 477 749 506 de
780 477 836 506 vita
863 477 897 506 ad
919 480 1038 506 mortem
1059 478 1227 513 transimus;

378 525 554 553 Threnorum
585 525 712 561 prim0¹:
740 536 753 549 a
768 524 790 552 O
812 532 861 553 vos
892 532 1004 559 omnes,
1026 525 1074 562 qui
1103 525 1228 554 transitis

379 580 429 609 per
445 572 515 601 viani
527 584 540 597 »
559 575 624 605 etc.;
640 571 721 605 item,
738 571 915 600 Ecclesiastae
930 571 1036 608 primo:
1057 583 1070 597 «
1082 571 1229 601 Generatio

379 619 540 656 praeterit»
565 621 616 647 etc.
644 618 737 647 Unius
758 618 829 652 diei,
851 617 918 655 quia
932 626 1031 655 parum
1048 618 1092 647 hic
1107 621 1227 653 stamus;

378 665 452 694 unde
472 665 505 693 ad
527 665 663 693 Hebraeos
684 664 791 693 decimo
812 664 909 693 tertio:
929 676 943 689 α
959 664 1017 693 Non
1033 664 1169 693 habemus
1183 665 1228 694 hic

379 716 534 741 manentem
556 712 694 741 civitatem
710 724 723 737 »
749 715 800 741 etc.

412 811 504 843 Tertio,
523 812 550 836 de
567 812 680 836 iustorum
697 812 721 836 et
738 812 880 843 reproborum
896 810 1049 836 retributione
1065 811 1197 843 dupliciter.

459 900 535 928 Iusti
555 903 652 928 autem
674 899 705 928 in
723 901 905 936 perpetuum.
928 899 974 927 Hic
994 898 1071 936 ponit
1090 898 1229 927 iustorum

379 949 407 975 et
427 947 613 983 reproborum
634 945 797 982 condignam
817 945 1051 979 retributionem,
1073 948 1101 974 et
1121 945 1228 982 primo,

376 993 546 1030 praemium
567 993 730 1025 iustorwm
758 992 892 1025 secundo,
919 991 1097 1029 supplicium
1128 1000 1229 1029 repro-

380 1039 498 1068 borum.-
522 1040 557 1067 Et
577 1039 699 1076 accipiet
719 1042 919 1067 armaturam..
936 1038 1127 1067 —Iustorum
1150 1046 1230 1075 prae-

379 1087 466 1115 mium
490 1086 595 1124 duplex
619 1086 719 1123 tangit:
748 1086 853 1123 primo,
875 1094 926 1123 pro
958 1086 1124 1123 operatione
1145 1085 1213 1114 boni
1219 1097 1229 1120 ;

379 1137 406 1163 et
428 1133 561 1168 secundo,
583 1141 634 1170 pro
655 1133 779 1161 victoria
799 1132 885 1161 mali.-
911 1132 974 1160 [cleo
996 1132 1139 1169 accipient
1153 1135 1204 1161 etc.

459 1181 547 1217 (vers.
574 1180 638 1216 16.).
662 1180 738 1208 Iusti
758 1183 855 1208 autem
876 1182 944 1214 etc,
966 1179 1045 1217 quasi
1067 1179 1152 1208 dicat:
1167 1179 1230 1208 talis

380 1231 421 1257 est
441 1228 497 1256 vita
518 1230 545 1256 et
566 1235 641 1255 mors
662 1227 825 1264 impiorum;
847 1230 956 1261 autem,
978 1234 1030 1263 pro
1055 1226 1110 1255 sed.
1139 1227 1228 1261 Iusti,

380 1283 395 1304 e
416 1274 569 1308 contrario,
584 1274 801 1311 inperpetuum
822 1273 935 1306 vivent,·
949 1273 1083 1302 Glossa2:
1103 1285 1116 1299 «
1131 1273 1230 1302 Vivent

380 1322 436 1350 vita
449 1324 562 1350 aeterna
576 1333 603 1355 ι»,
618 1321 652 1349 de
667 1329 723 1358 qua
738 1321 844 1349 loannis
858 1320 966 1349 decimo
980 1320 1115 1357 septimo:
1135 1332 1148 1346 «
1160 1321 1229 1350 Haec

380 1372 421 1398 est
442 1368 497 1398 vita
526 1371 637 1397 aeterna
652 1380 665 1393 »
691 1371 742 1397 etc.
773 1368 808 1396 Et
835 1367 917 1404 apud
941 1367 1114 1402 Dominum,
1140 1367 1168 1396 id
1189 1370 1230 1396 est

380 1416 407 1444 in
429 1416 489 1452 ipso
510 1415 626 1443 Domino
657 1423 706 1451 per
734 1423 829 1452 spem,
855 1413 1008 1443 secundum
1040 1414 1179 1448 Glossam;
1202 1414 1229 1442 in

380 1463 501 1492 Psalmo:
527 1462 620 1491 «Mihi
642 1465 734 1491 autem
756 1462 908 1490 adhaerere
928 1461 986 1489 Deo
1000 1472 1028 1495 »‚
1050 1461 1154 1490 scilicet
1180 1469 1230 1498 per

380 1510 551 1544 caritatem,
578 1521 591 1534 «
603 1509 707 1538 honum
722 1511 776 1543 est,
791 1516 894 1546 ponere
909 1508 936 1536 in
952 1508 1068 1536 Domino
1082 1508 1139 1537 Deo
1153 1516 1229 1545 spem

380 1565 469 1586 meam
484 1567 511 1591 »3
533 1559 574 1585 esc
587 1564 696 1585 merces
710 1564 829 1589 eorunm
843 1556 938 1584 Glossa
949 1555 975 1584 ⁸:
995 1567 1008 1580 «
1024 1555 1137 1584 Laboris
1151 1563 1231 1592 prae-

380 1604 467 1633 mium
483 1615 510 1639 »;
533 1604 591 1641 ipse
613 1603 686 1632 enim
715 1606 756 1632 est
784 1610 891 1632 merces
917 1603 1093 1637 Sanctorum3
1119 1602 1232 1631 Genesis

380 1651 486 1680 decimo
507 1651 617 1688 quinto:
643 1662 656 1676 «
672 1651 726 1688 Ego
748 1653 888 1688 protector
910 1653 977 1679 tuus
998 1658 1060 1679 sum
1083 1652 1110 1678 et
1124 1657 1231 1679 merces

380 1701 428 1727 tua
449 1706 548 1735 magna
569 1698 651 1726 nimis
665 1708 692 1730 »;
715 1697 779 1726 item
795 1697 982 1726 Numerorum
997 1696 1103 1725 decimo
1118 1699 1230 1725 octavo:

384 1757 397 1770 r<
410 1745 463 1782 Ego
475 1753 539 1782 pars
553 1747 581 1773 et
596 1744 735 1773 hereditas
751 1747 798 1772 tua
820 1744 847 1772 in
867 1743 957 1772 medio
971 1743 1093 1772 filiorum
1112 1743 1191 1772 lsrael
1202 1755 1229 1772 ».

381 1793 414 1820 Et
434 1791 570 1829 copitatio
591 1799 693 1819 eorum
714 1794 782 1824 etc,
797 1790 876 1827 quasi
891 1790 980 1819 dicat:
996 1793 1023 1819 et
1038 1790 1138 1819 merito
1157 1790 1231 1827 apud

378 1838 525 1867 Dominum
548 1842 589 1867 est
610 1845 716 1866 merces
738 1845 852 1871 eorum,
875 1837 941 1874 quia
962 1837 1098 1874 coyilatio
1117 1846 1229 1872 eorum,

378 1886 405 1915 id
430 1888 472 1915 est
497 1888 554 1914 tota
582 1885 736 1914 sollicitudo
758 1887 785 1913 et
806 1884 921 1913 intentio
943 1892 1040 1913 eorum
1063 1892 1113 1921 per
1134 1884 1229 1919 fidem,

379 1932 461 1970 apud
482 1931 684 1966 Altissimum‚
706 1931 861 1960 secundum
882 1930 950 1959 illud
972 1931 1071 1959 Psalmi
1084 1931 1109 1959 ⁴:
1130 1942 1143 1957 «
1160 1931 1230 1960 [acta

379 1979 529 2017 cogitatum
551 1982 631 2007 tuum
653 1979 680 2007 in
702 1978 843 2007 Domino»
869 1980 920 2006 etc.
943 1977 1007 2006 Vel:
1029 1978 1179 2016 copitalia,
1202 1978 1229 2006 id

379 2029 421 2056 est
447 2026 550 2063 agnitio
581 2026 738 2055 intellectus
768 2033 880 2060 eorum,
911 2025 995 2062 apud
1026 2025 1228 2059 Altissimum,

379 2074 484 2107 solum;
507 2073 572 2102 iusti
594 2073 667 2102 enim
689 2073 779 2102 solum
811 2072 845 2101 de
874 2072 945 2106 Deo,
968 2072 1011 2101 vel
1032 2072 1066 2101 de
1098 2072 1130 2101 iis
1158 2080 1230 2109 quae

378 2121 412 2149 ad
432 2121 523 2158 ipsum
545 2120 704 2149 habendum
725 2120 885 2154 conferunt,
907 2120 1044 2157 cogitant,
1066 2119 1147 2148 iuxta
1161 2119 1230 2148 illud

378 2168 485 2205 primae
505 2167 540 2196 ad
561 2167 718 2196 Corinthios
745 2167 875 2204 septimo:
902 2178 915 2192 t<
930 2167 1006 2203 Quae
1028 2166 1086 2195 sine
1107 2166 1168 2195 viro
1189 2168 1231 2195 est

379 2215 479 2244 mulier
500 2215 602 2253 cogitat
622 2222 694 2252 quae
716 2214 824 2243 Domini
846 2217 953 2243 sunt».

457 2262 546 2297 (Vers.
571 2261 636 2298 17.).
660 2262 691 2290 Et
711 2262 777 2299 quia
791 2262 858 2290 tales
873 2264 939 2290 sunt
953 2261 981 2290 in
995 2260 1133 2298 praesenti
1145 2269 1154 2295 ‚·
1167 2261 1229 2290 ideo

379 2310 522 2347 accipient
541 2318 665 2347 reynum
687 2309 814 2343 decoris,
836 2308 862 2337 id
894 2311 936 2337 est
957 2316 1074 2345 regnum
1095 2308 1228 2337 decorum

379 2359 515 2394 quantum
535 2355 568 2384 ad
591 2363 716 2384 auream
737 2355 794 2384 sive
815 2354 960 2384 essentiale
974 2354 1146 2392 praemium3
1162 2354 1228 2383 Mat-

985 165 1156 195 COMMENT.
1178 166 1211 194 IN
1233 165 1424 194 SAPIENTIAM
1446 165 1474 194 C.
1496 165 1526 194 V.

1284 243 1356 273 thaei
1378 243 1510 281 quinto⁵=
1538 255 1552 268 «
1566 243 1639 273 Beati
1662 251 1827 281 pauperes»
1852 246 1903 272 etc.
1929 244 1962 272 Et
1992 243 2130 272 diadema

1283 290 1395 328 speciei,
1417 290 1444 319 id
1465 293 1506 319 est
1527 290 1698 327 speciosum;
1720 289 1828 319 Glossa:
1854 290 1992 319 «Devicto
2013 290 2092 319 hoste
2103 300 2130 324 »ς

1284 340 1311 366 et
1331 337 1384 366 hoc
1405 340 1541 374 quantum
1562 336 1596 365 ad
1611 336 1765 365 aureolam
1780 336 1837 365 sive
1852 339 1989 373 quantum
2003 336 2037 365 ad
2053 343 2131 373 prae·
2149 342 2238 364 Antonia.

1284 384 1373 412 mium
1392 383 1572 418 accidentale;
1595 383 1731 413 secundae
1752 383 1786 412 ad
1817 383 1992 411 Timotheum
2017 385 2131 420 quarto:

1289 442 1302 456 α
1318 430 1445 467 Reposita
1465 433 1507 460 est
1528 430 1595 458 mihi
1628 438 1730 459 corona
1757 429 1877 458 iustitiae
1892 441 1918 458 ».
1945 429 1984 458 De
2011 432 2133 467 utroque

1285 477 1371 506 Exodi
1393 477 1524 514 vigesimo
1545 477 1651 514 quinto.
1674 477 1715 505 De
1732 484 1825 505 mansu
1844 476 1910 510 Dei,
1932 476 1975 505 vel
2000 476 2132 510 Domini,-

1284 524 1417 552 Glossass:
1444 535 1457 549 «ι
1471 523 1499 552 ld
1521 526 1562 552 est
1583 531 1599 552 a
1626 523 1751 557 Christo,
1773 523 1821 560 qui
1842 523 1946 552 dicitur
1976 531 2085 552 manus
2105 526 2133 553 et

1286 569 1439 599 brachium
1455 573 1482 599 et
1496 571 1616 599 cleaetera
1637 570 1685 599 Dei
1708 570 1795 599 Patris
1809 582 1836 598 ».
1860 570 1905 599 Est
1930 570 2003 599 enim
2023 579 2133 599 manus
2150 576 2215 596 Manus
2228 577 2268 597 usaiv

1284 616 1439 653 operando:
1466 616 1590 645 «Omnia
1610 624 1730 654 namque
1751 624 1801 653 per
1822 616 1914 653 ipsum
1935 616 2006 645 facta
2026 618 2133 651 sunt»,
2274 612 2277 620 ⁴

1285 663 1393 692 loannis
1413 663 1519 700 primo;
1542 662 1697 692 brachium
1719 662 1903 700 protegendo,
1925 663 2079 692 secundum
2101 663 2134 692 il-
2151 669 2256 690 Brachium.
2274 681 2277 691 ,

1286 710 1334 738 lud
1365 709 1478 739 Psalmi:
1506 721 1519 735 «κ
1533 709 1682 738 Brachium
1708 717 1801 738 meum
1832 709 1998 738 confortabit
2025 717 2091 739 eum
2105 721 2132 744 n;
2269 708 2270 711 ’

1286 756 1405 785 dextera
1425 756 1614 793 praemiand0;
1630 756 1759 785 Matthaei
1773 755 1906 793 vigesimo
1920 755 2030 793 quinto:
2049 767 2063 781 α
2075 756 2134 785 Sta-
2151 763 2238 783 Dextera.

1286 806 1346 832 tuet
1359 811 1424 832 oves
1435 811 1451 832 a
1460 803 1569 832 dextris
1579 815 1606 831 ».
1620 803 1767 839 Quoniam
1781 803 1901 832 dextera
1915 811 1973 832 sua
1988 806 2059 841 teyet
2067 811 2134 837 eos;

1285 850 1417 879 Glossa⁷:
1444 861 1457 875 «
1473 850 1519 879 Hic
1534 852 1561 878 et
1576 849 1604 878 in
1619 849 1716 879 futuro
1730 861 1757 885 »,
1772 850 1808 879 ab
1822 850 1864 879 ira
1885 849 1999 887 superni
2020 849 2134 884 iudicis;

1286 897 1369 927 Isaiae
1390 897 1602 935 quadragesimo
1623 905 1711 928 nono:
1738 908 1751 922 «
1767 897 1795 926 ln
1822 897 1924 926 umbra
1948 905 2048 927 manus
2068 905 2135 927 suae

1285 945 1409 982 protexit
1429 952 1473 973 me
1487 955 1514 978 »3
1538 944 1717 973 Ecclesiastici
1750 944 1892 981 trigesimo
1915 947 2031 982 quarto:
2048 956 2070 970 1«
2085 945 2136 973 Te-

1286 992 1378 1029 gimen
1399 991 1507 1020 ardoris
1527 994 1554 1020 et
1575 991 1772 1020 umbraculum
1801 991 1986 1020 meridiani».
2010 992 2044 1020 Et
2068 991 2136 1020 bra-

1286 1037 1350 1067 chio
1364 1042 1465 1067 saneto
1480 1047 1548 1073 suo,
1570 1038 1597 1067 id
1612 1041 1653 1067 est
1668 1046 1734 1067 suae
1749 1041 1859 1067 sanctae
1873 1038 2025 1075 potentiae,
2039 1037 2136 1076 defen-

1286 1085 1332 1114 det
1352 1085 1432 1120 illos,
1455 1085 1558 1114 scilicet
1579 1085 1614 1114 ab
1634 1085 1707 1114 omni
1730 1085 1938 1122 impugnatione
1968 1084 2135 1120 adversarii,

1286 1132 1440 1161 secundum
1471 1132 1539 1161 illud
1567 1132 1680 1161 Psalmi:
1712 1143 1726 1157 «
1740 1131 1874 1160 Dominus
1905 1131 2033 1161 defensor
2063 1131 2136 1161 vitae

1287 1187 1379 1213 meae,
1401 1187 1417 1208 a
1437 1187 1494 1217 quo
1514 1179 1659 1216 trepidabo
1674 1182 1706 1208 »2²
2278 1215 2279 1218 Ἴ

1368 1227 1402 1255 Et
1422 1227 1544 1264 accipiet
1563 1230 1754 1256 ammaturam
1776 1229 1827 1256 etc.
1849 1226 1897 1256 Hic
1918 1226 2005 1264 tangit
2026 1225 2136 1264 suppli·
2151 1231 2262 1279 ffueffilgffi

1287 1274 1366 1302 cium
1387 1273 1578 1311 reproborum
1600 1274 1653 1303 sub
1685 1274 1848 1311 metaphora
1875 1274 1948 1311 regis
1975 1282 2055 1303 arma
2078 1281 2137 1303 mo-

1287 1320 1376 1349 ventis
1397 1324 1493 1349 contra
1514 1328 1580 1349 suos
1610 1320 1792 1350 adversarios.
1833 1330 1838 1339 ¹

1287 1367 1361 1404 regis
1377 1367 1582 1404 propositum,·
1610 1367 1747 1402 secundo,
1776 1367 1837 1396 eius
1863 1370 2066 1405 apparatum:
2088 1367 2137 1396 In-

1287 1414 1355 1442 duet
1368 1416 1434 1448 etc.;
1450 1414 1547 1448 tertio,
1570 1414 1690 1443 bellum.-
1708 1414 1795 1443 Ibunt
1808 1414 1914 1443 directe
1919 1424 1930 1448 ‚·
1944 1417 2058 1452 quarto,
2074 1413 2138 1443 belli

1286 1459 1432 1498 effectum.-
1456 1461 1490 1489 Et
1521 1461 1562 1489 acl
1591 1469 1721 1489 eremum
1747 1461 1904 1498 perdueet;
1929 1461 2041 1498 quinto,
2074 1460 2139 1490 belli

1287 1508 1465 1537 remedium:
1487 1508 1588 1536 Melior
1608 1512 1650 1536 est
1668 1508 1823 1545 sapientia.
2280 1545 2281 1549 Ἰ

1367 1555 1456 1592 (Vers.
1481 1555 1546 1590 18.).
1577 1556 1613 1583 Et
1642 1555 1763 1592 accipiet
1794 1558 2002 1590 armaturam,
2034 1554 2138 1585 scilicet
2154 1552 2244 1580 Prifnum-
2286 1551 2293 1561 ”

1287 1604 1383 1631 contra
1394 1601 1576 1636 adversarios,
1588 1601 1671 1630 zelus
1685 1601 1780 1636 illius;
1796 1601 2012 1631 Proverbiorum
2022 1604 2103 1632 sexto
2111 1602 2136 1630 8:

1293 1661 1306 1675 «
1321 1649 1402 1678 Zelus
1423 1651 1450 1678 et
1470 1648 1550 1677 furor
1571 1648 1623 1677 viri
1644 1656 1699 1677 non
1721 1651 1816 1685 parcet
1836 1648 1864 1677 in
1893 1648 1937 1678 die
1957 1648 2095 1678 vindictae
2108 1660 2136 1677 ».

1293 1697 1403 1724 «Arma
1433 1699 1526 1725 autem
1557 1696 1617 1725 eius
1648 1698 1713 1724 sunt
1733 1696 1849 1730 veritas,
1881 1695 1986 1725 iustitia
2012 1697 2040 1725 et
2066 1695 2138 1725 iudi-

1288 1743 1362 1772 cium
1377 1754 1404 1777 »,
1427 1743 1580 1772 secundum
1602 1742 1734 1772 Glossam.
1759 1743 1793 1771 Et
1806 1742 1937 1771 armabit
1951 1745 2136 1777 ereaturam,

1288 1790 1392 1819 scilicet
1419 1792 1551 1827 tanquam
1579 1790 1736 1818 exercitum
1769 1797 1869 1824 suum,
1895 1789 2048 1819 secundum
2069 1789 2137 1818 illud

1288 1837 1359 1865 infra
1373 1837 1479 1865 decimo
1494 1839 1590 1865 sexto:
1618 1848 1631 1862 «
1645 1836 1780 1865 Creatura
1795 1836 1843 1865 tibi
1858 1836 1963 1865 Factori
1978 1836 2137 1866 deserviens

1287 1883 1444 1912 exardescit
1465 1883 1599 1912 adversus
1620 1883 1737 1915 injustos
1751 1894 1779 1918 »;
1801 1884 1841 1912 ad
1872 1883 2008 1912 ultionem
2038 1883 2138 1913 inimi-

1287 1938 1408 1962 corum,-
1430 1930 1567 1958 Psalmus:
1595 1941 1608 1955 «
1625 1930 1697 1958 Deus
1718 1930 1856 1958 ultionum
1872 1941 1885 1955 »
1911 1932 1962 1959 etc.

1367 1977 1455 2013 (Vers.
1481 1978 1525 2006 19.
1548 1978 1594 2006 20.
1617 1977 1685 2013 21).
1708 1977 1811 2006 induet
1835 1985 1892 2014 pro
1915 1976 2032 2006 thorace
2052 1977 2137 2007 iusti-

1288 2024 1375 2057 tiam;
1397 2024 1498 2053 loricae
1519 2026 1697 2060 comparatur
1712 2024 1817 2053 iustitia
1831 2024 1889 2053 sive
1911 2024 2033 2059 thoraci,
2054 2024 2135 2062 quia,

1287 2071 1359 2100 sicut
1380 2071 1465 2099 lorica
1486 2073 1575 2099 totum
1597 2078 1700 2108 corpus
1720 2071 1855 2108 protegit,
1877 2071 1916 2100 sic
1937 2071 2043 2100 iustitia
2056 2072 2137 2101 undi—

1287 2126 1342 2155 que
1363 2118 1499 2152 animam;
1521 2117 1595 2146 unde
1626 2117 1763 2147 secundae
1784 2117 1818 2146 ad
1839 2117 1996 2147 Corinthios
2017 2118 2137 2147 sexto⁹z

1292 2177 1305 2190 a
1319 2165 1370 2194 Per
1391 2172 1468 2193 arma
1489 2165 1609 2193 iustitiae
1630 2173 1646 2193 a
1666 2164 1774 2194 dextris
1795 2167 1822 2193 et
1835 2164 1991 2194 asinistris
2005 2176 2033 2200 »3
2055 2165 2138 2194 Isaiae

1286 2212 1518 2249 quinquagesimo
1543 2220 1632 2240 nono:
1659 2223 1672 2237 «
1687 2211 1794 2241 Iustitia
1820 2211 1936 2241 indutus
1963 2214 2005 2240 est
2025 2220 2077 2249 pro
2098 2212 2138 2241 lo-

1287 2259 1385 2288 rica».
1410 2259 1445 2287 Et
1465 2258 1588 2296 accipiet
1604 2267 1661 2296 pro
1681 2258 1768 2296 galea
1789 2259 1934 2288 iudicium
1949 2262 2077 2293 rectum,
2093 2259 2136 2288 vel

1286 2310 1415 2340 certum;
1436 2306 1581 2335 iudicium
1602 2309 1730 2340 rectum,
1752 2306 1778 2334 id
1794 2309 1835 2335 est
1849 2306 1994 2341 discretio,
2016 2309 2043 2335 et
2064 2314 2138 2335 com-

1286 2356 1402 2391 paratur
1421 2353 1536 2391 yaleae,
1559 2361 1630 2390 quae
1653 2353 1858 2382 munimentum
1872 2355 1914 2382 est
1928 2353 2039 2390 capitis,
2054 2353 2083 2382 id
2096 2356 2138 2382 est

2156 1983 2266 2003 secundnm
2290 2003 2291 2007 ,

441 2507 449 2520 ¹
468 2509 534 2532 Vers.
544 2509 581 2531 ⁴2.
590 2521 621 2526 —
630 2509 680 2532 Duo
689 2515 755 2538 seqq.
764 2509 807 2531 loci
816 2511 869 2532 sunt
878 2509 981 2538 Eccleat⁷
994 2509 1015 2531 4.
1027 2512 1049 2532 et
1061 2509 1131 2532 Hebr.
1143 2510 1182 2537 ¹13,
1192 2508 1229 2532 44.

440 2546 450 2560 ⁹
466 2547 556 2570 Scilicet
573 2547 734 2571 interlinearis
741 2557 750 2577 ‚·
767 2554 815 2577 seq.
833 2548 925 2576 Glossa,
942 2554 1003 2578 quae
1020 2549 1088 2571 etiam
1107 2551 1141 2571 est
1158 2548 1229 2572 inter-

379 2587 487 2615 linearis,
505 2588 550 2610 ait:
568 2588 598 2611 Et
614 2587 680 2617 apud
695 2587 837 2616 Dominum,
852 2588 876 2610 in
892 2595 940 2617 quo
957 2591 1117 2617 speraverunt.
1129 2601 1161 2605 —
1173 2588 1230 2611 Sub-

377 2627 432 2650 inde
448 2627 576 2655 allegantur
593 2628 653 2649 loan.
672 2627 708 2656 47,
727 2628 747 2650 3.
766 2630 788 2650 et
804 2628 839 2650 Ps.
856 2628 900 2656 72,
917 2628 955 2651 28.

440 2664 450 2677 ³
467 2666 555 2694 Nempe
572 2665 739 2689 interlinearis.
758 2679 789 2682 —
806 2666 856 2689 Duo
873 2672 939 2695 seqq.
951 2667 994 2689 loci
1011 2669 1065 2689 sunt
1081 2667 1138 2689 Gen.
1152 2666 1194 2695 45,
1208 2666 1228 2688 i.

378 2707 401 2728 et
417 2705 485 2728 Num.
503 2706 544 2734 18,
562 2706 600 2736 20.

440 2743 451 2756 ¹³
468 2744 550 2767 Psalm.
570 2744 612 2773 54,
630 2745 672 2773 23,
690 2744 729 2767 ubi
749 2745 860 2773 Vulgata:
879 2746 937 2768 lacta
955 2752 1026 2774 super
1043 2745 1169 2768 Dominum
1191 2751 1228 2768 cu-

377 2790 428 2807 ram
448 2786 525 2811 tuam,
542 2786 564 2806 et
581 2784 708 2812 ipseeth
725 2785 805 2807 Glossa
827 2784 989 2808 interlinearis
1011 2785 1033 2807 in
1055 2785 1108 2813 Sap.
1132 2785 1159 2813 5,
1183 2785 1228 2807 ⁴6:

378 2824 436 2846 lacta
453 2823 579 2851 cogitatum
602 2826 667 2845 tuum
684 2823 707 2845 in
726 2823 850 2846 Dominum
869 2826 891 2846 et
908 2826 952 2846 etc.
968 2836 1000 2841 —-—
1017 2824 1125 2853 Sequitur
1142 2825 1157 2846 1.
1173 2823 1226 2847 Cor.

377 2862 400 2890 7,
417 2861 462 2884 34:
479 2862 505 2884 Et
523 2862 605 2884 mulier
622 2862 719 2890 innupta
737 2865 758 2885 et
775 2862 843 2890 virgo
859 2863 947 2891 cogitat
963 2866 1007 2886 etc.

440 2899 450 2912 ⁶
467 2901 532 2923 Vers.
548 2901 568 2923 3.
581 2914 611 2917 —-
624 2901 756 2930 Sequuntur
770 2901 848 2924 Glossa
866 2901 1041 2931 interlinearis;
1054 2903 1078 2925 11.
1094 2902 1154 2925 Tim.
1168 2901 1193 2930 4,
1206 2902 1228 2924 8.

377 2942 399 2963 et
415 2940 485 2963 Exod.
503 2940 546 2969 25,
564 2941 601 2963 25.
618 2939 688 2970 [Vat.
714 2941 775 2963 hunc
800 2941 876 2963 locum
902 2941 1011 2970 omittit]‚
1029 2941 1069 2964 ubi
1091 2941 1175 2969 duplex
1192 2947 1229 2964 co·

377 2984 435 3001 rona
454 2978 537 3010 [maior
554 2981 577 3002 et
593 2978 678 3011 minor]
696 2979 836 3002 insinuatur:
851 2980 877 3002 Et
893 2980 938 3007 ipsi
954 2979 1014 3002 labio
1033 2979 1146 3009 [mensae]
1164 2985 1230 3003 coro-

1286 2515 1344 2532 nam
1361 2509 1535 2531 interrasilem...
1560 2510 1583 2530 et
1599 2514 1669 2536 super
1685 2508 1746 2530 illam
1765 2508 1859 2530 alteram
1877 2513 1987 2530 coronam
2003 2507 2136 2531 aureolam.

1286 2547 1331 2571 Cir.
1349 2548 1385 2571 lV.
1403 2549 1465 2571 Sent.
1483 2548 1506 2570 d.
1524 2548 1561 2570 33.
1578 2553 1599 2570 a.
1617 2548 1638 2570 2.
1655 2554 1678 2576 q.
1697 2548 1718 2570 3.
1736 2547 1838 2570 fundam.
1858 2547 1878 2569 i.

1349 2585 1359 2599 θ
1375 2587 1464 2615 Nempe
1480 2586 1650 2610 interlinearis.
1664 2586 1789 2609 Rabanus:
1801 2586 1889 2609 Manus
1907 2586 1969 2608 enim
1986 2586 2027 2609 Dei
2044 2588 2066 2609 et
2082 2585 2138 2609 dem-

1286 2627 1338 2649 tera
1358 2632 1385 2649 ac
1406 2625 1530 2649 brachtum
1547 2628 1642 2654 propter
1658 2626 1788 2648 effectivam
1806 2626 1934 2654 potentiam
1957 2625 2088 2654 unigenitus
2104 2624 2137 2647 Fi-

1286 2666 1329 2688 lius
1350 2666 1392 2688 Dei
1414 2665 1562 2692 nominatum
1580 2671 1621 2693 per
1646 2671 1717 2694 quern
1742 2665 1819 2687 omnia
1843 2665 1899 2687 saeui
1921 2667 1975 2687 sunt
1991 2667 2034 2687 etc.
2051 2676 2083 2681 —
2099 2664 2137 2687 Se-

1286 2707 1389 2734 quuntur
1405 2705 1467 2727 loan.
1485 2705 1506 2733 i,
1523 2705 1553 2732 35
1570 2705 1605 2727 Ps.
1624 2705 1666 2733 88,
1684 2705 1722 2726 22.
1739 2706 1761 2726 et
1778 2704 1855 2726 Matth.
1873 2704 1916 2732 25,
1932 2704 1970 2726 33.

1349 2742 1357 2756 ⁷
1375 2744 1466 2767 Scilicet
1482 2743 1694 2767 in!erlinearis.·—
1712 2743 1814 2766 Subinde
1834 2743 1962 2771 allegantur
1981 2743 2030 2766 lsai.
2051 2742 2088 2771 49,
2108 2743 2136 2770 23

1286 2784 1354 2807 Eccli.
1372 2783 1414 2811 34,
1432 2784 1470 2806 19.
1486 2786 1508 2806 et
1524 2783 1560 2806 Ps.
1577 2783 1619 2811 26,
1638 2783 1662 2805 i:
1681 2782 1794 2805 Dominus
1811 2784 1927 2810 protector
1944 2782 2006 2804 vitae
2021 2784 2065 2804 etc.

1349 2821 1359 2835 ⁸
1375 2823 1442 2845 Vers.
1459 2822 1496 2845 34.
1513 2835 1544 2839 —
1561 2822 1654 2849 Glossa,
1674 2828 1735 2851 quae
1759 2821 1870 2851 sequitur,
1893 2823 1927 2844 est
1951 2820 2077 2844 ordinaria
2100 2821 2136 2851 (ex

1285 2861 1405 2890 Rabano);
1422 2861 1507 2884 deinde
1528 2862 1656 2889 allegantur-
1678 2862 1734 2889 Sap.
1751 2861 1793 2889 46,
1811 2860 1854 2889 24,
1872 2860 1911 2883 ubi
1928 2863 1981 2888 post
2002 2859 2136 2884 eoeardcscit

1286 2901 1387 2929 Vulgata.
1402 2900 1466 2924 addit
1483 2900 1507 2923 iu
1524 2902 1685 2929 tormentum;
1703 2901 1737 2922 ps.
1756 2900 1799 2927 93,
1818 2901 1837 2922 l.

1348 2938 1358 2952 ⁹
1375 2941 1441 2964 Vers.
1458 2940 1480 2963 7.
1497 2953 1528 2957 —
1545 2940 1595 2962 Duo
1617 2945 1683 2969 seqq.
1706 2939 1749 2962 loci
1771 2942 1824 2962 sunt
1845 2939 1896 2962 lsai.
1916 2939 1957 2968 59,
1977 2939 2018 2961 47:
2040 2938 2136 2961 Indutus

1286 2982 1320 3002 est
1336 2979 1421 3002 iustitia
1439 2981 1463 3002 ut
1479 2979 1565 3007 lorica;
1581 2979 1649 3002 Prov.
1668 2978 1709 3007 16,
1727 2979 1764 3001 10.
