2296 3316
427 179 482 207 586
900 172 1125 203 COLLATIONES
1147 172 1178 201 {N
1200 172 1345 201 IOANNEM
1367 171 1435 200 CAP.
1458 170 1504 206 xl„
1521 169 1614 198 COLL.
1638 169 1699 198 xm.

425 256 508 289 Ecce,
530 254 604 292 quod
631 254 676 283 hic
703 252 871 284 describitur
898 252 1027 280 infirmus
1047 258 1084 279 ex
1106 250 1221 279 nomine
1241 253 1269 278 et
1326 249 1363 278 tia
1377 248 1461 277 unius
1475 248 1560 276 horae
1575 247 1739 276 oblivionem
1755 247 1820 276 facit
1838 247 1968 276 luxuriae
1989 246 2128 275 maximae
2143 257 2170 280 »;

426 300 484 329 loco
515 304 542 329 et
570 309 680 338 ρεπεν-ε.
704 301 844 329 Lazarus
875 298 1075 334 interpretatur
1098 297 1221 325 adiutus
1249 304 1268 324 a
1324 299 1351 324 et
1372 293 1552 324 Ecclesiastici
1581 293 1724 331 trigesimo
1751 294 1857 331 primo:
1883 305 1897 319 α
1912 293 2059 322 Infirniitas
2079 293 2172 330 gravis

427 346 547 375 Domino
569 362 605 368 -
624 345 769 375 Bethania
793 346 993 382 interpretatur
1014 344 1119 372 domus
1140 342 1268 372 obedien-
1325 341 1446 370 sobriam
1467 340 1531 369 facit
1551 340 1670 369 animam
1686 352 1712 368 ».
1735 356 1772 361 —
1794 341 1860 369 ltem
1874 340 1973 369 erudit
1986 339 2171 373 intellectum,
2188 346 2284 370 secuntus.-

425 393 502 421 tiae¹
523 409 563 414 —-
583 393 667 421 Maria
687 396 714 421 et
734 392 841 421 Martha
868 395 965 428 typum
996 392 1097 427 gerunt
1123 389 1269 418 societatis
1324 386 1478 416 secundum
1498 386 1567 414 iliud
1589 386 1671 415 isaiae
1690 386 1822 422 vigesimo
1836 389 1947 414 octavo:
1968 397 1982 411 «
1996 385 2112 414 vexatio
2125 384 2172 413 da-

425 439 522 467 bonae.
544 439 602 467 Non
629 446 696 475 ergo
726 439 821 468 timeat
853 438 914 466 talis
945 437 1094 474 languens,
1116 435 1163 473 qui
1185 435 1269 464 habet
1325 433 1365 462 bit
1386 433 1555 462 intellectum
1577 432 1685 461 auditui
1700 443 1726 467 »ς
1748 433 1829 461 cuius
1854 432 1974 461 liabetur
1995 431 2172 469 exemplum,
2290 463 2291 466 Ἰ

424 486 664 514 adiuvamcntum
684 485 818 522 pratiae,
841 484 889 522 qui
910 484 1016 513 habitat
1043 483 1071 512 in
1098 483 1183 512 domo
1207 482 1268 511 obe·
1325 480 1437 510 secundi
1460 480 1690 509 Macbabaeorum
1705 488 1794 513 nono,
1808 479 1842 509 de
1857 480 2005 514 Antiocho,
2020 479 2068 516 qui
2088 491 2101 505 «
2112 486 2173 508 coe·
2278 481 2294 522 ’1

423 531 565 565 clientiae,
586 531 634 569 qui
659 534 752 560 manet
782 531 810 560 in
842 530 957 568 collegio
988 528 1134 558 societatis
1160 528 1268 562 bonae,
1324 528 1365 565 pit
1386 535 1422 556 ex
1447 527 1525 564 gravi
1553 527 1685 564 superbia
1712 526 1848 556 deductus
1875 527 1909 555 ad
1936 526 2102 564 agnitionem
2130 525 2173 555 sui
2290 546 2295 570 i

423 578 503 615 quia,
525 578 606 607 etiam
628 578 650 606 si
672 581 801 606 mortuus
821 577 921 611 fuerit,
943 578 1033 613 potest
1054 583 1178 612 surgere.
1325 574 1434 608 venire,
1455 574 1548 603 divina
1568 574 1726 603 admonitus
1753 574 1832 611 plaga
1847 586 1861 599 »
1890 576 1941 602 etc.
1970 573 2045 602 Unde
2072 575 2099 602 et
2120 572 2172 602 ait:

736 677 877 701 COLLATIO
894 677 951 700 xm.
1326 668 1404 705 paria
1424 668 1481 697 Deo
1506 667 1608 696 sentire
1623 679 1649 696 ι».
1679 667 1843 705 Exemplum
1871 667 1905 696 de
1932 667 2019 696 milite
2046 667 2119 696 laeso
2146 666 2174 695 in

1325 714 1395 752 pede
1416 717 1444 743 et
1468 714 1584 749 clerico,
1599 714 1646 752 qui
1669 713 1797 751 portabat
1817 721 1918 751 aquam
1940 713 2120 743 benedictam.
2136 729 2175 734 —

502 765 590 802 (Vers.
620 764 668 801 3.).
694 764 829 798 Domine,
856 772 934 798 ecce,
955 771 1040 802 quem
1067 771 1154 791 amas
1185 761 1269 799 infir·
1327 762 1392 790 Item
1420 761 1527 790 excitat
1547 761 1742 793 voluntatem,-
1763 761 1837 790 unde
1857 761 1885 790 in
1907 761 2050 790 Psalrno⁵:
2077 771 2091 786 «
2106 759 2174 789 Mul-
2190 766 2266 788 Tertius.
2295 764 2296 771 ¹

423 816 534 840 utatur.
1327 807 1463 844 tiplicatae
1484 810 1550 836 sunt
1571 807 1746 836 infirmitates
1767 814 1880 841 eorum;
1896 810 1991 844 postea
2004 806 2175 836 accelerave—

506 860 529 887 1.
552 859 581 887 ln
602 858 695 887 verbis
714 858 774 887 istis
795 860 949 894 tanguntur
976 857 1045 886 tria:
1064 859 1191 895 potestas
1211 864 1269 885 me·
1327 857 1393 883 runt
1407 865 1434 889 »;
1456 854 1526 883 Osee
1547 857 1643 883 sexto:
1670 865 1683 879 α
1699 854 1727 882 111
1749 853 1928 882 tribulatione
1949 861 2000 883 sua
2014 860 2096 882 mane
2110 861 2174 882 con-
2295 890 2296 895 1

325 915 405 935 nimio.
424 905 484 934 dici
502 922 542 927 —-
561 905 716 934 necessitas
742 904 857 942 infirmi
876 920 916 925 —
936 906 963 933 et
990 904 1069 932 ratio
1097 902 1269 932 miserandi.
1326 904 1442 938 surgent
1455 900 1490 929 ad
1504 909 1548 930 me
1563 912 1590 929 ι».
1603 917 1640 922 -
1653 901 1718 930 item
1731 899 1839 938 probat
1853 902 1880 929 et
1893 900 2007 938 perficit
2020 900 2157 929 virtutem
2164 909 2174 933 ;
2191 907 2272 932 Quartus.

424 967 460 972 —
482 951 604 980 Potestas
634 950 756 985 medici,
784 958 848 979 cum
879 950 1000 979 dicitur:
1028 949 1158 979 Domine.
1186 948 1270 977 Mise-
1326 948 1463 977 secundae
1489 948 1524 977 ad
1551 948 1708 977 Corinthios
1735 947 1914 977 duodecimo:
1941 947 2064 976 «Virtus
2085 947 2112 976 in
2134 946 2175 975 iu-

424 997 516 1026 randi
534 997 629 1031 ratio,
651 1005 715 1026 cum
742 997 863 1026 dicitur:
885 1005 970 1035 quem
990 1004 1085 1025 amas,
1107 995 1270 1025 Necessitas
1326 994 1457 1023 firmitate
1478 994 1623 1031 perficitur
1638 1004 1665 1028 »;
1687 994 1748 1023 ideo
1768 993 1834 1022 dicit
1855 993 2000 1030 Apostolus
2020 993 2048 1022 in
2062 993 2174 1022 eodem:

1331 633 1345 647 α
1360 621 1466 650 1113111111
1487 624 1545 655 est,
1567 620 1708 650 subditum
1731 628 1791 649 esse
1812 621 1884 655 Deo,
1905 624 1933 649 et
1953 620 2098 649 mortalem
2119 627 2174 648 non
2290 635 2296 693 1

2293 741 2296 762 i

2294 822 2296 842 ι

423 1044 553 1081 infirmi,
574 1052 639 1073 cum
658 1044 779 1073 dicitur:
802 1043 984 1081 infirmatur.
1330 1054 1343 1067 α
1358 1041 1486 1070 Libenter
1507 1040 1646 1078 gloriabor
1667 1041 1694 1069 in
1717 1040 1925 1069 infirmitatibus
1946 1040 2030 1075 meis,
2051 1043 2083 1069 ut
2097 1040 2176 1069 inha-

502 1092 586 1126 Ecce,
607 1091 713 1128 inquit,
734 1099 819 1129 quem
839 1099 926 1119 arnas
946 1090 1129 1128 infirmatur.
1146 1090 1269 1119 Praeter·
1327 1088 1395 1117 bitet
1416 1088 1443 1116 in
1466 1096 1509 1116 me
1530 1087 1621 1116 virtus
1642 1087 1786 1116 Christi».

422 1138 506 1167 missa
523 1138 683 1167 infirmitate
697 1141 835 1172 naturae,
851 1140 930 1172 nota,
944 1137 1019 1175 quod
1039 1140 1081 1166 est
1101 1136 1269 1175 spiritualis
1405 1135 1432 1162 [1.
1456 1134 1593 1168 Domine,
1615 1142 1692 1168 ecce,
1714 1142 1799 1172 quem
1820 1142 1907 1163 arnas
1927 1133 2110 1172 infirmatur.

307 1196 407 1223 infirmius
423 1184 570 1214 infirmitas
589 1184 713 1222 duplex:
736 1184 883 1213 infirmitas
904 1184 1071 1218 toleranda,
1093 1188 1120 1213 et
1140 1184 1208 1213 haec
1229 1186 1271 1212 est
1406 1181 1482 1210 Sicut
1506 1184 1548 1210 est
1575 1181 1723 1218 multiplex
1751 1181 1898 1210 infirmitas
1919 1189 2047 1218 poenae,
2069 1181 2107 1210 ita
2134 1183 2176 1210 est
2189 1185 2288 1229 ssseeuigga

302 1219 406 1266 52¹3?ss
421 1231 567 1261 infirmitas
585 1240 710 1268 poenae;
731 1231 878 1260 infirmitas
898 1230 1059 1269 sapienda,
1080 1234 1108 1260 et
1133 1231 1200 1260 haec
1228 1234 1270 1260 est
1327 1228 1473 1265 multiplex
1495 1228 1642 1256 infirmitas
1662 1227 1773 1264 culpae.
1796 1228 1842 1256 Est
1863 1227 1936 1257 enim
1958 1228 2105 1257 infirmitas
2118 1227 2176 1256 ela-
2196 1215 2291 1276 affamina&

423 1278 570 1307 infirmitas
590 1278 700 1315 culpae.
1327 1275 1430 1310 tionis,
1452 1275 1639 1312 cupiditatis,
1661 1274 1850 1303 carnalitatis
1873 1277 1901 1304 et.
1925 1274 2115 1304 curiositatis.
2138 1291 2175 1296 —
2196 1262 2244 1281 ρει

501 1326 527 1353 2.
550 1324 696 1353 Infirmitas
714 1332 824 1361 poenae
844 1324 993 1361 multiplex
1014 1327 1063 1353 est.
1086 1324 1171 1353 Habet
1195 1324 1269 1353 enim
1327 1323 1373 1352 Est
1384 1322 1530 1351 infirmitas
1541 1322 1688 1356 elationis;
1699 1321 1733 1350 de
1743 1329 1799 1359 qua
1811 1321 2174 1359 lsaiaevigesimoquartoffz
2192 1327 2259 1346 ruma·

278 1382 349 1410 Primo,
362 1382 412 1401 infir·
424 1372 506 1400 homo
526 1378 638 1399 causam
658 1370 827 1399 infirmitatis
847 1370 882 1399 ab
903 1370 1055 1404 interiori,
1069 1370 1105 1399 ab
1118 1370 1269 1405 exteriori,
1331 1369 1500 1398 «Infirmata
1514 1372 1556 1398 est.
1569 1368 1686 1398 altitudo
1706 1368 1800 1406 populi
1824 1371 1930 1403 terrae,
1946 1370 1973 1397 et
1988 1371 2064 1397 terra
2077 1368 2177 1397 insecta

285 1408 413 1448 35⁰2ssssss
423 1418 458 1446 ab
479 1416 633 1455 inferiori,
654 1425 670 1445 a
690 1417 848 1454 superiori.
872 1433 908 1438 —
930 1417 968 1446 Ab
989 1417 1125 1446 interiori
1138 1421 1270 1446 causatur
1327 1419 1369 1445 est
1389 1416 1424 1444 ab
1452 1415 1656 1444 habitatoribus
1681 1416 1739 1444 suis
1753 1427 1780 1444 n.
1803 1431 1840 1436 —
1862 1415 1908 1444 Est
1928 1414 2011 1444 etiam
2031 1414 2178 1444 infirmitas
2194 1420 2281 1440 Secunda·

285 1453 305 1471 Δ·
337 1475 406 1495 Prima.
424 1464 569 1492 infirmitas
589 1463 786 1497 contritionis,
808 1463 912 1492 scilicet
926 1471 963 1492 ex
977 1463 1196 1492 consideratione
1210 1463 1270 1498 sui;
1327 1462 1518 1499 cupiditatis;
1539 1462 1572 1491 de
1593 1470 1650 1499 qua
1664 1462 1842 1491 Ecclesiastae
1861 1462 1974 1499 quinto:
1995 1473 2009 1487 «
2023 1462 2070 1491 Est
2083 1464 2111 1491 et
2124 1461 2177 1490 alia

423 1510 457 1539 de
471 1518 526 1548 qua
540 1510 664 1539 Psalmus
676 1510 702 1538 ²:
718 1521 732 1535 α
747 1510 877 1539 Miserere
898 1510 967 1544 mei,
989 1510 1120 1545 Domine,
1139 1510 1270 1548 quoniam
1327 1508 1474 1537 infirmitas
1496 1509 1630 1546 pessima,
1651 1516 1735 1546 quam
1751 1508 1805 1537 vidi
1821 1508 1874 1537 sub
1888 1509 1961 1538 sole:
1982 1508 2094 1537 divitiae
2112 1516 2177 1537 con—

313 1569 406 1588 381113).
424 1557 552 1585 infirmus
579 1565 641 1585 sum
655 1568 681 1585 n.
713 1573 749 1578 —
770 1557 809 1586 Ab
830 1557 969 1585 exteriori
994 1560 1126 1586 causatur
1154 1557 1271 1586 infirmi·
1326 1558 1455 1593 gregatae
1470 1556 1497 1584 in
1514 1556 1617 1584 malum
1632 1555 1734 1584 domini
1751 1555 1794 1584 sui
1807 1567 1833 1584 n.
1846 1572 1883 1577 —
1894 1556 1941 1584 Est
1952 1555 2099 1585 infirmitas
2109 1564 2177 1584 car—
2192 1559 2260 1580 Tertia.

423 1607 465 1632 tas
479 1603 706 1641 compassionis,
722 1603 826 1632 scilicet
840 1611 876 1632 ex
891 1603 1110 1633 consideratione
1132 1603 1269 1641 proximi;
1326 1602 1477 1636 nammis,-
1492 1602 1525 1632 de
1541 1611 1597 1640 qua
1612 1603 1793 1632 Ecclesiastici
1809 1602 1951 1640 trigesimo
1966 1603 2100 1640 septimo:
2118 1614 2132 1628 α
2147 1602 2176 1631 111

423 1650 559 1679 secundae
580 1650 614 1679 ad
634 1650 791 1679 Corinthios
809 1650 971 1680 undecimo:
992 1663 1005 1676 a
1019 1651 1088 1687 Quis
1102 1650 1270 1685 infirmatur,
1327 1650 1423 1679 multis
1444 1650 1514 1679 escis
1534 1650 1588 1679 erit
1609 1650 1756 1679 infirmitas
1771 1662 1798 1685 »,
1819 1650 1846 1679 id
1867 1652 1909 1679 est
1930 1650 1957 1678 in
1982 1650 2078 1679 multis
2099 1650 2177 1679 volu-

335 1709 405 1728 mnia.
423 1700 450 1727 et
470 1706 521 1735 ego
541 1705 595 1726 non
616 1697 744 1726 infirmor
760 1701 790 1726 »ἵ
812 1715 850 1719 -
870 1698 909 1726 Ab
930 1697 1070 1735 inferiori
1082 1701 1215 1727 causatur
1230 1698 1271 1727 in-
1327 1698 1465 1735 ptatibus;
1491 1710 1504 1723 <1
1519 1701 1547 1727 et
1567 1697 1683 1726 aviditas
1703 1697 1938 1735 appropinquabit
1959 1705 2048 1735 usque
2063 1697 2097 1726 ad
2111 1697 2177 1727 cho-

424 1745 541 1773 firmitas
561 1744 777 1779 tribulationis,
799 1745 903 1774 scilicet
923 1744 957 1773 ab
978 1745 1141 1782 intemperie
1156 1745 1268 1779 mundi;
1327 1744 1413 1774 leram
1429 1756 1455 1772 2».
1471 1761 1509 1765 —-
1524 1744 1570 1773 Est
1590 1744 1673 1773 etiam
1694 1744 1841 1773 infirmitas
1859 1744 2042 1773 curiositatis
2049 1754 2060 1778 ;
2073 1744 2107 1773 de
2121 1752 2178 1781 qua
2194 1748 2270 1772 Quam-

423 1791 458 1820 de
478 1799 534 1828 qua
555 1791 692 1820 secundae
712 1792 746 1820 ad
774 1792 931 1821 Corinthios
957 1792 1137 1821 duodecimo:
1163 1804 1176 1817 «
1191 1793 1271 1821 Com-
1328 1791 1411 1820 Isaiae
1438 1790 1690 1828 quadragesimo⁷:
1717 1803 1731 1816 «
1746 1790 1879 1820 Deficient
1905 1791 1986 1828 pueri
2014 1794 2041 1820 et
2069 1790 2177 1820 labora-

422 1838 517 1875 placeo
537 1838 605 1866 mihi
626 1838 654 1866 in
682 1838 890 1867 infirmitatibus
918 1838 1003 1872 meis,
1024 1838 1053 1867 in
1081 1839 1271 1874 contumeliis,
1328 1838 1413 1873 bunt,
1435 1842 1462 1867 et
1484 1838 1598 1867 iuvenes
1618 1838 1645 1866 in
1668 1838 1829 1867 infirmitate
1850 1838 1948 1867 cadent
1963 1850 1990 1866 ».
2009 1838 2048 1867 De
2062 1839 2114 1867 hac
2130 1838 2178 1867 Ec-

423 1885 451 1913 in
472 1884 696 1920 necessitatibus,
718 1885 746 1914 in
766 1885 901 1922 angustiis
921 1893 973 1922 pro
993 1885 1144 1914 Christo».
1167 1886 1205 1915 De
1219 1886 1271 1915 hac
1328 1886 1469 1915 clesiastae
1490 1885 1587 1915 tertio:
1608 1885 1693 1914 «Vidi
1707 1885 1901 1919 afflictionem,
1917 1893 2001 1923 quam
2015 1885 2090 1915 dedit
2103 1885 2178 1915 Deus

423 1934 513 1969 potest
533 1932 635 1968 exponi
656 1932 731 1969 quod
759 1932 879 1961 habetur
907 1932 1087 1962 Ecclesiastici
1115 1933 1270 1970 septimo³z
1328 1932 1392 1961 filiis
1418 1932 1579 1966 hominum,
1606 1934 1639 1961 ut
1662 1932 1855 1961 distendantur
1884 1932 1911 1961 in
1939 1939 1979 1961 ea.
2008 1932 2113 1961 Cuncta
2139 1932 2178 1961 fe-

428 1989 441 2002 «
456 1977 514 2006 Non
536 1981 563 2006 te
583 1978 674 2015 pigeat
694 1978 807 2007 visitare
826 1978 978 2007 infirmum.
1001 1979 1042 2007 Ex
1070 1979 1114 2008 his
1141 1980 1214 2008 enim
1243 1980 1271 2008 in
1328 1979 1365 2008 cit
1392 1979 1463 2008 bona
1492 1979 1519 2007 in
1548 1982 1673 2016 tempore
1701 1987 1752 2007 suo
1773 1979 1863 2013 Deus,
1884 1981 1912 2008 et
1933 1979 2069 2008 mundum
2091 1978 2176 2008 tradi-

329 2036 406 2060 Quana.
423 2024 568 2053 dilectione
582 2024 739 2054 firmaberis
753 2036 779 2053 ».
795 2042 833 2046 -—
848 2026 868 2054 A
881 2026 1032 2063 superiori
1045 2029 1176 2055 causatur
1194 2026 1272 2055 infir·
1327 2026 1367 2055 dit
1388 2026 1567 2063 disputationi
1588 2034 1702 2060 eorum,
1724 2028 1756 2055 ut
1777 2034 1830 2054 non
1853 2026 1974 2055 inveniat
1994 2026 2077 2055 homo
2091 2033 2177 2063 opus,

424 2072 505 2100 1111133
532 2075 652 2101 sanctae
679 2072 904 2106 aemulationis,
932 2072 1036 2102 scilicet
1063 2080 1100 2102 ex
1126 2073 1272 2102 dilectione
1327 2073 1403 2111 quod
1423 2076 1555 2110 operatus
1573 2075 1615 2101 est
1628 2072 1703 2102 Deus
1716 2073 1751 2102 ab
1765 2072 1843 2101 initio
1857 2080 1947 2110 usque
1961 2072 1996 2101 ad
2009 2072 2093 2101 finem
2108 2083 2135 2107 »;
2151 2075 2178 2101 et

423 2119 488 2153 Dei,
508 2118 542 2148 de
563 2127 619 2156 qua
639 2119 816 2148 Canticorum
844 2119 957 2157 quinto:
989 2131 1003 2145 a
1017 2120 1146 2149 Nuntiate
1172 2120 1272 2149 dilecto
1328 2120 1507 2149 Ecclesiastae
1528 2123 1639 2149 octavo:
1666 2120 1805 2154 «Inveni,
1826 2119 1901 2157 quod
1921 2127 2038 2157 operum
2053 2119 2177 2148 omnium

424 2174 501 2201 meo,
522 2166 589 2204 quia
608 2174 702 2195 amore
723 2166 841 2204 langueo
855 2179 882 2195 ι).
1328 2167 1376 2196 Dei
1398 2166 1503 2195 nullam
1526 2167 1610 2203 possit
1629 2166 1711 2195 homo
1727 2166 1851 2195 invenire
1866 2166 2017 2201 rationem;
2032 2169 2060 2195 et
2073 2168 2178 2203 quanto

502 2213 528 2242 3.
550 2213 620 2242 Haec
634 2213 782 2241 infirmitas
797 2213 949 2242 toleranda
962 2216 1020 2247 est,
1035 2213 1101 2251 quia
1118 2214 1208 2243 reddit
1222 2214 1272 2243 ho-
1329 2214 1392 2251 plus
1413 2213 1595 2248 laboraverit,
1617 2216 1693 2242 tanto
1713 2213 1807 2242 minus
1827 2213 1988 2242 inveniet».

279 2270 367 2289 Eiusdem
382 2270 408 2288 ef.
425 2259 528 2289 minem
553 2268 680 2294 sanum,
709 2259 799 2288 reddit
826 2260 967 2289 hominem
994 2260 1161 2295 eruditum,
1183 2261 1273 2290 reddit
1408 2261 1434 2289 5.
1456 2260 1526 2289 Haec
1547 2260 1694 2289 infirmitas
1713 2259 1858 2298 fugienda
1878 2263 1935 2295 est,
1957 2260 2023 2298 quia
2036 2260 2177 2290 hominem
2195 2263 2295 2306 Eirssffli

302 2294 362 2312 ’κως
375 2293 393 2311 4'
425 2307 567 2336 hominem
593 2306 766 2340 sollicitum,
787 2306 878 2335 reddit
906 2307 1046 2336 hominem
1064 2307 1223 2345 probatum
1245 2310 1273 2336 et
1328 2306 1489 2345 deformat,
1509 2307 1704 2345 depauperat,
1719 2306 1849 2336 debilitat
1863 2310 1891 2336 et
1905 2307 2055 2345 inquietat.
2071 2323 2108 2328 —
2127 2307 2177 2336 De·
2194 2310 2273 2330 rrimus.
2293 2299 2296 2305 ¹

425 2403 480 2429 tem
507 2399 625 2437 eulpae,
654 2400 726 2429 sicut
753 2399 902 2437 aliquando
928 2399 1041 2435 accidit,
1063 2400 1137 2438 quod
1157 2400 1272 2437 aliquis,
1333 2401 1477 2430 «Iuvenes
1498 2403 1525 2430 et
1546 2401 1667 2438 virgines
1688 2401 1819 2429 infirmati
1836 2403 1914 2435 sunt,
1929 2404 1956 2430 et
1970 2401 2060 2430 omnis
2073 2401 2178 2438 specio-

425 2446 524 2475 cadens
544 2447 572 2475 in
592 2455 676 2475 unam
697 2447 900 2481 infirmitatem,
922 2450 1038 2476 sanatur
1051 2447 1086 2476 ab
1100 2447 1154 2476 alia
1174 2455 1272 2476 secun·
1328 2447 1395 2476 sitas
1416 2447 1567 2476 mulierum
1588 2447 1734 2476 immutata
1755 2450 1837 2477 est».
1858 2464 1895 2468 —
1911 2448 2100 2485 Depauperat
2119 2447 2178 2476 ani·
2194 2450 2294 2470 Secundus·

326 2363 407 2382 Primus.
424 2353 587 2390 perfectum.
611 2370 645 2374 —
669 2353 762 2382 Sanat
783 2353 857 2382 enim
878 2353 947 2382 haec
966 2353 1113 2382 infirmitas
1127 2354 1273 2382 infirmita·
1299 2353 1304 2525 1
1328 2353 1442 2391 format
1462 2354 1673 2389 conscientiam;
1695 2354 1777 2391 primi
1800 2354 2029 2383 Machabaeorum
2048 2354 2177 2391 primo⁸z

425 2493 492 2522 dum
512 2496 656 2527 naturam;
678 2493 751 2523 unde
766 2494 946 2523 Ecclesiastici
961 2494 1108 2523 undecimo
1121 2495 1150 2522 4:
1169 2505 1183 2519 <c
1197 2494 1273 2522 Mali·
1330 2502 1420 2528 mam;
1442 2494 1620 2523 Ecclesiastae
1637 2494 1750 2531 quinto:
1769 2506 1783 2520 «
1798 2494 1874 2523 Sicut
1888 2503 2017 2532 egressus
2031 2498 2072 2524 est
2086 2495 2179 2524 nudus

489 2686 497 2699 ¹
515 2687 574 2710 Vide
593 2693 663 2715 supra
686 2693 740 2716 pag.
758 2687 816 2715 394,
834 2690 911 2711 notam
929 2688 968 2711 ⁴3.
985 2700 1014 2704 —
1030 2688 1127 2711 Interius
1149 2688 1272 2716 respicitur
1390 2686 1401 2700 ⁶
1418 2688 1484 2711 Vers.
1502 2687 1524 2711 4.
1539 2690 1562 2711 et
1578 2688 1601 2711 5.
1617 2700 1648 2705 -
1665 2688 1716 2711 Duo
1733 2694 1800 2718 seqq.
1817 2688 1860 2711 loci
1876 2690 1931 2711 sunt
1947 2688 2020 2711 Eccle.
2037 2687 2064 2716 5,
2082 2688 2125 2715 12,
2137 2687 2177 2711 ubi

426 2727 487 2750 loan.
505 2727 543 2754 «11,
560 2727 602 2749 25:
619 2727 692 2749 Etiam
708 2728 728 2750 si
744 2729 849 2750 mortuus
865 2728 945 2755 ruerit,
962 2727 1034 2751 vivet.
1297 2687 1302 2804 Ι
1330 2727 1428 2756 Vulgata
1444 2727 1540 2751 divinae
1556 2730 1709 2751 conservatae
1726 2734 1769 2756 pro
1791 2727 1886 2751 divitiae
1910 2728 2084 2757 concrepate-e,-
2109 2727 2177 2750 Eecli.

488 2765 497 2778 ²
514 2766 597 2789 Psalm.
615 2767 641 2793 6,
658 2767 681 2789 3.
697 2779 728 2783 -
745 2767 794 2789 Duo
815 2773 881 2796 seqq.
903 2767 947 2790 loci
967 2770 1021 2790 sunt
1043 2768 1069 2790 ll.
1088 2766 1141 2790 Cor.
1164 2767 1206 2794 11,
1229 2766 1269 2789 29.
1329 2767 1370 2794 37,
1388 2767 1426 2790 33.

427 2808 450 2828 et
466 2806 508 2833 ⁴2,
527 2806 564 2828 10.
1391 2804 1400 2818 “’
1418 2806 1485 2829 Vers.
1497 2807 1536 2829 30.
1549 2819 1578 2823 -
1590 2806 1693 2829 Subinde
1704 2807 1817 2835 allegatur
1834 2807 1908 2829 Eccle.
1922 2806 1943 2835 3,
1957 2806 1994 2828 10.
2005 2811 2054 2835 seq.
2067 2808 2089 2829 et
2100 2806 2122 2834 8,
2135 2805 2176 2828 ⁴7:

489 2842 500 2856 ³
517 2845 583 2867 Vers.
599 2845 637 2867 39.
653 2857 685 2862 —
701 2846 809 2874 Sequitur
825 2845 913 2869 Cantic.
929 2846 957 2874 5,
974 2846 996 2868 8.

489 2882 500 2895 ⁴³
517 2884 583 2906 Vers.
595 2884 633 2906 29.
643 2896 675 2901 —
685 2884 789 2907 Subinde
801 2885 927 2913 allegantur
938 2885 1006 2908 Eccli.
1018 2885 1060 2913 31,
1072 2886 1099 2914 2;
1111 2885 1162 2908 1331.
1173 2886 1217 2913 28,
1232 2885 1272 2912 ⁴92

428 2923 452 2945 11.
469 2922 573 2945 Machab.
589 2924 616 2951 9,
635 2924 671 2945 11.
688 2926 711 2946 et
728 2924 766 2946 12.

490 2960 500 2973 ⁵
517 2962 600 2985 Psalm.
617 2962 658 2989 ⁴5,
676 2962 698 2985 t.
709 2974 740 2980 -
752 2963 885 2991 Sequuntur
901 2963 960 2987 Osee
977 2964 1004 2991 6,
1017 2964 1038 2986 ¹l.
1050 2966 1073 2986 et
1084 2964 1108 2986 11.
1120 2963 1174 2987 Cor.
1190 2963 1232 2990 42,
1250 2963 1272 2985 9.

1330 2845 1450 2873 Intellexi,
1470 2845 1534 2875 quod
1550 2849 1594 2868 etc.

1392 2884 1402 2897 ¹⁵
1420 2885 1485 2907 Vers.
1502 2885 1540 2907 27.
1561 2897 1591 2901 —
1611 2885 1668 2908 Tres
1687 2890 1755 2914 seqq.
1773 2885 1817 2908 loci
1836 2887 1891 2908 sunt
1910 2885 1982 2908 Eccle.
2006 2884 2033 2911 5,
2060 2883 2097 2907 tt.
2115 2890 2176 2912 seq.;

1329 2924 1416 2947 Thren.
1433 2924 1458 2953 ⁴,
1476 2923 1514 2946 ⁴4.
1530 2926 1553 2946 et
1570 2924 1606 2946 Ps.
1624 2924 1682 2951 106,
1700 2924 1737 2946 12.
