2296 3316
20 171 22 221 i

20 256 109 287 Quintum.

12 1372 69 1404 110111).
81 1379 99 1398 1.

16 1426 72 1450 illesi).
84 1426 102 1445 2.

753 123 923 153 COMMENT.
945 125 977 153 IN
998 124 1144 153 IOANNEM
1165 125 1193 154 C.
1215 125 1246 154 X.

204 204 249 232 52.
271 202 361 239 (Vers.
382 202 451 238 Iti).
468 203 503 231 Et
527 202 614 231 multi
639 205 781 230 venerunt
799 204 851 230 010.
873 202 971 238 Tangi-

126 254 173 281 tur
193 250 238 279 hic
258 249 405 284 ultimum,
426 249 531 278 scilicet
557 257 594 278 ex
621 248 709 285 ipsius
736 256 849 277 recessu
873 249 970 277 multi—

123 296 243 335 plicatio
263 295 414 333 fideliam;
434 298 549 332 propter
569 294 644 332 quod
664 294 750 322 dicit:
766 295 801 322 Et
820 294 907 323 multi
924 303 970 323 ve-

125 346 231 373 nerunt
250 343 291 371 ad
311 350 394 376 eum,
414 342 519 371 seilicet
545 349 596 378 per
622 340 724 375 fidem;
746 340 829 369 Isaiae
855 348 970 378 sexage-

125 390 193 419 simo
206 390 231 418 ¹:
255 401 270 415 u
285 388 343 417 Filii
371 388 413 417 tui
433 388 467 417 de
488 388 568 425 longe
596 387 707 416 venient
721 397 752 421 »;
774 389 799 415 et
819 387 969 416 dicebant:

126 436 203 472 Quia
222 436 347 464 Ioannes
366 434 482 463 nullum
509 434 626 472 quidem
653 433 773 470 sianum
800 432 885 470 fecit,·
906 441 970 470 pro-

124 485 186 520 pter
205 481 279 519 quod
299 481 469 514 ostenderet,
488 488 518 509 se
538 488 598 509 esse
619 479 777 514 Cbristum;
793 479 840 508 sed
862 482 968 509 tantum

124 528 310 558 testimonium
331 527 366 556 de
386 527 496 555 Christo
516 526 658 563 perhibuit
670 527 689 554 2.

203 574 248 603 53.
270 574 359 608 (Vers.
388 573 456 608 42).
488 572 594 601 Omnia
625 576 739 606 autem,
772 581 971 611 quaecumque

123 621 199 650 diaeit
219 621 344 649 Ioannes
364 620 398 648 de
418 618 484 653 lzoc,
506 627 577 648 vera
597 622 690 647 erant.
713 619 765 653 Et,
787 619 825 648 ita
845 619 897 648 isto
918 619 970 648 du-

123 667 185 705 plici
207 667 362 696 testimonio
383 666 501 700 inducti,
522 665 609 694 multi
628 666 815 694 crediderant
835 666 867 694 in
887 674 968 700 eum,

122 714 274 744 secundum
303 713 378 750 quod
398 713 457 750 ipse
477 712 611 741 Dominus
638 720 724 749 supra
751 712 869 741 001101113
890 712 970 741 (11Χο-

122 763 180 790 rat:
199 771 213 785 α
228 760 259 788 Ε1
279 760 302 788 si
323 759 391 788 mihi
412 767 467 788 non
488 759 615 794 creditis,
637 759 734 788 saltem
756 759 889 795 operibus
910 767 969 787 cre-

121 807 217 841 (1110»;
235 806 333 840 multi,
352 805 506 835 secundum
526 805 595 834 illud
617 805 730 834 Psalmi:
753 816 767 830 «
782 805 970 834 Dinumerabo

121 862 183 889 eos,
203 857 231 883 et
251 861 336 890 super
356 861 469 882 arenam
492 852 752 889 multiplicabuntur
764 863 795 886 »;
810 855 838 880 01
857 851 970 881 Genesis

120 901 226 930 decimo
246 900 380 937 septimo:
407 911 420 925 <t
435 900 496 928 Eris
516 903 594 936 pater
615 899 769 927 multarum
789 898 913 935 gentium
928 911 954 926 ».

439 994 642 1030 Quansrionas.

198 1088 243 1117 54.
265 1087 376 1125 Quaest.
398 1087 416 1115 Ι.
439 1086 490 1116 Sed
512 1086 659 1124 quaeritur
681 1086 726 1114 hic
754 1085 787 1114 de
817 1086 868 1114 1100
894 1086 969 1122 quod

119 1135 185 1165 dicit
197 1146 202 1164 :
220 1134 308 1164 Nemo
322 1134 419 1172 rapiet
432 1143 482 1163 eas
496 1133 530 1162 de
544 1142 637 1162 manu
651 1141 724 1161 mea.
739 1149 779 1153 —
794 1133 887 1161 Nonne
903 1135 969 1161 sunt

119 1183 146 1212 111
167 1191 252 1212 manu
272 1182 329 1211 Filii
344 1181 392 1219 qui
407 1181 510 1210 habent
527 1184 706 1219 praesentem
728 1179 896 1208 iustitiam?
915 1179 967 1216 Qui

119 1234 210 1260 tamen
237 1230 447 1267 disperguntur,
468 1228 621 1258 secundum
653 1227 722 1256 illud
752 1227 827 1265 quod
858 1228 967 1264 supra4

119 1277 222 1307 dictum
244 1279 303 1306 est:
326 1277 427 1314 Lupus
447 1275 523 1304 venit
544 1280 570 1304 et
590 1275 733 1313 dispergyit
753 1283 825 1304 oves.

196 1323 387 1360 Respondetur
410 1322 444 1351 ad
471 1323 538 1356 hoo,
560 1322 634 1359 quod
662 1322 812 1359 rapiuntur
843 1329 898 1350 nou
930 1329 966 1350 ex

119 1369 310 1399 imbecillitate
337 1369 524 1398 custodientis
535 1369 557 1403 ὅ,
579 1368 627 1397 sed
654 1376 690 1397 ex
718 1368 891 1405 infirmitate
916 1376 966 1396 cu-

118 1416 224 1445 stoditi.
239 1424 279 1436 —‘
292 1416 341 1445 Vel
359 1415 512 1444 secundum
533 1415 718 1452 Augustinum
732 1423 796 1443 oves
811 1414 856 1443 hic
870 1414 967 1443 dicun-

120 1466 166 1493 tur
187 1463 340 1492 secundum
354 1465 505 1491 aeternam
519 1462 679 1491 electionem
688 1484 696 1495 ,
718 1461 767 1498 qui
781 1469 836 1489 non
851 1464 968 1498 possunt

119 1509 178 1547 rapi
199 1509 326 1538 finaliter.
349 1508 424 1538 Unde
445 1508 654 1545 Augustinusss:
673 1508 752 1537 «Nec
773 1508 858 1544 lupus
879 1507 966 1544 rapit,

119 1563 169 1585 nec
195 1555 242 1584 sur
270 1555 355 1590 tollit,
376 1562 427 1584 nec
455 1555 526 1583 latro
553 1554 704 1589 interficit;
726 1562 843 1583 securus
871 1557 913 1583 est
933 1553 968 1583 de

119 1610 236 1631 numero
257 1609 354 1631 earum
374 1601 423 1639 qui
444 1609 491 1630 eas
511 1601 711 1630 numeravit».

198 1649 243 1677 55.
266 1649 376 1686 Quaest.
392 1648 421 1677 ΙΙ.
441 1648 493 1677 Sed
514 1650 581 1677 tunc
599 1648 746 1685 quaeritur
766 1647 801 1676 de
821 1647 874 1676 hoc
892 1648 967 1685 quod

118 1695 201 1725 dicit:
223 1695 313 1724 Nemo
333 1698 422 1733 potest
435 1703 540 1732 rapere
555 1695 589 1723 de
602 1703 695 1723 manu
719 1694 822 1723 Patris
842 1694 906 1722 mei.
929 1711 968 1715 —

119 1743 189 1780 Ergo
209 1743 257 1780 qui
280 1745 345 1772 sunt
373 1742 400 1771 111
428 1750 514 1770 manu
539 1742 604 1776 Dei,
626 1744 658 1770 ut
678 1741 891 1778 praedestinati,
911 1749 967 1770 11011

119 1792 235 1827 possunt
254 1789 398 1818 damnari:
420 1797 486 1826 ergo
513 1797 568 1817 non
596 1788 700 1817 habent
727 1788 883 1817 libertatem
904 1796 967 1825 pec-

119 1835 197 1865 candi
217 1835 346 1865 finaliter.

183 2047 191 2060 ²
210 2048 277 2071 Vers.
295 2048 315 2071 4.

181 2085 191 2099 ²
208 2087 319 2115 August,
335 2086 359 2109 in
375 2087 437 2109 Ioan.
454 2087 543 2115 Evang.
555 2090 583 2110 tr.
594 2086 633 2109 48.
643 2093 665 2109 n.
679 2087 721 2109 42:
734 2087 837 2116 Nullum,
850 2087 968 2116 inquiunt,

120 2126 257 2149 miraculum
274 2126 374 2148 ostendit
390 2126 497 2148 loannes:
509 2132 555 2148 non
572 2126 693 2148 daemonia
711 2126 812 2154 fugavit,
824 2132 870 2148 non
882 2126 969 2154 expulit

121 2163 232 2187 febrem...
249 2164 304 2187 1111111
321 2165 406 2187 11011110
418 2164 470 2187 fecit
482 2164 588 2192 loannes,
599 2167 622 2187 et
633 2166 719 2192 totum,
730 2164 846 2193 quidquid
863 2164 967 2192 dicebat,

120 2203 174 2226 huic
186 2203 341 2226 testimonium
355 2202 492 2231 perhibebat
505 2203 553 2233 [cir.
566 2209 636 2231 supra
652 2204 660 2225 1
672 2220 678 2231 ,
690 2203 713 2226 7.
726 2204 763 2226 15.
775 2204 812 2226 23.
824 2203 913 2233 seqq.].
925 2204 968 2226 Per

119 2242 237 2265 lucernam
254 2242 377 2265 veniamus
393 2242 423 2264 ad
441 2242 512 2265 diem.

181 2279 191 2293 ³
208 2281 274 2304 Vers.
300 2282 338 2304 38.
361 2293 393 2298 —-
418 2281 468 2303 Duo
494 2287 558 2310 seqq.
584 2281 627 2304 loci
654 2284 708 2304 sunt
735 2282 771 2304 Ps.
798 2282 856 2308 138,
883 2282 920 2304 18.
946 2284 968 2304 et

121 2320 176 2343 Gen.
195 2320 237 2348 17,
255 2320 277 2343 4.

181 2358 192 2371 ⁴
208 2359 276 2382 Vers.
293 2360 330 2381 12.
348 2358 394 2382 Csr.
410 2365 480 2387 supra
497 2365 518 2382 c.
535 2359 556 2381 6.
574 2365 597 2382 n.
615 2359 652 2382 64.
669 2361 692 2382 et
709 2359 761 2382 100.

182 2396 192 2410 ⁵
209 2398 288 2420 Glossa
305 2397 431 2420 ordinaria
448 2398 472 2420 111
490 2399 551 2420 loen.
575 2398 616 2425 10,
639 2398 685 2420 29:
708 2398 767 2427 Quia
784 2404 810 2421 ex
831 2399 886 2425 hoc,
903 2398 968 2427 quod

120 2443 171 2459 sum
189 2443 216 2459 ex
232 2437 310 2463 Patre,
328 2437 401 2459 maior
418 2443 469 2459 sum
487 2437 517 2459 ad
531 2437 701 2465 protegendum
719 2443 790 2465 quam
806 2437 837 2459 illi
852 2437 882 2459 ad
895 2437 969 2465 impu-

122 2476 248 2504 gnandum.

182 2513 192 2527 ⁶
209 2516 233 2538 111
250 2515 311 2537 loan.
328 2515 416 2542 Evang.
434 2516 462 2536 tr.
480 2514 517 2537 48.
534 2520 557 2537 11.
574 2514 600 2536 6:
619 2515 651 2537 De
668 2514 753 2537 ovibus
770 2514 818 2537 istis
831 2514 870 2544 [de
882 2514 969 2544 quibus

121 2554 176 2577 dicit
192 2554 316 2582 Apostolus
332 2554 356 2576 ll.
373 2554 433 2576 Tim,
451 2554 476 2582 2,
490 2554 532 2576 l19:
549 2553 622 2577 Novit
636 2553 754 2577 Dominus
771 2553 813 2583 qui
828 2556 887 2577 sunt
902 2553 968 2582 cias,-

121 2594 144 2614 et
160 2592 227 2615 Rom.
244 2593 272 2619 8,
290 2592 332 2614 30:
351 2591 416 2620 Quos
430 2591 573 2621 praescivit,
590 2591 653 2621 ipsos
669 2593 691 2615 et
707 2591 897 2621 praedestinavit
913 2591 968 2621 etc.]

121 2636 163 2653 nec
179 2631 272 2659 lupus...
289 2631 389 2653 Securus
405 2633 440 2653 est
456 2630 486 2653 de
507 2637 605 2653 numero
628 2637 709 2654 earum
732 2631 772 2660 qui
794 2637 837 2659 pro
854 2632 887 2654 eis
904 2631 969 2654 novit

121 2669 186 2698 quod
204 2669 275 2692 dedit.

183 2706 192 2720 ⁷
210 2707 266 2736 Cap.
284 2708 321 2731 14.
338 2714 361 2731 n.
380 2708 422 2731 35:
439 2709 501 2731 Haec
516 2710 552 2731 est
567 2708 747 2737 praedestinatio
768 2709 918 2738 Sanctorum,
935 2709 968 2731 ni-

121 2747 152 2770 hil
169 2747 244 2775 aliud,
261 2747 411 2776 praescientia
429 2748 514 2770 scilicet
530 2750 552 2770 et
569 2748 714 2776 praeparatio
731 2748 897 2771 beneficiorum
915 2748 969 2776 Dei,

121 2785 208 2814 quibus
224 2786 351 2809 certissime
368 2785 506 2814 liberantur,
518 2786 661 2815 quicumque
673 2786 805 2809 liberantur.
822 2786 868 2810 Csr.
879 2787 894 2809 l.
907 2788 969 2809 Sent.

121 2824 145 2847 d.
163 2824 201 2847 40.
217 2831 237 2847 a.
255 2826 278 2847 2.
295 2831 318 2854 q.
336 2825 358 2847 1.
374 2831 423 2853 5011.
440 2827 462 2847 et
479 2825 503 2847 d.
520 2825 558 2848 47.
574 2832 598 2854 q.
621 2826 648 2853 1,
674 2825 714 2848 ubi
736 2825 805 2848 etiam
827 2826 968 2852 ostenditur,

122 2863 186 2892 quod
203 2864 382 2892 praedestinatio
399 2870 445 2887 non
457 2865 512 2887 tollit
523 2864 622 2887 liberum
635 2864 769 2892 arbitrium3
787 2865 810 2886 ll.
827 2865 889 2887 Sent.
906 2865 929 2887 d.
945 2864 969 2887 7.

123 2908 146 2929 p.
163 2903 179 2925 l.
196 2908 217 2924 a.
234 2903 255 2925 2.
273 2909 296 2932 q.
315 2903 336 2925 1.
353 2902 478 2931 probatur,
496 2903 560 2931 quod
585 2909 627 2931 per
649 2903 847 2925 confirmationem
869 2902 967 2925 liberum

216 2948 243 2972 S.
259 2949 349 2972 Bonav.
360 2961 391 2966 ——
404 2949 472 2972 Tom.
489 2950 528 2972 Vl.

1817 126 1873 155 393

1106 202 1144 231 Ad
1172 203 1224 231 hoc
1253 203 1363 231 videtur
1393 203 1484 232 dicere
1504 203 1674 240 Augustinus
1701 204 1872 241 simpliciter,

1028 249 1102 286 quod
1123 257 1178 277 non
1199 252 1314 286 possunt
1331 249 1439 287 perire,
1455 249 1482 278 in
1504 250 1574 278 libro
1595 249 1629 278 de
1650 250 1723 278 Bono
1744 257 1872 286 perseve-

1028 295 1171 330 rantiae⁷;
1193 304 1243 324 nec
1264 299 1355 325 tamen
1376 296 1448 333 perit
1468 296 1587 325 liberum
1616 296 1779 330 arbitrium,
1801 297 1872 326 sicut

1027 343 1110 371 etiam
1130 351 1185 371 non
1206 343 1277 379 perit
1298 343 1325 371 in
1347 343 1524 372 confirmatis.
1540 360 1575 364 —
1591 343 1741 372 Dicendum
1765 346 1871 378 tamen,

1027 388 1102 425 quod
1129 396 1210 417 nemo
1235 392 1325 425 potest
1348 397 1466 425 rapere,
1488 390 1553 426 quia
1582 390 1659 418 Pater
1690 389 1784 418 electis
1814 389 1872 418 suis

1026 443 1081 463 non
1096 435 1231 471 permittit
1251 435 1407 463 violentiam
1430 436 1508 470 fieri;
1530 435 1646 464 undess:
1667 435 1760 472 fidelis
1785 436 1870 469 Deus,

1027 480 1080 519 qui
1098 489 1157 509 non
1176 481 1331 518 permittet,
1347 490 1397 510 vos
1412 483 1519 510 lentari
1535 491 1630 520 supra.
1651 482 1682 511 id
1702 482 1780 520 quod
1794 485 1871 519 pote-

1027 527 1097 560 stis;
1118 531 1145 555 et
1165 527 1291 556 diabolus
1317 536 1371 556 non
1393 531 1483 565 potest
1502 529 1558 558 Deo
1580 529 1736 558 violentiam
1765 529 1870 563 facere,

1027 577 1059 602 ut
1089 582 1184 602 servos
1215 582 1280 603 suos
1311 577 1397 603 tentet
1427 575 1515 609 ultra,
1537 584 1620 612 quam
1643 576 1700 612 ipse
1721 576 1870 612 permittat.

1028 620 1117 648 Manet
1137 628 1203 657 ergo
1224 620 1251 648 in
1273 620 1312 648 eis
1334 620 1412 649 liberi
1433 621 1540 650 arbitrii
1556 622 1673 650 libertas
1694 622 1734 649 ad
1751 630 1871 659 pecean-

1027 666 1112 700 dum,
1128 666 1176 695 sed
1196 675 1250 695 non
1272 669 1364 695 manet
1385 667 1412 695 in
1433 667 1541 696 diabolo
1558 671 1686 704 potestas
1706 668 1746 696 ad
1766 668 1871 696 violen-

1028 714 1152 742 tandum
1172 716 1199 742 et
1221 714 1245 742 vi
1268 714 1475 751 surripiendum
1488 715 1507 742 ³.

1107 761 1152 788 56.
1175 762 1284 797 Quaest.
1307 761 1347 789 111,
1370 761 1434 790 ltem
1460 762 1605 799 quaeritur
1632 761 1665 790 de
1693 762 1870 798 responsione

1027 807 1152 836 Domini:
1174 808 1239 844 quia
1259 808 1393 837 Dominus
1414 816 1443 837 se
1463 808 1573 837 dixerat
1593 809 1681 837 Deum
1709 811 1736 837 et
1760 808 1808 836 Dei
1830 808 1871 836 Fi-

1027 854 1111 887 lium,
1133 854 1266 889 ostendit,
1288 855 1361 891 quod
1393 863 1447 883 non
1478 855 1692 892 blasphemavit,
1722 863 1771 891 per
1800 854 1871 882 Scri-

1027 902 1156 937 pturam,
1177 908 1248 937 quae
1269 909 1364 929 servos
1388 901 1435 930 Dei
1450 901 1472 918 ¹⁰
1492 901 1559 930 cleos
1580 904 1666 930 vocat.
1690 917 1726 921 -—
1749 901 1799 929 ista
1829 907 1871 928 re-

1027 947 1138 983 sponsio
1165 947 1274 976 videtur
1305 948 1373 976 nihil
1405 949 1512 982 valere,
1533 948 1599 985 quia
1627 948 1769 984 Scriptura
1792 950 1871 975 vocat

1027 993 1088 1022 illos
1102 994 1168 1022 deos
1185 1002 1239 1031 per
1254 994 1453 1031 azlopstonenm
1468 995 1515 1023 sed
1530 995 1588 1031 ipse
1609 1002 1638 1023 se
1658 994 1765 1023 dicebat
1781 994 1871 1022 Deum

1024 1048 1078 1076 per
1099 1040 1269 1073 essentiam
1291 1041 1364 1069 unde
1384 1041 1511 1069 dicebat:
1535 1042 1595 1078 Eyo
1616 1045 1640 1069 et
1663 1041 1753 1069 Pater
1778 1048 1871 1069 mium

1025 1095 1138 1114 sumus.

1106 1134 1286 1162 Rasrounnoz
1311 1134 1463 1163 Dicendum
1495 1134 1529 1162 ad
1559 1134 1627 1168 1100,
1656 1133 1729 1170 quod
1761 1133 1870 1170 quando

1026 1180 1160 1209 Dominus
1181 1181 1340 1217 disputabat
1360 1189 1424 1209 cum
1446 1181 1566 1215 ludaeis,
1588 1180 1736 1217 aliquando
1757 1188 1870 1216 respon-

1025 1228 1107 1257 debat
1128 1228 1168 1256 aii
1189 1228 1367 1262 orationem,
1390 1228 1537 1265 aliquando
1559 1227 1742 1264 respondebat
1762 1227 1802 1254 ad
1822 1225 1870 1254 lto-

1025 1275 1148 1309 minem,
1163 1283 1196 1304 eo
1210 1275 1284 1312 quod
1304 1286 1317 1299 «
1332 1275 1445 1306 omnino,
1464 1274 1620 1302 adversanti
1642 1273 1753 1302 omnino
1774 1273 1871 1302 adver-

1025 1322 1141 1350 sandum
1155 1323 1177 1338 ¹¹
1190 1333 1217 1349 ».
1247 1321 1323 1350 Unde
1355 1321 1465 1358 quando
1496 1321 1547 1357 ipsi
1570 1320 1725 1357 petierunt,
1753 1320 1784 1348 in
1812 1328 1871 1357 qua

1021 1372 1159 1406 potestate
1180 1369 1298 1402 faceret,
1320 1371 1347 1397 et
1368 1368 1502 1396 Dominus
1524 1367 1684 1403 respondit:
1700 1366 1871 1403 Baptismus

1026 1415 1147 1443 Ioannis
1168 1424 1182 1443 e
1203 1415 1280 1443 eaelo
1308 1418 1388 1448 erat,
1411 1423 1451 1442 an
1479 1423 1513 1442 ex
1533 1412 1729 1442 bominibus?
1750 1421 1796 1441 eos
1821 1421 1872 1441 sua

1025 1461 1240 1498 interrogatione
1255 1461 1364 1498 ligavit,
1379 1460 1505 1489 Matthaei
1528 1460 1659 1497 vigesimo
1682 1459 1770 1495 primo
1782 1459 1813 1485 ¹2.
1829 1459 1872 1487 Sic

1025 1511 1052 1536 et
1073 1516 1149 1536 nunc
1178 1507 1325 1544 respondet
1346 1508 1386 1536 ad
1407 1506 1566 1540 hominem,
1588 1509 1620 1535 ut
1641 1506 1747 1543 mitiget
1774 1513 1872 1534 eorum

1025 1554 1212 1589 iracundiam,
1235 1554 1306 1582 sicut
1327 1562 1412 1590 supra
1433 1556 1528 1582 octavo
1550 1553 1700 1582 confutavit
1724 1552 1870 1580 malitiam:

1028 1601 1086 1637 Qui
1104 1601 1166 1629 sine
1188 1604 1305 1638 peccato
1326 1604 1367 1629 est
1387 1603 1532 1634 vestrum,
1552 1600 1670 1637 primus
1692 1599 1723 1627 in
1743 1607 1808 1627 eam
1829 1598 1871 1626 la-

1023 1648 1122 1685 pidem
1142 1648 1246 1676 mittat.

1104 1695 1195 1723 Potest
1216 1697 1306 1722 tamen
1327 1694 1395 1727 dici,
1418 1693 1491 1730 quod
1513 1701 1611 1722 revera
1634 1692 1736 1729 optimo
1758 1699 1871 1728 respon-

1025 1741 1079 1775 dit,
1100 1741 1181 1778 quia,
1203 1749 1267 1769 cum
1289 1741 1341 1769 1100
1362 1748 1460 1769 nomen
1482 1740 1552 1768 deus
1573 1740 1681 1769 dicatur
1710 1738 1869 1776 tripliciter:

1024 1792 1154 1822 natura,
1174 1787 1403 1824 participatione
1423 1789 1450 1815 et
1470 1786 1697 1824 nuncupatione,
1712 1789 1744 1814 ut
1765 1785 1791 1813 in
1814 1784 1870 1813 ido-

1025 1835 1109 1869 lis¹³;
1132 1835 1183 1863 ista
1204 1834 1393 1871 multiplicitas
1414 1834 1497 1862 habet
1517 1836 1610 1862 ortum
1632 1833 1666 1861 ab
1688 1841 1743 1860 una
1763 1832 1870 1868 radice,

1026 2047 1146 2070 arbitrium
1159 2054 1206 2070 non
1219 2049 1320 2070 mutetur
1331 2046 1410 2076 quoad
1422 2045 1580 2069 substantiam,
1598 2057 1629 2061 —
1641 2044 1750 2073 Superius
1763 2050 1805 2072 pro
1816 2043 1870 2067 sim-

1022 2087 1132 2117 pliciter,
1150 2086 1214 2117 quod
1229 2087 1266 2109 ed.
1284 2086 1348 2116 quod
1363 2085 1476 2116 finaliter.

1088 2124 1098 2137 Β
1114 2126 1185 2154 Epist.
1202 2126 1218 2148 I.
1237 2125 1289 2148 Cor.
1308 2125 1349 2152 io,
1369 2125 1405 2146 13.

1087 2163 1097 2177 ⁹
1114 2164 1158 2187 Csr.
1176 2165 1200 2187 ll.
1217 2165 1278 2187 Sent.
1295 2164 1318 2187 d.
1336 2164 1373 2186 23.
1390 2170 1411 2186 a.
1432 2164 1450 2185 1.
1467 2170 1489 2192 q.
1507 2163 1529 2185 2.
1546 2162 1575 2185 ad
1593 2162 1615 2185 3.
1634 2164 1656 2184 et
1673 2168 1696 2190 q.
1714 2162 1736 2183 3.
1756 2161 1780 2183 in
1804 2166 1868 2188 corp.

1025 2209 1067 2226 nec
1084 2210 1129 2226 nou
1156 2204 1188 2226 111.
1214 2204 1275 2225 Sent.
1298 2203 1321 2225 d.
1339 2203 1375 2224 19.
1393 2208 1414 2224 a.
1433 2202 1453 2224 1.
1470 2208 1493 2230 q.
1510 2202 1532 2223 3.
1548 2213 1579 2217 —
1598 2202 1638 2222 Pro
1656 2199 1833 2223 violentandum
1850 2200 1867 2221 B

1024 2242 1138 2266 violenter
1156 2241 1306 2269 lentandum,
1321 2240 1338 2264 C
1355 2239 1548 2267 inhabitandum,
1564 2240 1571 2262 l
1587 2238 1735 2267 violentiam,
1750 2240 1868 2261 Gorranus

1026 2281 1161 2304 violentiam
1178 2280 1338 2310 inferendam,
1355 2280 1394 2308 (1111
1412 2279 1479 2301 etiam
1498 2284 1539 2306 pro
1556 2276 1736 2306 surripiendum
1753 2276 1870 2299 substituit

1025 2326 1064 2343 eos
1081 2319 1231 2349 rapiendum.

1089 2357 1108 2371 ¹⁰
1126 2359 1166 2381 Ed.
1184 2358 1248 2380 addit
1263 2357 1312 2381 siz-e
1328 2357 1410 2380 iustos.

1089 2397 1107 2410 ¹²
1126 2398 1230 2423 Aristot„
1245 2398 1266 2419 ΙΙ.
1285 2397 1375 2418 Elench.
1393 2401 1412 2417 c.
1430 2396 1452 2417 2.
1465 2394 1494 2423 (c.
1510 2394 1567 2423 i7.):
1580 2394 1636 2415 Nam
1648 2393 1743 2415 omnino
1755 2392 1868 2415 adversus

1026 2437 1179 2459 contentiosos
1196 2438 1230 2457 est
1246 2435 1417 2461 reluctandum,
1434 2439 1482 2455 non
1499 2435 1524 2455 ut
1540 2432 1570 2454 ad
1587 2438 1627 2454 eos
1649 2432 1688 2460 qui
1714 2431 1869 2458 redarguunt,

1026 2476 1067 2498 sed
1084 2475 1123 2503 qui
1141 2475 1281 2502 redarguere
1293 2475 1416 2501 apparent;
1428 2478 1473 2494 non
1484 2471 1546 2493 enim
1559 2470 1657 2493 dicimus
1669 2476 1708 2492 eos
1724 2469 1869 2497 syllogizare;

1026 2520 1110 2543 quare,
1123 2517 1147 2536 ut
1159 2520 1204 2536 non
1222 2513 1353 2539 videantur,
1369 2510 1506 2533 emendandi
1524 2513 1584 2532 sunt.
1596 2509 1652 2531 lbid.
1665 2515 1685 2531 c.
1697 2509 1719 2531 3,
1732 2508 1760 2537 (c.
1774 2508 1821 2537 22.)
1834 2513 1870 2530 oc-

1027 2553 1098 2575 currit
1123 2552 1236 2575 distinctio
1261 2550 1416 2578 responsionis
1440 2548 1472 2571 acl
1497 2547 1629 2571 orationem
1646 2549 1668 2569 et
1684 2546 1716 2569 ad
1732 2546 1869 2573 hominem;

1027 2593 1067 2613 cfr.
1084 2597 1153 2619 supra
1172 2596 1224 2618 pag.
1244 2590 1300 2616 3555,
1318 2591 1370 2611 nota
1389 2588 1425 2610 13.
1442 2600 1473 2604 -
1490 2588 1532 2609 Pro
1550 2586 1681 2609 orationem
1695 2586 1731 2608 ed.
1743 2585 1870 2608 rationem.

1090 2628 1108 2642 ¹²
1128 2630 1192 2651 Vers.
1210 2629 1246 2650 ⁵23.
1264 2634 1341 2656 seqq:
1359 2628 1382 2648 111
1399 2633 1445 2655 qua
1463 2628 1574 2653 potestate
1586 2626 1643 2647 haec
1655 2624 1709 2646 sacis
1718 2625 1752 2646 ⁴3...
1768 2624 1869 2651 Respon-

1027 2669 1084 2691 dens
1101 2669 1162 2690 lesus
1179 2667 1234 2690 dixit
1251 2667 1295 2688 eis:
1315 2664 1462 2693 interrogabo
1479 2670 1522 2687 vos
1538 2666 1560 2686 et
1577 2669 1621 2691 ego
1638 2669 1709 2686 uuum
1725 2668 1869 2689 sermonem,

1026 2713 1096 2736 quem
1114 2707 1133 2729 si
1150 2706 1251 2729 dixeritis
1274 2705 1342 2731 mihi,
1359 2707 1381 2726 et
1403 2710 1447 2731 ego
1466 2703 1534 2725 vobis
1550 2703 1637 2729 dicam,
1655 2702 1678 2724 in
1695 2707 1741 2731 qua
1758 2703 1869 2729 potestate

1026 2748 1083 2769 haec
1101 2746 1167 2768 racio.
1184 2745 1314 2772 Baptismus
1331 2743 1421 2766 loannis
1443 2745 1485 2765 etc.
1503 2754 1533 2758 —
1551 2742 1658 2770 Sequitur
1679 2742 1738 2763 loau.
1757 2741 1782 2768 8,
1800 2740 1822 2761 7.
1838 2751 1869 2755 —

1026 2786 1069 2808 Pro
1086 2783 1271 2813 interroqatione
1287 2783 1323 2805 ed.
1340 2781 1502 2811 responsione,
1515 2783 1538 2803 et
1549 2787 1591 2809 pro
1609 2779 1691 2809 liyavit
1702 2780 1720 2801 D
1732 2777 1867 2808 confutavi!-

1089 2822 1108 2835 ¹³
1125 2824 1235 2851 August,
1253 2823 1354 2844 Enarrat.
1371 2822 1393 2843 in
1410 2822 1446 2843 Ρ5,
1463 2820 1501 2842 94.
1518 2826 1539 2842 n.
1561 2820 1589 2842 6:
1607 2820 1647 2841 Hic
1664 2819 1743 2846 accipe
1765 2817 1868 2840 homines

1026 2863 1106 2885 deos...
1123 2863 1180 2885 deos
1197 2861 1251 2883 dixit
1264 2859 1458 2890 participatione,
1476 2864 1524 2882 non
1540 2860 1631 2881 natura
1638 2866 1647 2886 ,·
1665 2857 1750 2885 gratia,
1767 2862 1811 2885 qua
1831 2862 1868 2877 vo-

1026 2902 1067 2924 luit
1084 2903 1157 2924 facere
1175 2901 1237 2923 deos.
1255 2899 1300 2922 Csr.
1317 2898 1373 2921 ibid.
1391 2898 1412 2920 in
1430 2899 1465 2920 Ps.
1478 2898 1531 2920 135.
1542 2904 1564 2919 n.
1577 2898 1598 2919 2.
1610 2902 1658 2925 seq.
1671 2896 1793 2923 Notarnus,
1804 2895 1867 2923 quod

1745 2941 1773 2962 50

1890 210 1947 234 Resp.
1961 211 1978 229 1.

1889 349 1946 373 Resp.
1959 349 1977 367 2.

1887 1138 1944 1162 Resp.
1959 1138 1976 1157 1.

1888 1185 1996 1204 Distinctio.

1887 1695 1945 1720 Resp.
1959 1696 1977 1714 2.

1887 1742 1938 1761 Deus
1948 1742 2017 1761 dieitur

1896 1766 2003 1789 tripliciter.
