2296 3316
233 2140 330 2164 Expositio
340 2139 370 2157 lit-

266 2164 338 2182 teraiis.

242 2187 364 2206 Commenda-

235 2211 364 2235 tui-primuin-

247 2236 309 2254 stitiae
324 2235 356 2253 bo·

242 2264 293 2280 num,
317 2259 364 2277 rimo

247 2288 296 2306 quoa
323 2287 352 2300 re-

248 2308 296 2324 ctam
309 2306 354 2324 affe-

260 2329 348 2348 ctionem.

236 2424 316 2443 Fructus
325 2425 370 2443 tres.

364 166 418 194 ΗΟ

362 246 403 272 set
424 241 556 275 Iudaeus,
578 240 630 269 fuit
652 243 744 268 tamen
766 239 793 267 in
814 238 918 266 Graeca
932 236 1027 273 lingua
1047 235 1126 264 valde
1140 235 1213 272 peri-

362 293 415 319 tus.
438 289 476 317 De
497 288 557 325 ipso
584 286 650 316 dicit
672 286 855 322 Hieronymus
882 284 910 313 in
935 283 1006 312 libro
1033 282 1067 311 de
1087 282 1160 311 Viris
1182 282 1214 310 il-

362 336 527 370 lustribus¹‚
542 334 617 372 quod
637 346 649 360 α
662 334 713 363 luit
728 333 857 367 Iudaeus,
872 331 983 360 natione
997 328 1213 363 Alexandrinus,

363 383 396 413 de
428 390 528 420 genere
555 381 729 411 sacerdotum
753 392 779 408 n.
807 396 842 400 —
868 378 961 407 Tertio
992 376 1113 414 assignat
1138 375 1216 404 tituli

1009 608 1478 657 COMMENTARIUS

761 776 841 836 IN
888 774 1190 835 LIBRUM
1241 771 1726 832 SAPIENTIAE.

650 1023 754 1051 Divisio
775 1029 938 1051 GENERALIS.

449 1118 598 1155 Quoniam,
619 1117 691 1146 sicut
712 1116 817 1145 dictum
838 1118 880 1144 est
891 1115 911 1149 ⁵³,
933 1113 1072 1151 principes
1093 1116 1120 1142 et
1141 1120 1221 1149 prae-

369 1167 432 1201 lati,
454 1169 481 1195 et
502 1174 552 1203 per
573 1171 746 1201 consequens
766 1170 876 1196 omnes,
897 1163 1085 1198 provocantur
1113 1159 1140 1188 in
1169 1159 1222 1188 hoo

370 1214 442 1242 libro
463 1212 497 1241 ad
512 1211 636 1241 studium
650 1214 677 1240 et
691 1217 814 1239 amorem
837 1208 1002 1245 sapientiae;
1018 1206 1066 1236 sed
1087 1206 1153 1244 quia
1167 1214 1221 1234 non

370 1262 460 1298 potest
480 1258 577 1288 haberi
599 1257 732 1295 sapientia
752 1256 811 1285 sine
832 1255 953 1284 iustitiae
974 1253 1165 1287 observanti&
1191 1252 1223 1280 in

372 1306 544 1336 malevolam
555 1306 631 1334 enim
643 1305 776 1333 animam
789 1311 848 1332 non
859 1301 991 1331 introibit
1001 1300 1148 1338 sapientia
1159 1302 1222 1334 etc„

372 1355 443 1384 infra
458 1353 578 1391 capitulo
593 1352 683 1390 primo
694 1351 718 1385 ⁵;
734 1351 800 1379 item
822 1348 1002 1378 Ecclesiastici
1023 1348 1126 1385 primo:
1150 1346 1222 1380 Fili,

372 1401 578 1439 concupiscens
598 1399 793 1437 sapientiam,
813 1405 900 1426 serva
918 1396 1078 1425 iustitiam.-
1100 1394 1161 1423 ideo
1182 1402 1224 1423 se-

373 1449 497 1479 cundum
517 1448 640 1477 Glossam
659 1446 749 1484 primo
770 1446 899 1474 hortatur
921 1443 955 1472 ad
976 1442 1137 1476 iustitiam,
1152 1441 1224 1470 scili-

374 1500 417 1526 cet
437 1504 528 1534 usque
542 1495 576 1524 ad
590 1497 703 1524 sextum
724 1492 889 1530 capitulum
905 1490 1039 1525 secundo,
1061 1489 1095 1518 ad
1109 1488 1225 1526 sapien-

375 1544 462 1578 tiam,
484 1543 588 1572 scilicet
609 1550 624 1570 a
645 1540 766 1579 capitulo
787 1542 868 1568 sexto
889 1546 979 1576 usque
1000 1537 1028 1566 in
1048 1537 1142 1565 finem.

532 1638 603 1665 PAns
624 1636 642 1665 1.
666 1636 842 1664 Exitum-Auo
863 1642 900 1662 An
921 1642 1068 1662 lusrrrmn.

457 1733 485 1761 ln
506 1735 584 1769 parte
606 1731 697 1768 prima
718 1729 782 1758 facit
803 1729 856 1758 tria
881 1728 1035 1758 secundum
1058 1730 1115 1756 tres
1136 1729 1229 1764 partes

377 1779 497 1809 iustitiae
518 1778 655 1816 generalis
666 1778 686 1805 ⁴².
710 1777 800 1805 Primo
822 1776 896 1805 enim
916 1775 972 1812 agit
999 1774 1033 1804 de
1054 1774 1159 1803 iustitia
1180 1774 1230 1802 ho-

979 157 1149 187 COMMENT.
1172 157 1204 186 lN
1226 156 1418 185 SAPOENTIAM
1439 155 1467 184 C.
1490 156 1508 184 1.

377 1827 459 1855 minis
473 1825 564 1863 quoad
580 1825 686 1858 Deum,
702 1824 823 1861 capitulo
838 1823 940 1860 prim03
956 1821 1091 1855 secundo,
1102 1821 1136 1850 de
1151 1820 1230 1850 iusti-

378 1874 414 1902 tia
436 1872 527 1910 quoad
545 1872 733 1909 prozimum,
752 1870 873 1907 capitulo
888 1869 1009 1898 secundo
1024 1872 1051 1897 et
1066 1868 1160 1902 tertio;
1176 1870 1231 1896 ter-

1163 1977 1325 2006 CAP1TuLuM
1347 1977 1365 2005 1.

459 2094 549 2130 (Vers.
566 2094 610 2129 1.).
622 2092 694 2120 Dicit
705 2099 784 2128 ergo:
796 2089 913 2127 Diligite
924 2092 989 2123 etc.;
1005 2087 1131 2117 Glossa5:
1149 2099 1162 2113 «
1173 2087 1231 2116 Non

379 2142 469 2170 solum
480 2140 559 2169 facite
571 2152 598 2167 ».
614 2139 671 2167 Non
683 2138 756 2167 enim
771 2140 813 2166 est
827 2136 1002 2165 meritorium
1013 2143 1084 2172 opus
1098 2134 1232 2169 iustitiae,

380 2188 432 2217 nisi
452 2188 500 2216 fiat
521 2195 557 2216 ex
578 2194 672 2215 amore
693 2184 829 2219 iustitiae3
849 2183 1014 2221 Gregorius:
1042 2194 1056 2207 «
1070 2183 1128 2211 Non
1149 2181 1233 2210 habet

380 2235 484 2273 aliquid
502 2233 649 2263 viriditatis
663 2240 759 2261 ramus
773 2231 838 2260 boni
858 2230 963 2268 operis,
984 2230 1036 2259 nisi
1052 2229 1184 2266 manserit
1205 2229 1233 2257 in

381 2282 473 2311 radice
488 2280 610 2310 caritatis
625 2292 652 2308 ».
668 2279 832 2312 Iustitiam,
847 2278 951 2307 scilicet
971 2277 1148 2310 increatam,
1162 2283 1233 2313 quae

382 2333 423 2359 est
444 2328 581 2358 rectitudo
601 2327 709 2356 divinae
737 2325 903 2360 voluntatis3
931 2327 959 2354 et
986 2327 1134 2357 creatam,
1162 2331 1234 2361 quae

383 2380 424 2406 est
445 2375 582 2405 rectitudo
604 2375 758 2408 humanae,
780 2372 933 2402 secundum
956 2371 1113 2400 Anselmum
1125 2371 1145 2399 ὃ.
1163 2370 1234 2399 Dili-

382 2425 453 2462 9ite,
469 2424 596 2460 inquam,
612 2421 770 2455 iustitiam,
791 2423 824 2449 ut
840 2420 896 2448 Deo
917 2417 1154 2456 conformemini,
1170 2417 1236 2455 quia

2240 120 2256 134 ss

1271 234 1416 263 rationem
1436 234 1542 263 dicens:
1566 233 1625 270 Qui
1644 233 1725 268 liber,
1748 232 1851 262 scilicet.
1865 232 2032 270 Sapientiae,
2050 241 2120 270 pro-

1271 281 1338 309 inde
1364 280 1517 318 Sapientia
1544 281 1732 315 nominatur,
1759 280 1831 319 quia
1858 279 1890 308 in
1917 288 1948 308 eo
1979 280 2121 309 adventus

1273 326 1399 361 Clu-isti,
1427 328 1479 366 qui
1505 331 1545 356 est
1573 328 1726 365 Sapientia
1748 326 1867 361 Patris,
1888 330 1914 355 et
1932 326 2033 364 passio
2058 326 2122 355 eius

1271 375 1429 408 evidenter,
1455 374 1481 403 id
1499 378 1541 404 est
1564 373 1723 412 diligenter,
1744 374 1929 412 exprimitur.

1277 1018 1331 1052 tio,
1358 1017 1392 1046 de
1423 1016 1528 1045 iustitia
1549 1014 1668 1044 hominis
1699 1013 1791 1051 quoad
1817 1022 1847 1042 se
1867 1011 1982 1050 ipsum,
2007 1013 2128 1051 capitulo

1277 1066 1378 1101 quarto
1399 1066 1427 1092 et
1447 1063 1552 1100 quinto.

1311 1156 1413 1194 Primo,
1435 1155 1468 1186 de
1489 1154 1597 1195 triplici
1619 1153 1732 1185 iustitia
1752 1152 1871 1184 hominis
1891 1152 1980 1193 quoad
2000 1153 2096 1184 Deum.

1359 1251 1387 1279 ln
1408 1250 1499 1288 prima
1520 1249 1610 1286 primo
1627 1249 1731 1278 excitat
1745 1248 1779 1277 ad
1799 1247 1933 1277 iustitiam
1954 1248 2067 1282 cordis;
2087 1255 2130 1277 se-

1281 1298 1384 1332 cundo,
1407 1297 1484 1326 oris:
1515 1296 1665 1334 Beniynus
1692 1299 1750 1330 est‚·
1779 1295 1874 1329 tertio,
1903 1295 2015 1332 operis:
2039 1294 2130 1324 Nolite

1279 1345 1387 1374 zelare.

1406 1439 1454 1472 De*
1467 1438 1583 1468 iustitia
1604 1438 1702 1467 cordis
1723 1438 1826 1476 a9itur
1847 1437 2008 1475 tripliciter.

1362 1534 1390 1562 ln
1405 1534 1496 1571 prima
1510 1533 1600 1571 primo
1615 1533 1692 1570 ponit
1705 1531 1936 1561 exhortationem
1950 1532 1990 1561 ad
2004 1531 2133 1561 iustitiae
2150 1534 2228 1554 Divissio·

1284 1581 1409 1615 bonum;
1431 1580 1565 1615 secundo,
1587 1580 1741 1609 utilitatem
1767 1579 2027 1618 acquiescentium:
2058 1579 2134 1615 Quo-

1283 1629 1366 1658 niam
1394 1628 1564 1662 invenitur;
1592 1628 1690 1663 tertio,
1718 1627 1925 1656 detrimentum
1955 1629 2134 1656 contemnen-

1285 1677 1376 1706 tium:
1399 1677 1559 1705 Perversae
1579 1676 1656 1704 enim
1677 1675 1864 1713 cogitationes
1885 1677 1936 1704 etc.
1950 1674 2027 1703 —In
2045 1674 2136 1712 prima

1284 1725 1376 1762 primo
1401 1727 1538 1761 quantum
1558 1723 1592 1752 ad
1614 1726 1717 1752 rectam
1739 1722 1933 1761 affectionem,
1954 1722 2063 1751 dicens:
2087 1721 2136 1751 Di-

1287 1772 1364 1810 liyite
1385 1771 1546 1805 iustitiam,-
1567 1770 1689 1800 secundo
1709 1773 1846 1808 quantum
1870 1769 1904 1798 ad
1925 1772 2029 1799 rectam
2051 1769 2136 1799 aesti-

1287 1819 1461 1848 mationem.-
1484 1818 1588 1848 Sentice
1609 1819 1643 1847 de
1665 1818 1806 1852 Domino;
1834 1817 1916 1847 tertio
1943 1819 2078 1855 quantum
2103 1816 2136 1846 ad

1288 1870 1393 1896 rectam
1415 1866 1616 1895 intentionem:
1639 1866 1675 1894 Et
1695 1865 1726 1894 in
1746 1864 1939 1902 simplicitate.

2151 1675 2265 1696 Subdiviuiu„
2274 1687 2277 1694 ,Α

1294 2086 1413 2115 «iustus
1439 2085 1575 2114 Dominus
1602 2088 1629 2114 et
1661 2085 1780 2114 iustitias
1807 2084 1973 2119 dilexit⁷»;
1999 2084 2081 2118 item,
2107 2086 2140 2112 ut

1289 2133 1426 2170 spirituali
1441 2132 1552 2161 laetitia
1566 2132 1761 2169 impleamini,
1777 2131 1929 2161 secundum
1945 2131 2013 2160 illud
2028 2131 2138 2160 Psalmi:

1293 2192 1307 2206 «
1322 2176 1448 2209 Dilexisti
1470 2179 1604 2208 iustitiam
1631 2182 1697 2213 etc,
1719 2181 1867 2216 propterea
1893 2177 1977 2208 unxit
2003 2181 2029 2207 te
2049 2178 2139 2213 Deus,

1290 2228 1364 2257 Deus
1379 2230 1445 2256 tuus
1465 2227 1526 2256 oleo
1541 2227 1659 2256 laetitiae
1674 2234 1740 2263 prae
1758 2226 1933 2255 consortibus
1949 2225 2003 2254 tuis
2014 2235 2046 2260 »ς
2061 2225 2140 2260 item,

1290 2279 1322 2304 ut
1351 2274 1569 2312 beatificemini,
1598 2274 1751 2303 secundum
1772 2273 1841 2302 illud
1869 2273 1998 2302 Matthaei
2023 2272 2139 2310 quinto:

1296 2335 1310 2348 «
1324 2322 1411 2357 Beati,
1433 2322 1481 2359 qui
1502 2321 1631 2351 esuriunt
1651 2324 1679 2350 et
1699 2321 1797 2350 sitiunt
1817 2320 1951 2350 iustitiam
1965 2332 1992 2348 ».

1373 2370 1431 2406 Qui
1451 2369 1591 2398 iudicatis
1613 2371 1740 2402 tcrram;
1760 2367 1924 2405 specialiter
1945 2367 2057 2405 quidem
2079 2374 2141 2402 vos,

2158 2382 2189 2402 Ad
2215 2381 2270 2400 mela·
2293 2386 2296 2394 ·

1292 2417 1420 2454 praelati,
1442 2416 1490 2453 qui
1512 2416 1652 2444 iudicatis
1673 2419 1784 2443 terram
1809 2414 1910 2443 iudicio
1928 2413 2044 2452 publico
2051 2424 2062 2448 ;
2087 2417 2142 2442 ter·
2203 2387 2215 2406 p
2288 2385 2289 2411 ¹

2202 2408 2236 2424 tos.
2288 2413 2289 2425 l

449 2594 455 2609 ¹
475 2594 530 2622 Cap.
549 2594 585 2616 Μ.

448 2632 457 2646 ²
475 2634 498 2656 ln
511 2634 602 2661 Prolog.
616 2639 639 2655 n.
652 2633 674 2654 9.
686 2632 709 2654 in
723 2632 816 2653 tine.—
825 2631 848 2653 ln
861 2636 926 2659 seqq.
938 2630 1010 2653 secuti
1022 2635 1103 2652 sumus
1115 2629 1235 2652 lectionem
1263 2592 1266 2638 Ι

387 2673 456 2696 codd.
473 2672 633 2695 substituendo
650 2670 691 2694 sed
707 2670 763 2700 quia
775 2676 824 2693 non
833 2671 912 2699 potest
921 2675 964 2697 pro
977 2675 1078 2698 cumque
1094 2674 1143 2691 non
1151 2668 1235 2697 possit.

449 2711 459 2724 ³
476 2712 542 2734 Vers.
561 2711 582 2734 4.
598 2723 629 2728 —
646 2711 753 2739 Sequitur
771 2710 838 2732 Eccli.
857 2710 877 2737 l,
889 2709 931 2738 33,
949 2708 993 2731 uhi—
1001 2715 1043 2737 pro
1055 2714 1124 2731 serva
1137 2708 1236 2736 Vulgata

387 2758 509 2776 conserva.
525 2764 557 2768 —
573 2751 652 2773 Glossa
669 2749 793 2773 ordinaria
812 2749 833 2771 in
852 2749 872 2776 l,
891 2749 899 2770 l
912 2756 917 2770 :
933 2749 982 2771 «Ut
993 2749 1023 2771 ad
1034 2754 1115 2770 veram
1128 2747 1235 2770 iustitiam

386 2798 428 2814 nos
445 2792 566 2814 reduceret
582 2794 604 2813 et
620 2790 738 2817 invitaret,
756 2790 832 2817 primo
853 2789 1002 2812 commendat
1024 2787 1091 2810 nobis
1108 2786 1236 2815 iustitiam,

387 2838 429 2860 per
441 2837 511 2860 quam
524 2830 614 2853 venitur
626 2830 656 2852 ad
672 2826 820 2859 sapientium,
833 2829 924 2851 dicens:
936 2827 1031 2857 Diliyite
1042 2826 1159 2850 iustitiam
1168 2835 1179 2847 n
1194 2829 1237 2849 ete.

386 2882 418 2887 —-
435 2871 557 2897 Nolumus,
575 2869 638 2898 quod
656 2869 674 2890 si
693 2868 777 2891 Glossa
795 2867 921 2890 ordinaria
938 2867 1056 2895 allegatur,
1068 2866 1111 2889 nisi
1123 2866 1187 2888 aliter
1198 2871 1237 2887 no-

388 2913 455 2936 tetur,
473 2909 546 2937 ipsam
564 2907 701 2930 exhibemus
718 2907 846 2929 secundum
864 2906 972 2929 Strabum
990 2909 1013 2928 et
1028 2906 1158 2934 Lyranum;
1173 2904 1237 2928 Glos-

387 2954 441 2971 sam
458 2946 635 2970 interlinearem
652 2952 708 2968 vero
725 2946 854 2968 secundum
872 2946 997 2973 Lyranum.
1013 2945 1092 2967 Glossa
1111 2947 1159 2966 tum
1177 2942 1237 2966 ordi-

390 2986 459 3010 naria
478 2990 526 3009 tum
544 2985 704 3009 interlinearis
721 2985 744 3007 in
762 2984 846 3007 librum
865 2984 994 3012 Sapientiae
1010 2986 1034 3006 ut
1051 2983 1176 3011 plurimum
1194 2983 1239 3005 sor-

1294 2592 1355 2612 mata
1377 2591 1412 2611 est
1433 2595 1460 2611 ex
1483 2587 1510 2610 iis
1530 2593 1591 2617 quae
1613 2585 1723 2610 Rabanus
1742 2586 1765 2608 in
1788 2585 1919 2608 Comment.
1940 2590 2011 2613 super
2035 2585 2097 2607 hunc
2121 2583 2143 2606 li-

1293 2628 1361 2652 brum
1384 2628 1500 2657 proponit.
1516 2639 1547 2643 —
1564 2626 1633 2655 Quod
1649 2628 1726 2648 autem
1743 2624 1875 2648 observatio
1891 2624 1991 2647 iustitiae
2012 2623 2042 2646 sit
2065 2623 2145 2651 dispo-

1293 2668 1344 2691 sitio
1361 2667 1492 2690 necessaria
1503 2666 1533 2689 ad
1549 2665 1700 2694 sapientiam,
1717 2667 1814 2693 urgetur
1830 2663 1908 2687 Collat.
1925 2663 1948 2685 in
1965 2662 2084 2690 hexaem,
2101 2661 2144 2684 col-

1292 2707 1330 2729 lat.
1347 2708 1368 2729 2,
1386 2713 1408 2728 n.
1426 2707 1447 2728 2.
1465 2712 1530 2734 seqq.

1356 2744 1366 2757 ⁴
1383 2746 1462 2768 Glossa
1480 2743 1606 2767 ordinaria
1622 2744 1645 2766 in
1663 2744 1739 2766 Matth.
1758 2743 1784 2771 ὅ,
1802 2742 1828 2764 6:
1846 2741 1930 2764 lustitia
1947 2742 1982 2763 est
1998 2745 2039 2763 sua
2061 2738 2145 2768 cuique

1294 2784 1407 2811 tribuere,
1425 2783 1469 2807 sibi
1486 2787 1508 2806 et
1525 2782 1635 2811 proximis
1652 2785 1674 2804 et
1690 2782 1747 2804 Deo.
2285 2782 2292 2812 ¹3

1357 2822 1366 2836 ⁶
1384 2824 1472 2851 Nempe
1495 2821 1662 2846 interlinearis.
1684 2833 1716 2838 —
1738 2820 1853 2843 Sententia
1876 2818 1980 2847 Gregorii
2003 2817 2101 2840 habetur
2121 2817 2145 2840 in

1294 2864 1318 2886 ll.
1335 2863 1420 2886 Homil.
1437 2863 1458 2885 in
1475 2863 1563 2890 Evang.
1581 2861 1659 2884 homil.
1678 2860 1715 2883 27.
1734 2866 1757 2882 n.
1774 2860 1796 2882 4.

1358 2901 1367 2915 ⁰
1385 2903 1473 2930 Dialog.
1497 2902 1526 2925 de
1547 2901 1660 2928 Veritate,
1677 2906 1697 2923 c.
1714 2901 1760 2922 ⁴12:
1778 2899 1862 2922 lustitia
1884 2898 1955 2926 igitur
1976 2899 2010 2920 est
2031 2896 2144 2919 rectitudo

1294 2942 1419 2965 voluntatis
1436 2944 1531 2970 propter
1548 2947 1573 2963 se
1590 2942 1689 2963 servata.
2289 2946 2293 2953 ·

1358 2980 1366 2994 ⁷
1385 2982 1468 3004 Psalm.
1493 2981 1529 3009 10,
1548 2981 1569 3003 8.
1587 2992 1618 2997 -
1636 2980 1768 3008 Sequuntur
1784 2979 1820 3001 Ps.
1838 2977 1879 3005 44,
1898 2978 1919 3000 8.
1936 2979 1959 3000 et
1980 2976 2056 2998 Matth.
2078 2975 2105 3004 5,
2122 2975 2143 2997 6.
2288 2983 2292 2995 1
