2296 3316
7 294 11 307 1

9 309 11 326 l

0 393 11 416 ‘l

3 417 11 444 'l

7 645 11 683 ἱ

8 716 11 762 'l

10 766 11 789 l

10 822 11 861 1
26 828 98 859 solutio
110 844 142 863 up-

10 878 11 886 ,
44 863 138 882 unitorum.

10 892 11 915 j
42 886 95 911 uplex
106 888 141 904 sta-

85 653 141 677 Res-p.

55 1119 109 1138 Ratio
122 1119 140 1137 1.

59 1212 110 1231 Ratio
122 1212 140 1231 2.

87 1445 141 1464 Nota.

20 1726 53 1745 Pro
63 1727 115 1750 parto
128 1726 145 1744 1.

19 1913 52 1932 Pro
64 1914 117 1937 parte
127 1913 145 1932 2.

29 2145 84 2170 Resp.
96 2151 137 2165 cum

16 2174 17 2177 ¹
24 2169 146 2189 distinctione.

726 151 894 180 COMMENT.
917 152 949 180 IN
971 152 1206 182 ECCLESIASTEN
1226 154 1254 182 C.
1277 154 1340 182 Vlll.
1869 158 1904 186 69

239 229 367 258 CONTRA:
386 230 409 258 1.
425 229 551 258 Homines
565 231 631 258 sunt
644 229 772 266 aequales
786 233 887 258 natura
901 229 923 263 ¹,
938 237 1003 266 ergo

28 282 143 324 Adtorposi·
160 276 234 313 quod
254 284 328 305 unus
348 276 427 305 alteri
449 275 564 312 praesit,
593 276 645 305 hoc
672 279 714 305 est
741 278 837 304 contra
858 278 1002 310 naturam;

160 322 207 351 sed
227 330 323 357 omne,
344 322 419 359 quod
438 325 481 351 est
501 325 597 351 contra
617 325 762 356 naturam,
784 325 825 351 est
846 325 1002 356 peccatum:

159 377 225 406 ergo
245 371 295 398 etc.

237 416 263 443 2.
279 415 359 449 Item,
373 422 469 443 omnes
484 414 608 443 homines
623 417 687 443 sunt
702 414 779 443 liberi
796 422 845 450 per
860 417 1002 448 naturam,

159 469 225 498 ergo
238 461 349 498 quando
363 461 445 489 homo
459 460 578 489 efficitur
600 468 713 495 servus,
734 461 786 489 hoc
800 463 841 489 est
856 468 905 497 per
919 469 1003 489 usur-

158 507 295 544 pationem
307 507 330 541 Β;
352 507 400 536 sed
420 515 501 536 omne
520 510 687 544 usurpatum
708 509 750 536 est
763 510 922 544 peccatum:
937 515 1003 543 ergo

158 555 300 590 peccatum
321 555 363 581 est
383 553 487 581 homini
508 553 651 582 dominari.

237 599 407 636 Respondeo:
429 600 592 634 dicendum,
607 600 682 638 quod
696 600 779 629 homo
794 603 883 637 potest
898 600 1001 628 homini

158 646 229 675 iuste
249 645 400 680 dominam
423 647 496 684 quod
524 650 613 684 patet,
635 647 701 684 quia
721 647 775 676 Noe
795 647 888 676 divina
908 650 1002 675 aucto-

159 692 239 721 ritate
260 692 349 721 filium
370 701 452 722 suum
473 693 602 722 Chanaan
622 693 686 722 fecit
707 701 820 722 servum
840 693 998 727 fratrum³;

158 740 283 770 similiter
304 741 377 769 Isaac
397 740 460 769 fecit
480 740 514 769 de
535 741 606 769 Esau
626 744 654 769 et
674 741 760 770 Iacob.

239 790 262 817 1.
285 789 311 817 2.
333 788 412 825 Quod
443 796 509 825 ergo
539 788 668 816 obiicitur
693 788 727 817 de
755 788 823 822 hoc,
855 788 929 825 quod
960 792 1002 817 est

158 837 253 864 contra
273 838 418 869 naturam,
439 838 467 864 et
487 834 561 872 quod
581 835 670 864 omnis
690 835 773 863 homo
794 838 835 864 est
856 836 938 870 liber;
960 836 1001 864 in-

157 881 347 918 telligendum,
369 881 442 918 quod
463 881 568 918 duplex
588 884 630 910 est
644 884 747 915 status,
769 882 871 910 scilicet
886 885 1001 911 naturae

158 927 308 957 destitutae
329 930 356 956 et
376 931 492 957 naturae
513 928 669 956 institutae.
692 929 831 965 Quantum
846 929 880 957 ad
899 931 1001 957 statum

157 977 273 1003 naturae
301 974 449 1003 institutae
476 975 526 1004 etsi
557 983 652 1004 omnes
679 978 770 1004 essent
796 975 875 1004 liberi
903 978 930 1004 et
957 983 1002 1004 ae-

158 1021 268 1059 quales,
290 1024 317 1050 et
337 1029 391 1050 non
413 1024 485 1050 esset
505 1021 610 1050 dictum
631 1021 805 1055 hominibus,
827 1022 899 1058 quod
922 1030 1001 1058 prae-

157 1071 248 1097 essent
268 1068 320 1096 nisi
342 1068 406 1096 solis
427 1068 552 1102 brutis4;
574 1070 665 1097 tamen
687 1071 822 1104 quantum
844 1068 877 1096 ad
899 1071 1001 1096 statum

158 1117 273 1143 naturae
294 1117 452 1151 corruptae
472 1114 553 1142 aliter
574 1117 623 1143 est.
640 1131 675 1134 —
691 1114 760 1150 Quia
781 1114 855 1143 enim
876 1114 921 1142 alii
942 1115 1002 1143 aliis

158 1163 223 1190 sunt
242 1161 350 1197 peiores
370 1163 397 1189 et
418 1161 498 1195 mali,
520 1161 580 1190 ideo
601 1162 674 1190 iusto
695 1161 742 1190 Dei
764 1161 865 1190 iudicio
887 1162 913 1189 in
933 1169 961 1190 se
976 1164 1003 1190 et

157 1207 274 1244 posteris
289 1207 360 1236 servi
375 1207 454 1235 fiunt.
472 1224 507 1227 —
522 1208 579 1236 Alia
592 1208 675 1236 etiam
690 1208 760 1236 ratio
774 1211 815 1237 est
828 1208 1002 1243 dominandi,

158 1254 260 1283 scilicet
281 1256 394 1291 propter
415 1254 610 1283 cohibitionem
631 1255 784 1288 malorum,
807 1255 827 1283 si
850 1255 922 1283 enim
948 1263 1003 1284 non

159 1304 230 1330 esset
251 1304 371 1338 potestas
392 1301 565 1338 temporalis,
587 1301 703 1338 quilibet
729 1301 831 1330 faceret
856 1302 930 1339 quod
951 1302 1002 1331 sibi

160 1350 267 1377 rectum
295 1347 452 1382 videretur,
474 1351 501 1376 et
522 1347 559 1376 ita
580 1351 651 1377 esset
672 1348 766 1377 scissio
787 1348 954 1385 iniquitatis,
976 1351 1004 1377 et

160 1394 275 1431 quilibet
295 1394 328 1423 ad
349 1396 445 1423 votum
467 1387 601 1431 peccaret.
624 1395 655 1423 Et
680 1394 719 1423 sic
740 1395 811 1423 iuste
833 1398 923 1432 potest
943 1402 1003 1423 esse

158 1441 310 1470 dominium
330 1444 358 1470 et
379 1441 498 1470 servitus
518 1441 545 1470 in
561 1442 727 1471 hominibus.
744 1458 781 1463 —-
796 1442 895 1471 Utrum
909 1445 1002 1471 autem

158 1488 223 1517 mali
243 1488 314 1517 iuste
334 1488 440 1525 possint
460 1496 587 1525 praeesse
607 1489 701 1523 bonis,
727 1492 879 1526 quaeretur
900 1489 972 1518 infra
982 1489 1002 1517 ⁵.

237 1535 266 1563 ll.
289 1535 438 1571 Quaeritur
453 1535 487 1564 de
501 1535 553 1564 hoc
574 1535 649 1572 quod
669 1535 750 1564 dicit:
772 1536 886 1574 Impius
900 1536 1003 1565 centies

157 1585 258 1618 peccat
278 1585 304 1611 et
323 1585 519 1615 sustentatum
549 1584 646 1610 utrum
672 1582 708 1611 sit
732 1582 934 1620 benignitatis,
960 1583 1003 1612 vel

159 1629 327 1657 severitatis.
350 1629 427 1665 Quod
450 1628 649 1666 beniynitatis,
670 1629 794 1658 videtur:

237 1676 413 1704 Threnorum
434 1675 516 1704 tertio
526 1675 537 1692 ⁶
550 1686 555 1703 :
571 1675 774 1704 Misericordia
792 1676 916 1710 Domini,
932 1677 1004 1715 quia

158 1731 217 1751 non
246 1729 350 1751 sumas
377 1722 529 1750 consumti.
551 1739 590 1743 —
610 1722 770 1756 Praeterea,
798 1723 943 1759 Apostolus
970 1723 1004 1752 ad

159 1768 293 1797 Romanos
320 1767 476 1797 secund07:
498 1768 641 1805 macras,
662 1769 739 1807 quod
764 1768 927 1806 benignitas
953 1769 1005 1798 Dei

159 1815 199 1843 ad
215 1815 422 1852 poenitentiam
443 1818 467 1843 te
488 1814 628 1843 adducit?

237 1862 289 1889 San
310 1869 434 1890 conrna:
456 1861 573 1898 Impius,
602 1864 706 1899 quanto
733 1862 796 1899 plus
816 1862 898 1897 vivit,
928 1865 1004 1891 tanto

158 1907 240 1945 plura
260 1908 332 1936 mala
352 1907 431 1941 facit,
453 1910 480 1936 et
504 1910 608 1945 quanto
628 1908 710 1945 plura
730 1909 802 1937 mala
822 1909 899 1943 facit,
928 1912 1004 1938 tanto

159 1954 330 1983 cruciabitur
350 1954 458 1983 acrius:
480 1962 546 1991 ergo
567 1955 589 1983 si
610 1955 692 1984 citius
712 1958 885 1990 moreretur,
904 1956 1003 1985 melius

159 2003 231 2030 esset
249 2001 289 2030 ei:
311 2009 378 2038 ergo
397 2001 472 2038 quod
492 2001 550 2030 dies
570 2002 734 2039 elongantur
759 2002 825 2037 51111,
847 2002 941 2039 potius
961 2006 1004 2031 est

158 2048 186 2076 in
207 2047 310 2076 malum
332 2055 415 2084 quam
436 2048 556 2076 bonum:
576 2056 643 2085 ergo
663 2049 825 2078 severitatis.

236 2094 409 2131 Respondeo:
430 2094 590 2129 dicendum,
612 2095 687 2132 quod
707 2095 820 2132 quidam
834 2099 899 2125 sunt
912 2096 1002 2133 impii,

159 2148 229 2178 quos
248 2140 384 2177 praevidit
403 2141 478 2170 Deus
498 2141 532 2170 ad
553 2149 582 2170 se
610 2149 787 2177 reversuros;
809 2143 910 2172 talibus
931 2144 1003 2172 vitae

157 2187 250 2217 dilatio
264 2189 305 2216 est
319 2187 432 2217 effectus
446 2195 561 2225 magnae
575 2189 788 2224 misericordiae,
799 2193 910 2226 apertae
920 2193 947 2219 et
957 2198 1003 2219 oc-

158 2235 255 2264 cultae.
271 2234 319 2263 Alii
341 2237 418 2269 sunt,
440 2243 510 2272 quos
523 2235 659 2272 praevidit
679 2231 791 2273 peccata
804 2237 1003 2274 multiplicatu—

159 2290 205 2311 ros
225 2284 252 2311 et
272 2282 300 2310 in
321 2281 360 2311 eis
380 2281 546 2316 morituros;
568 2284 596 2311 et
618 2283 719 2312 talibus
733 2283 897 2321 prolongare
918 2284 1003 2313 iusti-

159 2327 216 2356 tiae
235 2331 277 2357 est
296 2330 323 2356 et
342 2327 575 2357 misericordiae:
606 2329 843 2364 misericordiae,
865 2330 931 2367 quia
951 2330 1002 2359 dif-

1060 229 1149 258 fertur
1169 231 1208 258 eis
1223 239 1309 267 poena
1323 232 1458 267 crudelis;
1474 233 1521 262 sed
1535 233 1662 263 occultae
1676 234 1821 269 iustitiae,
1836 236 1902 272 quia

1060 276 1231 312 permittitur
1251 277 1275 305 ei
1297 278 1348 315 qui
1369 279 1400 306 in
1420 280 1556 308 sordibus
1577 284 1631 315 est,
1657 281 1734 319 quod
1757 282 1905 310 sordescat

1060 320 1157 350 adltuc
1172 322 1204 354 ⁸,-
1236 324 1338 352 meruit
1369 325 1442 353 enim
1472 325 1533 354 ideo
1554 326 1790 363 prolongationem
1817 328 1903 362 vitae,

1060 370 1195 403 quantum
1217 368 1251 397 ad
1273 370 1325 398 hoc
1346 371 1499 400 severitatis
1520 373 1652 402 occultae.

1259 469 1371 500 Secundo,
1389 470 1415 494 de
1432 471 1537 495 bonorum
1556 472 1706 497 adversitate.

1138 554 1188 582 Est
1208 559 1234 583 et
1254 555 1316 583 alia
1336 557 1453 585 vanitas
1483 561 1534 587 etc.
1566 560 1656 596 Supra
1676 560 1806 594 ostendit,
1832 565 1901 598 quo—

1059 600 1140 628 modo
1160 601 1250 629 oritur
1272 603 1406 632 securitas
1426 612 1463 632 ex
1484 607 1597 641 aspectu
1619 606 1796 636 sublimitatis
1816 607 1901 635 malo-

1058 655 1137 681 rum;
1160 648 1204 677 hic
1226 649 1346 677 secundo
1360 651 1491 685 ostendit,
1513 652 1651 688 quomodo
1665 653 1755 682 oritur
1770 661 1806 682 ex
1820 662 1903 690 aspe-

1058 698 1105 723 ctu
1126 695 1313 724 adversitatis
1334 696 1483 725 bonoram.
1507 698 1538 726 Et
1560 699 1611 727 1100
1633 699 1743 736 quidem
1765 700 1828 729 facit
1850 701 1902 729 hoc

1057 741 1161 770 ordine.
1184 742 1274 771 Primo
1301 744 1465 780 proponitur
1491 744 1634 774 bonoram
1658 747 1822 776 adversitas
1830 758 1840 781 ;
1862 756 1904 776 se-

1057 788 1161 822 cundo,
1183 796 1219 817 ex
1241 789 1293 817 hoc
1313 789 1461 818 maloram
1481 791 1642 825 securitas;
1664 793 1744 821 tertio
1765 794 1903 822 concludi-

1059 837 1104 862 tur
1126 834 1258 868 vanitas,·
1278 828 1379 872 quarto
1400 837 1608 865 commendatur
1629 838 1771 875 voluptas.

1136 882 1224 918 (Vers.
1250 883 1315 918 14).
1338 883 1503 920 Proponitur
1528 884 1613 920 igitur
1636 884 1778 914 bonorum
1798 887 1902 915 adver-

1056 928 1142 962 sitas,
1164 937 1200 957 ex
1229 937 1285 966 qua
1311 930 1402 959 oritur
1430 931 1550 965 vanitas;
1579 935 1693 969 propter
1724 933 1798 970 quod
1819 933 1901 962 dicit:

1058 976 1108 1003 Est
1127 980 1151 1004 et
1172 976 1234 1005 alia
1254 977 1388 1011 vanitas,
1410 986 1484 1016 quae
1513 977 1547 1015 fit
1572 987 1661 1016 super
1692 983 1816 1014 terram,
1848 980 1901 1008 alia

1057 1022 1160 1051 scilicet
1180 1031 1195 1051 a
1217 1024 1370 1059 praedicta,
1391 1024 1457 1061 quia
1477 1024 1558 1053 aliam
1579 1025 1662 1054 habet
1682 1034 1808 1061 causam;
1824 1035 1903 1063 prae-

1057 1068 1129 1097 dicta
1149 1070 1223 1098 enim
1244 1070 1370 1099 veniebat
1390 1079 1426 1099 ex
1449 1071 1597 1100 maiorum
1617 1072 1809 1107 sublimitate,
1837 1074 1903 1102 haec

1058 1123 1095 1143 ex
1117 1115 1258 1144 bonorum
1289 1118 1472 1147 adversitate.
1502 1118 1563 1147 Ideo
1594 1118 1674 1147 dicit:
1707 1120 1782 1148 Sunt
1814 1121 1902 1154 iusti,

1058 1162 1164 1199 quibus
1185 1163 1266 1191 mala
1283 1164 1472 1200 proveniunt,
1495 1165 1521 1193 id
1542 1168 1583 1194 est
1604 1166 1798 1201 adversitates;
1815 1167 1905 1205 quasi

1059 1216 1148 1244 opera
1169 1209 1278 1245 egerint
1299 1210 1475 1247 impiorum,
1501 1212 1652 1241 secundum
1681 1213 1754 1250 quod
1785 1214 1903 1243 habetur

1059 1254 1093 1283 ad
1114 1255 1251 1284 Hebraeos
1272 1256 1451 1285 undecim0⁹z
1473 1269 1486 1282 <c
1500 1259 1589 1287 Sancti
1612 1259 1730 1288 ludibria
1744 1263 1772 1288 et
1786 1261 1904 1289 verbera

1060 1302 1167 1338 experti
1190 1306 1269 1336 sunt,
1292 1303 1405 1339 insuper
1426 1306 1453 1332 et
1468 1304 1577 1333 vincula
1597 1308 1624 1334 et
1639 1314 1776 1341 carceres3
1793 1307 1903 1344 lapidati

1060 1351 1137 1382 sunt,
1160 1349 1225 1377 secti
1247 1352 1327 1383 511111,
1349 1351 1444 1378 tentati
1466 1354 1567 1379 sunt».
1584 1352 1748 1389 Exemplum
1763 1354 1796 1382 de
1811 1354 1903 1388 Tobia,

1060 1395 1108 1431 qui
1129 1395 1180 1423 fuit
1211 1395 1299 1424 factus
1329 1404 1442 1431 caecus,
1465 1397 1564 1426 Tobiae
1585 1398 1721 1433 secund0;
1743 1401 1903 1437 exemplum

1059 1441 1093 1470 de
1115 1442 1176 1475 Iob,
1198 1442 1245 1479 qui
1277 1442 1329 1470 suit
1356 1443 1393 1471 ita
1419 1443 1553 1478 afflictus,
1586 1444 1631 1473 loh
1662 1445 1759 1482 primo.
1782 1446 1813 1474 Et
1834 1447 1904 1475 ratio

1060 1488 1146 1517 huius
1176 1489 1302 1517 redditur
1323 1489 1413 1518 ludith
1447 1493 1558 1519 octavo:
1586 1491 1731 1526 «Omnes,
1764 1493 1811 1529 qui
1846 1493 1903 1530 pla-

1060 1537 1180 1563 cuerunt
1209 1535 1275 1569 Deo,
1307 1543 1357 1572 per
1385 1536 1486 1564 multas
1514 1536 1705 1566 tribulationes
1734 1539 1904 1567 transierunt

1061 1581 1155 1610 fideles
1169 1593 1195 1610 ».

1141 1629 1176 1657 Et
1195 1633 1263 1657 sunt
1285 1630 1376 1666 impii.
1399 1630 1445 1659 Hic
1473 1633 1586 1659 notatur
1614 1632 1780 1666 secundum,
1803 1633 1906 1662 50111001

1059 1674 1210 1703 malorum
1231 1674 1383 1704 securitas.
1410 1676 1479 1712 Quia
1510 1677 1581 1705 enim
1604 1678 1679 1714 impii
1702 1678 1805 1713 vident,
1828 1679 1907 1708 bonis

1060 1722 1131 1750 mala
1152 1722 1299 1751 succedere
1320 1726 1347 1751 et
1368 1723 1421 1752 sibi
1442 1724 1527 1758 hona;
1549 1724 1609 1753 ideo
1632 1725 1723 1754 securi
1739 1726 1903 1755 redduntur.

1061 1768 1122 1797 Ideo
1135 1768 1213 1797 dicit:
1230 1770 1265 1797 Et
1283 1773 1353 1798 sunt
1367 1770 1467 1806 impii,
1482 1771 1534 1808 qui
1547 1771 1589 1799 ita
1602 1772 1700 1800 securi
1712 1771 1802 1808 fiant,
1819 1774 1907 1808 quasi

1061 1815 1207 1843 iustorum
1227 1814 1309 1852 facta
1328 1814 1451 1845 habeant
1458 1827 1468 1850 ;
1488 1819 1517 1845 et
1537 1817 1598 1851 hoc,
1621 1818 1687 1854 quia
1707 1822 1773 1847 sunt
1786 1827 1801 1847 a
1816 1820 1906 1848 tribu-

1060 1861 1161 1890 latione
1182 1862 1327 1891 immunes.
1352 1862 1514 1899 Exemplum
1537 1866 1578 1892 est
1598 1864 1632 1893 de
1656 1865 1702 1893 illo
1729 1865 1812 1894 divite
1838 1874 1905 1902 epu-

1061 1909 1138 1942 lone,
1165 1909 1253 1937 Lucae
1273 1909 1379 1938 decimo
1400 1913 1480 1938 sexto
1493 1910 1530 1945 ¹⁰,
1552 1911 1596 1939 cui
1618 1911 1721 1940 dictum
1743 1915 1797 1941 est:
1824 1924 1837 1937 «
1851 1913 1905 1941 Me—

1060 1958 1168 1989 mento,
1189 1956 1255 1993 quia
1280 1956 1406 1993 recepisti
1428 1957 1499 1985 bona
1524 1958 1551 1986 in
1572 1957 1628 1986 vita
1648 1961 1710 1992 tua,
1732 1962 1759 1987 et
1787 1960 1905 1988 Lazarus

1060 2003 1185 2032 similiter
1218 2003 1288 2031 mala
1300 2015 1326 2031 ».
1354 2004 1386 2031 Et
1417 2003 1476 2032 ideo
1508 2005 1572 2033 mali
1600 2009 1809 2040 assecurantur,
1840 2007 1906 2043 quia

1060 2052 1278 2087 prosperantur;
1311 2050 1384 2079 unde
1415 2051 1544 2080 Ieremiae
1573 2052 1749 2081 duodecimo:
1782 2064 1795 2078 «
1814 2054 1905 2090 Quare

1059 2097 1103 2125 via
1123 2097 1272 2133 impiorum
1294 2100 1492 2133 prosperatur,
1521 2098 1590 2127 bene
1621 2101 1662 2127 est
1692 2099 1834 2133 omnibus,
1857 2100 1905 2136 qui

1058 2144 1286 2180 praevaricantur
1301 2155 1314 2169 »
1339 2146 1389 2173 etc.

1139 2190 1194 2218 Sed
1214 2194 1239 2219 et
1259 2189 1311 2219 ltoc
1332 2191 1535 2220 vanissimum.
1558 2192 1604 2221 Η10
1620 2193 1701 2221 101110
1721 2193 1905 2222 concluditur

1058 2237 1176 2265 vanitas
1197 2245 1233 2266 ex
1255 2238 1306 2266 hac
1327 2238 1464 2266 malorum
1486 2239 1642 2267 securitate.
1665 2239 1726 2268 Ideo
1747 2239 1827 2268 dicit:
1850 2240 1905 2269 Sed

1059 2286 1084 2311 et
1105 2282 1157 2312 lioc
1173 2284 1366 2313 vanissimum
1388 2284 1493 2313 iudico.
1516 2285 1624 2313 Vanum
1638 2288 1679 2314 051
1693 2286 1779 2320 0111111,
1794 2286 1904 2323 quando

1060 2331 1139 2359 bonis
1160 2334 1187 2359 et
1207 2331 1286 2359 malis
1307 2332 1474 2367 proveniunt
1496 2331 1587 2366 bona,
1603 2332 1668 2369 quia
1683 2332 1824 2370 indignum
1840 2342 1904 2370 proa

222 2502 229 2515 ¹
247 2504 355 2531 Gregor.,
373 2505 433 2527 XXl.
451 2506 528 2527 moral.
545 2512 563 2528 c.
583 2506 619 2528 15.
637 2512 658 2528 n.
676 2507 718 2528 22:
736 2507 822 2529 Omnes
839 2508 1003 2531 hominesne-

159 2544 209 2564 tura
226 2543 334 2571 aequales
351 2544 437 2571 genuit.
454 2543 499 2566 Csr.
518 2544 573 2567 ibid.
592 2545 674 2567 xxvi.
691 2551 712 2567 c.
729 2546 767 2567 26.
783 2552 805 2567 n.
824 2545 862 2568 46.

221 2579 230 2593 ²
248 2581 376 2608 lustinum,
399 2583 415 2604 l.
432 2583 526 2605 lnstitut.
550 2583 632 2611 imper.
649 2583 682 2606 tit.
704 2584 727 2606 3.
743 2584 794 2612 lege
816 2585 842 2607 t:
865 2586 891 2607 Et
911 2585 1003 2608 libertas

159 2620 277 2649 quidem...
294 2623 329 2643 est
345 2622 453 2644 naturalis
476 2622 570 2644 facultas
591 2623 641 2645 eius
657 2623 725 2651 quod.
739 2624 822 2652 cuique
844 2625 919 2646 facere
937 2624 1003 2652 libet,

159 2658 202 2681 nisi
219 2659 237 2681 si
254 2659 311 2688 quid
328 2659 350 2681 vi
367 2663 407 2682 aut
424 2660 473 2683 iure
489 2660 634 2688 prohibetur.
653 2662 757 2684 Servitus
773 2665 850 2685 autem
867 2666 902 2685 aet
922 2664 1003 2686 consti·

159 2698 215 2720 tutio
236 2698 291 2721 iuris
308 2699 426 2727 gentium,
443 2705 490 2728 qua
507 2700 559 2729 quis
580 2700 682 2723 dominio
698 2701 771 2724 alieno
794 2704 871 2725 contra
897 2705 1002 2725 naturam

159 2736 285 2759 subiicitur.

222 2773 231 2787 ¹³
248 2775 303 2798 Gen.
322 2776 348 2803 9,
366 2776 407 2798 25:
426 2778 556 2800 Maledictus
576 2777 697 2806 chanaan,
719 2785 801 2802 servus
822 2786 942 2802 servorum
961 2781 1003 2803 erit

160 2813 267 2836 fratribus
283 2814 338 2836 suis.
356 2814 412 2837 lbid.
429 2815 467 2838 27.
484 2816 526 2838 29:
543 2817 570 2838 Et
586 2817 688 2840 serviant
705 2817 843 2848 tihi[1acob]
862 2819 941 2847 populi
959 2822 1002 2842 etc.

159 2863 190 2868 ——
206 2851 296 2875 Verba:
314 2853 471 2883 Respondeo...
483 2854 605 2878 dominari
616 2856 678 2884 Vat.,
695 2857 905 2880 contradicentibus
922 2858 1001 2887 codd„

160 2892 300 2919 transposuit
316 2892 410 2915 inferius
426 2896 479 2920 post
496 2893 572 2917 Iacob.

222 2929 231 2942 ⁴
248 2931 304 2953 Gen.
322 2932 347 2958 1,
365 2932 407 2954 26;
425 2933 450 2954 Et
467 2933 510 2955 ait:
526 2933 645 2956 Faciamus
662 2935 804 2957 hominem...
825 2938 847 2958 et
864 2936 949 2963 praesit
970 2936 1002 2964 pi-

1059 2508 1137 2530 scihus
1155 2508 1224 2530 maris
1236 2511 1258 2530 et
1270 2508 1399 2530 volatilibus
1416 2509 1471 2530 caeli
1488 2511 1510 2531 et
1527 2506 1605 2531 bestiis
1622 2512 1664 2531 ete,
1684 2522 1712 2525 —
1730 2510 1779 2531 Vat.
1797 2510 1865 2537 legit:
1883 2511 1903 2532 et

1059 2553 1108 2570 non
1124 2548 1184 2570 esset
1199 2546 1331 2570 dominium
1353 2547 1499 2575 hominibus,
1518 2554 1563 2577 quo
1581 2549 1718 2577 praeessent
1740 2552 1782 2571 etc.
1808 2549 1903 2571 inferius

1059 2592 1085 2608 ex
1102 2587 1119 2608 E
1136 2585 1297 2608 substituimus
1313 2585 1474 2609 cohibitionem
1491 2593 1534 2614 pro
1551 2586 1754 2610 cohabitationem.

1122 2623 1132 2636 ⁶
1148 2624 1204 2652 Cap.
1222 2625 1262 2652 40,
1282 2625 1327 2647 1-5.
1345 2625 1448 2653 quaestio
1466 2626 1481 2647 1.
1497 2637 1528 2642 --
1545 2626 1577 2647 De
1594 2626 1745 2653 praecedente
1768 2626 1902 2654 quaestIone

1060 2666 1099 2687 cfr.
1118 2665 1141 2686 1Ι.
1160 2665 1221 2686 Sent.
1239 2664 1261 2686 d.
1280 2664 1317 2686 44.
1334 2670 1355 2686 a.
1373 2665 1393 2686 2.
1411 2671 1433 2693 q.
1452 2665 1473 2686 r¹l.
1489 2667 1511 2687 et
1529 2666 1551 2687 2.

1122 2701 1132 2714 ⁰
1151 2703 1214 2725 Vers.
1232 2704 1269 2725 22.

1122 2740 1130 2754 ⁷
1150 2742 1213 2764 Vers.
1233 2742 1254 2764 4.

1122 2779 1131 2792 ¹³
1148 2781 1219 2809 Apoc.
1236 2782 1276 2807 22,
1295 2781 1331 2803 11.
1351 2780 1396 2804 Csr.
1413 2782 1429 2803 1.
1446 2782 1505 2803 Sent.
1523 2782 1546 2804 d.
1564 2781 1600 2804 40.
1617 2788 1637 2804 a.
1662 2782 1683 2804 4.
1704 2788 1727 2810 q.
1744 2783 1766 2804 2.
1783 2785 1805 2804 et
1823 2782 1846 2804 d.
1864 2782 1899 2804 46.

1059 2827 1082 2849 q.
1100 2820 1122 2842 3.
1135 2820 1168 2842 ad
1187 2820 1207 2842 4.

1121 2857 1131 2870 ⁹
1148 2859 1213 2881 Vers.
1232 2859 1269 2881 36.
1291 2861 1313 2881 et
1335 2859 1373 2881 37.
1389 2872 1419 2875 —
1437 2859 1530 2881 inferius
1552 2859 1708 2887 respiciuntur
1732 2859 1791 2882 Tob.
1813 2860 1839 2886 2,
1858 2860 1898 2886 4¹,

1058 2897 1098 2919 lob
1116 2898 1142 2924 4,
1161 2898 1198 2919 43.
1214 2904 1279 2926 seqq.
1296 2900 1318 2919 et
1334 2897 1406 2920 Iudith
1425 2898 1450 2924 8,
1467 2898 1504 2919 23.

1122 2935 1141 2948 ¹⁰
1159 2936 1224 2959 Vers.
1241 2937 1279 2959 25.
1295 2949 1325 2953 —
1343 2937 1395 2965 seq.
1412 2938 1476 2959 locus
1492 2940 1525 2959 est
1542 2937 1582 2959 ler.
1600 2938 1641 2964 12,
1660 2938 1679 2958 i.

1919 567 1999 586 Divisio.

1921 893 1948 911 De
1961 893 2030 917 primo.

1925 1637 1953 1657 De
1962 1638 2054 1658 secundo.

1922 2198 1948 2217 De
1962 2199 2026 2217 tertio.

0 3106 14 3114 T
2 3077 14 3103 “z
