2296 3316
276 461 366 480 Tertium.

270 647 367 670 Quartum.

237 1113 330 1134 Secundo,
344 1112 368 1131 de

246 1137 332 1160 patientis
340 1136 367 1154 ui-

246 1162 314 1183 gnitate
324 1165 368 1183 qua-

246 1186 293 1201 tuor.

257 1580 332 1604 Triplex
347 1581 369 1599 ti-

286 1605 340 1623 tulusr

384 188 440 216 496

384 265 584 293 damnatorum.
599 261 740 290 Calcaria
752 260 824 289 enim
839 259 941 287 dicitur
954 261 1023 287 testa
1037 258 1134 295 capitis
1148 265 1231 286 carno

384 311 502 343 nudata;
524 308 665 337 Hebraice
689 305 850 343 Gotyatlta,
873 305 900 334 id
921 308 962 333 est
987 316 1000 330 <r
1016 305 1093 333 locus
1113 304 1230 334 decolla-

385 357 466 388 tionis
479 358 488 373 ¹
503 368 529 383 υ.

463 403 508 431 30.
531 402 619 437 (Vers.
647 400 710 435 18.).
738 399 792 428 Ubi
811 408 877 429 eum
899 398 1121 435 crucifixerant.
1151 399 1232 427 Nota-

384 454 430 479 tur
452 449 496 477 hic
518 448 607 476 vilitas
628 447 763 484 passionis
783 454 799 475 a
819 454 921 483 ρεπεν-ε
948 445 1068 479 mortis,
1098 445 1163 482 quia
1191 446 1232 473 vi-

383 497 519 526 lissimum
540 502 628 532 genus
655 494 752 522 mortis
779 496 857 527 erat;
886 493 1040 529 Sapientiae
1068 492 1230 521 secund02:

388 556 400 568 «
416 544 501 573 Morte
522 541 683 578 turpissima
703 540 920 570 condemnemus
941 547 1006 568 eum
1022 552 1048 568 ».

464 591 499 618 Ec
518 597 584 617 eum
606 597 636 616 eo
658 588 732 616 alios
753 588 827 616 (taos
839 587 865 621 ³,
882 586 949 615 lituo
964 590 988 615 et
1002 586 1086 620 ltine,
1101 587 1230 615 mediam

384 641 481 666 autem
504 636 607 665 lesum.
636 635 752 663 Notatur
781 634 825 662 hic
848 634 938 662 vilitas
959 642 974 661 a
994 634 1143 667 societate,
1166 634 1230 670 qnia

383 685 426 713 isti
448 684 504 712 duo
525 686 604 712 erant
626 683 764 715 latrones;
787 681 860 710 unde
882 681 965 709 Marci
986 680 1093 709 decimo
1114 680 1229 717 quinto:

387 743 400 757 «ι
415 730 588 767 crucifigunt
615 737 680 759 cum
708 737 740 758 eo
761 728 831 757 duos
853 728 973 756 latrones
988 739 1013 755 ».
1037 728 1114 755 Tunc
1135 727 1231 763 imple-

383 782 442 807 tum
470 781 511 806 est
539 776 613 814 quod
641 776 743 804 dicitur
772 775 855 804 Isaiae
876 774 1107 811 quinquagesimo
1129 774 1229 802 tertio:

388 838 400 850 ιι
416 825 447 853 Et
467 832 531 853 cum
553 823 656 860 iniquis
675 822 825 859 deputatus
845 824 927 850 est».
947 821 1008 849 Ideo
1023 824 1115 849 autem
1132 820 1158 849 in
1174 829 1231 849 me-

383 873 502 905 dietate,
524 874 555 900 nt
576 870 762 907 significetur,
785 869 915 906 quoniam
938 868 1100 901 mediator,-
1115 868 1188 897 unde
1203 868 1230 896 in

382 919 524 948 nativitate
546 918 572 946 in
594 917 687 945 medio
712 916 907 949 animalium,
937 915 1062 944 llabacuc
1090 915 1229 949 ultimo4;

383 970 409 995 et
431 966 458 994 in
481 965 605 1002 passione
627 964 653 992 in
675 963 767 991 medio
790 963 955 995 latronum,
978 962 1043 999 quia
1072 970 1126 999 pax
1149 970 1230 996 vera,

383 1013 416 1041 ad
439 1012 568 1048 Ephesios
589 1010 717 1039 secundo.

462 1059 507 1087 31.
531 1057 655 1094 Scripsit
675 1061 772 1085 autem
793 1060 818 1084 et
840 1056 964 1084 titutum.
988 1056 1033 1083 Hic
1055 1058 1167 1084 notatur
1189 1063 1231 1084 se-

383 1105 504 1135 cundum
520 1104 683 1141 principale,
698 1103 801 1131 scilicet
820 1102 958 1139 patientis
973 1102 1118 1139 dignitas,
1147 1105 1174 1131 et
1189 1102 1230 1130 in-

382 1153 479 1181 nuitur
500 1152 526 1179 in
549 1151 641 1184 titulo,
664 1149 729 1187 quia
750 1149 848 1179 titulus
869 1152 928 1177 erat
944 1149 1027 1186 regis;
1050 1152 1077 1177 et
1099 1148 1143 1177 hic
1165 1149 1231 1177 titu-

384 1200 427 1228 lus
448 1199 499 1227 hoc
520 1198 616 1226 ordine
643 1197 826 1226 describitur:
850 1196 952 1233 primo,
975 1196 1035 1225 eius
1056 1196 1231 1233 inscriptio,-

384 1245 516 1279 secundO,
537 1245 642 1281 scripti
662 1244 840 1281 pztblicatio;
869 1244 964 1277 tertio,
993 1243 1186 1272 contradictio
1201 1243 1231 1277 ⁵;

384 1296 496 1330 quarto,
518 1292 613 1329 ipsius
633 1291 816 1329 approbatio.

463 1339 551 1376 (Vers.
587 1338 649 1371 19).
684 1338 838 1375 Inscriptio
869 1338 954 1374 igitur
987 1337 1065 1365 tituli
1096 1337 1231 1374 tangitur,

279 1393 368 1411 Primum·
385 1395 448 1415 curn
470 1386 552 1415 dicit:
587 1385 710 1422 Scripsit
737 1389 834 1414 autem
857 1389 881 1413 et
913 1384 1030 1413 titulum
1058 1384 1176 1413 Pilatus
1208 1388 1233 1412 et

382 1434 482 1471 posuit
501 1441 589 1470 super
617 1441 749 1465 Cl·lhce)n;
771 1432 854 1461 Isaiae
882 1432 987 1461 decimo
1009 1431 1120 1459 nonofl:
1146 1442 1160 1456 «
1176 1430 1233 1458 Erit

385 1481 471 1509 altare
503 1480 610 1508 Domini
642 1480 669 1508 in
701 1479 790 1508 medio
812 1482 903 1507 terrae
925 1478 1052 1515 Aegypti,
1077 1481 1104 1506 et
1135 1478 1233 1506 tltulus

386 1528 493 1556 Domini
526 1528 605 1556 iuxta
627 1527 775 1555 ternnnum
798 1527 899 1555 eius».
924 1542 963 1548 -
986 1525 1016 1553 Et
1047 1528 1127 1559 nota,
1159 1521 1256 1561 quod'

386 1574 496 1611 quidam
525 1577 566 1602 est
595 1574 692 1602 titulus
712 1573 908 1605 memorialis,
938 1572 1009 1600 sicut
1037 1574 1232 1605 mortuorum3

386 1621 497 1657 quidam
510 1620 722 1657 praeconialis,
740 1623 769 1648 ut
784 1620 816 1648 de
831 1620 924 1652 don103
941 1618 1052 1655 quidam
1068 1617 1234 1654 triumplia-

387 1667 439 1699 tis‚·
460 1670 487 1695 et
508 1668 558 1696 iste
574 1667 786 1703 triuinphalis7,
808 1666 881 1695 unde
903 1666 985 1694 estin
1009 1665 1116 1693 laudem
1130 1664 1233 1693 Christi

386 1717 413 1741 et
435 1714 603 1750 vituperium
633 1713 810 1747 Iudaeorum,
833 1713 914 1749 quia,
936 1712 985 1741 etsi
1009 1716 1140 1748 tanquam
1163 1712 1234 1739 latro

385 1880 444 1905 riae,
460 1879 514 1907 qnia
532 1879 563 1901 ibi
581 1878 757 1901 continebantur
774 1878 887 1901 calvariae
904 1878 1079 1905 damnatorum,
1096 1878 1135 1906 qui
1154 1877 1183 1899 ibi
1197 1878 1234 1899 de-

385 1918 527 1942 collabantur
544 1922 565 1940 et
588 1918 795 1946 suspendebantur.
813 1930 844 1936 -
861 1918 953 1944 isidor..
971 1918 1009 1940 XI.
1026 1918 1154 1945 Etymolog.
1172 1924 1191 1939 c.
1211 1918 1232 1940 1.

386 1964 406 1979 n.
426 1958 469 1979 27:
487 1956 614 1984 Calcaria,
632 1956 661 1978 ab
679 1956 770 1978 ossibus
788 1956 858 1978 calvis
875 1956 949 1983 dicta,
972 1962 1013 1984 per
1030 1956 1195 1982 desectionem,
1212 1958 1235 1977 et

385 1997 517 2019 neutraliter
535 1996 706 2024 pronuntiatur.
723 1995 790 2018 Card.
813 1996 892 2023 Ilugo,
911 1995 933 2016 in
956 1995 1016 2017 Ioan.
1035 1995 1075 2023 19,
1095 1995 1134 2016 17;
1154 1994 1234 2017 Calva-

384 2035 424 2058 ria
440 2038 517 2058 autem
540 2034 668 2062 dicebatur,
685 2035 738 2063 quia
762 2034 792 2056 ibi
816 2033 997 2057 decalvabantur
1020 2035 1095 2061 cupita
1118 2034 1235 2056 damnato-

384 2080 445 2096 rum.
461 2074 565 2097 Calvaria
583 2074 644 2096 enim
662 2074 691 2097 ad
708 2074 805 2095 litteram
828 2073 911 2096 dicitur
928 2079 954 2094 os
977 2073 1058 2100 capitis
1075 2079 1087 2094 a
1109 2078 1177 2094 carne
1194 2079 1234 2094 nu·

384 2114 464 2137 datum
482 2116 525 2136 etc.

448 2152 455 2165 ¹
473 2153 502 2174 L't
517 2155 581 2174 notat
597 2152 677 2174 GIOQa
695 2150 864 2174 interlinearis.
880 2163 911 2168 -
928 2151 1034 2177 Hierou.‚
1051 2150 1081 2172 de
1097 2150 1234 2172 Nominibus

384 2191 490 2214 Hebraic.
508 2191 537 2213 de
560 2191 649 2212 Itlatth.:
667 2189 798 2219 Gotyutha,
822 2189 929 2211 calvaria.
953 2190 1037 2216 syrum
1061 2192 1106 2217 est,
1129 2195 1175 2210 non
1192 2189 1234 2211 He·

384 2230 480 2253 braeum
498 2230 593 2260 [dicitur
611 2230 647 2252 liic
664 2228 778 2252 Hebraice
794 2229 918 2256 Golgotha‚
936 2231 1029 2256 propter
1046 2228 1178 2250 affinitatem
1195 2228 1233 2249 lin-

384 2275 444 2297 guae
462 2269 568 2296 Syriacae
585 2275 638 2291 cum
656 2268 766 2290 Hebraico
775 2285 780 2294 ,
798 2271 822 2290 ut
834 2270 896 2290 notat
908 2267 1000 2290 Bonelli.
1012 2266 1109 2294 Calmet,
1123 2267 1144 2289 in
1157 2267 1232 2289 Matth.

385 2309 426 2335 27,
445 2309 482 2330 33.
499 2308 542 2330 ait:
560 2309 575 2330 Ε
593 2307 693 2335 Syriacis
709 2307 856 2335 nominibus,
879 2312 940 2335 quae
960 2306 981 2328 in
1006 2306 1130 2333 Evangelio
1153 2312 1233 2333 super-

385 2351 448 2375 sunt,
466 2348 623 2375 intelligimus,
642 2347 761 2374 Syriacum
779 2352 923 2373 sermonem,
940 2346 963 2368 in
983 2346 1065 2368 Iudaea
1083 2347 1132 2368 Iesu
1150 2345 1233 2368 Christi

385 2390 457 2409 aetate
474 2387 606 2414 vulgarem,
624 2392 670 2408 non
689 2385 757 2407 fuisse
776 2384 933 2414 germanum]

447 2424 456 2437 ²
474 2425 539 2447 Vers.
557 2426 593 2447 20.

447 2462 457 2475 ³
474 2465 551 2486 Plures
563 2464 630 2486 codd.
642 2464 730 2486 addunt
742 2463 861 2491 liomz'mx,
877 2463 996 2485 Gom-anus
1006 2462 1089 2492 supple
1099 2470 1106 2485 .·
1119 2461 1234 2485 homines.

386 2516 415 2518 —
434 2503 537 2526 Subinde
553 2504 680 2531 allegantur
698 2504 764 2525 Marc.
786 2503 825 2527 15,
843 2503 880 2525 27,
897 2506 919 2525 et
937 2503 986 2525 lsai.
1004 2502 1046 2530 53,
1068 2503 1102 2524 12.

448 2541 459 2556 ⁴
477 2544 540 2565 Vers.
557 2544 584 2569 2,
602 2542 640 2565 ubi
661 2543 789 2564 secundum
812 2542 957 2570 septuaginta
981 2542 1128 2569 interpretes:
1147 2542 1168 2563 ln
1188 2547 1233 2563 me-

386 2582 424 2604 dio
447 2582 546 2604 duorum
570 2582 702 2603 animalium
726 2582 879 2609 cognosceris.
901 2581 946 2604 Csr.
970 2584 1025 2603 torn.
1048 2581 1073 2602 V.
1097 2586 1150 2608 pag.
1173 2580 1232 2607 333,

386 2623 438 2643 nota
459 2622 478 2643 1.
494 2633 525 2638 —-
542 2621 649 2649 Sequitur
667 2622 721 2648 Eph.
741 2622 767 2648 2,
786 2621 827 2643 tt:
845 2622 894 2648 Ipse
912 2621 973 2642 enim
990 2623 1078 2647 estpax
1090 2622 1179 2646 nostra,
1192 2619 1231 2648 qui

388 2659 439 2682 tecit
461 2662 558 2688 atraque
580 2666 651 2681 unum
674 2663 718 2682 etc.
733 2671 764 2678 --
781 2659 893 2687 Superius
916 2665 958 2687 pro
981 2658 1093 2688 quoniam
1116 2657 1232 2681 vwdtator

387 2698 424 2720 ed.
441 2704 493 2720 cum
517 2698 631 2725 Gorrano,
648 2698 688 2726 qui
710 2698 787 2721 adhuc
804 2698 868 2726 plura
886 2697 1018 2725 subiungit,
1036 2696 1099 2726 quod
1118 2696 1232 2721 mediator

386 2737 417 2759 rit
434 2736 476 2759 Dei
491 2738 512 2759 ct
530 2736 652 2760 'lominum
669 2736 696 2766 [1.
714 2737 773 2759 Ῥίπι.
792 2738 818 2764 2,
836 2736 883 2766 5.],
900 2743 961 2765 quoe
977 2737 1045 2759 etium
1063 2736 1157 2760 inferius
1180 2739 1232 2764 post

387 2775 507 2799 latronum
526 2782 579 2798 rum
595 2777 697 2798 ‹joi-rano
714 2775 778 2798 addit
794 2777 815 2799 et
831 2775 855 2798 in
872 2775 1047 2799 reswwctz'oroe
1064 2775 1086 2798 in
1104 2775 1180 2798 ¹medio
1197 2775 1232 2798 dt-

386 2814 542 2843 sciputorum.

449 2851 458 2864 ⁵
476 2853 515 2875 Ed.
533 2859 586 2875 cum
604 2854 706 2875 Gorrano
724 2853 868 2876 Indaeorum
885 2853 1046 2877 contradictio.

449 2890 458 2903 ⁰
476 2892 541 2914 Ver-s.
563 2892 598 2914 19,

449 2928 457 2941 ⁷
476 2931 534 2953 Petr.
550 2930 677 2958 Comestor,
694 2932 778 2954 Histor.
794 2932 941 2959 scholastica,
958 2932 983 2954 in
994 2932 1130 2959 Evangelia,
1142 2937 1163 2954 c.
1178 2931 1229 2954 ¹72.

386 2968 480 2992 Addaia
501 2971 523 2992 t:
542 2970 600 2992 Tres
617 2974 669 2992 sunt
686 2970 753 2993 tituli:
771 2970 935 3000 triumphatis,
956 2971 1070 2994 victorum
1094 2974 1157 3000 gesta
1180 2976 1232 2993 con-

997 181 1166 209 COMMENT.
1190 181 1221 209 IN
1244 180 1388 208 IOANNEM
1410 180 1438 208 C.
1461 180 1526 209 xlx.

1287 258 1435 286 damnatus
1455 261 1542 292 esset,
1565 266 1619 287 non
1642 261 1732 287 tamen
1753 261 1814 287 erat
1842 259 1927 293 latro,
1949 260 1996 288 sed
2018 268 2085 295 rex;
2108 265 2135 290 et

1288 305 1340 334 hoc
1361 305 1469 333 dicebat
1496 305 1609 333 titulus:
1640 306 1714 334 Erat
1741 309 1838 334 autem
1864 306 2025 343 scriptam.-
2053 307 2135 336 Iesus

1288 351 1479 385 Nazarenus,
1495 360 1548 380 rex
1564 352 1751 381 Iudaeorum.
1775 352 1851 381 Hunc
1866 352 1978 381 titulum
2000 355 2134 390 approbat

1288 399 1446 435 Scriptura;
1468 399 1542 427 undo
1564 399 1590 427 in
1613 399 1718 427 Psalmo
1739 399 1899 428 secundo⁸:
1926 400 2008 437 «Ego
2035 401 2135 430 cousti-

1288 449 1367 475 tutus
1387 454 1448 475 sum
1471 454 1522 475 rex
1544 446 1579 474 ab
1599 454 1632 475 eo
1654 454 1738 483 super
1759 446 1835 480 Sion,
1857 449 1978 475 montem
2009 450 2135 476 sanctum

1288 493 1375 522 eius»
1401 496 1452 522 etc.
1480 494 1508 521 In
1537 493 1589 522 hoc
1611 493 1691 522 titulo
1711 493 1843 522 describit
1870 494 1962 530 ipsum
1991 494 2093 523 Pilatus
2120 503 2136 523 a

1288 539 1417 573 nomine,
1439 547 1503 568 cum
1524 539 1589 568 dicit
1619 540 1717 573 Iesum
1738 540 1827 569 Lucae
1854 540 1960 577 primo:
1987 552 2001 566 α
2020 541 2136 570 Vocahis

1288 594 1387 615 nomen
1408 586 1468 615 eius
1489 586 1578 616 Iesum
1594 597 1621 620 »;
1642 594 1659 614 a
1676 586 1795 623 patria,
1822 586 2020 622 Nazarenus;
2047 588 2136 617 Lucae

1288 632 1424 662 secundo:
1447 644 1461 657 «
1477 632 1621 661 Descendit
1642 640 1706 661 cum
1728 633 1768 662 eis
1786 636 1813 662 et
1834 634 1909 662 venit
1929 634 2064 663 Nazareth
2077 645 2105 669 »ς
2120 643 2137 664 a

1288 679 1429 716 diynz'tate
1449 679 1549 716 regia,
1578 687 1642 708 cum
1663 679 1729 708 dicit
1755 688 1826 713 rem
1848 680 1978 710 Ieremiae
2005 681 2136 718 vigesimo

1287 726 1384 754 tertio:
1411 737 1425 751 α
1439 726 1583 755 Suscitabo
1604 726 1689 755 David
1710 734 1823 764 germen
1845 727 1965 762 iustum,
1987 730 2014 757 et
2038 735 2136 765 regna-

1288 773 1327 802 bit
1354 781 1406 802 rex
1421 785 1448 801 υ,
1472 790 1508 796 -
1530 773 1688 803 Secundum
1713 774 1879 803 Matthaeum
1910 775 2008 804 titulus
2034 775 2137 804 dicitur

1287 828 1399 853 caasa;
1421 820 1549 849 Matthaei
1570 820 1703 857 vigesimo
1723 820 1840 857 septimo
1855 821 1882 849 ⁹:
1909 832 1923 847 α
1943 821 2137 858 Imposuerunt

1287 875 1372 903 super
1392 870 1476 904 caput
1496 867 1557 896 eius
1577 874 1690 896 causam
1713 867 1799 904 ipsius
1820 868 1951 904 scriptam
1970 879 2001 903 »3
2023 868 2089 906 quia
2109 869 2136 897 in

1288 914 1368 942 titulo
1390 913 1436 941 illo
1458 913 1599 947 innuitur,
1614 922 1702 950 quare
1724 917 1854 943 mortuus
1867 914 1965 949 fuerit,
1987 915 2090 945 scilicet
2104 916 2137 944 ad

1287 961 1482 994 salvandum,
1504 960 1571 997 quia
1592 961 1690 994 Iesus,
1712 964 1739 989 et
1759 960 1794 988 ad
1814 959 1985 997 faciendum
2005 970 2058 990 nos
2082 963 2137 991 Deo

1287 1010 1386 1035 nostro
1402 1015 1540 1043 reqnmm
1562 1007 1737 1043 Apocalypsis
1751 1007 1862 1043 quinto:
1883 1018 1896 1032 «
1907 1007 2013 1044 Dignus
2027 1015 2069 1042 es,
2084 1008 2138 1036 Do-

1288 1054 1361 1082 mine
1382 1054 1472 1087 Deus,
1494 1053 1619 1090 accipere
1641 1053 1759 1087 librum3
1782 1053 1847 1090 quia
1869 1053 1977 1082 occisus
1997 1061 2027 1082 es
2047 1056 2075 1083 et
2094 1062 2138 1083 re-

1287 1100 1396 1129 demisti
1419 1108 1468 1129 nos
1489 1100 1546 1128 Deo
1567 1100 1594 1128 in
1616 1100 1750 1137 sanguine
1780 1104 1827 1129 tuo
1848 1103 1875 1129 et
1902 1100 1990 1129 fecisti
2012 1108 2062 1129 nos
2082 1101 2138 1135 Deo

1288 1150 1383 1176 nostro
1406 1155 1522 1184 regnum
1537 1159 1564 1175 n.

1368 1194 1413 1222 39.
1437 1194 1525 1230 (Vers.
1542 1195 1610 1230 20).
1626 1194 1712 1222 Hanc
1733 1202 1801 1231 eryo
1817 1193 1942 1222 titulum.
1965 1193 2011 1223 Hic
2026 1194 2138 1231 ponitur

1289 1240 1367 1269 tituli
1381 1240 1557 1277 pitblicatio;
1578 1241 1652 1269 unde
1666 1240 1744 1269 dicit:
1767 1241 1851 1269 Mutii
1864 1241 1994 1278 legerunt
2015 1240 2139 1269 Iudaeo-

1288 1296 1372 1322 rum,
1393 1288 1465 1326 quia
1490 1296 1582 1325 prope
1612 1288 1757 1316 civitatem
1784 1291 1850 1316 erat
1870 1287 1963 1322 locus,
1992 1286 2044 1316 ubi
2070 1295 2138 1316 cru-

1288 1334 1395 1371 cifixus
1415 1338 1455 1363 est
1483 1335 1582 1368 leam,-
1603 1334 1664 1363 ideo
1693 1334 1773 1363 multi
1795 1334 1936 1371 legebant,
1965 1334 2031 1371 quia
2057 1334 2138 1363 multi

1289 1382 1504 1416 concurrebant,
1527 1390 1577 1411 nec
1597 1382 1687 1411 solum
1717 1381 1824 1416 Iudaei,
1846 1381 1894 1410 sed
1922 1385 1949 1410 et
1970 1381 2031 1416 alii3
2054 1381 2137 1410 Isaiae

1290 1430 1432 1466 trigesimo
1463 1432 1564 1467 quarto
1577 1430 1615 1458 ¹⁰:
1642 1441 1655 1454 «
1681 1429 1822 1466 RequIrite
1852 1429 1998 1466 diligenter
2018 1428 2046 1457 in
2067 1428 2139 1457 libro

1290 1484 1452 1505 sermonum
1482 1475 1589 1504 Domini
1618 1480 1645 1504 et
1673 1475 1767 1512 legite3
1787 1483 1837 1504 nec
1866 1482 1953 1503 unum
1975 1482 2011 1503 ex
2033 1475 2072 1504 eis
2087 1475 2138 1516 vcle-

1290 1523 1340 1551 fuit
1354 1536 1380 1551 ».
1405 1524 1438 1551 Et
1459 1526 1522 1551 erat
1543 1523 1687 1559 scriptum
1709 1521 1864 1555 Hebraice,
1894 1521 2004 1550 Graece
2027 1525 2052 1550 et
2079 1522 2136 1550 La-

1290 1570 1360 1603 tine,
1384 1573 1414 1598 ut
1428 1577 1524 1598 omnes
1542 1572 1653 1606 possent
1669 1570 1759 1606 legere
1782 1569 1907 1603 titulum,
1923 1569 1988 1605 quia
2008 1568 2140 1597 omnibus

1290 1624 1341 1645 rex
1363 1620 1421 1645 erat
1453 1616 1579 1651 futurus,
1608 1616 1680 1645 sicut
1700 1616 1802 1644 dicitur
1831 1615 2005 1652 Apocalypsis
2032 1615 2139 1644 dec-imo

1289 1672 1361 1692 nono
1375 1665 1405 1697 ¹²,
1427 1663 1501 1700 quod
1524 1663 1581 1700 ipse
1607 1675 1620 1688 «
1635 1666 1677 1692 est
1698 1664 1755 1692 Rex
1778 1671 1875 1700 regum
1891 1667 1917 1691 et
1936 1662 2070 1691 Dominus
2091 1662 2139 1691 do-

1289 1711 1453 1739 minantium
1469 1721 1499 1744 ”3
1521 1710 1582 1738 ideo
1604 1710 1694 1738 tribus
1710 1710 1822 1747 linguis,
1845 1709 1910 1747 quia
1931 1709 2136 1738 Deuteronomii

1290 1877 1376 1901 tineus:
1391 1876 1565 1906 praeconialis,
1583 1876 1622 1905 qni
1634 1877 1656 1898 In
1669 1876 1742 1904 portis
1753 1878 1775 1898 et
1786 1876 1895 1898 domibus
1907 1875 2051 1898 scribebatur
2063 1874 2139 1905 [card.

1290 1916 1371 1943 nugo,
1389 1916 1411 1938 in
1429 1917 1489 1938 ioan.
1507 1917 1548 1942 19,
1567 1916 1604 1938 19.
1621 1917 1686 1938 affert
1708 1917 1781 1938 hunc:
1798 1916 1826 1938 Ut
1848 1922 1899 1938 rosn
1923 1916 1966 1937 ilos
1988 1916 2086 1942 florum,
2106 1915 2139 1938 sic

1290 1958 1324 1977 est
1344 1955 1428 1977 domus
1451 1957 1491 1977 ista
1515 1954 1841 1984 domorum];mcmor1alis,
1864 1955 1904 1983 qui
1927 1960 1998 1982 supra
2019 1954 2138 1982 sepulcra,

1290 1994 1314 2016 id
1332 1997 1365 2016 est
1381 1994 1533 2022 epitaphium.
1549 2006 1581 2011 —
1599 1994 1639 2016 Ed.
1656 2000 1709 2016 cum
1733 1994 1836 2017 Gorruno
1859 1994 1943 2016 omittit
1959 1992 2057 2023 quidam
2071 1999 2140 2023 prae-

1291 2033 1403 2060 conialis,
1422 2035 1447 2056 ut
1464 2033 1491 2056 cle
1509 2033 1586 2056 (Iomo.

1353 2071 1363 2084 Β
1380 2073 1444 2095 Vers.
1463 2073 1484 2094 θ,
1502 2085 1532 2091 -
1550 2073 1608 2095 Tres
1632 2078 1698 2101 seqq.
1722 2073 1764 2095 Ioci
1789 2075 1843 2095 sunt
1867 2073 1921 2096 Luc.
1944 2073 1966 2099 t,
1988 2072 2031 2100 3¹¹3
2052 2073 2078 2100 2,
2101 2072 2138 2094 51.

1291 2111 1368 2139 (codd.
1388 2114 1410 2133 et
1426 2112 1544 2134 Gorranus
1560 2112 1660 2139 allegant
1685 2117 1727 2139 pro
1750 2112 1786 2133 his
1807 2110 1886 2134 verbis
1903 2111 1986 2135 Matth.
2003 2110 2035 2139 2,
2053 2110 2093 2133 ubi
2110 2114 2140 2133 ta-

1290 2156 1343 2172 men
1361 2157 1385 2172 v.
1403 2151 1440 2172 23.
1458 2150 1556 2173 dicitur:
1574 2151 1599 2173 Et
1616 2150 1713 2173 veniens
1735 2150 1847 2173 habitavit
1864 2150 1886 2173 in
1903 2150 2006 2178 civitate,
2023 2156 2084 2179 quae
2100 2156 2140 2173 vo-

1290 2192 1355 2212 catur
1373 2190 1506 2212 Nazareth...
1524 2189 1636 2217 Quoniam
1661 2190 1788 2213 Nazaraeus
1810 2189 1941 2218 vocabitur)
1959 2191 1981 2211 et
1998 2190 2040 2212 ler.
2056 2189 2099 2216 23,
2117 2189 2139 2211 5.

1353 2227 1362 2240 ⁰
1381 2229 1445 2250 Vei-s.
1463 2228 1500 2250 37.
1517 2240 1547 2245 —-
1565 2228 1669 2251 SubInde
1686 2229 1807 2256 respicitur
1825 2229 1901 2251 Matth.
1919 2229 1940 2257 ’1,
1958 2229 1982 2251 21
1995 2236 2000 2251 :
2015 2237 2027 2248 <x
2039 2228 2140 2251 Vocabis

1290 2274 1374 2290 nomen
1392 2268 1442 2290 eius
1459 2268 1546 2297 Iesum,
1563 2268 1614 2295 ipse
1631 2268 1692 2290 enim
1709 2268 1799 2290 salvum
1822 2268 1888 2290 saciet
1910 2268 2023 2295 populum
2040 2274 2108 2290 suum
2126 2274 2139 2290 a

1290 2307 1391 2335 peccatis
1407 2313 1488 2329 eorum
1501 2316 1526 2334 ιη
1544 2309 1567 2329 et
1582 2307 1693 2335 allegatur
1710 2307 1782 2335 Apoc.
1795 2307 1821 2334 5,
1834 2307 1857 2329 9.
1872 2313 1922 2335 seq⁴
1932 2318 1964 2324 —-
1976 2307 2070 2329 inferius
2086 2308 2139 2330 voci

1290 2346 1445 2375 Apocalypsis
1463 2346 1500 2369 ed.
1517 2353 1570 2369 cum
1588 2347 1690 2369 Gorrnno
1708 2346 1815 2374 praefigit
1832 2346 1888 2375 quia
1905 2352 1957 2368 rex.

1353 2384 1372 2398 ¹⁰
1391 2386 1455 2408 Vers.
1476 2386 1510 2407 16.
1527 2398 1558 2403 --
1575 2385 1705 2413 chrysost..
1724 2386 1745 2407 in
1764 2386 1822 2407 Ioan.
1850 2385 1927 2407 humil.
1946 2385 1982 2407 85.
2007 2385 2071 2413 (alias
2091 2384 2138 2413 84.)

1290 2431 1313 2446 n.
1334 2425 1355 2446 t:
1374 2424 1477 2453 Scripsit
1492 2426 1573 2447 autem
1590 2424 1686 2447 titulum
1704 2424 1804 2452 Pilatus,
1824 2427 1873 2446 tum
1891 2427 1915 2446 ut
1932 2424 2030 2446 Iudaeos
2047 2424 2140 2446 ulcisce-

1289 2466 1358 2491 retur,
1372 2467 1420 2485 tum
1438 2467 1463 2485 ut
1480 2463 1595 2486 Christum
1614 2466 1750 2491 purgaret...
1764 2464 1811 2485 I-Ioc
1829 2466 1905 2486 autem
1925 2469 1969 2485 non
1988 2469 2031 2485 una
2049 2463 2139 2491 lingua,

1289 2502 1330 2525 sod
1347 2503 1428 2530 triplici
1447 2503 1580 2525 declaravit.
1597 2503 1654 2530 Quin
1672 2503 1733 2524 enim
1751 2502 1861 2525 credIbile
1872 2505 1931 2529 erat,
1949 2502 2033 2524 multos
2050 2502 2139 2525 Iudaeis

1289 2543 1425 2564 commixtos
1452 2542 1521 2564 tuisse
1545 2545 1641 2569 propter
1665 2542 1847 2569 solemnitatem,
1865 2545 1890 2564 ut
1907 2548 1974 2564 nemo
1991 2542 2041 2564 eius
2060 2542 2139 2569 apolo—

1289 2581 1351 2609 giam
1369 2581 1499 2608 ignoraret,
1511 2581 1620 2603 omnibus
1637 2581 1721 2608 linguis
1739 2581 1875 2603 Iudaeorum
1896 2581 1995 2603 furorem
2013 2579 2139 2602 denotavit.

1352 2619 1369 2633 ²¹
1389 2620 1455 2642 Vers.
1474 2620 1509 2642 16.
1526 2632 1557 2637 -
1574 2614 1682 2648 Sequitur
1705 2620 1769 2642 Dent.
1791 2620 1828 2647 19,
1847 2620 1885 2642 15.
1902 2619 1964 2642 Idem
1982 2619 2037 2641 dicit
2059 2619 2138 2641 Glossa

1288 2659 1448 2682 interlimarz's
1474 2660 1496 2681 in
1524 2659 1583 2681 loan.
1610 2660 1647 2687 ³9,
1671 2660 1707 2681 20.
1730 2671 1762 2676 -—
1784 2661 1889 2687 August„
1914 2659 1937 2681 'm
1963 2659 2024 2681 loan.
2050 2658 2137 2685 Evang.

1288 2702 1316 2721 tr.
1334 2699 1387 2720 117.
1406 2705 1427 2720 n.
1446 2699 1475 2720 4:
1493 2699 1540 2721 Hae
1557 2699 1645 2727 qnippe
1662 2701 1708 2720 tres
1725 2699 1816 2726 linguae
1834 2698 1865 2720 ibi
1883 2704 1939 2725 prae
1956 2697 2038 2720 ceteris
2054 2697 2139 2719 emine-

1289 2738 1357 2760 bant:
1375 2738 1478 2760 }Iebraea
1497 2742 1591 2766 propter
1609 2738 1705 2761 Iudaeos
1721 2738 1744 2760 in
1763 2738 1802 2760 Dei
1820 2738 1880 2765 Lege
1898 2737 2034 2765 gloriantes,
2052 2737 2137 2759 Graeca

1288 2779 1382 2804 propter
1399 2777 1501 2804 gentium
1520 2777 1647 2804 sapientes,
1665 2777 1743 2798 Latina
1761 2779 1856 2804 propter
1878 2776 1994 2798 Romanos
2017 2775 2094 2798 multis
2111 2781 2138 2797 ac

1288 2822 1348 2843 pene
1365 2815 1473 2838 omnibus
1491 2816 1535 2837 iam
1554 2819 1607 2838 tunc
1629 2816 1737 2843 gentibus
1759 2816 1907 2843 imperantes.
1927 2814 1973 2837 Csr.
1992 2816 2064 2837 serm.
2084 2814 2138 2837 248.

1289 2854 1353 2883 (alias
1369 2854 1405 2876 76.
1425 2854 1453 2876 de
1471 2855 1581 2883 Diversis)
1601 2861 1620 2877 c.
1638 2855 1659 2876 ὅ.
1677 2861 1698 2877 n.
1717 2856 1739 2877 5.
1759 2861 1824 2883 seqq.
1842 2854 2016 2882 Theophylact„
2034 2853 2055 2875 in
2076 2854 2137 2876 loan.

1293 2893 1329 2920 19,
1347 2893 1388 2914 ί2οι
1407 2893 1506 2915 Insinuat
1523 2896 1600 2915 autem
1618 2896 1639 2915 et
1657 2893 1780 2915 sublimius
1796 2893 1909 2922 quiddam
1932 2892 2051 2919 inscriptio
2069 2891 2137 2919 tripli·

1288 2931 1354 2953 cibus
1373 2931 1451 2954 litteris
1468 2932 1582 2959 inscripta.
1601 2932 1727 2954 Manifestat
1743 2932 1819 2958 enim,
1836 2932 1959 2961 Dominum
1981 2936 2061 2958 regem
2086 2935 2137 2953 esse

1288 2971 1447 2998 philosophiae
1472 2971 1594 3000 practicae
1618 2974 1640 2993 et
1666 2970 1787 2994 naturalis
1813 2974 1834 2993 et
1859 2970 2011 2999 theoloqicae.
2035 2969 2136 2992 PractIca

2155 1199 2259 1223 Secundum.
2265 1199 2271 1217 ν’
