<?xml version="1.0" encoding="UTF-8"?>
<!DOCTYPE html PUBLIC "-//W3C//DTD XHTML 1.0 Transitional//EN"
    "http://www.w3.org/TR/xhtml1/DTD/xhtml1-transitional.dtd">
<html xmlns="http://www.w3.org/1999/xhtml" xml:lang="en" lang="en">
 <head>
  <title>
</title>
<meta http-equiv="Content-Type" content="text/html;charset=utf-8" />
  <meta name='ocr-system' content='tesseract 3.04.00' />
  <meta name='ocr-capabilities' content='ocr_page ocr_carea ocr_par ocr_line ocrx_word'/>
</head>
<body>
  <div class='ocr_page' id='page_1' title='image "./doctorisseraphic06bona_0583.png"; bbox 0 0 2296 3316; ppageno 0'>
   <div class='ocr_carea' id='block_1_1' title="bbox 0 282 92 376">
    <p class='ocr_par' dir='ltr' id='par_1_1' title="bbox 0 282 92 376">
     <span class='ocr_line' id='line_1_1' title="bbox 26 282 92 302; baseline -0.015 0"><span class='ocrx_word' id='word_1_1' title='bbox 26 282 92 302; x_wconf 81' lang='lat' dir='ltr'>lenitu-</span> 
     </span>
     <span class='ocr_line' id='line_1_2' title="bbox 0 284 92 376; baseline 0 -51"><span class='ocrx_word' id='word_1_2' title='bbox 0 284 92 376; x_wconf 42' lang='lat' dir='ltr'>&amp;gloriae</span> 
     </span>
     <span class='ocr_line' id='line_1_3' title="bbox 0 335 48 359; baseline -0.021 -10"><span class='ocrx_word' id='word_1_3' title='bbox 0 335 7 359; x_wconf 69' lang='lat' dir='ltr'>l</span> <span class='ocrx_word' id='word_1_4' title='bbox 21 335 48 349; x_wconf 84' lang='lat' dir='ltr'>or.</span> 
     </span>
    </p>
   </div>
   <div class='ocr_carea' id='block_1_2' title="bbox 0 1218 86 1340">
    <p class='ocr_par' dir='ltr' id='par_1_2' title="bbox 0 1218 86 1340">
     <span class='ocr_line' id='line_1_4' title="bbox 8 1218 84 1239; baseline 0 0"><span class='ocrx_word' id='word_1_5' title='bbox 8 1218 50 1239; x_wconf 64' lang='lat' dir='ltr'>ilai-s</span> <span class='ocrx_word' id='word_1_6' title='bbox 62 1220 84 1239; x_wconf 91' lang='lat' dir='ltr'>ll.</span> 
     </span>
     <span class='ocr_line' id='line_1_5' title="bbox 0 1244 86 1268; baseline 0 -5"><span class='ocrx_word' id='word_1_7' title='bbox 0 1244 34 1265; x_wconf 63' lang='lat' dir='ltr'>hae</span> <span class='ocrx_word' id='word_1_8' title='bbox 46 1244 86 1268; x_wconf 80' lang='lat' dir='ltr'>ple-</span> 
     </span>
     <span class='ocr_line' id='line_1_6' title="bbox 0 1267 63 1288; baseline -0.032 0"><span class='ocrx_word' id='word_1_9' title='bbox 0 1267 63 1288; x_wconf 62' lang='lat' dir='ltr'>§itlius</span> 
     </span>
     <span class='ocr_line' id='line_1_7' title="bbox 0 1291 76 1315; baseline 0 -6"><span class='ocrx_word' id='word_1_10' title='bbox 0 1291 76 1315; x_wconf 60' lang='lat' dir='ltr'>:pimus</span> 
     </span>
     <span class='ocr_line' id='line_1_8' title="bbox 2 1314 67 1340; baseline 0 -7"><span class='ocrx_word' id='word_1_11' title='bbox 2 1314 67 1340; x_wconf 66' lang='lat' dir='ltr'>q‘atuor.</span> 
     </span>
    </p>
   </div>
   <div class='ocr_carea' id='block_1_3' title="bbox 7 2254 84 2278">
    <p class='ocr_par' dir='ltr' id='par_1_3' title="bbox 7 2254 84 2278">
     <span class='ocr_line' id='line_1_9' title="bbox 7 2254 84 2278; baseline 0.013 -5"><span class='ocrx_word' id='word_1_12' title='bbox 7 2254 84 2278; x_wconf 66' lang='lat' dir='ltr'>mogus.</span> 
     </span>
    </p>
   </div>
   <div class='ocr_carea' id='block_1_4' title="bbox 0 2521 85 2567">
    <p class='ocr_par' dir='ltr' id='par_1_4' title="bbox 0 2521 85 2567">
     <span class='ocr_line' id='line_1_10' title="bbox 0 2521 78 2566; baseline 0 -23"><span class='ocrx_word' id='word_1_13' title='bbox 0 2521 78 2566; x_wconf 39' lang='lat' dir='ltr'>&amp;gamm-</span> 
     </span>
     <span class='ocr_line' id='line_1_11' title="bbox 10 2549 85 2567; baseline 0.013 -1"><span class='ocrx_word' id='word_1_14' title='bbox 10 2549 85 2567; x_wconf 69' lang='lat' dir='ltr'>natum.</span> 
     </span>
    </p>
   </div>
   <div class='ocr_carea' id='block_1_5' title="bbox 603 150 1358 181">
    <p class='ocr_par' dir='ltr' id='par_1_5' title="bbox 603 150 1358 181">
     <span class='ocr_line' id='line_1_12' title="bbox 603 150 1358 181; baseline 0.003 -2"><span class='ocrx_word' id='word_1_15' title='bbox 603 150 829 179; x_wconf 78' lang='lat' dir='ltr'>COLLATIONES</span> <span class='ocrx_word' id='word_1_16' title='bbox 851 151 883 180; x_wconf 89' lang='lat' dir='ltr'>IN</span> <span class='ocrx_word' id='word_1_17' title='bbox 904 150 1050 180; x_wconf 78' lang='lat' dir='ltr'><strong>IOANNEM</strong></span> <span class='ocrx_word' id='word_1_18' title='bbox 1072 151 1139 180; x_wconf 81' lang='lat' dir='ltr'>CAP.</span> <span class='ocrx_word' id='word_1_19' title='bbox 1163 152 1180 180; x_wconf 91' lang='lat'>1.</span> <span class='ocrx_word' id='word_1_20' title='bbox 1203 152 1295 181; x_wconf 86' lang='lat' dir='ltr'>COLL.</span> <span class='ocrx_word' id='word_1_21' title='bbox 1319 153 1358 181; x_wconf 86' lang='grc' dir='ltr'>ΙΙΙ.</span> 
     </span>
    </p>
   </div>
   <div class='ocr_carea' id='block_1_6' title="bbox 102 228 952 1015">
    <p class='ocr_par' dir='ltr' id='par_1_6' title="bbox 102 228 952 921">
     <span class='ocr_line' id='line_1_13' title="bbox 185 228 951 267; baseline 0.001 -10"><span class='ocrx_word' id='word_1_22' title='bbox 185 230 210 258; x_wconf 81' lang='grc'>’5.</span> <span class='ocrx_word' id='word_1_23' title='bbox 233 229 262 258; x_wconf 90' lang='lat' dir='ltr'>In</span> <span class='ocrx_word' id='word_1_24' title='bbox 284 229 336 258; x_wconf 84' lang='lat' dir='ltr'>hoc</span> <span class='ocrx_word' id='word_1_25' title='bbox 356 228 429 257; x_wconf 92' lang='lat' dir='ltr'>enim</span> <span class='ocrx_word' id='word_1_26' title='bbox 450 229 580 266; x_wconf 86' lang='lat' dir='ltr'>apparuit</span> <span class='ocrx_word' id='word_1_27' title='bbox 594 229 682 266; x_wconf 86' lang='lat' dir='ltr'>gloria</span> <span class='ocrx_word' id='word_1_28' title='bbox 703 229 855 267; x_wconf 85' lang='lat' dir='ltr'>Unigeniti‚</span> <span class='ocrx_word' id='word_1_29' title='bbox 876 229 951 266; x_wconf 91' lang='lat' dir='ltr'>quod</span> 
     </span>
     <span class='ocr_line' id='line_1_14' title="bbox 105 275 952 313; baseline 0 -9"><span class='ocrx_word' id='word_1_30' title='bbox 105 275 182 305; x_wconf 88' lang='lat' dir='ltr'>sedet</span> <span class='ocrx_word' id='word_1_31' title='bbox 202 276 230 304; x_wconf 91' lang='lat' dir='ltr'>in</span> <span class='ocrx_word' id='word_1_32' title='bbox 250 275 375 304; x_wconf 81' lang='lat' dir='ltr'><strong>dexteris</strong></span> <span class='ocrx_word' id='word_1_33' title='bbox 396 275 461 310; x_wconf 86' lang='lat' dir='ltr'>Dei,</span> <span class='ocrx_word' id='word_1_34' title='bbox 482 283 554 313; x_wconf 84' lang='lat' dir='ltr'>quae</span> <span class='ocrx_word' id='word_1_35' title='bbox 575 275 686 312; x_wconf 90' lang='lat' dir='ltr'>quidem</span> <span class='ocrx_word' id='word_1_36' title='bbox 708 276 844 313; x_wconf 86' lang='lat' dir='ltr'>Unigeniti</span> <span class='ocrx_word' id='word_1_37' title='bbox 864 275 952 313; x_wconf 91' lang='lat' dir='ltr'>gloria</span> 
     </span>
     <span class='ocr_line' id='line_1_15' title="bbox 104 323 951 361; baseline 0.001 -10"><span class='ocrx_word' id='word_1_38' title='bbox 104 323 174 352; x_wconf 87' lang='lat' dir='ltr'>solet</span> <span class='ocrx_word' id='word_1_39' title='bbox 193 323 282 352; x_wconf 87' lang='lat' dir='ltr'>notari</span> <span class='ocrx_word' id='word_1_40' title='bbox 304 323 332 351; x_wconf 93' lang='lat' dir='ltr'>in</span> <span class='ocrx_word' id='word_1_41' title='bbox 353 326 491 360; x_wconf 84' lang='lat' dir='ltr'>quatuor;</span> <span class='ocrx_word' id='word_1_42' title='bbox 512 331 633 360; x_wconf 91' lang='lat' dir='ltr'>quorum</span> <span class='ocrx_word' id='word_1_43' title='bbox 654 323 776 360; x_wconf 89' lang='lat' dir='ltr'>primum</span> <span class='ocrx_word' id='word_1_44' title='bbox 797 326 854 358; x_wconf 88' lang='lat' dir='ltr'>est,</span> <span class='ocrx_word' id='word_1_45' title='bbox 876 323 951 361; x_wconf 91' lang='lat' dir='ltr'>quod</span> 
     </span>
     <span class='ocr_line' id='line_1_16' title="bbox 105 370 951 408; baseline 0.001 -10"><span class='ocrx_word' id='word_1_46' title='bbox 105 370 184 399; x_wconf 79' lang='lat' dir='ltr'>Pater</span> <span class='ocrx_word' id='word_1_47' title='bbox 205 378 287 398; x_wconf 89' lang='lat' dir='ltr'>omne</span> <span class='ocrx_word' id='word_1_48' title='bbox 308 370 452 399; x_wconf 83' lang='lat' dir='ltr'>iudicium</span> <span class='ocrx_word' id='word_1_49' title='bbox 473 370 548 399; x_wconf 82' lang='lat' dir='ltr'>dedit</span> <span class='ocrx_word' id='word_1_50' title='bbox 568 370 609 404; x_wconf 81' lang='lat' dir='ltr'>ei,</span> <span class='ocrx_word' id='word_1_51' title='bbox 635 370 788 399; x_wconf 89' lang='lat' dir='ltr'>secundum</span> <span class='ocrx_word' id='word_1_52' title='bbox 811 370 885 408; x_wconf 91' lang='lat' dir='ltr'>quod</span> <span class='ocrx_word' id='word_1_53' title='bbox 910 370 951 399; x_wconf 92' lang='lat' dir='ltr'>di-</span> 
     </span>
     <span class='ocr_line' id='line_1_17' title="bbox 105 416 952 453; baseline 0 -8"><span class='ocrx_word' id='word_1_54' title='bbox 105 416 178 445; x_wconf 90' lang='lat' dir='ltr'>citur</span> <span class='ocrx_word' id='word_1_55' title='bbox 199 416 307 445; x_wconf 88' lang='lat' dir='ltr'>Ioannis</span> <span class='ocrx_word' id='word_1_56' title='bbox 327 416 462 453; x_wconf 86' lang='lat' dir='ltr'>quinto1:</span> <span class='ocrx_word' id='word_1_57' title='bbox 490 428 503 441; x_wconf 89' lang='lat'>«</span> <span class='ocrx_word' id='word_1_58' title='bbox 519 417 598 445; x_wconf 83' lang='lat' dir='ltr'>Pater</span> <span class='ocrx_word' id='word_1_59' title='bbox 619 424 701 445; x_wconf 90' lang='lat' dir='ltr'>omne</span> <span class='ocrx_word' id='word_1_60' title='bbox 722 416 856 445; x_wconf 90' lang='lat' dir='ltr'>iudicium</span> <span class='ocrx_word' id='word_1_61' title='bbox 877 416 952 445; x_wconf 82' lang='lat' dir='ltr'>dedit</span> 
     </span>
     <span class='ocr_line' id='line_1_18' title="bbox 104 462 952 500; baseline 0 -9"><span class='ocrx_word' id='word_1_62' title='bbox 104 463 208 491; x_wconf 73' lang='lat' dir='ltr'>Filio».</span> <span class='ocrx_word' id='word_1_63' title='bbox 230 479 268 483; x_wconf 89' lang='lat'>-—</span> <span class='ocrx_word' id='word_1_64' title='bbox 289 463 446 492; x_wconf 90' lang='lat' dir='ltr'>Secundum</span> <span class='ocrx_word' id='word_1_65' title='bbox 469 466 511 492; x_wconf 88' lang='lat' dir='ltr'>est</span> <span class='ocrx_word' id='word_1_66' title='bbox 532 463 559 491; x_wconf 90' lang='lat' dir='ltr'>in</span> <span class='ocrx_word' id='word_1_67' title='bbox 588 463 656 497; x_wconf 89' lang='lat' dir='ltr'>hoc,</span> <span class='ocrx_word' id='word_1_68' title='bbox 678 462 753 500; x_wconf 88' lang='lat' dir='ltr'>quod</span> <span class='ocrx_word' id='word_1_69' title='bbox 784 471 835 499; x_wconf 88' lang='lat' dir='ltr'>per</span> <span class='ocrx_word' id='word_1_70' title='bbox 859 463 952 491; x_wconf 85' lang='lat' dir='ltr'>omnia</span> 
     </span>
     <span class='ocr_line' id='line_1_19' title="bbox 103 510 952 547; baseline -0.001 -8"><span class='ocrx_word' id='word_1_71' title='bbox 103 510 210 539; x_wconf 81' lang='lat' dir='ltr'>simili-s·</span> <span class='ocrx_word' id='word_1_72' title='bbox 224 513 264 539; x_wconf 80' lang='lat' dir='ltr'>est</span> <span class='ocrx_word' id='word_1_73' title='bbox 281 510 375 539; x_wconf 78' lang='lat' dir='ltr'>Patri.</span> <span class='ocrx_word' id='word_1_74' title='bbox 398 510 457 547; x_wconf 90' lang='lat' dir='ltr'>Ipse</span> <span class='ocrx_word' id='word_1_75' title='bbox 477 510 550 539; x_wconf 85' lang='lat' dir='ltr'>enim</span> <span class='ocrx_word' id='word_1_76' title='bbox 573 513 615 539; x_wconf 86' lang='lat' dir='ltr'>est</span> <span class='ocrx_word' id='word_1_77' title='bbox 637 521 651 535; x_wconf 85' lang='lat'>«</span> <span class='ocrx_word' id='word_1_78' title='bbox 663 510 792 547; x_wconf 81' lang='lat' dir='ltr'>splendor</span> <span class='ocrx_word' id='word_1_79' title='bbox 807 510 910 547; x_wconf 86' lang='lat' dir='ltr'>gloriae</span> <span class='ocrx_word' id='word_1_80' title='bbox 925 513 952 539; x_wconf 87' lang='lat' dir='ltr'>et</span> 
     </span>
     <span class='ocr_line' id='line_1_20' title="bbox 103 557 952 594; baseline 0 -9"><span class='ocrx_word' id='word_1_81' title='bbox 103 557 194 594; x_wconf 85' lang='lat' dir='ltr'>figura</span> <span class='ocrx_word' id='word_1_82' title='bbox 214 557 384 586; x_wconf 88' lang='lat' dir='ltr'>substantiae</span> <span class='ocrx_word' id='word_1_83' title='bbox 405 557 503 591; x_wconf 77' lang='lat' dir='ltr'>eius»,</span> <span class='ocrx_word' id='word_1_84' title='bbox 525 557 679 585; x_wconf 88' lang='lat' dir='ltr'>secundum</span> <span class='ocrx_word' id='word_1_85' title='bbox 699 557 774 594; x_wconf 91' lang='lat' dir='ltr'>quod</span> <span class='ocrx_word' id='word_1_86' title='bbox 794 557 897 585; x_wconf 88' lang='lat' dir='ltr'>dicitur</span> <span class='ocrx_word' id='word_1_87' title='bbox 917 557 952 585; x_wconf 86' lang='lat' dir='ltr'>ad</span> 
     </span>
     <span class='ocr_line' id='line_1_21' title="bbox 103 604 952 641; baseline -0.001 -8"><span class='ocrx_word' id='word_1_88' title='bbox 103 604 241 633; x_wconf 88' lang='lat' dir='ltr'>Hebraeos</span> <span class='ocrx_word' id='word_1_89' title='bbox 254 604 353 641; x_wconf 91' lang='lat' dir='ltr'>primo.</span> <span class='ocrx_word' id='word_1_90' title='bbox 369 621 409 625; x_wconf 93' lang='lat'>--</span> <span class='ocrx_word' id='word_1_91' title='bbox 422 604 546 633; x_wconf 89' lang='lat' dir='ltr'>Tertium</span> <span class='ocrx_word' id='word_1_92' title='bbox 562 607 617 638; x_wconf 90' lang='lat' dir='ltr'>est,</span> <span class='ocrx_word' id='word_1_93' title='bbox 633 604 707 641; x_wconf 88' lang='lat' dir='ltr'>quod</span> <span class='ocrx_word' id='word_1_94' title='bbox 723 604 872 632; x_wconf 86' lang='lat' dir='ltr'>constituit</span> <span class='ocrx_word' id='word_1_95' title='bbox 886 612 952 632; x_wconf 85' lang='lat' dir='ltr'>eum</span> 
     </span>
     <span class='ocr_line' id='line_1_22' title="bbox 104 650 951 689; baseline 0 -10"><span class='ocrx_word' id='word_1_96' title='bbox 104 654 195 689; x_wconf 86' lang='lat' dir='ltr'>caput</span> <span class='ocrx_word' id='word_1_97' title='bbox 213 659 302 689; x_wconf 83' lang='lat' dir='ltr'>super</span> <span class='ocrx_word' id='word_1_98' title='bbox 323 659 435 680; x_wconf 86' lang='lat' dir='ltr'>omnem</span> <span class='ocrx_word' id='word_1_99' title='bbox 458 651 631 685; x_wconf 77' lang='lat' dir='ltr'><em>Ecclesiam,</em></span> <span class='ocrx_word' id='word_1_100' title='bbox 653 651 807 680; x_wconf 91' lang='lat' dir='ltr'>secundum</span> <span class='ocrx_word' id='word_1_101' title='bbox 822 651 897 688; x_wconf 90' lang='lat' dir='ltr'>quod</span> <span class='ocrx_word' id='word_1_102' title='bbox 911 650 951 679; x_wconf 90' lang='lat' dir='ltr'>di-</span> 
     </span>
     <span class='ocr_line' id='line_1_23' title="bbox 104 698 952 735; baseline -0.001 -8"><span class='ocrx_word' id='word_1_103' title='bbox 104 698 177 727; x_wconf 92' lang='lat' dir='ltr'>citur</span> <span class='ocrx_word' id='word_1_104' title='bbox 197 698 232 727; x_wconf 88' lang='lat' dir='ltr'>ad</span> <span class='ocrx_word' id='word_1_105' title='bbox 253 698 384 735; x_wconf 81' lang='lat' dir='ltr'>Ephesios</span> <span class='ocrx_word' id='word_1_106' title='bbox 405 699 511 735; x_wconf 85' lang='lat' dir='ltr'>primo:</span> <span class='ocrx_word' id='word_1_107' title='bbox 538 698 661 726; x_wconf 87' lang='lat' dir='ltr'>«Omnia</span> <span class='ocrx_word' id='word_1_108' title='bbox 676 698 793 727; x_wconf 89' lang='lat' dir='ltr'>subiecit</span> <span class='ocrx_word' id='word_1_109' title='bbox 808 698 861 727; x_wconf 89' lang='lat' dir='ltr'>sub</span> <span class='ocrx_word' id='word_1_110' title='bbox 876 698 952 735; x_wconf 89' lang='lat' dir='ltr'>pedi-</span> 
     </span>
     <span class='ocr_line' id='line_1_24' title="bbox 104 744 951 781; baseline 0 -8"><span class='ocrx_word' id='word_1_111' title='bbox 104 744 157 773; x_wconf 92' lang='lat' dir='ltr'>bus</span> <span class='ocrx_word' id='word_1_112' title='bbox 177 744 253 779; x_wconf 90' lang='lat' dir='ltr'>eius,</span> <span class='ocrx_word' id='word_1_113' title='bbox 274 748 302 773; x_wconf 87' lang='lat' dir='ltr'>et</span> <span class='ocrx_word' id='word_1_114' title='bbox 323 745 416 781; x_wconf 89' lang='lat' dir='ltr'>ipsum</span> <span class='ocrx_word' id='word_1_115' title='bbox 437 744 511 773; x_wconf 82' lang='lat' dir='ltr'>dedit</span> <span class='ocrx_word' id='word_1_116' title='bbox 532 747 616 781; x_wconf 86' lang='lat' dir='ltr'>caput</span> <span class='ocrx_word' id='word_1_117' title='bbox 644 752 729 781; x_wconf 89' lang='lat' dir='ltr'>super</span> <span class='ocrx_word' id='word_1_118' title='bbox 761 752 871 773; x_wconf 90' lang='lat' dir='ltr'>omnem</span> <span class='ocrx_word' id='word_1_119' title='bbox 904 745 951 773; x_wconf 91' lang='lat' dir='ltr'>Ec-</span> 
     </span>
     <span class='ocr_line' id='line_1_25' title="bbox 103 791 952 829; baseline -0.001 -8"><span class='ocrx_word' id='word_1_120' title='bbox 103 792 213 821; x_wconf 87' lang='lat' dir='ltr'>clesiam</span> <span class='ocrx_word' id='word_1_121' title='bbox 225 804 252 820; x_wconf 82' lang='grc'>».</span> <span class='ocrx_word' id='word_1_122' title='bbox 268 809 305 813; x_wconf 94' lang='grc'>-</span> <span class='ocrx_word' id='word_1_123' title='bbox 320 792 456 829; x_wconf 84' lang='lat' dir='ltr'>Quartum</span> <span class='ocrx_word' id='word_1_124' title='bbox 479 795 535 827; x_wconf 88' lang='lat' dir='ltr'>est,</span> <span class='ocrx_word' id='word_1_125' title='bbox 557 791 632 829; x_wconf 88' lang='lat' dir='ltr'>quod</span> <span class='ocrx_word' id='word_1_126' title='bbox 652 792 727 820; x_wconf 91' lang='lat' dir='ltr'>dedit</span> <span class='ocrx_word' id='word_1_127' title='bbox 748 792 772 820; x_wconf 90' lang='lat' dir='ltr'>ei</span> <span class='ocrx_word' id='word_1_128' title='bbox 793 792 891 821; x_wconf 79' lang='lat' dir='ltr'>sedere</span> <span class='ocrx_word' id='word_1_129' title='bbox 911 793 952 821; x_wconf 83' lang='lat' dir='ltr'>ad</span> 
     </span>
     <span class='ocr_line' id='line_1_26' title="bbox 102 839 949 877; baseline 0.001 -9"><span class='ocrx_word' id='word_1_130' title='bbox 102 839 252 868; x_wconf 74' lang='lat' dir='ltr'>‹lexteram</span> <span class='ocrx_word' id='word_1_131' title='bbox 265 848 370 873; x_wconf 82' lang='lat' dir='ltr'>suam,</span> <span class='ocrx_word' id='word_1_132' title='bbox 386 840 540 869; x_wconf 91' lang='lat' dir='ltr'>secundum</span> <span class='ocrx_word' id='word_1_133' title='bbox 555 839 630 877; x_wconf 91' lang='lat' dir='ltr'>quod</span> <span class='ocrx_word' id='word_1_134' title='bbox 647 840 782 874; x_wconf 81' lang='lat' dir='ltr'>liabetur,</span> <span class='ocrx_word' id='word_1_135' title='bbox 798 843 829 868; x_wconf 95' lang='lat' dir='ltr'>ut</span> <span class='ocrx_word' id='word_1_136' title='bbox 844 839 949 869; x_wconf 88' lang='lat' dir='ltr'>dictum</span> 
     </span>
     <span class='ocr_line' id='line_1_27' title="bbox 103 881 519 921; baseline 0 -6"><span class='ocrx_word' id='word_1_137' title='bbox 103 889 160 921; x_wconf 90' lang='lat' dir='ltr'>est,</span> <span class='ocrx_word' id='word_1_138' title='bbox 181 887 264 915; x_wconf 87' lang='lat' dir='ltr'>Marci</span> <span class='ocrx_word' id='word_1_139' title='bbox 286 887 393 915; x_wconf 91' lang='lat' dir='ltr'>ultimo.</span> <span class='ocrx_word' id='word_1_140' title='bbox 507 881 519 894; x_wconf 70' lang='lat'>‘¹</span> 
     </span>
    </p>

    <p class='ocr_par' dir='ltr' id='par_1_7' title="bbox 103 934 951 1015">
     <span class='ocr_line' id='line_1_28' title="bbox 182 934 951 971; baseline 0.001 -9"><span class='ocrx_word' id='word_1_141' title='bbox 182 934 235 962; x_wconf 89' lang='lat' dir='ltr'>Ista</span> <span class='ocrx_word' id='word_1_142' title='bbox 255 936 376 971; x_wconf 89' lang='lat' dir='ltr'>quatuor</span> <span class='ocrx_word' id='word_1_143' title='bbox 391 934 504 971; x_wconf 84' lang='lat' dir='ltr'>proprie</span> <span class='ocrx_word' id='word_1_144' title='bbox 519 934 688 964; x_wconf 90' lang='lat' dir='ltr'>conveniunt</span> <span class='ocrx_word' id='word_1_145' title='bbox 702 934 813 963; x_wconf 90' lang='lat' dir='ltr'>Christo</span> <span class='ocrx_word' id='word_1_146' title='bbox 834 942 885 963; x_wconf 87' lang='lat' dir='ltr'>nec</span> <span class='ocrx_word' id='word_1_147' title='bbox 906 934 951 963; x_wconf 86' lang='lat' dir='ltr'>alii</span> 
     </span>
     <span class='ocr_line' id='line_1_29' title="bbox 103 980 685 1015; baseline 0.002 -6"><span class='ocrx_word' id='word_1_148' title='bbox 103 980 271 1009; x_wconf 89' lang='lat' dir='ltr'>conveniunt</span> <span class='ocrx_word' id='word_1_149' title='bbox 292 984 453 1015; x_wconf 87' lang='lat' dir='ltr'>creaturae;</span> <span class='ocrx_word' id='word_1_150' title='bbox 475 981 549 1010; x_wconf 90' lang='lat' dir='ltr'>unde</span> <span class='ocrx_word' id='word_1_151' title='bbox 571 989 685 1010; x_wconf 87' lang='lat' dir='ltr'>versus:</span> 
     </span>
    </p>
   </div>
   <div class='ocr_carea' id='block_1_7' title="bbox 245 1059 849 1127">
    <p class='ocr_par' dir='ltr' id='par_1_8' title="bbox 245 1059 849 1127">
     <span class='ocr_line' id='line_1_30' title="bbox 253 1059 849 1088; baseline 0 -6"><span class='ocrx_word' id='word_1_152' title='bbox 253 1059 382 1087; x_wconf 85' lang='lat' dir='ltr'>Judicium,</span> <span class='ocrx_word' id='word_1_153' title='bbox 400 1060 499 1088; x_wconf 82' lang='lat' dir='ltr'>paritas,</span> <span class='ocrx_word' id='word_1_154' title='bbox 517 1060 635 1088; x_wconf 79' lang='lat' dir='ltr'>praelatio,</span> <span class='ocrx_word' id='word_1_155' title='bbox 652 1060 724 1082; x_wconf 78' lang='lat' dir='ltr'>sessio</span> <span class='ocrx_word' id='word_1_156' title='bbox 741 1060 849 1082; x_wconf 79' lang='lat' dir='ltr'>dexterae</span> 
     </span>
     <span class='ocr_line' id='line_1_31' title="bbox 245 1099 748 1127; baseline 0 -6"><span class='ocrx_word' id='word_1_157' title='bbox 245 1100 302 1122; x_wconf 85' lang='lat' dir='ltr'>Sunt</span> <span class='ocrx_word' id='word_1_158' title='bbox 318 1099 434 1127; x_wconf 80' lang='lat' dir='ltr'>Unigeniti</span> <span class='ocrx_word' id='word_1_159' title='bbox 452 1100 592 1127; x_wconf 80' lang='lat' dir='ltr'>praecellens</span> <span class='ocrx_word' id='word_1_160' title='bbox 608 1099 682 1127; x_wconf 80' lang='lat' dir='ltr'>gloria</span> <span class='ocrx_word' id='word_1_161' title='bbox 694 1100 748 1122; x_wconf 82' lang='lat' dir='ltr'>nati.</span> 
     </span>
    </p>
   </div>
   <div class='ocr_carea' id='block_1_8' title="bbox 98 1169 952 2575">
    <p class='ocr_par' dir='ltr' id='par_1_9' title="bbox 101 1169 952 2188">
     <span class='ocr_line' id='line_1_32' title="bbox 183 1169 952 1208; baseline 0.001 -10"><span class='ocrx_word' id='word_1_162' title='bbox 183 1170 208 1198; x_wconf 86' lang='lat'>6.</span> <span class='ocrx_word' id='word_1_163' title='bbox 227 1170 265 1198; x_wconf 88' lang='lat' dir='ltr'>De</span> <span class='ocrx_word' id='word_1_164' title='bbox 273 1169 453 1207; x_wconf 80' lang='lat' dir='ltr'>plenitudine</span> <span class='ocrx_word' id='word_1_165' title='bbox 464 1170 527 1198; x_wconf 85' lang='lat' dir='ltr'>eius</span> <span class='ocrx_word' id='word_1_166' title='bbox 542 1178 595 1198; x_wconf 87' lang='lat' dir='ltr'>nos</span> <span class='ocrx_word' id='word_1_167' title='bbox 610 1178 708 1199; x_wconf 82' lang='lat' dir='ltr'>omnes</span> <span class='ocrx_word' id='word_1_168' title='bbox 722 1170 897 1208; x_wconf 61' lang='lat' dir='ltr'>accepimus</span> <span class='ocrx_word' id='word_1_169' title='bbox 913 1188 952 1192; x_wconf 92' lang='lat'><em>-</em></span> 
     </span>
     <span class='ocr_line' id='line_1_33' title="bbox 102 1217 952 1254; baseline 0.002 -9"><span class='ocrx_word' id='word_1_170' title='bbox 102 1217 141 1246; x_wconf 93' lang='lat' dir='ltr'>De</span> <span class='ocrx_word' id='word_1_171' title='bbox 163 1217 333 1254; x_wconf 83' lang='lat' dir='ltr'>plenitudine</span> <span class='ocrx_word' id='word_1_172' title='bbox 353 1217 516 1254; x_wconf 73' lang='lat' dir='ltr'>sapientiae</span> <span class='ocrx_word' id='word_1_173' title='bbox 536 1217 693 1254; x_wconf 87' lang='lat' dir='ltr'>accepimus</span> <span class='ocrx_word' id='word_1_174' title='bbox 714 1218 879 1246; x_wconf 74' lang='lat' dir='ltr'>doctrinam</span> <span class='ocrx_word' id='word_1_175' title='bbox 907 1219 952 1247; x_wconf 88' lang='lat' dir='ltr'>in-</span> 
     </span>
     <span class='ocr_line' id='line_1_34' title="bbox 101 1264 952 1303; baseline 0.002 -10"><span class='ocrx_word' id='word_1_176' title='bbox 101 1264 273 1293; x_wconf 79' lang='lat' dir='ltr'>structionis</span> <span class='ocrx_word' id='word_1_177' title='bbox 280 1274 290 1297; x_wconf 91' lang='lat'>,·</span> <span class='ocrx_word' id='word_1_178' title='bbox 300 1264 475 1301; x_wconf 80' lang='lat' dir='ltr'>Apocalypsis</span> <span class='ocrx_word' id='word_1_179' title='bbox 486 1264 568 1293; x_wconf 87' lang='lat' dir='ltr'>tertio</span> <span class='ocrx_word' id='word_1_180' title='bbox 579 1265 605 1293; x_wconf 82' lang='lat'>2:</span> <span class='ocrx_word' id='word_1_181' title='bbox 622 1276 635 1290; x_wconf 90' lang='lat'>«</span> <span class='ocrx_word' id='word_1_182' title='bbox 649 1265 675 1293; x_wconf 92' lang='lat' dir='ltr'>ln</span> <span class='ocrx_word' id='word_1_183' title='bbox 689 1268 780 1294; x_wconf 90' lang='lat' dir='ltr'>mente</span> <span class='ocrx_word' id='word_1_184' title='bbox 792 1265 872 1300; x_wconf 83' lang='lat' dir='ltr'>habe,</span> <span class='ocrx_word' id='word_1_185' title='bbox 884 1274 952 1303; x_wconf 89' lang='lat' dir='ltr'>qua-</span> 
     </span>
     <span class='ocr_line' id='line_1_35' title="bbox 103 1311 951 1349; baseline 0.001 -9"><span class='ocrx_word' id='word_1_186' title='bbox 103 1311 165 1340; x_wconf 91' lang='lat' dir='ltr'>liter</span> <span class='ocrx_word' id='word_1_187' title='bbox 185 1311 326 1348; x_wconf 87' lang='lat' dir='ltr'>acceperis</span> <span class='ocrx_word' id='word_1_188' title='bbox 345 1314 373 1340; x_wconf 91' lang='lat' dir='ltr'>et</span> <span class='ocrx_word' id='word_1_189' title='bbox 397 1311 531 1345; x_wconf 84' lang='lat' dir='ltr'>audieris,</span> <span class='ocrx_word' id='word_1_190' title='bbox 553 1315 580 1340; x_wconf 90' lang='lat' dir='ltr'>et</span> <span class='ocrx_word' id='word_1_191' title='bbox 604 1320 685 1340; x_wconf 86' lang='lat' dir='ltr'>serva</span> <span class='ocrx_word' id='word_1_192' title='bbox 706 1315 733 1340; x_wconf 88' lang='lat' dir='ltr'>et</span> <span class='ocrx_word' id='word_1_193' title='bbox 754 1313 951 1349; x_wconf 87' lang='lat' dir='ltr'>poenitentiam</span> 
     </span>
     <span class='ocr_line' id='line_1_36' title="bbox 103 1357 952 1397; baseline 0.004 -11"><span class='ocrx_word' id='word_1_194' title='bbox 103 1366 153 1396; x_wconf 86' lang='lat' dir='ltr'>age</span> <span class='ocrx_word' id='word_1_195' title='bbox 161 1369 188 1393; x_wconf 79' lang='grc'>»;</span> <span class='ocrx_word' id='word_1_196' title='bbox 198 1358 305 1387; x_wconf 88' lang='lat' dir='ltr'>loannis</span> <span class='ocrx_word' id='word_1_197' title='bbox 315 1357 422 1387; x_wconf 89' lang='lat' dir='ltr'>decimo</span> <span class='ocrx_word' id='word_1_198' title='bbox 434 1359 550 1395; x_wconf 86' lang='lat' dir='ltr'>septimo</span> <span class='ocrx_word' id='word_1_199' title='bbox 562 1359 669 1388; x_wconf 85' lang='lat' dir='ltr'>Veritas</span> <span class='ocrx_word' id='word_1_200' title='bbox 680 1359 730 1387; x_wconf 90' lang='lat' dir='ltr'>ait:</span> <span class='ocrx_word' id='word_1_201' title='bbox 744 1371 757 1384; x_wconf 89' lang='lat'>«</span> <span class='ocrx_word' id='word_1_202' title='bbox 770 1360 869 1395; x_wconf 88' lang='lat' dir='ltr'>Verba,</span> <span class='ocrx_word' id='word_1_203' title='bbox 881 1368 952 1397; x_wconf 89' lang='lat' dir='ltr'>quae</span> 
     </span>
     <span class='ocr_line' id='line_1_37' title="bbox 101 1405 951 1444; baseline 0.002 -10"><span class='ocrx_word' id='word_1_204' title='bbox 101 1405 198 1435; x_wconf 90' lang='lat' dir='ltr'>dedisti</span> <span class='ocrx_word' id='word_1_205' title='bbox 215 1405 292 1440; x_wconf 90' lang='lat' dir='ltr'>mibi,</span> <span class='ocrx_word' id='word_1_206' title='bbox 307 1405 369 1434; x_wconf 83' lang='lat' dir='ltr'>dedi</span> <span class='ocrx_word' id='word_1_207' title='bbox 383 1405 462 1440; x_wconf 87' lang='lat' dir='ltr'>eis»,</span> <span class='ocrx_word' id='word_1_208' title='bbox 477 1406 581 1435; x_wconf 86' lang='lat' dir='ltr'>scilicet</span> <span class='ocrx_word' id='word_1_209' title='bbox 595 1406 753 1443; x_wconf 88' lang='lat' dir='ltr'>discipulis;</span> <span class='ocrx_word' id='word_1_210' title='bbox 774 1418 788 1432; x_wconf 69' lang='lat' dir='ltr'>a</span> <span class='ocrx_word' id='word_1_211' title='bbox 799 1410 825 1436; x_wconf 89' lang='lat' dir='ltr'>et</span> <span class='ocrx_word' id='word_1_212' title='bbox 840 1407 891 1444; x_wconf 89' lang='lat' dir='ltr'>ipsi</span> <span class='ocrx_word' id='word_1_213' title='bbox 906 1416 951 1437; x_wconf 87' lang='lat' dir='ltr'>ac-</span> 
     </span>
     <span class='ocr_line' id='line_1_38' title="bbox 103 1453 950 1491; baseline 0.004 -10"><span class='ocrx_word' id='word_1_214' title='bbox 103 1455 237 1490; x_wconf 92' lang='lat' dir='ltr'>ceperunt</span> <span class='ocrx_word' id='word_1_215' title='bbox 251 1456 279 1482; x_wconf 89' lang='lat' dir='ltr'>et</span> <span class='ocrx_word' id='word_1_216' title='bbox 293 1456 483 1490; x_wconf 89' lang='lat' dir='ltr'>cognoverunt</span> <span class='ocrx_word' id='word_1_217' title='bbox 498 1461 575 1487; x_wconf 91' lang='lat' dir='ltr'>vere,</span> <span class='ocrx_word' id='word_1_218' title='bbox 591 1453 657 1491; x_wconf 90' lang='lat' dir='ltr'>quia</span> <span class='ocrx_word' id='word_1_219' title='bbox 671 1462 687 1482; x_wconf 90' lang='lat' dir='ltr'>a</span> <span class='ocrx_word' id='word_1_220' title='bbox 703 1457 728 1483; x_wconf 91' lang='lat' dir='ltr'>te</span> <span class='ocrx_word' id='word_1_221' title='bbox 742 1454 816 1483; x_wconf 91' lang='lat' dir='ltr'>exivi</span> <span class='ocrx_word' id='word_1_222' title='bbox 830 1465 856 1489; x_wconf 76' lang='lat'>»3</span> <span class='ocrx_word' id='word_1_223' title='bbox 868 1455 950 1490; x_wconf 85' lang='lat' dir='ltr'>dedi,</span> 
     </span>
     <span class='ocr_line' id='line_1_39' title="bbox 101 1499 951 1539; baseline 0.004 -11"><span class='ocrx_word' id='word_1_224' title='bbox 101 1499 239 1534; x_wconf 88' lang='lat' dir='ltr'>docendo,</span> <span class='ocrx_word' id='word_1_225' title='bbox 261 1502 288 1529; x_wconf 88' lang='lat' dir='ltr'>et</span> <span class='ocrx_word' id='word_1_226' title='bbox 309 1500 368 1537; x_wconf 84' lang='lat' dir='ltr'>ipsi</span> <span class='ocrx_word' id='word_1_227' title='bbox 381 1504 572 1537; x_wconf 81' lang='lat' dir='ltr'>acceperunt,</span> <span class='ocrx_word' id='word_1_228' title='bbox 589 1501 735 1534; x_wconf 85' lang='lat' dir='ltr'>credendo.</span> <span class='ocrx_word' id='word_1_229' title='bbox 752 1517 789 1522; x_wconf 89' lang='lat'>-—</span> <span class='ocrx_word' id='word_1_230' title='bbox 804 1501 843 1530; x_wconf 89' lang='lat' dir='ltr'>De</span> <span class='ocrx_word' id='word_1_231' title='bbox 865 1502 951 1539; x_wconf 89' lang='lat' dir='ltr'>pleni-</span> 
     </span>
     <span class='ocr_line' id='line_1_40' title="bbox 103 1547 951 1586; baseline 0.004 -11"><span class='ocrx_word' id='word_1_232' title='bbox 103 1547 198 1576; x_wconf 86' lang='lat' dir='ltr'>tudine</span> <span class='ocrx_word' id='word_1_233' title='bbox 218 1547 383 1576; x_wconf 87' lang='lat' dir='ltr'>clementiae</span> <span class='ocrx_word' id='word_1_234' title='bbox 397 1547 554 1584; x_wconf 78' lang='lat' dir='ltr'>accepimus</span> <span class='ocrx_word' id='word_1_235' title='bbox 567 1548 700 1585; x_wconf 69' lang='lat' dir='ltr'>qratiam</span> <span class='ocrx_word' id='word_1_236' title='bbox 715 1548 883 1586; x_wconf 82' lang='lat' dir='ltr'>adoptionis</span> <span class='ocrx_word' id='word_1_237' title='bbox 892 1560 902 1583; x_wconf 90' lang='lat'><em>;</em></span> <span class='ocrx_word' id='word_1_238' title='bbox 917 1550 951 1578; x_wconf 90' lang='lat' dir='ltr'>ad</span> 
     </span>
     <span class='ocr_line' id='line_1_41' title="bbox 103 1594 950 1632; baseline 0.004 -10"><span class='ocrx_word' id='word_1_239' title='bbox 103 1594 238 1623; x_wconf 84' lang='lat' dir='ltr'>Romanos</span> <span class='ocrx_word' id='word_1_240' title='bbox 259 1594 393 1623; x_wconf 57' lang='lat' dir='ltr'>octavoss:</span> <span class='ocrx_word' id='word_1_241' title='bbox 421 1594 505 1623; x_wconf 81' lang='lat' dir='ltr'>«Non</span> <span class='ocrx_word' id='word_1_242' title='bbox 537 1595 680 1632; x_wconf 81' lang='lat' dir='ltr'>accepistis</span> <span class='ocrx_word' id='word_1_243' title='bbox 709 1596 837 1632; x_wconf 89' lang='lat' dir='ltr'>spiritum</span> <span class='ocrx_word' id='word_1_244' title='bbox 864 1597 950 1625; x_wconf 89' lang='lat' dir='ltr'>servi-</span> 
     </span>
     <span class='ocr_line' id='line_1_42' title="bbox 103 1641 951 1680; baseline 0.002 -10"><span class='ocrx_word' id='word_1_245' title='bbox 103 1642 171 1671; x_wconf 86' lang='lat' dir='ltr'>tutis</span> <span class='ocrx_word' id='word_1_246' title='bbox 191 1642 294 1670; x_wconf 88' lang='lat' dir='ltr'>iterum</span> <span class='ocrx_word' id='word_1_247' title='bbox 316 1642 343 1670; x_wconf 93' lang='lat' dir='ltr'>in</span> <span class='ocrx_word' id='word_1_248' title='bbox 365 1641 480 1676; x_wconf 88' lang='lat' dir='ltr'>timore,</span> <span class='ocrx_word' id='word_1_249' title='bbox 506 1642 553 1671; x_wconf 92' lang='lat' dir='ltr'>sed</span> <span class='ocrx_word' id='word_1_250' title='bbox 581 1643 725 1679; x_wconf 79' lang='lat' dir='ltr'>accepistis</span> <span class='ocrx_word' id='word_1_251' title='bbox 753 1643 882 1680; x_wconf 87' lang='lat' dir='ltr'>spiritum</span> <span class='ocrx_word' id='word_1_252' title='bbox 904 1644 951 1672; x_wconf 80' lang='lat' dir='ltr'>ad-</span> 
     </span>
     <span class='ocr_line' id='line_1_43' title="bbox 102 1689 952 1728; baseline 0.005 -11"><span class='ocrx_word' id='word_1_253' title='bbox 102 1689 221 1726; x_wconf 90' lang='lat' dir='ltr'>optionis</span> <span class='ocrx_word' id='word_1_254' title='bbox 242 1689 390 1717; x_wconf 84' lang='lat' dir='ltr'>filiorum»</span> <span class='ocrx_word' id='word_1_255' title='bbox 423 1692 474 1718; x_wconf 90' lang='lat' dir='ltr'>etc.</span> <span class='ocrx_word' id='word_1_256' title='bbox 498 1706 536 1710; x_wconf 74' lang='lat'>—</span> <span class='ocrx_word' id='word_1_257' title='bbox 556 1690 595 1718; x_wconf 89' lang='lat' dir='ltr'>De</span> <span class='ocrx_word' id='word_1_258' title='bbox 617 1690 787 1727; x_wconf 86' lang='lat' dir='ltr'>plenitudine</span> <span class='ocrx_word' id='word_1_259' title='bbox 806 1692 952 1728; x_wconf 85' lang='lat' dir='ltr'>potentiae</span> 
     </span>
     <span class='ocr_line' id='line_1_44' title="bbox 102 1735 951 1775; baseline 0.002 -11"><span class='ocrx_word' id='word_1_260' title='bbox 102 1735 260 1772; x_wconf 88' lang='lat' dir='ltr'>accepimus</span> <span class='ocrx_word' id='word_1_261' title='bbox 286 1735 425 1764; x_wconf 84' lang='lat' dir='ltr'>virtutem</span> <span class='ocrx_word' id='word_1_262' title='bbox 454 1736 655 1773; x_wconf 78' lang='lat' dir='ltr'>protectioniS‚</span> <span class='ocrx_word' id='word_1_263' title='bbox 685 1745 768 1774; x_wconf 91' lang='lat' dir='ltr'>quam</span> <span class='ocrx_word' id='word_1_264' title='bbox 797 1738 855 1774; x_wconf 88' lang='lat' dir='ltr'>ipse</span> <span class='ocrx_word' id='word_1_265' title='bbox 887 1746 951 1775; x_wconf 90' lang='lat' dir='ltr'>pro-</span> 
     </span>
     <span class='ocr_line' id='line_1_45' title="bbox 103 1783 951 1821; baseline 0.004 -10"><span class='ocrx_word' id='word_1_266' title='bbox 103 1783 228 1812; x_wconf 81' lang='lat' dir='ltr'>mittebat</span> <span class='ocrx_word' id='word_1_267' title='bbox 249 1783 397 1820; x_wconf 81' lang='lat' dir='ltr'>Apostolis,</span> <span class='ocrx_word' id='word_1_268' title='bbox 413 1784 530 1812; x_wconf 83' lang='lat' dir='ltr'>Actuum</span> <span class='ocrx_word' id='word_1_269' title='bbox 546 1783 651 1820; x_wconf 84' lang='lat' dir='ltr'>primo:</span> <span class='ocrx_word' id='word_1_270' title='bbox 678 1795 691 1809; x_wconf 90' lang='lat'>«</span> <span class='ocrx_word' id='word_1_271' title='bbox 703 1785 847 1821; x_wconf 90' lang='lat' dir='ltr'>Accipietis</span> <span class='ocrx_word' id='word_1_272' title='bbox 862 1786 951 1814; x_wconf 89' lang='lat' dir='ltr'>virtu-</span> 
     </span>
     <span class='ocr_line' id='line_1_46' title="bbox 103 1829 950 1866; baseline 0.005 -9"><span class='ocrx_word' id='word_1_273' title='bbox 103 1831 158 1857; x_wconf 88' lang='lat' dir='ltr'>tem</span> <span class='ocrx_word' id='word_1_274' title='bbox 179 1829 402 1866; x_wconf 88' lang='lat' dir='ltr'>supervenientis</span> <span class='ocrx_word' id='word_1_275' title='bbox 433 1830 553 1866; x_wconf 86' lang='lat' dir='ltr'>Spiritus</span> <span class='ocrx_word' id='word_1_276' title='bbox 581 1830 608 1858; x_wconf 94' lang='lat' dir='ltr'>in</span> <span class='ocrx_word' id='word_1_277' title='bbox 631 1839 695 1865; x_wconf 91' lang='lat' dir='ltr'>vos,</span> <span class='ocrx_word' id='word_1_278' title='bbox 723 1834 750 1860; x_wconf 91' lang='lat' dir='ltr'>et</span> <span class='ocrx_word' id='word_1_279' title='bbox 775 1832 853 1861; x_wconf 86' lang='lat' dir='ltr'>eritis</span> <span class='ocrx_word' id='word_1_280' title='bbox 882 1833 950 1861; x_wconf 88' lang='lat' dir='ltr'>mihi</span> 
     </span>
     <span class='ocr_line' id='line_1_47' title="bbox 102 1876 951 1916; baseline 0.005 -12"><span class='ocrx_word' id='word_1_281' title='bbox 102 1878 207 1905; x_wconf 74' lang='lat' dir='ltr'>testes»</span> <span class='ocrx_word' id='word_1_282' title='bbox 220 1878 271 1905; x_wconf 89' lang='lat' dir='ltr'>etc.</span> <span class='ocrx_word' id='word_1_283' title='bbox 283 1892 322 1896; x_wconf 96' lang='lat'>—</span> <span class='ocrx_word' id='word_1_284' title='bbox 333 1876 372 1905; x_wconf 91' lang='lat' dir='ltr'>De</span> <span class='ocrx_word' id='word_1_285' title='bbox 383 1876 554 1913; x_wconf 89' lang='lat' dir='ltr'>plenitudine</span> <span class='ocrx_word' id='word_1_286' title='bbox 567 1877 681 1915; x_wconf 67' lang='lat' dir='ltr'>gloriae</span> <span class='ocrx_word' id='word_1_287' title='bbox 694 1879 852 1916; x_wconf 90' lang='lat' dir='ltr'>accepimus</span> <span class='ocrx_word' id='word_1_288' title='bbox 864 1888 951 1916; x_wconf 85' lang='lat' dir='ltr'>prae-</span> 
     </span>
     <span class='ocr_line' id='line_1_48' title="bbox 102 1923 949 1964; baseline 0.005 -13"><span class='ocrx_word' id='word_1_289' title='bbox 102 1923 196 1951; x_wconf 87' lang='lat' dir='ltr'>mium</span> <span class='ocrx_word' id='word_1_290' title='bbox 227 1926 361 1951; x_wconf 81' lang='lat' dir='ltr'>aeternae</span> <span class='ocrx_word' id='word_1_291' title='bbox 391 1923 616 1958; x_wconf 82' lang='lat' dir='ltr'>retributionis;</span> <span class='ocrx_word' id='word_1_292' title='bbox 647 1925 801 1962; x_wconf 81' lang='lat' dir='ltr'>Sapientiae</span> <span class='ocrx_word' id='word_1_293' title='bbox 832 1927 949 1964; x_wconf 88' lang='lat' dir='ltr'>quinto:</span> 
     </span>
     <span class='ocr_line' id='line_1_49' title="bbox 107 1970 950 2011; baseline 0.006 -13"><span class='ocrx_word' id='word_1_294' title='bbox 107 1970 274 2008; x_wconf 77' lang='lat' dir='ltr'>«Accipient</span> <span class='ocrx_word' id='word_1_295' title='bbox 301 1978 419 2008; x_wconf 88' lang='lat' dir='ltr'>regnum</span> <span class='ocrx_word' id='word_1_296' title='bbox 449 1970 558 2000; x_wconf 85' lang='lat' dir='ltr'>decoris</span> <span class='ocrx_word' id='word_1_297' title='bbox 579 1975 606 2000; x_wconf 91' lang='lat' dir='ltr'>et</span> <span class='ocrx_word' id='word_1_298' title='bbox 633 1972 760 2002; x_wconf 87' lang='lat' dir='ltr'>diadema</span> <span class='ocrx_word' id='word_1_299' title='bbox 788 1974 888 2011; x_wconf 89' lang='lat' dir='ltr'>speciei</span> <span class='ocrx_word' id='word_1_300' title='bbox 917 1975 950 2003; x_wconf 91' lang='lat' dir='ltr'>de</span> 
     </span>
     <span class='ocr_line' id='line_1_50' title="bbox 102 2017 950 2059; baseline 0.006 -13"><span class='ocrx_word' id='word_1_301' title='bbox 102 2025 187 2046; x_wconf 89' lang='lat' dir='ltr'>manu</span> <span class='ocrx_word' id='word_1_302' title='bbox 202 2017 310 2046; x_wconf 88' lang='lat' dir='ltr'>Domini</span> <span class='ocrx_word' id='word_1_303' title='bbox 322 2028 349 2053; x_wconf 78' lang='grc'>»;</span> <span class='ocrx_word' id='word_1_304' title='bbox 365 2021 392 2047; x_wconf 86' lang='lat' dir='ltr'>et</span> <span class='ocrx_word' id='word_1_305' title='bbox 406 2018 489 2047; x_wconf 86' lang='lat' dir='ltr'>Marci</span> <span class='ocrx_word' id='word_1_306' title='bbox 504 2018 623 2047; x_wconf 89' lang='lat' dir='ltr'>decimo:</span> <span class='ocrx_word' id='word_1_307' title='bbox 644 2031 658 2045; x_wconf 89' lang='lat'>«</span> <span class='ocrx_word' id='word_1_308' title='bbox 669 2020 754 2049; x_wconf 90' lang='lat' dir='ltr'>Nemo</span> <span class='ocrx_word' id='word_1_309' title='bbox 769 2024 819 2055; x_wconf 87' lang='lat' dir='ltr'>est,</span> <span class='ocrx_word' id='word_1_310' title='bbox 835 2022 884 2059; x_wconf 92' lang='lat' dir='ltr'>qui</span> <span class='ocrx_word' id='word_1_311' title='bbox 906 2030 950 2051; x_wconf 91' lang='lat' dir='ltr'>re-</span> 
     </span>
     <span class='ocr_line' id='line_1_51' title="bbox 103 2064 951 2107; baseline 0.006 -14"><span class='ocrx_word' id='word_1_312' title='bbox 103 2064 216 2102; x_wconf 89' lang='lat' dir='ltr'>liquerit</span> <span class='ocrx_word' id='word_1_313' title='bbox 236 2064 365 2100; x_wconf 86' lang='lat' dir='ltr'>domum,</span> <span class='ocrx_word' id='word_1_314' title='bbox 387 2068 435 2094; x_wconf 86' lang='lat' dir='ltr'>aut</span> <span class='ocrx_word' id='word_1_315' title='bbox 462 2065 563 2107; x_wconf 80' lang='lat' dir='ltr'>fratres</span> <span class='ocrx_word' id='word_1_316' title='bbox 584 2069 653 2101; x_wconf 90' lang='lat' dir='ltr'>etc.‚</span> <span class='ocrx_word' id='word_1_317' title='bbox 675 2068 722 2104; x_wconf 93' lang='lat' dir='ltr'>qui</span> <span class='ocrx_word' id='word_1_318' title='bbox 752 2076 806 2097; x_wconf 91' lang='lat' dir='ltr'>non</span> <span class='ocrx_word' id='word_1_319' title='bbox 835 2069 951 2106; x_wconf 87' lang='lat' dir='ltr'>accipiat</span> 
     </span>
     <span class='ocr_line' id='line_1_52' title="bbox 103 2112 950 2145; baseline 0.005 -4"><span class='ocrx_word' id='word_1_320' title='bbox 103 2112 207 2141; x_wconf 85' lang='lat' dir='ltr'>centies</span> <span class='ocrx_word' id='word_1_321' title='bbox 227 2114 334 2141; x_wconf 84' lang='lat' dir='ltr'>tantum</span> <span class='ocrx_word' id='word_1_322' title='bbox 356 2112 383 2141; x_wconf 92' lang='lat' dir='ltr'>in</span> <span class='ocrx_word' id='word_1_323' title='bbox 406 2113 459 2142; x_wconf 90' lang='lat' dir='ltr'>hoc</span> <span class='ocrx_word' id='word_1_324' title='bbox 480 2114 590 2142; x_wconf 76' lang='lat' dir='ltr'>saeculo</span> <span class='ocrx_word' id='word_1_325' title='bbox 611 2117 638 2143; x_wconf 92' lang='lat' dir='ltr'>et</span> <span class='ocrx_word' id='word_1_326' title='bbox 660 2115 744 2144; x_wconf 86' lang='lat' dir='ltr'>vitam</span> <span class='ocrx_word' id='word_1_327' title='bbox 766 2119 906 2145; x_wconf 83' lang='lat' dir='ltr'>aeternam</span> <span class='ocrx_word' id='word_1_328' title='bbox 922 2117 950 2145; x_wconf 93' lang='lat' dir='ltr'>in</span> 
     </span>
     <span class='ocr_line' id='line_1_53' title="bbox 102 2159 239 2188; baseline -0.007 0"><span class='ocrx_word' id='word_1_329' title='bbox 102 2159 199 2188; x_wconf 86' lang='lat' dir='ltr'>futuro</span> <span class='ocrx_word' id='word_1_330' title='bbox 212 2171 239 2187; x_wconf 82' lang='lat'>».</span> 
     </span>
    </p>

    <p class='ocr_par' dir='ltr' id='par_1_10' title="bbox 98 2206 951 2479">
     <span class='ocr_line' id='line_1_54' title="bbox 181 2206 951 2244; baseline 0.006 -9"><span class='ocrx_word' id='word_1_331' title='bbox 181 2206 225 2235; x_wconf 92' lang='lat' dir='ltr'>Sic</span> <span class='ocrx_word' id='word_1_332' title='bbox 245 2214 311 2244; x_wconf 86' lang='lat' dir='ltr'>ergo</span> <span class='ocrx_word' id='word_1_333' title='bbox 338 2208 496 2244; x_wconf 86' lang='lat' dir='ltr'>accepimus</span> <span class='ocrx_word' id='word_1_334' title='bbox 527 2216 543 2237; x_wconf 89' lang='lat' dir='ltr'>a</span> <span class='ocrx_word' id='word_1_335' title='bbox 573 2208 684 2238; x_wconf 87' lang='lat' dir='ltr'>Christo</span> <span class='ocrx_word' id='word_1_336' title='bbox 711 2210 878 2240; x_wconf 82' lang='lat' dir='ltr'>doctrinam</span> <span class='ocrx_word' id='word_1_337' title='bbox 906 2211 951 2240; x_wconf 86' lang='lat' dir='ltr'>in-</span> 
     </span>
     <span class='ocr_line' id='line_1_55' title="bbox 101 2254 950 2296; baseline 0.007 -14"><span class='ocrx_word' id='word_1_338' title='bbox 101 2254 289 2288; x_wconf 74' lang='lat' dir='ltr'>structionis,</span> <span class='ocrx_word' id='word_1_339' title='bbox 320 2255 453 2292; x_wconf 70' lang='lat' dir='ltr'>qratiam</span> <span class='ocrx_word' id='word_1_340' title='bbox 482 2255 666 2293; x_wconf 78' lang='lat' dir='ltr'>adoptionis,</span> <span class='ocrx_word' id='word_1_341' title='bbox 689 2257 827 2286; x_wconf 79' lang='lat' dir='ltr'>virtutem</span> <span class='ocrx_word' id='word_1_342' title='bbox 856 2263 950 2296; x_wconf 84' lang='lat' dir='ltr'>prote-</span> 
     </span>
     <span class='ocr_line' id='line_1_56' title="bbox 101 2301 951 2340; baseline 0.007 -11"><span class='ocrx_word' id='word_1_343' title='bbox 101 2301 218 2335; x_wconf 83' lang='lat' dir='ltr'>ctionis,</span> <span class='ocrx_word' id='word_1_344' title='bbox 248 2301 378 2339; x_wconf 63' lang='lat' dir='ltr'>gloriam</span> <span class='ocrx_word' id='word_1_345' title='bbox 405 2303 453 2331; x_wconf 87' lang='lat' dir='ltr'>vel·</span> <span class='ocrx_word' id='word_1_346' title='bbox 477 2303 632 2340; x_wconf 91' lang='lat' dir='ltr'>praemiuin</span> <span class='ocrx_word' id='word_1_347' title='bbox 654 2304 865 2334; x_wconf 78' lang='lat' dir='ltr'>retributionis.</span> <span class='ocrx_word' id='word_1_348' title='bbox 893 2307 951 2335; x_wconf 89' lang='lat' dir='ltr'>Pri-</span> 
     </span>
     <span class='ocr_line' id='line_1_57' title="bbox 100 2348 951 2390; baseline 0.008 -14"><span class='ocrx_word' id='word_1_349' title='bbox 100 2356 178 2377; x_wconf 90' lang='lat' dir='ltr'>mum</span> <span class='ocrx_word' id='word_1_350' title='bbox 212 2348 362 2378; x_wconf 84' lang='lat' dir='ltr'>illuminat</span> <span class='ocrx_word' id='word_1_351' title='bbox 395 2350 585 2385; x_wconf 86' lang='lat' dir='ltr'>intellectum;</span> <span class='ocrx_word' id='word_1_352' title='bbox 616 2352 770 2381; x_wconf 89' lang='lat' dir='ltr'>secundum</span> <span class='ocrx_word' id='word_1_353' title='bbox 804 2352 951 2390; x_wconf 84' lang='lat' dir='ltr'>informat</span> 
     </span>
     <span class='ocr_line' id='line_1_58' title="bbox 101 2394 951 2437; baseline 0.008 -14"><span class='ocrx_word' id='word_1_354' title='bbox 101 2394 254 2434; x_wconf 81' lang='lat' dir='ltr'>affectum;</span> <span class='ocrx_word' id='word_1_355' title='bbox 276 2397 390 2425; x_wconf 84' lang='lat' dir='ltr'>tertium</span> <span class='ocrx_word' id='word_1_356' title='bbox 405 2397 524 2427; x_wconf 82' lang='lat' dir='ltr'>roborat</span> <span class='ocrx_word' id='word_1_357' title='bbox 538 2397 685 2436; x_wconf 79' lang='lat' dir='ltr'>effectum,-</span> <span class='ocrx_word' id='word_1_358' title='bbox 707 2404 839 2437; x_wconf 90' lang='lat' dir='ltr'>quartum</span> <span class='ocrx_word' id='word_1_359' title='bbox 855 2401 951 2430; x_wconf 81' lang='lat' dir='ltr'>adim-</span> 
     </span>
     <span class='ocr_line' id='line_1_59' title="bbox 98 2441 357 2479; baseline 0.004 -9"><span class='ocrx_word' id='word_1_360' title='bbox 98 2441 157 2479; x_wconf 81' lang='lat' dir='ltr'>plet</span> <span class='ocrx_word' id='word_1_361' title='bbox 171 2442 357 2471; x_wconf 82' lang='lat' dir='ltr'>desiderium.</span> 
     </span>
    </p>

    <p class='ocr_par' dir='ltr' id='par_1_11' title="bbox 103 2490 950 2575">
     <span class='ocr_line' id='line_1_60' title="bbox 182 2490 950 2532; baseline 0.009 -15"><span class='ocrx_word' id='word_1_362' title='bbox 182 2490 208 2517; x_wconf 92' lang='lat'>7.</span> <span class='ocrx_word' id='word_1_363' title='bbox 230 2490 385 2519; x_wconf 89' lang='lat' dir='ltr'>Notandum</span> <span class='ocrx_word' id='word_1_364' title='bbox 406 2494 513 2526; x_wconf 86' lang='lat' dir='ltr'>autem,</span> <span class='ocrx_word' id='word_1_365' title='bbox 535 2492 609 2529; x_wconf 84' lang='lat' dir='ltr'>quod</span> <span class='ocrx_word' id='word_1_366' title='bbox 628 2493 707 2522; x_wconf 79' lang='lat' dir='ltr'>ratio</span> <span class='ocrx_word' id='word_1_367' title='bbox 722 2494 834 2531; x_wconf 85' lang='lat' dir='ltr'>accepti</span> <span class='ocrx_word' id='word_1_368' title='bbox 847 2495 950 2532; x_wconf 84' lang='lat' dir='ltr'>obligat</span> 
     </span>
     <span class='ocr_line' id='line_1_61' title="bbox 103 2535 948 2575; baseline 0.008 -11"><span class='ocrx_word' id='word_1_369' title='bbox 103 2543 153 2564; x_wconf 90' lang='lat' dir='ltr'>nos</span> <span class='ocrx_word' id='word_1_370' title='bbox 167 2535 201 2564; x_wconf 87' lang='lat' dir='ltr'>ad</span> <span class='ocrx_word' id='word_1_371' title='bbox 222 2539 360 2574; x_wconf 90' lang='lat' dir='ltr'>quatuor:</span> <span class='ocrx_word' id='word_1_372' title='bbox 376 2537 410 2566; x_wconf 87' lang='lat' dir='ltr'>ad</span> <span class='ocrx_word' id='word_1_373' title='bbox 423 2538 597 2575; x_wconf 62' lang='lat' dir='ltr'>gratiarum</span> <span class='ocrx_word' id='word_1_374' title='bbox 612 2540 755 2569; x_wconf 82' lang='lat' dir='ltr'>actionem</span> <span class='ocrx_word' id='word_1_375' title='bbox 771 2557 808 2562; x_wconf 86' lang='lat'>——-</span> <span class='ocrx_word' id='word_1_376' title='bbox 822 2541 857 2570; x_wconf 85' lang='lat' dir='ltr'>ad</span> <span class='ocrx_word' id='word_1_377' title='bbox 871 2551 948 2570; x_wconf 87' lang='lat' dir='ltr'>men-</span> 
     </span>
    </p>
   </div>
   <div class='ocr_carea' id='block_1_9' title="bbox 166 2717 950 2755">
    <p class='ocr_par' dir='ltr' id='par_1_12' title="bbox 166 2717 950 2755">
     <span class='ocr_line' id='line_1_62' title="bbox 166 2717 950 2755; baseline 0.01 -14"><span class='ocrx_word' id='word_1_378' title='bbox 166 2717 173 2730; x_wconf 89' lang='lat'>¹</span> <span class='ocrx_word' id='word_1_379' title='bbox 193 2719 258 2742; x_wconf 89' lang='lat' dir='ltr'>Vers.</span> <span class='ocrx_word' id='word_1_380' title='bbox 270 2720 308 2742; x_wconf 77' lang='lat'>22.</span> <span class='ocrx_word' id='word_1_381' title='bbox 324 2732 356 2737; x_wconf 91' lang='lat'>-—</span> <span class='ocrx_word' id='word_1_382' title='bbox 372 2721 429 2744; x_wconf 88' lang='lat' dir='ltr'>Tres</span> <span class='ocrx_word' id='word_1_383' title='bbox 445 2727 510 2751; x_wconf 83' lang='lat' dir='ltr'>seqq.</span> <span class='ocrx_word' id='word_1_384' title='bbox 523 2723 571 2745; x_wconf 58' lang='lat' dir='ltr'>loci*</span> <span class='ocrx_word' id='word_1_385' title='bbox 584 2726 637 2746; x_wconf 89' lang='lat' dir='ltr'>sunt</span> <span class='ocrx_word' id='word_1_386' title='bbox 653 2723 722 2746; x_wconf 82' lang='lat' dir='ltr'>Hebr.</span> <span class='ocrx_word' id='word_1_387' title='bbox 738 2726 756 2752; x_wconf 88' lang='lat' dir='ltr'>l,</span> <span class='ocrx_word' id='word_1_388' title='bbox 769 2725 795 2752; x_wconf 74' lang='grc'><strong><em>3,</em></strong></span> <span class='ocrx_word' id='word_1_389' title='bbox 807 2726 865 2754; x_wconf 84' lang='lat' dir='ltr'>Eph.</span> <span class='ocrx_word' id='word_1_390' title='bbox 879 2727 899 2755; x_wconf 83' lang='lat' dir='ltr'>l,</span> <span class='ocrx_word' id='word_1_391' title='bbox 912 2727 950 2749; x_wconf 81' lang='lat'>2-2.</span> 
     </span>
    </p>
   </div>
   <div class='ocr_carea' id='block_1_10' title="bbox 102 2758 952 2871">
    <p class='ocr_par' dir='ltr' id='par_1_13' title="bbox 102 2758 952 2871">
     <span class='ocr_line' id='line_1_63' title="bbox 102 2758 952 2795; baseline 0.012 -15"><span class='ocrx_word' id='word_1_392' title='bbox 102 2760 125 2780; x_wconf 88' lang='lat' dir='ltr'>et</span> <span class='ocrx_word' id='word_1_393' title='bbox 141 2758 209 2781; x_wconf 83' lang='lat' dir='ltr'>Marc.</span> <span class='ocrx_word' id='word_1_394' title='bbox 226 2759 269 2787; x_wconf 76' lang='grc'>46,</span> <span class='ocrx_word' id='word_1_395' title='bbox 287 2760 324 2782; x_wconf 73' lang='lat'>⁴9.</span> <span class='ocrx_word' id='word_1_396' title='bbox 342 2773 372 2776; x_wconf 97' lang='lat'><strong>—</strong></span> <span class='ocrx_word' id='word_1_397' title='bbox 389 2761 484 2784; x_wconf 80' lang='lat' dir='ltr'>Inferius</span> <span class='ocrx_word' id='word_1_398' title='bbox 500 2767 527 2784; x_wconf 90' lang='lat' dir='ltr'>ex</span> <span class='ocrx_word' id='word_1_399' title='bbox 550 2761 566 2785; x_wconf 93' lang='lat' dir='ltr'>C</span> <span class='ocrx_word' id='word_1_400' title='bbox 589 2763 723 2787; x_wconf 86' lang='lat' dir='ltr'>addidimus</span> <span class='ocrx_word' id='word_1_401' title='bbox 738 2764 870 2788; x_wconf 82' lang='lat' dir='ltr'>secundum</span> <span class='ocrx_word' id='word_1_402' title='bbox 887 2765 952 2795; x_wconf 82' lang='lat' dir='ltr'>quod</span> 
     </span>
     <span class='ocr_line' id='line_1_64' title="bbox 103 2797 660 2829; baseline 0.011 -9"><span class='ocrx_word' id='word_1_403' title='bbox 103 2797 190 2821; x_wconf 79' lang='lat' dir='ltr'>dicitur</span> <span class='ocrx_word' id='word_1_404' title='bbox 206 2798 238 2822; x_wconf 85' lang='lat' dir='ltr'>ad</span> <span class='ocrx_word' id='word_1_405' title='bbox 255 2799 392 2829; x_wconf 81' lang='lat' dir='ltr'>Ephesios...</span> <span class='ocrx_word' id='word_1_406' title='bbox 409 2806 502 2824; x_wconf 86' lang='lat' dir='ltr'>omnem</span> <span class='ocrx_word' id='word_1_407' title='bbox 520 2801 660 2826; x_wconf 84' lang='lat' dir='ltr'>Ecclesiam.</span> 
     </span>
     <span class='ocr_line' id='line_1_65' title="bbox 165 2836 951 2871; baseline 0.01 -11"><span class='ocrx_word' id='word_1_408' title='bbox 165 2836 174 2850; x_wconf 83' lang='lat'><strong>²</strong></span> <span class='ocrx_word' id='word_1_409' title='bbox 193 2838 258 2861; x_wconf 90' lang='lat' dir='ltr'>Vers.</span> <span class='ocrx_word' id='word_1_410' title='bbox 276 2840 297 2862; x_wconf 89' lang='grc'>3.</span> <span class='ocrx_word' id='word_1_411' title='bbox 314 2852 345 2856; x_wconf 94' lang='grc'><strong>-</strong></span> <span class='ocrx_word' id='word_1_412' title='bbox 362 2839 466 2863; x_wconf 86' lang='lat' dir='ltr'>Subinde</span> <span class='ocrx_word' id='word_1_413' title='bbox 490 2841 601 2869; x_wconf 84' lang='lat' dir='ltr'>allegatur</span> <span class='ocrx_word' id='word_1_414' title='bbox 625 2843 687 2866; x_wconf 90' lang='lat' dir='ltr'>loan.</span> <span class='ocrx_word' id='word_1_415' title='bbox 710 2843 747 2871; x_wconf 72' lang='lat'>⁴7,</span> <span class='ocrx_word' id='word_1_416' title='bbox 769 2845 791 2866; x_wconf 81' lang='grc' dir='ltr'>Β.</span> <span class='ocrx_word' id='word_1_417' title='bbox 807 2857 838 2861; x_wconf 94' lang='grc'><strong>-</strong></span> <span class='ocrx_word' id='word_1_418' title='bbox 855 2845 951 2868; x_wconf 79' lang='lat' dir='ltr'>lnferius</span> 
     </span>
    </p>
   </div>
   <div class='ocr_carea' id='block_1_11' title="bbox 103 2876 666 2907">
    <p class='ocr_par' dir='ltr' id='par_1_14' title="bbox 103 2876 666 2907">
     <span class='ocr_line' id='line_1_66' title="bbox 103 2876 666 2907; baseline 0.009 -8"><span class='ocrx_word' id='word_1_419' title='bbox 103 2882 146 2904; x_wconf 87' lang='lat' dir='ltr'>pro</span> <span class='ocrx_word' id='word_1_420' title='bbox 162 2876 276 2906; x_wconf 76' lang='lat' dir='ltr'>docendo,</span> <span class='ocrx_word' id='word_1_421' title='bbox 294 2879 358 2907; x_wconf 90' lang='lat' dir='ltr'>quod</span> <span class='ocrx_word' id='word_1_422' title='bbox 374 2878 444 2902; x_wconf 79' lang='lat' dir='ltr'>habet</span> <span class='ocrx_word' id='word_1_423' title='bbox 460 2879 490 2907; x_wconf 93' lang='lat' dir='ltr'>C,</span> <span class='ocrx_word' id='word_1_424' title='bbox 507 2880 543 2903; x_wconf 83' lang='lat' dir='ltr'>alii</span> <span class='ocrx_word' id='word_1_425' title='bbox 560 2880 666 2904; x_wconf 85' lang='lat' dir='ltr'>dicendo.</span> 
     </span>
    </p>
   </div>
   <div class='ocr_carea' id='block_1_12' title="bbox 104 2913 951 2984">
    <p class='ocr_par' dir='ltr' id='par_1_15' title="bbox 104 2913 951 2984">
     <span class='ocr_line' id='line_1_67' title="bbox 165 2913 951 2950; baseline 0.009 -12"><span class='ocrx_word' id='word_1_426' title='bbox 165 2913 174 2927; x_wconf 78' lang='lat'><strong>³</strong></span> <span class='ocrx_word' id='word_1_427' title='bbox 192 2916 258 2939; x_wconf 82' lang='lat' dir='ltr'>Vers.</span> <span class='ocrx_word' id='word_1_428' title='bbox 276 2917 313 2940; x_wconf 75' lang='lat'>45.</span> <span class='ocrx_word' id='word_1_429' title='bbox 330 2930 361 2934; x_wconf 97' lang='lat'><strong>—</strong></span> <span class='ocrx_word' id='word_1_430' title='bbox 378 2918 511 2947; x_wconf 87' lang='lat' dir='ltr'>Sequuntur</span> <span class='ocrx_word' id='word_1_431' title='bbox 527 2919 575 2942; x_wconf 78' lang='lat' dir='ltr'>Act.</span> <span class='ocrx_word' id='word_1_432' title='bbox 594 2920 615 2947; x_wconf 83' lang='lat' dir='ltr'>l,</span> <span class='ocrx_word' id='word_1_433' title='bbox 633 2921 663 2948; x_wconf 76' lang='lat'>83</span> <span class='ocrx_word' id='word_1_434' title='bbox 681 2921 735 2950; x_wconf 90' lang='lat' dir='ltr'>Sap.</span> <span class='ocrx_word' id='word_1_435' title='bbox 747 2922 774 2950; x_wconf 80' lang='lat'>5,</span> <span class='ocrx_word' id='word_1_436' title='bbox 788 2922 824 2944; x_wconf 70' lang='lat'>47.</span> <span class='ocrx_word' id='word_1_437' title='bbox 843 2925 865 2945; x_wconf 92' lang='lat' dir='ltr'>et</span> <span class='ocrx_word' id='word_1_438' title='bbox 882 2923 951 2945; x_wconf 83' lang='lat' dir='ltr'>Marc.</span> 
     </span>
     <span class='ocr_line' id='line_1_68' title="bbox 104 2953 266 2984; baseline 0.019 -9"><span class='ocrx_word' id='word_1_439' title='bbox 104 2953 144 2981; x_wconf 72' lang='lat'>40,</span> <span class='ocrx_word' id='word_1_440' title='bbox 162 2954 199 2976; x_wconf 83' lang='lat'>29.</span> <span class='ocrx_word' id='word_1_441' title='bbox 216 2961 266 2984; x_wconf 83' lang='lat' dir='ltr'>seq.</span> 
     </span>
    </p>
   </div>
   <div class='ocr_carea' id='block_1_13' title="bbox 979 235 982 2558">
    <p class='ocr_par' dir='ltr' id='par_1_16' title="bbox 979 235 982 2558">
     <span class='ocr_line' id='line_1_69' title="bbox 979 235 982 2558; baseline 0 0"><span class='ocrx_word' id='word_1_442' title='bbox 979 235 982 2558; x_wconf 95' lang='lat' dir='ltr'> </span> 
     </span>
    </p>
   </div>
   <div class='ocr_carea' id='block_1_14' title="bbox 977 2893 980 2985">
    <p class='ocr_par' dir='ltr' id='par_1_17' title="bbox 977 2893 980 2985">
     <span class='ocr_line' id='line_1_70' title="bbox 977 2893 980 2985; baseline 0 0"><span class='ocrx_word' id='word_1_443' title='bbox 977 2893 980 2985; x_wconf 95' lang='lat' dir='ltr'> </span> 
     </span>
    </p>
   </div>
   <div class='ocr_carea' id='block_1_15' title="bbox 1799 155 1854 184">
    <p class='ocr_par' dir='ltr' id='par_1_18' title="bbox 1799 155 1854 184">
     <span class='ocr_line' id='line_1_71' title="bbox 1799 155 1854 184; baseline -0.018 0"><span class='ocrx_word' id='word_1_444' title='bbox 1799 155 1854 184; x_wconf 77' lang='lat'>539</span> 
     </span>
    </p>
   </div>
   <div class='ocr_carea' id='block_1_16' title="bbox 1007 228 1857 2009">
    <p class='ocr_par' dir='ltr' id='par_1_19' title="bbox 1008 228 1855 408">
     <span class='ocr_line' id='line_1_72' title="bbox 1008 228 1855 270; baseline 0.005 -12"><span class='ocrx_word' id='word_1_445' title='bbox 1008 229 1045 258; x_wconf 85' lang='lat' dir='ltr'>tis</span> <span class='ocrx_word' id='word_1_446' title='bbox 1065 228 1296 259; x_wconf 75' lang='lat' dir='ltr'>humiliationem</span> <span class='ocrx_word' id='word_1_447' title='bbox 1317 248 1356 252; x_wconf 81' lang='lat'>——-</span> <span class='ocrx_word' id='word_1_448' title='bbox 1376 232 1410 261; x_wconf 91' lang='lat' dir='ltr'>ad</span> <span class='ocrx_word' id='word_1_449' title='bbox 1438 232 1558 261; x_wconf 81' lang='lat' dir='ltr'>virtutis</span> <span class='ocrx_word' id='word_1_450' title='bbox 1583 232 1748 270; x_wconf 81' lang='lat' dir='ltr'>profectum</span> <span class='ocrx_word' id='word_1_451' title='bbox 1769 251 1807 254; x_wconf 90' lang='lat'>—</span> <span class='ocrx_word' id='word_1_452' title='bbox 1829 236 1855 262; x_wconf 92' lang='lat' dir='ltr'>et</span> 
     </span>
     <span class='ocr_line' id='line_1_73' title="bbox 1008 277 1855 318; baseline 0.005 -13"><span class='ocrx_word' id='word_1_453' title='bbox 1008 280 1194 314; x_wconf 86' lang='lat' dir='ltr'>acceptorum</span> <span class='ocrx_word' id='word_1_454' title='bbox 1214 277 1456 308; x_wconf 80' lang='lat' dir='ltr'>distributionem.</span> <span class='ocrx_word' id='word_1_455' title='bbox 1481 279 1639 308; x_wconf 83' lang='lat' dir='ltr'>Gratiarum</span> <span class='ocrx_word' id='word_1_456' title='bbox 1669 280 1740 309; x_wconf 86' lang='lat' dir='ltr'>actio</span> <span class='ocrx_word' id='word_1_457' title='bbox 1767 280 1855 318; x_wconf 83' lang='lat' dir='ltr'>impe-</span> 
     </span>
     <span class='ocr_line' id='line_1_74' title="bbox 1008 324 1854 360; baseline 0.006 -9"><span class='ocrx_word' id='word_1_458' title='bbox 1008 326 1081 358; x_wconf 80' lang='lat' dir='ltr'>crat,</span> <span class='ocrx_word' id='word_1_459' title='bbox 1095 324 1196 353; x_wconf 90' lang='lat' dir='ltr'>mentis</span> <span class='ocrx_word' id='word_1_460' title='bbox 1210 324 1366 354; x_wconf 89' lang='lat' dir='ltr'>humiliatio</span> <span class='ocrx_word' id='word_1_461' title='bbox 1380 331 1548 360; x_wconf 83' lang='lat' dir='ltr'>conservat,</span> <span class='ocrx_word' id='word_1_462' title='bbox 1566 326 1676 355; x_wconf 90' lang='lat' dir='ltr'>virtutis</span> <span class='ocrx_word' id='word_1_463' title='bbox 1691 327 1854 356; x_wconf 80' lang='lat' dir='ltr'>exercitatio</span> 
     </span>
     <span class='ocr_line' id='line_1_75' title="bbox 1008 371 1612 408; baseline 0.005 -9"><span class='ocrx_word' id='word_1_464' title='bbox 1008 371 1099 405; x_wconf 85' lang='lat' dir='ltr'>ditat,</span> <span class='ocrx_word' id='word_1_465' title='bbox 1121 375 1298 408; x_wconf 88' lang='lat' dir='ltr'>acceptorum</span> <span class='ocrx_word' id='word_1_466' title='bbox 1319 373 1478 402; x_wconf 81' lang='lat' dir='ltr'>distributio</span> <span class='ocrx_word' id='word_1_467' title='bbox 1499 373 1612 402; x_wconf 84' lang='lat' dir='ltr'>dilatat.</span> 
     </span>
    </p>

    <p class='ocr_par' dir='ltr' id='par_1_20' title="bbox 1008 417 1856 1258">
     <span class='ocr_line' id='line_1_76' title="bbox 1087 417 1854 458; baseline 0.004 -12"><span class='ocrx_word' id='word_1_468' title='bbox 1087 417 1250 454; x_wconf 83' lang='lat' dir='ltr'>Obligamur</span> <span class='ocrx_word' id='word_1_469' title='bbox 1271 419 1304 447; x_wconf 89' lang='lat' dir='ltr'>ad</span> <span class='ocrx_word' id='word_1_470' title='bbox 1324 420 1495 456; x_wconf 63' lang='lat' dir='ltr'>gratiarum</span> <span class='ocrx_word' id='word_1_471' title='bbox 1512 420 1671 455; x_wconf 83' lang='lat' dir='ltr'>actionem,</span> <span class='ocrx_word' id='word_1_472' title='bbox 1687 421 1767 449; x_wconf 87' lang='lat' dir='ltr'>iuxta</span> <span class='ocrx_word' id='word_1_473' title='bbox 1781 420 1854 458; x_wconf 89' lang='lat' dir='ltr'>quod</span> 
     </span>
     <span class='ocr_line' id='line_1_77' title="bbox 1008 464 1856 504; baseline 0.005 -12"><span class='ocrx_word' id='word_1_474' title='bbox 1008 464 1110 493; x_wconf 87' lang='lat' dir='ltr'>dicitur</span> <span class='ocrx_word' id='word_1_475' title='bbox 1131 465 1212 501; x_wconf 92' lang='lat' dir='ltr'>primi</span> <span class='ocrx_word' id='word_1_476' title='bbox 1236 466 1460 503; x_wconf 83' lang='lat' dir='ltr'>Paralipomenon</span> <span class='ocrx_word' id='word_1_477' title='bbox 1482 467 1614 504; x_wconf 84' lang='lat' dir='ltr'>vigesimo</span> <span class='ocrx_word' id='word_1_478' title='bbox 1636 469 1742 497; x_wconf 71' lang='lat' dir='ltr'>non0⁴z</span> <span class='ocrx_word' id='word_1_479' title='bbox 1769 480 1782 493; x_wconf 88' lang='lat'>«</span> <span class='ocrx_word' id='word_1_480' title='bbox 1797 469 1856 496; x_wconf 90' lang='lat' dir='ltr'>Tua</span> 
     </span>
     <span class='ocr_line' id='line_1_78' title="bbox 1009 512 1855 550; baseline 0.006 -11"><span class='ocrx_word' id='word_1_481' title='bbox 1009 514 1074 539; x_wconf 92' lang='lat' dir='ltr'>sunt</span> <span class='ocrx_word' id='word_1_482' title='bbox 1095 512 1202 546; x_wconf 88' lang='lat' dir='ltr'>omnia,</span> <span class='ocrx_word' id='word_1_483' title='bbox 1224 512 1352 547; x_wconf 85' lang='lat' dir='ltr'>Domine,</span> <span class='ocrx_word' id='word_1_484' title='bbox 1374 516 1401 542; x_wconf 92' lang='lat' dir='ltr'>et</span> <span class='ocrx_word' id='word_1_485' title='bbox 1421 522 1492 550; x_wconf 87' lang='lat' dir='ltr'>quae</span> <span class='ocrx_word' id='word_1_486' title='bbox 1519 514 1553 543; x_wconf 89' lang='lat' dir='ltr'>de</span> <span class='ocrx_word' id='word_1_487' title='bbox 1584 523 1668 543; x_wconf 90' lang='lat' dir='ltr'>manu</span> <span class='ocrx_word' id='word_1_488' title='bbox 1701 519 1748 544; x_wconf 93' lang='lat' dir='ltr'>tua</span> <span class='ocrx_word' id='word_1_489' title='bbox 1778 523 1855 544; x_wconf 90' lang='lat' dir='ltr'>acce-</span> 
     </span>
     <span class='ocr_line' id='line_1_79' title="bbox 1009 557 1855 596; baseline 0.007 -11"><span class='ocrx_word' id='word_1_490' title='bbox 1009 557 1100 594; x_wconf 90' lang='lat' dir='ltr'>pimus</span> <span class='ocrx_word' id='word_1_491' title='bbox 1120 558 1248 588; x_wconf 89' lang='lat' dir='ltr'>dedimus</span> <span class='ocrx_word' id='word_1_492' title='bbox 1269 559 1317 588; x_wconf 91' lang='lat' dir='ltr'>tibi</span> <span class='ocrx_word' id='word_1_493' title='bbox 1330 572 1356 587; x_wconf 86' lang='grc'>».</span> <span class='ocrx_word' id='word_1_494' title='bbox 1373 577 1411 580; x_wconf 85' lang='grc'>-</span> <span class='ocrx_word' id='word_1_495' title='bbox 1426 560 1462 589; x_wconf 79' lang='lat' dir='ltr'>Ad</span> <span class='ocrx_word' id='word_1_496' title='bbox 1483 562 1587 589; x_wconf 79' lang='lat' dir='ltr'>mentis</span> <span class='ocrx_word' id='word_1_497' title='bbox 1606 561 1855 596; x_wconf 68' lang='lat' dir='ltr'>liicmiliationeim</span> 
     </span>
     <span class='ocr_line' id='line_1_80' title="bbox 1009 605 1855 647; baseline 0.008 -15"><span class='ocrx_word' id='word_1_498' title='bbox 1009 605 1114 641; x_wconf 88' lang='lat' dir='ltr'>primae</span> <span class='ocrx_word' id='word_1_499' title='bbox 1144 605 1178 634; x_wconf 90' lang='lat' dir='ltr'>ad</span> <span class='ocrx_word' id='word_1_500' title='bbox 1213 606 1370 635; x_wconf 87' lang='lat' dir='ltr'>Corinthios</span> <span class='ocrx_word' id='word_1_501' title='bbox 1390 610 1506 644; x_wconf 82' lang='lat' dir='ltr'>quarto:</span> <span class='ocrx_word' id='word_1_502' title='bbox 1532 609 1631 645; x_wconf 81' lang='lat' dir='ltr'>«Quid</span> <span class='ocrx_word' id='word_1_503' title='bbox 1659 610 1759 644; x_wconf 89' lang='lat' dir='ltr'>habes,</span> <span class='ocrx_word' id='word_1_504' title='bbox 1781 610 1855 647; x_wconf 92' lang='lat' dir='ltr'>quod</span> 
     </span>
     <span class='ocr_line' id='line_1_81' title="bbox 1008 653 1854 694; baseline 0.007 -14"><span class='ocrx_word' id='word_1_505' title='bbox 1008 659 1062 680; x_wconf 91' lang='lat' dir='ltr'>non</span> <span class='ocrx_word' id='word_1_506' title='bbox 1094 653 1248 689; x_wconf 83' lang='lat' dir='ltr'>accepisti?</span> <span class='ocrx_word' id='word_1_507' title='bbox 1277 653 1303 682; x_wconf 90' lang='lat' dir='ltr'>Si</span> <span class='ocrx_word' id='word_1_508' title='bbox 1335 657 1427 683; x_wconf 89' lang='lat' dir='ltr'>autem</span> <span class='ocrx_word' id='word_1_509' title='bbox 1460 655 1604 692; x_wconf 85' lang='lat' dir='ltr'>accepisti,</span> <span class='ocrx_word' id='word_1_510' title='bbox 1626 656 1693 693; x_wconf 91' lang='lat' dir='ltr'>quid</span> <span class='ocrx_word' id='word_1_511' title='bbox 1714 657 1854 694; x_wconf 82' lang='lat' dir='ltr'>gloriaris,</span> 
     </span>
     <span class='ocr_line' id='line_1_82' title="bbox 1008 698 1855 741; baseline 0.008 -15"><span class='ocrx_word' id='word_1_512' title='bbox 1008 698 1086 735; x_wconf 85' lang='lat' dir='ltr'>quasi</span> <span class='ocrx_word' id='word_1_513' title='bbox 1109 707 1163 728; x_wconf 91' lang='lat' dir='ltr'>non</span> <span class='ocrx_word' id='word_1_514' title='bbox 1185 700 1324 737; x_wconf 90' lang='lat' dir='ltr'>acceperis</span> <span class='ocrx_word' id='word_1_515' title='bbox 1336 704 1367 729; x_wconf 63' lang='grc' dir='ltr'>»ἲ</span> <span class='ocrx_word' id='word_1_516' title='bbox 1389 717 1425 721; x_wconf 91' lang='lat'>—-</span> <span class='ocrx_word' id='word_1_517' title='bbox 1447 702 1485 730; x_wconf 86' lang='lat' dir='ltr'>Ad</span> <span class='ocrx_word' id='word_1_518' title='bbox 1505 702 1625 731; x_wconf 81' lang='lat' dir='ltr'>virtutis</span> <span class='ocrx_word' id='word_1_519' title='bbox 1644 703 1807 741; x_wconf 81' lang='lat' dir='ltr'>profectum</span> <span class='ocrx_word' id='word_1_520' title='bbox 1830 709 1855 732; x_wconf 90' lang='lat' dir='ltr'>et</span> 
     </span>
     <span class='ocr_line' id='line_1_83' title="bbox 1008 746 1854 781; baseline 0.008 -8"><span class='ocrx_word' id='word_1_521' title='bbox 1008 746 1257 781; x_wconf 73' lang='lat' dir='ltr'>exercitationem;</span> <span class='ocrx_word' id='word_1_522' title='bbox 1272 748 1408 777; x_wconf 86' lang='lat' dir='ltr'>secundae</span> <span class='ocrx_word' id='word_1_523' title='bbox 1423 748 1456 777; x_wconf 87' lang='lat' dir='ltr'>ad</span> <span class='ocrx_word' id='word_1_524' title='bbox 1471 748 1628 778; x_wconf 90' lang='lat' dir='ltr'>Corinthios</span> <span class='ocrx_word' id='word_1_525' title='bbox 1650 754 1741 779; x_wconf 85' lang='lat' dir='ltr'>sexto:</span> <span class='ocrx_word' id='word_1_526' title='bbox 1762 763 1775 776; x_wconf 70' lang='grc' dir='ltr'>«ι</span> <span class='ocrx_word' id='word_1_527' title='bbox 1787 752 1854 780; x_wconf 89' lang='lat' dir='ltr'>Hor-</span> 
     </span>
     <span class='ocr_line' id='line_1_84' title="bbox 1009 795 1853 835; baseline 0.004 -14"><span class='ocrx_word' id='word_1_528' title='bbox 1009 795 1101 821; x_wconf 82' lang='lat' dir='ltr'>tamur</span> <span class='ocrx_word' id='word_1_529' title='bbox 1123 802 1186 828; x_wconf 87' lang='lat' dir='ltr'>vos,</span> <span class='ocrx_word' id='word_1_530' title='bbox 1210 803 1243 823; x_wconf 89' lang='lat' dir='ltr'>ne</span> <span class='ocrx_word' id='word_1_531' title='bbox 1264 795 1292 823; x_wconf 93' lang='lat' dir='ltr'>in</span> <span class='ocrx_word' id='word_1_532' title='bbox 1313 803 1433 824; x_wconf 90' lang='lat' dir='ltr'>vacuum</span> <span class='ocrx_word' id='word_1_533' title='bbox 1458 796 1575 832; x_wconf 85' lang='lat' dir='ltr'>gratiam</span> <span class='ocrx_word' id='word_1_534' title='bbox 1602 797 1647 825; x_wconf 86' lang='lat' dir='ltr'>Dei</span> <span class='ocrx_word' id='word_1_535' title='bbox 1677 798 1816 835; x_wconf 89' lang='lat' dir='ltr'>recipiatis</span> <span class='ocrx_word' id='word_1_536' title='bbox 1827 810 1853 832; x_wconf 84' lang='lat'>»;</span> 
     </span>
     <span class='ocr_line' id='line_1_85' title="bbox 1008 840 1856 881; baseline 0.007 -13"><span class='ocrx_word' id='word_1_537' title='bbox 1008 842 1035 868; x_wconf 89' lang='lat' dir='ltr'>et</span> <span class='ocrx_word' id='word_1_538' title='bbox 1057 840 1161 876; x_wconf 87' lang='lat' dir='ltr'>primae</span> <span class='ocrx_word' id='word_1_539' title='bbox 1175 841 1209 869; x_wconf 93' lang='lat' dir='ltr'>ad</span> <span class='ocrx_word' id='word_1_540' title='bbox 1224 842 1482 871; x_wconf 85' lang='lat' dir='ltr'>Thessalonicenses</span> <span class='ocrx_word' id='word_1_541' title='bbox 1497 847 1610 880; x_wconf 87' lang='lat' dir='ltr'>quarto:</span> <span class='ocrx_word' id='word_1_542' title='bbox 1631 856 1644 869; x_wconf 92' lang='lat'>«</span> <span class='ocrx_word' id='word_1_543' title='bbox 1657 845 1792 881; x_wconf 83' lang='lat' dir='ltr'>Rogamus</span> <span class='ocrx_word' id='word_1_544' title='bbox 1807 854 1856 874; x_wconf 87' lang='lat' dir='ltr'>vos</span> 
     </span>
     <span class='ocr_line' id='line_1_86' title="bbox 1008 887 1856 929; baseline 0.007 -14"><span class='ocrx_word' id='word_1_545' title='bbox 1008 890 1035 915; x_wconf 90' lang='lat' dir='ltr'>et</span> <span class='ocrx_word' id='word_1_546' title='bbox 1056 887 1235 917; x_wconf 87' lang='lat' dir='ltr'>obsecramus</span> <span class='ocrx_word' id='word_1_547' title='bbox 1262 889 1289 917; x_wconf 92' lang='lat' dir='ltr'>in</span> <span class='ocrx_word' id='word_1_548' title='bbox 1322 889 1437 918; x_wconf 89' lang='lat' dir='ltr'>Domino</span> <span class='ocrx_word' id='word_1_549' title='bbox 1470 890 1529 919; x_wconf 89' lang='lat' dir='ltr'>lesu</span> <span class='ocrx_word' id='word_1_550' title='bbox 1558 891 1684 925; x_wconf 80' lang='lat' dir='ltr'>Christo,</span> <span class='ocrx_word' id='word_1_551' title='bbox 1708 894 1738 920; x_wconf 90' lang='lat' dir='ltr'>ut</span> <span class='ocrx_word' id='word_1_552' title='bbox 1758 900 1856 929; x_wconf 87' lang='lat' dir='ltr'>quem-</span> 
     </span>
     <span class='ocr_line' id='line_1_87' title="bbox 1008 934 1856 976; baseline 0.007 -14"><span class='ocrx_word' id='word_1_553' title='bbox 1008 934 1156 963; x_wconf 92' lang='lat' dir='ltr'>admodum</span> <span class='ocrx_word' id='word_1_554' title='bbox 1178 936 1322 973; x_wconf 84' lang='lat' dir='ltr'>accepistis</span> <span class='ocrx_word' id='word_1_555' title='bbox 1342 946 1359 965; x_wconf 85' lang='lat' dir='ltr'>a</span> <span class='ocrx_word' id='word_1_556' title='bbox 1380 937 1471 971; x_wconf 87' lang='lat' dir='ltr'>nobis,</span> <span class='ocrx_word' id='word_1_557' title='bbox 1500 938 1639 975; x_wconf 90' lang='lat' dir='ltr'>quomodo</span> <span class='ocrx_word' id='word_1_558' title='bbox 1667 942 1777 976; x_wconf 87' lang='lat' dir='ltr'>oportet</span> <span class='ocrx_word' id='word_1_559' title='bbox 1808 948 1856 968; x_wconf 87' lang='lat' dir='ltr'>vos</span> 
     </span>
     <span class='ocr_line' id='line_1_88' title="bbox 1008 981 1856 1020; baseline 0.008 -11"><span class='ocrx_word' id='word_1_560' title='bbox 1008 981 1152 1011; x_wconf 86' lang='lat' dir='ltr'>ambulare</span> <span class='ocrx_word' id='word_1_561' title='bbox 1173 985 1201 1011; x_wconf 90' lang='lat' dir='ltr'>et</span> <span class='ocrx_word' id='word_1_562' title='bbox 1222 983 1330 1019; x_wconf 89' lang='lat' dir='ltr'>placere</span> <span class='ocrx_word' id='word_1_563' title='bbox 1351 984 1422 1019; x_wconf 85' lang='lat' dir='ltr'>Deo,</span> <span class='ocrx_word' id='word_1_564' title='bbox 1444 985 1483 1013; x_wconf 89' lang='lat' dir='ltr'>sic</span> <span class='ocrx_word' id='word_1_565' title='bbox 1514 988 1542 1014; x_wconf 89' lang='lat' dir='ltr'>et</span> <span class='ocrx_word' id='word_1_566' title='bbox 1571 986 1735 1020; x_wconf 83' lang='lat' dir='ltr'>ambuletis,</span> <span class='ocrx_word' id='word_1_567' title='bbox 1757 990 1788 1015; x_wconf 92' lang='lat' dir='ltr'>ut</span> <span class='ocrx_word' id='word_1_568' title='bbox 1808 987 1856 1016; x_wconf 88' lang='lat' dir='ltr'>ab·</span> 
     </span>
     <span class='ocr_line' id='line_1_89' title="bbox 1010 1028 1856 1069; baseline 0.008 -13"><span class='ocrx_word' id='word_1_569' title='bbox 1010 1028 1119 1057; x_wconf 87' lang='lat' dir='ltr'>undetis</span> <span class='ocrx_word' id='word_1_570' title='bbox 1153 1030 1239 1067; x_wconf 85' lang='lat' dir='ltr'>magis</span> <span class='ocrx_word' id='word_1_571' title='bbox 1254 1042 1280 1059; x_wconf 81' lang='grc'>».</span> <span class='ocrx_word' id='word_1_572' title='bbox 1315 1048 1350 1051; x_wconf 94' lang='grc'>-</span> <span class='ocrx_word' id='word_1_573' title='bbox 1383 1031 1420 1060; x_wconf 85' lang='lat' dir='ltr'>Ad</span> <span class='ocrx_word' id='word_1_574' title='bbox 1453 1036 1639 1069; x_wconf 77' lang='lat' dir='ltr'>acceptorum</span> <span class='ocrx_word' id='word_1_575' title='bbox 1674 1034 1856 1063; x_wconf 76' lang='lat' dir='ltr'>distributio-</span> 
     </span>
     <span class='ocr_line' id='line_1_90' title="bbox 1008 1076 1856 1118; baseline 0.008 -15"><span class='ocrx_word' id='word_1_576' title='bbox 1008 1084 1073 1103; x_wconf 87' lang='lat' dir='ltr'>nem</span> <span class='ocrx_word' id='word_1_577' title='bbox 1080 1086 1090 1109; x_wconf 84' lang='lat'>,-</span> <span class='ocrx_word' id='word_1_578' title='bbox 1113 1076 1218 1113; x_wconf 83' lang='lat' dir='ltr'>primae</span> <span class='ocrx_word' id='word_1_579' title='bbox 1234 1077 1303 1106; x_wconf 86' lang='lat' dir='ltr'>Petri</span> <span class='ocrx_word' id='word_1_580' title='bbox 1321 1082 1437 1115; x_wconf 85' lang='lat' dir='ltr'>quarto:</span> <span class='ocrx_word' id='word_1_581' title='bbox 1464 1091 1477 1104; x_wconf 86' lang='grc'>«</span> <span class='ocrx_word' id='word_1_582' title='bbox 1490 1079 1686 1117; x_wconf 85' lang='lat' dir='ltr'>Unusquisque</span> <span class='ocrx_word' id='word_1_583' title='bbox 1707 1085 1792 1118; x_wconf 88' lang='lat' dir='ltr'>prout</span> <span class='ocrx_word' id='word_1_584' title='bbox 1812 1090 1856 1110; x_wconf 81' lang='lat' dir='ltr'>ac—</span> 
     </span>
     <span class='ocr_line' id='line_1_91' title="bbox 1010 1122 1856 1159; baseline 0.008 -9"><span class='ocrx_word' id='word_1_585' title='bbox 1010 1122 1082 1159; x_wconf 89' lang='lat' dir='ltr'>cepit</span> <span class='ocrx_word' id='word_1_586' title='bbox 1103 1123 1235 1159; x_wconf 80' lang='lat' dir='ltr'>gratiam,</span> <span class='ocrx_word' id='word_1_587' title='bbox 1267 1124 1294 1152; x_wconf 95' lang='lat' dir='ltr'>in</span> <span class='ocrx_word' id='word_1_588' title='bbox 1325 1125 1493 1154; x_wconf 89' lang='lat' dir='ltr'>alterutrum</span> <span class='ocrx_word' id='word_1_589' title='bbox 1526 1126 1599 1155; x_wconf 86' lang='lat' dir='ltr'>illam</span> <span class='ocrx_word' id='word_1_590' title='bbox 1632 1128 1856 1157; x_wconf 84' lang='lat' dir='ltr'>administrantes</span> 
     </span>
     <span class='ocr_line' id='line_1_92' title="bbox 1010 1168 1856 1210; baseline 0.009 -14"><span class='ocrx_word' id='word_1_591' title='bbox 1010 1168 1081 1197; x_wconf 86' lang='lat' dir='ltr'>sicut</span> <span class='ocrx_word' id='word_1_592' title='bbox 1103 1169 1165 1198; x_wconf 87' lang='lat' dir='ltr'>honi</span> <span class='ocrx_word' id='word_1_593' title='bbox 1187 1170 1390 1207; x_wconf 84' lang='lat' dir='ltr'>dispensatores</span> <span class='ocrx_word' id='word_1_594' title='bbox 1412 1172 1590 1201; x_wconf 81' lang='lat' dir='ltr'>multiformis</span> <span class='ocrx_word' id='word_1_595' title='bbox 1605 1174 1709 1210; x_wconf 85' lang='lat' dir='ltr'>gratiae</span> <span class='ocrx_word' id='word_1_596' title='bbox 1726 1174 1773 1203; x_wconf 87' lang='lat' dir='ltr'>Dei</span> <span class='ocrx_word' id='word_1_597' title='bbox 1787 1185 1813 1207; x_wconf 85' lang='lat'>»;</span> <span class='ocrx_word' id='word_1_598' title='bbox 1829 1178 1856 1203; x_wconf 87' lang='lat' dir='ltr'>et</span> 
     </span>
     <span class='ocr_line' id='line_1_93' title="bbox 1010 1216 1854 1258; baseline 0.008 -14"><span class='ocrx_word' id='word_1_599' title='bbox 1010 1216 1137 1245; x_wconf 87' lang='lat' dir='ltr'>Matthaei</span> <span class='ocrx_word' id='word_1_600' title='bbox 1159 1217 1282 1246; x_wconf 91' lang='lat' dir='ltr'>decimo:</span> <span class='ocrx_word' id='word_1_601' title='bbox 1309 1218 1423 1247; x_wconf 83' lang='lat' dir='ltr'>«Gratis</span> <span class='ocrx_word' id='word_1_602' title='bbox 1451 1220 1609 1256; x_wconf 86' lang='lat' dir='ltr'>accepistis,</span> <span class='ocrx_word' id='word_1_603' title='bbox 1641 1222 1726 1258; x_wconf 85' lang='lat' dir='ltr'>gratis</span> <span class='ocrx_word' id='word_1_604' title='bbox 1750 1222 1854 1251; x_wconf 79' lang='lat' dir='ltr'>date».</span> 
     </span>
    </p>

    <p class='ocr_par' dir='ltr' id='par_1_21' title="bbox 1007 1264 1857 2009">
     <span class='ocr_line' id='line_1_94' title="bbox 1088 1264 1854 1306; baseline 0.008 -15"><span class='ocrx_word' id='word_1_605' title='bbox 1088 1264 1114 1291; x_wconf 89' lang='lat'>8.</span> <span class='ocrx_word' id='word_1_606' title='bbox 1140 1264 1178 1291; x_wconf 86' lang='lat' dir='ltr'>De</span> <span class='ocrx_word' id='word_1_607' title='bbox 1196 1264 1375 1301; x_wconf 80' lang='lat' dir='ltr'>plenitudine</span> <span class='ocrx_word' id='word_1_608' title='bbox 1396 1266 1459 1294; x_wconf 78' lang='lat' dir='ltr'>eius</span> <span class='ocrx_word' id='word_1_609' title='bbox 1478 1275 1532 1294; x_wconf 86' lang='lat' dir='ltr'>nos</span> <span class='ocrx_word' id='word_1_610' title='bbox 1560 1276 1658 1296; x_wconf 87' lang='lat' dir='ltr'>omncs</span> <span class='ocrx_word' id='word_1_611' title='bbox 1679 1269 1854 1306; x_wconf 58' lang='lat' dir='ltr'>accepimus</span> 
     </span>
     <span class='ocr_line' id='line_1_95' title="bbox 1011 1310 1855 1352; baseline 0.008 -14"><span class='ocrx_word' id='word_1_612' title='bbox 1011 1310 1086 1344; x_wconf 86' lang='lat' dir='ltr'>Nos,</span> <span class='ocrx_word' id='word_1_613' title='bbox 1108 1311 1235 1348; x_wconf 87' lang='lat' dir='ltr'>inquam,</span> <span class='ocrx_word' id='word_1_614' title='bbox 1257 1320 1371 1347; x_wconf 82' lang='lat' dir='ltr'>omnes,</span> <span class='ocrx_word' id='word_1_615' title='bbox 1393 1314 1440 1350; x_wconf 93' lang='lat' dir='ltr'>qui</span> <span class='ocrx_word' id='word_1_616' title='bbox 1472 1314 1577 1351; x_wconf 89' lang='lat' dir='ltr'>aliquid</span> <span class='ocrx_word' id='word_1_617' title='bbox 1608 1316 1781 1352; x_wconf 89' lang='lat' dir='ltr'>accepimus;</span> <span class='ocrx_word' id='word_1_618' title='bbox 1803 1316 1855 1345; x_wconf 87' lang='lat' dir='ltr'>hoc</span> 
     </span>
     <span class='ocr_line' id='line_1_96' title="bbox 1008 1357 1855 1400; baseline 0.008 -15"><span class='ocrx_word' id='word_1_619' title='bbox 1008 1357 1069 1386; x_wconf 92' lang='lat' dir='ltr'>ideo</span> <span class='ocrx_word' id='word_1_620' title='bbox 1089 1358 1193 1386; x_wconf 90' lang='lat' dir='ltr'>dictum</span> <span class='ocrx_word' id='word_1_621' title='bbox 1209 1359 1257 1393; x_wconf 85' lang='lat' dir='ltr'>sit,</span> <span class='ocrx_word' id='word_1_622' title='bbox 1279 1360 1345 1396; x_wconf 92' lang='lat' dir='ltr'>quia</span> <span class='ocrx_word' id='word_1_623' title='bbox 1365 1360 1399 1389; x_wconf 91' lang='lat' dir='ltr'>de</span> <span class='ocrx_word' id='word_1_624' title='bbox 1420 1361 1591 1397; x_wconf 89' lang='lat' dir='ltr'>plenitudine</span> <span class='ocrx_word' id='word_1_625' title='bbox 1606 1362 1666 1391; x_wconf 91' lang='lat' dir='ltr'>eius</span> <span class='ocrx_word' id='word_1_626' title='bbox 1681 1363 1792 1400; x_wconf 92' lang='lat' dir='ltr'>quidam</span> <span class='ocrx_word' id='word_1_627' title='bbox 1808 1372 1855 1392; x_wconf 86' lang='lat' dir='ltr'>ac—</span> 
     </span>
     <span class='ocr_line' id='line_1_97' title="bbox 1008 1405 1857 1446; baseline 0.008 -13"><span class='ocrx_word' id='word_1_628' title='bbox 1008 1405 1122 1442; x_wconf 86' lang='lat' dir='ltr'>cipiunt</span> <span class='ocrx_word' id='word_1_629' title='bbox 1142 1409 1168 1434; x_wconf 88' lang='lat' dir='ltr'>et</span> <span class='ocrx_word' id='word_1_630' title='bbox 1188 1406 1324 1435; x_wconf 84' lang='lat' dir='ltr'>ditantur</span> <span class='ocrx_word' id='word_1_631' title='bbox 1339 1424 1375 1428; x_wconf 92' lang='lat'>—</span> <span class='ocrx_word' id='word_1_632' title='bbox 1390 1408 1502 1445; x_wconf 85' lang='lat' dir='ltr'>quidam</span> <span class='ocrx_word' id='word_1_633' title='bbox 1524 1412 1617 1437; x_wconf 83' lang='lat' dir='ltr'>autem</span> <span class='ocrx_word' id='word_1_634' title='bbox 1634 1410 1667 1438; x_wconf 91' lang='lat' dir='ltr'>de</span> <span class='ocrx_word' id='word_1_635' title='bbox 1686 1410 1857 1446; x_wconf 85' lang='lat' dir='ltr'>plenitudine</span> 
     </span>
     <span class='ocr_line' id='line_1_98' title="bbox 1008 1452 1857 1493; baseline 0.008 -14"><span class='ocrx_word' id='word_1_636' title='bbox 1008 1452 1068 1480; x_wconf 86' lang='lat' dir='ltr'>eius</span> <span class='ocrx_word' id='word_1_637' title='bbox 1090 1452 1222 1489; x_wconf 87' lang='lat' dir='ltr'>accipere</span> <span class='ocrx_word' id='word_1_638' title='bbox 1242 1462 1300 1482; x_wconf 89' lang='lat' dir='ltr'>non</span> <span class='ocrx_word' id='word_1_639' title='bbox 1320 1458 1478 1483; x_wconf 81' lang='lat' dir='ltr'>merentur.</span> <span class='ocrx_word' id='word_1_640' title='bbox 1501 1472 1538 1475; x_wconf 97' lang='lat'><strong>—</strong></span> <span class='ocrx_word' id='word_1_641' title='bbox 1560 1456 1703 1493; x_wconf 80' lang='lat' dir='ltr'>Accipiunt</span> <span class='ocrx_word' id='word_1_642' title='bbox 1728 1458 1800 1486; x_wconf 93' lang='lat' dir='ltr'>enim</span> <span class='ocrx_word' id='word_1_643' title='bbox 1823 1458 1857 1486; x_wconf 87' lang='lat' dir='ltr'>de</span> 
     </span>
     <span class='ocr_line' id='line_1_99' title="bbox 1007 1498 1856 1539; baseline 0.009 -13"><span class='ocrx_word' id='word_1_644' title='bbox 1007 1498 1185 1535; x_wconf 78' lang='lat' dir='ltr'>plenitudine</span> <span class='ocrx_word' id='word_1_645' title='bbox 1205 1500 1268 1528; x_wconf 84' lang='lat' dir='ltr'>eius</span> <span class='ocrx_word' id='word_1_646' title='bbox 1296 1503 1417 1537; x_wconf 87' lang='lat' dir='ltr'>quatuor</span> <span class='ocrx_word' id='word_1_647' title='bbox 1448 1510 1551 1539; x_wconf 85' lang='lat' dir='ltr'>genera</span> <span class='ocrx_word' id='word_1_648' title='bbox 1572 1503 1731 1538; x_wconf 88' lang='lat' dir='ltr'>hominum,</span> <span class='ocrx_word' id='word_1_649' title='bbox 1752 1505 1856 1534; x_wconf 89' lang='lat' dir='ltr'>scilicet</span> 
     </span>
     <span class='ocr_line' id='line_1_100' title="bbox 1008 1545 1855 1588; baseline 0.007 -15"><span class='ocrx_word' id='word_1_650' title='bbox 1008 1545 1184 1580; x_wconf 80' lang='lat' dir='ltr'>innocentes,</span> <span class='ocrx_word' id='word_1_651' title='bbox 1207 1546 1379 1582; x_wconf 83' lang='lat' dir='ltr'>obedientes,</span> <span class='ocrx_word' id='word_1_652' title='bbox 1398 1553 1567 1585; x_wconf 70' lang='lat' dir='ltr'>puqnantes</span> <span class='ocrx_word' id='word_1_653' title='bbox 1581 1552 1608 1578; x_wconf 90' lang='lat' dir='ltr'>et</span> <span class='ocrx_word' id='word_1_654' title='bbox 1623 1551 1855 1588; x_wconf 85' lang='lat' dir='ltr'>contemplantes.</span> 
     </span>
     <span class='ocr_line' id='line_1_101' title="bbox 1008 1592 1857 1635; baseline 0.008 -15"><span class='ocrx_word' id='word_1_655' title='bbox 1008 1592 1141 1630; x_wconf 83' lang='lat' dir='ltr'>Congruit</span> <span class='ocrx_word' id='word_1_656' title='bbox 1162 1594 1252 1628; x_wconf 90' lang='lat' dir='ltr'>enim,</span> <span class='ocrx_word' id='word_1_657' title='bbox 1274 1598 1306 1623; x_wconf 89' lang='lat' dir='ltr'>ut</span> <span class='ocrx_word' id='word_1_658' title='bbox 1327 1594 1361 1623; x_wconf 91' lang='lat' dir='ltr'>de</span> <span class='ocrx_word' id='word_1_659' title='bbox 1382 1603 1466 1624; x_wconf 88' lang='lat' dir='ltr'>manu</span> <span class='ocrx_word' id='word_1_660' title='bbox 1489 1596 1694 1633; x_wconf 79' lang='lat' dir='ltr'>patrisfamilias</span> <span class='ocrx_word' id='word_1_661' title='bbox 1721 1598 1857 1635; x_wconf 88' lang='lat' dir='ltr'>accipiant</span> 
     </span>
     <span class='ocr_line' id='line_1_102' title="bbox 1007 1639 1856 1683; baseline 0.009 -16"><span class='ocrx_word' id='word_1_662' title='bbox 1007 1639 1075 1676; x_wconf 80' lang='lat' dir='ltr'>filii,</span> <span class='ocrx_word' id='word_1_663' title='bbox 1098 1641 1192 1675; x_wconf 76' lang='lat' dir='ltr'>servi,</span> <span class='ocrx_word' id='word_1_664' title='bbox 1213 1641 1319 1670; x_wconf 84' lang='lat' dir='ltr'>milites</span> <span class='ocrx_word' id='word_1_665' title='bbox 1339 1645 1366 1671; x_wconf 88' lang='lat' dir='ltr'>et</span> <span class='ocrx_word' id='word_1_666' title='bbox 1387 1643 1485 1683; x_wconf 83' lang='lat' dir='ltr'>amici.</span> <span class='ocrx_word' id='word_1_667' title='bbox 1509 1644 1558 1672; x_wconf 86' lang='lat' dir='ltr'>Per</span> <span class='ocrx_word' id='word_1_668' title='bbox 1579 1644 1655 1681; x_wconf 71' lang='lat' dir='ltr'>filios</span> <span class='ocrx_word' id='word_1_669' title='bbox 1676 1645 1797 1683; x_wconf 81' lang='lat' dir='ltr'>intellige</span> <span class='ocrx_word' id='word_1_670' title='bbox 1812 1646 1856 1674; x_wconf 89' lang='lat' dir='ltr'>in-</span> 
     </span>
     <span class='ocr_line' id='line_1_103' title="bbox 1007 1688 1857 1729; baseline 0.008 -15"><span class='ocrx_word' id='word_1_671' title='bbox 1007 1691 1155 1721; x_wconf 78' lang='lat' dir='ltr'>nocentes,</span> <span class='ocrx_word' id='word_1_672' title='bbox 1177 1688 1225 1724; x_wconf 93' lang='lat' dir='ltr'>qui</span> <span class='ocrx_word' id='word_1_673' title='bbox 1248 1688 1334 1724; x_wconf 90' lang='lat' dir='ltr'>patris</span> <span class='ocrx_word' id='word_1_674' title='bbox 1365 1689 1512 1726; x_wconf 84' lang='lat' dir='ltr'>imaginem</span> <span class='ocrx_word' id='word_1_675' title='bbox 1544 1691 1704 1720; x_wconf 85' lang='lat' dir='ltr'>custodiunt</span> <span class='ocrx_word' id='word_1_676' title='bbox 1729 1692 1857 1729; x_wconf 86' lang='lat' dir='ltr'>impollu-</span> 
     </span>
     <span class='ocr_line' id='line_1_104' title="bbox 1008 1734 1856 1776; baseline 0.009 -15"><span class='ocrx_word' id='word_1_677' title='bbox 1008 1737 1079 1768; x_wconf 89' lang='lat' dir='ltr'>tam;</span> <span class='ocrx_word' id='word_1_678' title='bbox 1102 1737 1129 1762; x_wconf 90' lang='lat' dir='ltr'>et</span> <span class='ocrx_word' id='word_1_679' title='bbox 1150 1734 1193 1763; x_wconf 88' lang='lat' dir='ltr'>isti</span> <span class='ocrx_word' id='word_1_680' title='bbox 1216 1734 1250 1763; x_wconf 93' lang='lat' dir='ltr'>de</span> <span class='ocrx_word' id='word_1_681' title='bbox 1271 1743 1356 1764; x_wconf 88' lang='lat' dir='ltr'>manu</span> <span class='ocrx_word' id='word_1_682' title='bbox 1378 1737 1465 1773; x_wconf 91' lang='lat' dir='ltr'>patris</span> <span class='ocrx_word' id='word_1_683' title='bbox 1486 1741 1630 1766; x_wconf 90' lang='lat' dir='ltr'>merentur</span> <span class='ocrx_word' id='word_1_684' title='bbox 1651 1739 1792 1776; x_wconf 88' lang='lat' dir='ltr'>accipere,</span> <span class='ocrx_word' id='word_1_685' title='bbox 1814 1748 1856 1769; x_wconf 85' lang='lat' dir='ltr'>se-</span> 
     </span>
     <span class='ocr_line' id='line_1_105' title="bbox 1008 1780 1857 1818; baseline 0.008 -9"><span class='ocrx_word' id='word_1_686' title='bbox 1008 1780 1131 1809; x_wconf 87' lang='lat' dir='ltr'>cundum</span> <span class='ocrx_word' id='word_1_687' title='bbox 1143 1781 1217 1818; x_wconf 86' lang='lat' dir='ltr'>quod</span> <span class='ocrx_word' id='word_1_688' title='bbox 1232 1782 1335 1811; x_wconf 89' lang='lat' dir='ltr'>dicitur</span> <span class='ocrx_word' id='word_1_689' title='bbox 1350 1783 1376 1811; x_wconf 92' lang='lat' dir='ltr'>in</span> <span class='ocrx_word' id='word_1_690' title='bbox 1394 1783 1500 1812; x_wconf 85' lang='lat' dir='ltr'>Psalmo</span> <span class='ocrx_word' id='word_1_691' title='bbox 1512 1784 1537 1812; x_wconf 86' lang='lat'>⁵:</span> <span class='ocrx_word' id='word_1_692' title='bbox 1557 1796 1570 1809; x_wconf 88' lang='lat'>«</span> <span class='ocrx_word' id='word_1_693' title='bbox 1583 1785 1714 1814; x_wconf 86' lang='lat' dir='ltr'>Innocens</span> <span class='ocrx_word' id='word_1_694' title='bbox 1729 1787 1857 1816; x_wconf 86' lang='lat' dir='ltr'>manibus</span> 
     </span>
     <span class='ocr_line' id='line_1_106' title="bbox 1008 1828 1856 1868; baseline 0.008 -12"><span class='ocrx_word' id='word_1_695' title='bbox 1008 1831 1035 1856; x_wconf 88' lang='lat' dir='ltr'>et</span> <span class='ocrx_word' id='word_1_696' title='bbox 1057 1828 1160 1857; x_wconf 87' lang='lat' dir='ltr'>mundo</span> <span class='ocrx_word' id='word_1_697' title='bbox 1181 1829 1280 1864; x_wconf 88' lang='lat' dir='ltr'>corde,</span> <span class='ocrx_word' id='word_1_698' title='bbox 1303 1830 1348 1859; x_wconf 92' lang='lat' dir='ltr'>hic</span> <span class='ocrx_word' id='word_1_699' title='bbox 1373 1831 1489 1868; x_wconf 86' lang='lat' dir='ltr'>accipiet</span> <span class='ocrx_word' id='word_1_700' title='bbox 1517 1832 1734 1862; x_wconf 87' lang='lat' dir='ltr'>benedictionem</span> <span class='ocrx_word' id='word_1_701' title='bbox 1766 1842 1782 1862; x_wconf 90' lang='lat' dir='ltr'>a</span> <span class='ocrx_word' id='word_1_702' title='bbox 1802 1835 1856 1863; x_wconf 89' lang='lat' dir='ltr'>Do-</span> 
     </span>
     <span class='ocr_line' id='line_1_107' title="bbox 1008 1876 1855 1918; baseline 0.008 -14"><span class='ocrx_word' id='word_1_703' title='bbox 1008 1876 1122 1904; x_wconf 89' lang='lat' dir='ltr'>mino».</span> <span class='ocrx_word' id='word_1_704' title='bbox 1136 1893 1176 1897; x_wconf 91' lang='lat'>—</span> <span class='ocrx_word' id='word_1_705' title='bbox 1191 1877 1240 1905; x_wconf 85' lang='lat' dir='ltr'>Per</span> <span class='ocrx_word' id='word_1_706' title='bbox 1261 1885 1361 1906; x_wconf 76' lang='lat' dir='ltr'>seruos</span> <span class='ocrx_word' id='word_1_707' title='bbox 1382 1878 1504 1915; x_wconf 87' lang='lat' dir='ltr'>intellige</span> <span class='ocrx_word' id='word_1_708' title='bbox 1525 1879 1692 1915; x_wconf 81' lang='lat' dir='ltr'>obedientes,</span> <span class='ocrx_word' id='word_1_709' title='bbox 1715 1882 1762 1918; x_wconf 93' lang='lat' dir='ltr'>qui</span> <span class='ocrx_word' id='word_1_710' title='bbox 1778 1890 1855 1910; x_wconf 91' lang='lat' dir='ltr'>man-</span> 
     </span>
     <span class='ocr_line' id='line_1_108' title="bbox 1007 1922 1854 1964; baseline 0.007 -14"><span class='ocrx_word' id='word_1_711' title='bbox 1007 1922 1071 1951; x_wconf 88' lang='lat' dir='ltr'>data</span> <span class='ocrx_word' id='word_1_712' title='bbox 1091 1923 1198 1952; x_wconf 84' lang='lat' dir='ltr'>Domini</span> <span class='ocrx_word' id='word_1_713' title='bbox 1221 1924 1385 1961; x_wconf 81' lang='lat' dir='ltr'>perficiunt;</span> <span class='ocrx_word' id='word_1_714' title='bbox 1407 1929 1434 1954; x_wconf 91' lang='lat' dir='ltr'>et</span> <span class='ocrx_word' id='word_1_715' title='bbox 1466 1926 1509 1954; x_wconf 89' lang='lat' dir='ltr'>isti</span> <span class='ocrx_word' id='word_1_716' title='bbox 1539 1930 1683 1955; x_wconf 87' lang='lat' dir='ltr'>merentur</span> <span class='ocrx_word' id='word_1_717' title='bbox 1714 1928 1854 1964; x_wconf 86' lang='lat' dir='ltr'>accipere,</span> 
     </span>
     <span class='ocr_line' id='line_1_109' title="bbox 1008 1970 1855 2009; baseline 0.007 -11"><span class='ocrx_word' id='word_1_718' title='bbox 1008 1970 1161 1999; x_wconf 88' lang='lat' dir='ltr'>secundum</span> <span class='ocrx_word' id='word_1_719' title='bbox 1185 1971 1259 2008; x_wconf 88' lang='lat' dir='ltr'>quod</span> <span class='ocrx_word' id='word_1_720' title='bbox 1281 1971 1383 2000; x_wconf 89' lang='lat' dir='ltr'>dicitur</span> <span class='ocrx_word' id='word_1_721' title='bbox 1407 1973 1511 2009; x_wconf 86' lang='lat' dir='ltr'>primae</span> <span class='ocrx_word' id='word_1_722' title='bbox 1532 1974 1565 2002; x_wconf 86' lang='lat' dir='ltr'>ad</span> <span class='ocrx_word' id='word_1_723' title='bbox 1581 1974 1738 2004; x_wconf 89' lang='lat' dir='ltr'>Corinthios</span> <span class='ocrx_word' id='word_1_724' title='bbox 1760 1975 1855 2004; x_wconf 87' lang='lat' dir='ltr'>tertio:</span> 
     </span>
    </p>
   </div>
   <div class='ocr_carea' id='block_1_17' title="bbox 1869 427 1991 475">
    <p class='ocr_par' dir='ltr' id='par_1_22' title="bbox 1869 427 1991 475">
     <span class='ocr_line' id='line_1_110' title="bbox 1869 427 1991 450; baseline 0.008 -5"><span class='ocrx_word' id='word_1_725' title='bbox 1869 427 1946 450; x_wconf 75' lang='lat' dir='ltr'>Singula</span> <span class='ocrx_word' id='word_1_726' title='bbox 1959 431 1991 446; x_wconf 79' lang='lat' dir='ltr'>ex-</span> 
     </span>
     <span class='ocr_line' id='line_1_111' title="bbox 1878 452 1980 475; baseline 0 -6"><span class='ocrx_word' id='word_1_727' title='bbox 1878 452 1980 475; x_wconf 84' lang='lat' dir='ltr'>ponuntur.</span> 
     </span>
    </p>
   </div>
   <div class='ocr_carea' id='block_1_18' title="bbox 1866 1272 2002 1338">
    <p class='ocr_par' dir='ltr' id='par_1_23' title="bbox 1866 1272 2002 1338">
     <span class='ocr_line' id='line_1_112' title="bbox 1879 1272 2002 1296; baseline 0 -6"><span class='ocrx_word' id='word_1_728' title='bbox 1879 1272 1958 1296; x_wconf 85' lang='lat' dir='ltr'>Quidam</span> <span class='ocrx_word' id='word_1_729' title='bbox 1972 1276 2002 1290; x_wconf 70' lang='lat' dir='ltr'>ao-</span> 
     </span>
     <span class='ocr_line' id='line_1_113' title="bbox 1866 1295 2002 1319; baseline -0.007 -5"><span class='ocrx_word' id='word_1_730' title='bbox 1866 1295 1946 1319; x_wconf 78' lang='lat' dir='ltr'>cipiunt,</span> <span class='ocrx_word' id='word_1_731' title='bbox 1961 1295 2002 1318; x_wconf 89' lang='lat' dir='ltr'>qui-</span> 
     </span>
     <span class='ocr_line' id='line_1_114' title="bbox 1867 1320 1967 1338; baseline -0.01 -1"><span class='ocrx_word' id='word_1_732' title='bbox 1867 1320 1910 1337; x_wconf 84' lang='lat' dir='ltr'>dam</span> <span class='ocrx_word' id='word_1_733' title='bbox 1923 1324 1967 1338; x_wconf 88' lang='lat' dir='ltr'>nou.</span> 
     </span>
    </p>
   </div>
   <div class='ocr_carea' id='block_1_19' title="bbox 1874 1459 2004 1525">
    <p class='ocr_par' dir='ltr' id='par_1_24' title="bbox 1874 1459 2004 1525">
     <span class='ocr_line' id='line_1_115' title="bbox 1874 1459 2003 1483; baseline 0 -5"><span class='ocrx_word' id='word_1_734' title='bbox 1874 1460 1975 1483; x_wconf 76' lang='lat' dir='ltr'>Accipiunt</span> <span class='ocrx_word' id='word_1_735' title='bbox 1992 1459 2003 1477; x_wconf 70' lang='grc'>4</span> 
     </span>
     <span class='ocr_line' id='line_1_116' title="bbox 1885 1483 2004 1510; baseline 0.008 -9"><span class='ocrx_word' id='word_1_736' title='bbox 1885 1488 1954 1510; x_wconf 70' lang='lat' dir='ltr'>genera</span> <span class='ocrx_word' id='word_1_737' title='bbox 1970 1483 2004 1502; x_wconf 77' lang='lat' dir='ltr'>ho-</span> 
     </span>
     <span class='ocr_line' id='line_1_117' title="bbox 1885 1512 1964 1525; baseline 0 0"><span class='ocrx_word' id='word_1_738' title='bbox 1885 1512 1964 1525; x_wconf 70' lang='lat' dir='ltr'>[lunum.</span> 
     </span>
    </p>
   </div>
   <div class='ocr_carea' id='block_1_20' title="bbox 1874 1651 1921 1670">
    <p class='ocr_par' dir='ltr' id='par_1_25' title="bbox 1874 1651 1921 1670">
     <span class='ocr_line' id='line_1_118' title="bbox 1874 1651 1921 1670; baseline -0.021 0"><span class='ocrx_word' id='word_1_739' title='bbox 1874 1651 1921 1670; x_wconf 45' lang='lat' dir='ltr'>Filii.</span> 
     </span>
    </p>
   </div>
   <div class='ocr_carea' id='block_1_21' title="bbox 1872 1887 1932 1906">
    <p class='ocr_par' dir='ltr' id='par_1_26' title="bbox 1872 1887 1932 1906">
     <span class='ocr_line' id='line_1_119' title="bbox 1872 1887 1932 1906; baseline -0.017 0"><span class='ocrx_word' id='word_1_740' title='bbox 1872 1887 1932 1906; x_wconf 80' lang='lat' dir='ltr'>Sei-vi.</span> 
     </span>
    </p>
   </div>
   <div class='ocr_carea' id='block_1_22' title="bbox 1013 2017 1880 2059">
    <p class='ocr_par' dir='ltr' id='par_1_27' title="bbox 1013 2017 1880 2059">
     <span class='ocr_line' id='line_1_120' title="bbox 1013 2017 1880 2059; baseline 0.008 -14"><span class='ocrx_word' id='word_1_741' title='bbox 1013 2017 1235 2055; x_wconf 86' lang='lat' dir='ltr'>«Unusquisque</span> <span class='ocrx_word' id='word_1_742' title='bbox 1252 2020 1393 2056; x_wconf 89' lang='lat' dir='ltr'>propriam</span> <span class='ocrx_word' id='word_1_743' title='bbox 1407 2021 1583 2049; x_wconf 76' lang='lat' dir='ltr'>mercedem»</span> <span class='ocrx_word' id='word_1_744' title='bbox 1602 2022 1717 2059; x_wconf 86' lang='lat' dir='ltr'>accipiet</span> <span class='ocrx_word' id='word_1_745' title='bbox 1736 2030 1856 2051; x_wconf 82' lang='lat' dir='ltr'>«secun-</span> <span class='ocrx_word' id='word_1_746' title='bbox 1878 2027 1880 2029; x_wconf 79' lang='grc'><strong>’</strong></span> 
     </span>
    </p>
   </div>
   <div class='ocr_carea' id='block_1_23' title="bbox 1006 2065 1855 2576">
    <p class='ocr_par' dir='ltr' id='par_1_28' title="bbox 1006 2065 1855 2576">
     <span class='ocr_line' id='line_1_121' title="bbox 1008 2065 1854 2107; baseline 0.006 -14"><span class='ocrx_word' id='word_1_747' title='bbox 1008 2065 1074 2094; x_wconf 93' lang='lat' dir='ltr'>dum</span> <span class='ocrx_word' id='word_1_748' title='bbox 1097 2074 1179 2094; x_wconf 91' lang='lat' dir='ltr'>suum</span> <span class='ocrx_word' id='word_1_749' title='bbox 1203 2066 1363 2095; x_wconf 81' lang='lat' dir='ltr'>laborem».</span> <span class='ocrx_word' id='word_1_750' title='bbox 1388 2084 1422 2087; x_wconf 83' lang='lat'>—-</span> <span class='ocrx_word' id='word_1_751' title='bbox 1446 2068 1495 2096; x_wconf 86' lang='lat' dir='ltr'>Per</span> <span class='ocrx_word' id='word_1_752' title='bbox 1526 2068 1631 2097; x_wconf 78' lang='lat' dir='ltr'>milites</span> <span class='ocrx_word' id='word_1_753' title='bbox 1652 2069 1773 2106; x_wconf 85' lang='lat' dir='ltr'>intellige</span> <span class='ocrx_word' id='word_1_754' title='bbox 1798 2079 1854 2107; x_wconf 83' lang='lat' dir='ltr'>pu-</span> 
     </span>
     <span class='ocr_line' id='line_1_122' title="bbox 1006 2113 1855 2151; baseline 0.008 -12"><span class='ocrx_word' id='word_1_755' title='bbox 1006 2116 1146 2149; x_wconf 79' lang='lat' dir='ltr'>9nantes,</span> <span class='ocrx_word' id='word_1_756' title='bbox 1168 2113 1215 2150; x_wconf 92' lang='lat' dir='ltr'>qui</span> <span class='ocrx_word' id='word_1_757' title='bbox 1245 2114 1318 2151; x_wconf 88' lang='lat' dir='ltr'>regis</span> <span class='ocrx_word' id='word_1_758' title='bbox 1340 2114 1411 2143; x_wconf 89' lang='lat' dir='ltr'>bella</span> <span class='ocrx_word' id='word_1_759' title='bbox 1438 2119 1552 2151; x_wconf 85' lang='lat' dir='ltr'>gerunt;</span> <span class='ocrx_word' id='word_1_760' title='bbox 1581 2119 1608 2144; x_wconf 92' lang='lat' dir='ltr'>et</span> <span class='ocrx_word' id='word_1_761' title='bbox 1637 2117 1679 2145; x_wconf 92' lang='lat' dir='ltr'>isti</span> <span class='ocrx_word' id='word_1_762' title='bbox 1712 2121 1855 2146; x_wconf 88' lang='lat' dir='ltr'>merentur</span> 
     </span>
     <span class='ocr_line' id='line_1_123' title="bbox 1008 2159 1854 2201; baseline 0.006 -13"><span class='ocrx_word' id='word_1_763' title='bbox 1008 2159 1149 2196; x_wconf 86' lang='lat' dir='ltr'>accipere,</span> <span class='ocrx_word' id='word_1_764' title='bbox 1181 2161 1334 2189; x_wconf 89' lang='lat' dir='ltr'>secundum</span> <span class='ocrx_word' id='word_1_765' title='bbox 1367 2162 1441 2199; x_wconf 90' lang='lat' dir='ltr'>quod</span> <span class='ocrx_word' id='word_1_766' title='bbox 1474 2163 1592 2191; x_wconf 90' lang='lat' dir='ltr'>habetur</span> <span class='ocrx_word' id='word_1_767' title='bbox 1623 2164 1708 2192; x_wconf 89' lang='lat' dir='ltr'>lacobi</span> <span class='ocrx_word' id='word_1_768' title='bbox 1742 2165 1831 2201; x_wconf 90' lang='lat' dir='ltr'>primo</span> <span class='ocrx_word' id='word_1_769' title='bbox 1848 2176 1854 2193; x_wconf 89' lang='lat'>:</span> 
     </span>
     <span class='ocr_line' id='line_1_124' title="bbox 1012 2206 1854 2247; baseline 0.007 -13"><span class='ocrx_word' id='word_1_770' title='bbox 1012 2217 1026 2231; x_wconf 87' lang='lat'>«</span> <span class='ocrx_word' id='word_1_771' title='bbox 1041 2206 1140 2235; x_wconf 87' lang='lat' dir='ltr'>Beatus</span> <span class='ocrx_word' id='word_1_772' title='bbox 1161 2207 1216 2241; x_wconf 84' lang='lat' dir='ltr'>vir,</span> <span class='ocrx_word' id='word_1_773' title='bbox 1239 2208 1285 2244; x_wconf 91' lang='lat' dir='ltr'>qui</span> <span class='ocrx_word' id='word_1_774' title='bbox 1309 2208 1408 2237; x_wconf 81' lang='lat' dir='ltr'>suffert</span> <span class='ocrx_word' id='word_1_775' title='bbox 1422 2210 1615 2244; x_wconf 82' lang='lat' dir='ltr'>tentationem,</span> <span class='ocrx_word' id='word_1_776' title='bbox 1631 2211 1775 2247; x_wconf 87' lang='lat' dir='ltr'>quoniam,</span> <span class='ocrx_word' id='word_1_777' title='bbox 1791 2219 1854 2240; x_wconf 89' lang='lat' dir='ltr'>cum</span> 
     </span>
     <span class='ocr_line' id='line_1_125' title="bbox 1009 2253 1855 2295; baseline 0.007 -14"><span class='ocrx_word' id='word_1_778' title='bbox 1009 2253 1142 2290; x_wconf 89' lang='lat' dir='ltr'>probatus</span> <span class='ocrx_word' id='word_1_779' title='bbox 1163 2254 1260 2288; x_wconf 86' lang='lat' dir='ltr'>fuerit,</span> <span class='ocrx_word' id='word_1_780' title='bbox 1281 2255 1396 2292; x_wconf 88' lang='lat' dir='ltr'>accipiet</span> <span class='ocrx_word' id='word_1_781' title='bbox 1417 2264 1545 2284; x_wconf 89' lang='lat' dir='ltr'>coronam</span> <span class='ocrx_word' id='word_1_782' title='bbox 1563 2257 1645 2291; x_wconf 84' lang='lat' dir='ltr'>vitae,</span> <span class='ocrx_word' id='word_1_783' title='bbox 1661 2265 1743 2294; x_wconf 84' lang='lat' dir='ltr'>quam</span> <span class='ocrx_word' id='word_1_784' title='bbox 1761 2266 1855 2295; x_wconf 88' lang='lat' dir='ltr'>repro—</span> 
     </span>
     <span class='ocr_line' id='line_1_126' title="bbox 1009 2301 1854 2343; baseline 0.006 -14"><span class='ocrx_word' id='word_1_785' title='bbox 1009 2301 1082 2329; x_wconf 92' lang='lat' dir='ltr'>misit</span> <span class='ocrx_word' id='word_1_786' title='bbox 1103 2301 1177 2330; x_wconf 90' lang='lat' dir='ltr'>Deus</span> <span class='ocrx_word' id='word_1_787' title='bbox 1198 2302 1376 2339; x_wconf 84' lang='lat' dir='ltr'>diligentibus</span> <span class='ocrx_word' id='word_1_788' title='bbox 1397 2311 1426 2331; x_wconf 92' lang='lat' dir='ltr'>se</span> <span class='ocrx_word' id='word_1_789' title='bbox 1438 2315 1464 2331; x_wconf 88' lang='lat'>».</span> <span class='ocrx_word' id='word_1_790' title='bbox 1481 2320 1517 2324; x_wconf 97' lang='lat'><strong>—</strong></span> <span class='ocrx_word' id='word_1_791' title='bbox 1532 2304 1583 2332; x_wconf 87' lang='lat' dir='ltr'>Per</span> <span class='ocrx_word' id='word_1_792' title='bbox 1602 2304 1713 2333; x_wconf 79' lang='lat' dir='ltr'>amicos</span> <span class='ocrx_word' id='word_1_793' title='bbox 1735 2305 1854 2343; x_wconf 88' lang='lat' dir='ltr'>intellige</span> 
     </span>
     <span class='ocr_line' id='line_1_127' title="bbox 1008 2348 1854 2388; baseline 0.006 -12"><span class='ocrx_word' id='word_1_794' title='bbox 1008 2348 1248 2386; x_wconf 85' lang='lat' dir='ltr'>contemplantes,</span> <span class='ocrx_word' id='word_1_795' title='bbox 1264 2350 1310 2386; x_wconf 92' lang='lat' dir='ltr'>qui</span> <span class='ocrx_word' id='word_1_796' title='bbox 1327 2350 1405 2386; x_wconf 88' lang='lat' dir='ltr'>quasi</span> <span class='ocrx_word' id='word_1_797' title='bbox 1418 2350 1445 2378; x_wconf 93' lang='lat' dir='ltr'>in</span> <span class='ocrx_word' id='word_1_798' title='bbox 1462 2351 1582 2379; x_wconf 88' lang='lat' dir='ltr'>thalamo</span> <span class='ocrx_word' id='word_1_799' title='bbox 1596 2359 1660 2380; x_wconf 92' lang='lat' dir='ltr'>cum</span> <span class='ocrx_word' id='word_1_800' title='bbox 1675 2359 1776 2388; x_wconf 84' lang='lat' dir='ltr'>sponso</span> <span class='ocrx_word' id='word_1_801' title='bbox 1791 2353 1854 2381; x_wconf 91' lang='lat' dir='ltr'>dor-</span> 
     </span>
     <span class='ocr_line' id='line_1_128' title="bbox 1007 2395 1855 2437; baseline 0.007 -14"><span class='ocrx_word' id='word_1_802' title='bbox 1007 2395 1110 2429; x_wconf 91' lang='lat' dir='ltr'>miunt;</span> <span class='ocrx_word' id='word_1_803' title='bbox 1132 2399 1159 2424; x_wconf 92' lang='lat' dir='ltr'>et</span> <span class='ocrx_word' id='word_1_804' title='bbox 1180 2396 1223 2424; x_wconf 91' lang='lat' dir='ltr'>isti</span> <span class='ocrx_word' id='word_1_805' title='bbox 1249 2399 1392 2425; x_wconf 89' lang='lat' dir='ltr'>merentur</span> <span class='ocrx_word' id='word_1_806' title='bbox 1423 2398 1548 2434; x_wconf 89' lang='lat' dir='ltr'>accipere</span> <span class='ocrx_word' id='word_1_807' title='bbox 1576 2398 1650 2435; x_wconf 89' lang='lat' dir='ltr'>quod</span> <span class='ocrx_word' id='word_1_808' title='bbox 1672 2399 1706 2427; x_wconf 89' lang='lat' dir='ltr'>ab</span> <span class='ocrx_word' id='word_1_809' title='bbox 1727 2399 1787 2436; x_wconf 91' lang='lat' dir='ltr'>ipso</span> <span class='ocrx_word' id='word_1_810' title='bbox 1809 2408 1855 2437; x_wconf 89' lang='lat' dir='ltr'>pe-</span> 
     </span>
     <span class='ocr_line' id='line_1_129' title="bbox 1008 2442 1852 2482; baseline 0.005 -12"><span class='ocrx_word' id='word_1_811' title='bbox 1008 2445 1080 2476; x_wconf 87' lang='lat' dir='ltr'>tunt,</span> <span class='ocrx_word' id='word_1_812' title='bbox 1102 2442 1254 2471; x_wconf 89' lang='lat' dir='ltr'>secundum</span> <span class='ocrx_word' id='word_1_813' title='bbox 1270 2443 1344 2480; x_wconf 89' lang='lat' dir='ltr'>quod</span> <span class='ocrx_word' id='word_1_814' title='bbox 1358 2443 1460 2472; x_wconf 89' lang='lat' dir='ltr'>dicitur</span> <span class='ocrx_word' id='word_1_815' title='bbox 1475 2445 1603 2473; x_wconf 84' lang='lat' dir='ltr'>Matthaei</span> <span class='ocrx_word' id='word_1_816' title='bbox 1625 2445 1757 2482; x_wconf 90' lang='lat' dir='ltr'>septimo:</span> <span class='ocrx_word' id='word_1_817' title='bbox 1777 2457 1790 2470; x_wconf 88' lang='lat'>«</span> <span class='ocrx_word' id='word_1_818' title='bbox 1802 2446 1852 2482; x_wconf 88' lang='lat' dir='ltr'>Qui</span> 
     </span>
     <span class='ocr_line' id='line_1_130' title="bbox 1007 2489 1853 2527; baseline 0.006 -10"><span class='ocrx_word' id='word_1_819' title='bbox 1007 2489 1076 2526; x_wconf 89' lang='lat' dir='ltr'>petit</span> <span class='ocrx_word' id='word_1_820' title='bbox 1096 2490 1207 2526; x_wconf 86' lang='lat' dir='ltr'>accipit,</span> <span class='ocrx_word' id='word_1_821' title='bbox 1228 2493 1256 2518; x_wconf 92' lang='lat' dir='ltr'>et</span> <span class='ocrx_word' id='word_1_822' title='bbox 1277 2490 1323 2527; x_wconf 87' lang='lat' dir='ltr'>qui</span> <span class='ocrx_word' id='word_1_823' title='bbox 1346 2491 1455 2526; x_wconf 86' lang='lat' dir='ltr'>quaerit</span> <span class='ocrx_word' id='word_1_824' title='bbox 1470 2491 1608 2525; x_wconf 85' lang='lat' dir='ltr'>invenit»;</span> <span class='ocrx_word' id='word_1_825' title='bbox 1631 2497 1657 2520; x_wconf 91' lang='lat' dir='ltr'>et</span> <span class='ocrx_word' id='word_1_826' title='bbox 1680 2493 1785 2522; x_wconf 88' lang='lat' dir='ltr'>loannis</span> <span class='ocrx_word' id='word_1_827' title='bbox 1807 2494 1853 2522; x_wconf 91' lang='lat' dir='ltr'>de—</span> 
     </span>
     <span class='ocr_line' id='line_1_131' title="bbox 1008 2536 1853 2576; baseline 0.006 -12"><span class='ocrx_word' id='word_1_828' title='bbox 1008 2536 1078 2564; x_wconf 90' lang='lat' dir='ltr'>cimo</span> <span class='ocrx_word' id='word_1_829' title='bbox 1099 2540 1179 2565; x_wconf 86' lang='lat' dir='ltr'>sexto</span> <span class='ocrx_word' id='word_1_830' title='bbox 1200 2537 1266 2565; x_wconf 87' lang='lat' dir='ltr'>dicit</span> <span class='ocrx_word' id='word_1_831' title='bbox 1287 2538 1410 2566; x_wconf 85' lang='lat' dir='ltr'>Salvator</span> <span class='ocrx_word' id='word_1_832' title='bbox 1425 2538 1521 2566; x_wconf 87' lang='lat' dir='ltr'>amicis</span> <span class='ocrx_word' id='word_1_833' title='bbox 1543 2539 1616 2567; x_wconf 88' lang='lat' dir='ltr'>suis:</span> <span class='ocrx_word' id='word_1_834' title='bbox 1643 2540 1759 2576; x_wconf 80' lang='lat' dir='ltr'>«Usque</span> <span class='ocrx_word' id='word_1_835' title='bbox 1774 2540 1853 2569; x_wconf 88' lang='lat' dir='ltr'>modo</span> 
     </span>
    </p>
   </div>
   <div class='ocr_carea' id='block_1_24' title="bbox 1070 2726 1853 2758">
    <p class='ocr_par' dir='ltr' id='par_1_29' title="bbox 1070 2726 1853 2758">
     <span class='ocr_line' id='line_1_132' title="bbox 1070 2726 1853 2758; baseline 0.004 -9"><span class='ocrx_word' id='word_1_836' title='bbox 1070 2726 1080 2739; x_wconf 76' lang='lat'>⁴</span> <span class='ocrx_word' id='word_1_837' title='bbox 1100 2729 1163 2750; x_wconf 86' lang='lat' dir='ltr'>Vers.</span> <span class='ocrx_word' id='word_1_838' title='bbox 1184 2728 1218 2750; x_wconf 76' lang='grc'>14.</span> <span class='ocrx_word' id='word_1_839' title='bbox 1236 2740 1267 2745; x_wconf 85' lang='lat'>—·</span> <span class='ocrx_word' id='word_1_840' title='bbox 1284 2727 1388 2750; x_wconf 83' lang='lat' dir='ltr'>Subinde</span> <span class='ocrx_word' id='word_1_841' title='bbox 1412 2729 1539 2756; x_wconf 79' lang='lat' dir='ltr'>allegantur</span> <span class='ocrx_word' id='word_1_842' title='bbox 1561 2730 1576 2752; x_wconf 91' lang='lat' dir='ltr'>l.</span> <span class='ocrx_word' id='word_1_843' title='bbox 1598 2729 1650 2752; x_wconf 89' lang='lat' dir='ltr'>Cor.</span> <span class='ocrx_word' id='word_1_844' title='bbox 1669 2729 1695 2757; x_wconf 77' lang='lat'>4,</span> <span class='ocrx_word' id='word_1_845' title='bbox 1713 2730 1739 2758; x_wconf 63' lang='lat'>73</span> <span class='ocrx_word' id='word_1_846' title='bbox 1761 2731 1784 2752; x_wconf 93' lang='lat' dir='ltr'>ll.</span> <span class='ocrx_word' id='word_1_847' title='bbox 1802 2730 1853 2753; x_wconf 91' lang='lat' dir='ltr'>Cor.</span> 
     </span>
    </p>
   </div>
   <div class='ocr_carea' id='block_1_25' title="bbox 1007 2766 1853 2874">
    <p class='ocr_par' dir='ltr' id='par_1_30' title="bbox 1007 2766 1853 2874">
     <span class='ocr_line' id='line_1_133' title="bbox 1008 2766 1740 2796; baseline 0.003 -7"><span class='ocrx_word' id='word_1_848' title='bbox 1008 2767 1034 2795; x_wconf 86' lang='lat'>6,</span> <span class='ocrx_word' id='word_1_849' title='bbox 1056 2767 1078 2795; x_wconf 67' lang='lat'>¹3</span> <span class='ocrx_word' id='word_1_850' title='bbox 1096 2767 1110 2789; x_wconf 93' lang='lat' dir='ltr'>l.</span> <span class='ocrx_word' id='word_1_851' title='bbox 1128 2767 1209 2789; x_wconf 85' lang='lat' dir='ltr'>Thess.</span> <span class='ocrx_word' id='word_1_852' title='bbox 1227 2766 1252 2793; x_wconf 74' lang='lat'>4,</span> <span class='ocrx_word' id='word_1_853' title='bbox 1274 2768 1297 2794; x_wconf 71' lang='lat' dir='ltr'>l,</span> <span class='ocrx_word' id='word_1_854' title='bbox 1317 2767 1329 2789; x_wconf 88' lang='grc' dir='ltr'>Ι.</span> <span class='ocrx_word' id='word_1_855' title='bbox 1348 2767 1405 2789; x_wconf 85' lang='lat' dir='ltr'>Petr.</span> <span class='ocrx_word' id='word_1_856' title='bbox 1426 2767 1451 2795; x_wconf 74' lang='lat'>4,</span> <span class='ocrx_word' id='word_1_857' title='bbox 1471 2768 1506 2790; x_wconf 84' lang='lat' dir='ltr'>lo.</span> <span class='ocrx_word' id='word_1_858' title='bbox 1524 2771 1545 2790; x_wconf 77' lang='lat' dir='ltr'>et</span> <span class='ocrx_word' id='word_1_859' title='bbox 1563 2769 1639 2791; x_wconf 80' lang='lat' dir='ltr'>lllattli.</span> <span class='ocrx_word' id='word_1_860' title='bbox 1659 2770 1700 2796; x_wconf 81' lang='lat' dir='ltr'>lo,</span> <span class='ocrx_word' id='word_1_861' title='bbox 1719 2770 1740 2791; x_wconf 89' lang='lat'>8.</span> 
     </span>
     <span class='ocr_line' id='line_1_134' title="bbox 1070 2804 1852 2836; baseline 0.003 -8"><span class='ocrx_word' id='word_1_862' title='bbox 1070 2804 1079 2817; x_wconf 83' lang='lat'>⁶</span> <span class='ocrx_word' id='word_1_863' title='bbox 1096 2806 1179 2828; x_wconf 75' lang='lat' dir='ltr'>psalm.</span> <span class='ocrx_word' id='word_1_864' title='bbox 1192 2807 1232 2834; x_wconf 74' lang='lat'>23,</span> <span class='ocrx_word' id='word_1_865' title='bbox 1252 2806 1264 2828; x_wconf 74' lang='lat'><strong><em>4</em></strong></span> <span class='ocrx_word' id='word_1_866' title='bbox 1280 2818 1311 2823; x_wconf 89' lang='lat'>—</span> <span class='ocrx_word' id='word_1_867' title='bbox 1323 2807 1387 2834; x_wconf 82' lang='lat' dir='ltr'>Loci,</span> <span class='ocrx_word' id='word_1_868' title='bbox 1405 2807 1444 2835; x_wconf 91' lang='lat' dir='ltr'>qui</span> <span class='ocrx_word' id='word_1_869' title='bbox 1457 2810 1597 2835; x_wconf 85' lang='lat' dir='ltr'>sequuntur,</span> <span class='ocrx_word' id='word_1_870' title='bbox 1615 2811 1668 2830; x_wconf 82' lang='lat' dir='ltr'>sunt</span> <span class='ocrx_word' id='word_1_871' title='bbox 1680 2809 1693 2830; x_wconf 80' lang='lat' dir='ltr'>l.</span> <span class='ocrx_word' id='word_1_872' title='bbox 1712 2808 1764 2831; x_wconf 83' lang='lat' dir='ltr'>Cor.</span> <span class='ocrx_word' id='word_1_873' title='bbox 1783 2809 1808 2835; x_wconf 84' lang='grc'><strong><em>3,</em></strong></span> <span class='ocrx_word' id='word_1_874' title='bbox 1827 2809 1852 2836; x_wconf 73' lang='grc'><strong><em>8,</em></strong></span> 
     </span>
     <span class='ocr_line' id='line_1_135' title="bbox 1007 2845 1853 2874; baseline 0.006 -8"><span class='ocrx_word' id='word_1_875' title='bbox 1007 2846 1050 2867; x_wconf 84' lang='lat' dir='ltr'>lac.</span> <span class='ocrx_word' id='word_1_876' title='bbox 1069 2845 1094 2871; x_wconf 80' lang='grc'><strong><em>4,</em></strong></span> <span class='ocrx_word' id='word_1_877' title='bbox 1116 2846 1152 2872; x_wconf 71' lang='grc'>12,</span> <span class='ocrx_word' id='word_1_878' title='bbox 1170 2846 1245 2867; x_wconf 78' lang='lat' dir='ltr'>lllatlh.</span> <span class='ocrx_word' id='word_1_879' title='bbox 1264 2845 1291 2872; x_wconf 89' lang='lat'>7,</span> <span class='ocrx_word' id='word_1_880' title='bbox 1309 2846 1330 2867; x_wconf 81' lang='grc'>8.</span> <span class='ocrx_word' id='word_1_881' title='bbox 1347 2848 1369 2868; x_wconf 91' lang='lat' dir='ltr'>et</span> <span class='ocrx_word' id='word_1_882' title='bbox 1386 2847 1446 2868; x_wconf 83' lang='lat' dir='ltr'>loan.</span> <span class='ocrx_word' id='word_1_883' title='bbox 1472 2847 1511 2874; x_wconf 79' lang='grc'>16,</span> <span class='ocrx_word' id='word_1_884' title='bbox 1535 2847 1572 2869; x_wconf 68' lang='lat'>25.</span> <span class='ocrx_word' id='word_1_885' title='bbox 1590 2859 1620 2864; x_wconf 86' lang='lat'>—-</span> <span class='ocrx_word' id='word_1_886' title='bbox 1637 2848 1731 2870; x_wconf 79' lang='lat' dir='ltr'>inferius</span> <span class='ocrx_word' id='word_1_887' title='bbox 1756 2848 1773 2871; x_wconf 90' lang='lat' dir='ltr'>C</span> <span class='ocrx_word' id='word_1_888' title='bbox 1798 2854 1853 2871; x_wconf 84' lang='lat' dir='ltr'>con-</span> 
     </span>
    </p>
   </div>
   <div class='ocr_carea' id='block_1_26' title="bbox 1007 2884 1853 2952">
    <p class='ocr_par' dir='ltr' id='par_1_31' title="bbox 1007 2884 1853 2952">
     <span class='ocr_line' id='line_1_136' title="bbox 1007 2884 1853 2914; baseline 0.002 -7"><span class='ocrx_word' id='word_1_889' title='bbox 1007 2884 1155 2914; x_wconf 67' lang='lat' dir='ltr'>templativos</span> <span class='ocrx_word' id='word_1_890' title='bbox 1173 2891 1214 2912; x_wconf 82' lang='lat' dir='ltr'>pro</span> <span class='ocrx_word' id='word_1_891' title='bbox 1231 2884 1429 2914; x_wconf 71' lang='lat' dir='ltr'>contemplantes;</span> <span class='ocrx_word' id='word_1_892' title='bbox 1452 2885 1584 2908; x_wconf 81' lang='lat' dir='ltr'>immediate</span> <span class='ocrx_word' id='word_1_893' title='bbox 1605 2890 1656 2914; x_wconf 87' lang='lat' dir='ltr'>post</span> <span class='ocrx_word' id='word_1_894' title='bbox 1681 2893 1708 2909; x_wconf 88' lang='lat' dir='ltr'>ex</span> <span class='ocrx_word' id='word_1_895' title='bbox 1731 2887 1747 2908; x_wconf 85' lang='lat' dir='ltr'>C</span> <span class='ocrx_word' id='word_1_896' title='bbox 1765 2888 1853 2909; x_wconf 89' lang='lat' dir='ltr'>addidi-</span> 
     </span>
     <span class='ocr_line' id='line_1_137' title="bbox 1007 2929 1153 2952; baseline 0 -7"><span class='ocrx_word' id='word_1_897' title='bbox 1007 2929 1060 2945; x_wconf 83' lang='lat' dir='ltr'>mus</span> <span class='ocrx_word' id='word_1_898' title='bbox 1077 2929 1153 2952; x_wconf 72' lang='lat' dir='ltr'>quasi.</span> 
     </span>
    </p>
   </div>
   <div class='ocr_carea' id='block_1_27' title="bbox 1873 2075 1948 2094">
    <p class='ocr_par' dir='ltr' id='par_1_32' title="bbox 1873 2075 1948 2094">
     <span class='ocr_line' id='line_1_138' title="bbox 1873 2075 1948 2094; baseline 0 -1"><span class='ocrx_word' id='word_1_899' title='bbox 1873 2075 1948 2094; x_wconf 71' lang='lat' dir='ltr'>Milites.</span> 
     </span>
    </p>
   </div>
   <div class='ocr_carea' id='block_1_28' title="bbox 1873 2310 1940 2329">
    <p class='ocr_par' dir='ltr' id='par_1_33' title="bbox 1873 2310 1940 2329">
     <span class='ocr_line' id='line_1_139' title="bbox 1873 2310 1940 2329; baseline -0.015 0"><span class='ocrx_word' id='word_1_900' title='bbox 1873 2310 1940 2329; x_wconf 71' lang='lat' dir='ltr'>Amici.</span> 
     </span>
    </p>
   </div>
  </div>
 </body>
</html>
