2296 3316
388 149 443 178 316

705 225 904 260 QUAesrioNEs.

465 320 509 348 68.
531 319 640 355 Quaest.
663 318 680 345 Ι.
703 316 852 353 Quaeritur
872 316 906 344 de
927 316 979 344 hoc
1000 315 1075 352 quod
1094 314 1174 343 dicit:
1197 314 1230 343 Si

385 375 434 404 eyo
456 365 650 394 testimonium
671 363 803 402 perhibeo
824 363 858 392 de
879 362 1014 399 meipso,
1034 361 1229 391 testimonium

386 421 480 442 meum
503 421 558 440 non
582 416 621 440 est
644 419 750 439 uerum.

464 459 591 487 CONTRA:
617 459 640 486 1.
663 458 847 486 Numerorum
869 454 1000 492 vigesimo
1022 453 1141 482 terti01:
1164 452 1229 481 Non

385 509 425 534 est
448 505 523 533 Deus
544 508 576 532 'lte
597 503 697 537 homo,
719 507 752 531 ut
772 501 948 531 mentiatur:
970 508 1037 537 ergo
1058 500 1081 529 si
1101 499 1229 528 Christus

385 555 426 581 est
446 552 532 581 Deus,
555 559 620 587 ergo
641 553 692 578 etc.

462 599 489 627 2.
521 599 594 631 ilem,
616 596 687 625 intra
719 596 854 625 octavoss:
887 596 920 625 Si
949 603 1000 632 eye
1032 593 1229 623 testimonium

381 644 516 682 perhibeo
538 645 571 672 dc
602 653 645 672 me
676 643 758 680 ipso,
778 643 973 671 testimonium
1003 649 1100 670 mettin
1127 648 1228 669 verunt

384 696 442 725 est,·
463 695 490 721 et
510 692 554 720 hic
575 691 655 725 dicit,
677 690 751 728 quod
771 699 830 718 non
849 694 889 718 est
909 698 1028 719 verum:
1050 696 1116 725 ergo
1137 690 1188 716 etc.

465 738 653 775 Hespoiidetur
674 737 707 766 ad
729 738 781 766 hoc
803 736 956 774 tripliciter.
979 735 1069 765 Prima
1088 734 1230 771 responsio

278 791 336 815 ssesv-
351 791 367 809 ¹=
385 788 441 820 est,
463 785 585 814 faciendo
606 785 661 813 vim
683 784 710 812 in
731 783 870 812 subiecto:
892 783 914 812 si
935 791 986 819 ego
1007 781 1160 812 secundum
1177 779 1230 808 hu-

385 841 507 862 manam
528 836 657 861 naturam
679 831 866 860 testimonium
888 830 1021 867 perhibeo
1041 829 1075 857 de
1096 836 1139 856 me
1154 828 1229 864 ipso,

385 879 571 908 testimonium
588 886 681 907 meum
696 886 749 906 non
765 880 806 906 est
821 870 934 910 verum}
959 879 1001 904 est
1019 878 1110 903 tamen
1132 882 1229 903 verum

252 932 293 951 Nou
306 932 367 950 solvit·
385 926 538 955 secundum
559 925 698 953 divitium.
722 940 758 945 —
780 923 832 952 Sed
857 923 930 951 istud
955 930 1009 951 non
1031 922 1127 955 solvit,
1149 920 1230 957 quia,

386 974 457 1002 sicut
482 980 531 1001 nec
559 971 710 1000 secundnm
732 970 864 999 diuinam
889 969 1031 1003 mentitur,
1054 968 1090 996 ita
1114 976 1164 996 nec
1189 976 1230 996 sc-

386 1020 508 1049 cundum
530 1018 701 1047 humanam.

464 1067 611 1102 Propterea
633 1064 831 1101 respondetur,
853 1067 885 1092 ut
906 1064 954 1092 fiat
974 1063 1016 1092 vis
1030 1063 1058 1091 in
1073 1062 1230 1091 attributo:

282 1119 338 1142 Resp-
351 1118 368 1136 ²-
387 1112 579 1141 testimonium
595 1119 691 1140 metim
705 1119 763 1139 iton
784 1114 823 1138 cst
846 1118 963 1143 verum,
985 1109 1012 1137 id
1033 1112 1090 1142 est,
1112 1116 1167 1136 non
1189 1112 1231 1137 est

387 1160 485 1188 efficax
508 1167 556 1188 nec
577 1158 765 1194 acceptabitur
786 1159 918 1193 tanquam
940 1164 1055 1189 verum;
1072 1159 1164 1184 tumen
1185 1164 1232 1184 ve-

387 1215 451 1235 rum
473 1209 528 1239 est,
550 1205 615 1242 quia
636 1212 733 1233 verum
755 1204 823 1233 dico.
848 1204 878 1231 Et
899 1203 937 1232 sic
958 1203 1109 1239 accipitur,
1132 1202 1169 1231 ita
1201 1205 1232 1231 ut

389 1253 496 1282 dicatur
518 1260 615 1280 verum
637 1251 789 1280 secundum
811 1258 886 1283 rem,
909 1250 956 1278 sed
978 1258 1031 1277 non
1062 1257 1160 1278 verum
1190 1257 1231 1278 se-

388 1299 509 1328 cundum
532 1299 710 1326 [caldeorum
726 1297 916 1333 acceptionem
928 1296 947 1323 ³.

466 1346 549 1374 Aliter
571 1345 769 1382 respondetur,
791 1343 864 1380 quod
893 1343 1009 1371 verbum
1038 1342 1110 1370 istud
1132 1342 1231 1370 intelli-

283 1398 340 1422 Resp-
354 1397 371 1416 ³-
389 1393 508 1431 gendum
530 1396 570 1421 est
592 1392 729 1428 praecise:
751 1390 778 1419 si
802 1399 851 1427 eqo
880 1389 1074 1418 testimonium
1097 1387 1232 1425 perhibeo

389 1441 422 1469 de
441 1449 485 1468 me
506 1440 584 1477 ipso,
607 1438 719 1476 supple:
741 1446 791 1474 ego
812 1437 902 1470 solus,
924 1436 1112 1465 testimonium
1137 1443 1230 1464 meum

388 1496 443 1517 non
464 1490 505 1516 est
533 1487 647 1520 essicax;
669 1482 716 1514 sed
737 1485 758 1513 si
790 1478 840 1521 ego
871 1492 934 1512 cum
957 1483 1025 1517 alio,
1054 1482 1153 1511 efficax
1175 1486 1231 1517 est;

390 1534 463 1565 unde
483 1534 548 1562 dicit
570 1533 678 1561 insra4:
702 1532 779 1568 Quia
799 1540 857 1560 non
877 1539 944 1560 sum
964 1530 1052 1559 solite.
1075 1529 1152 1563 ideo,
1167 1538 1232 1558 cum

391 1589 476 1617 supra
497 1588 525 1608 se
547 1588 597 1608 suo
620 1578 774 1607 testimonio
794 1577 1023 1610 commendasset,
1043 1584 1121 1604 suam
1142 1580 1233 1604 osten-

391 1627 458 1656 dens
479 1626 622 1659 virtutem,
645 1625 678 1653 ad
707 1625 758 1653 hoc
790 1623 976 1652 roborandum
1007 1623 1118 1651 adducit
1145 1622 1238 1651 aliena>

391 1673 554 1701 testimonia.

471 1720 515 1747 69.
531 1719 640 1754 Quaest.
658 1718 686 1745 ΙΙ.
703 1718 768 1746 Item
790 1717 935 1754 quaeritur
949 1717 982 1745 dc
997 1715 1156 1744 testimonio
1171 1724 1234 1752 ope-

391 1774 476 1794 rum:
502 1765 613 1802 Opera,
636 1764 740 1801 inquit,
763 1772 837 1802 quae
857 1772 907 1801 eqo
928 1763 1017 1800 facio,
1040 1763 1233 1791 testimonium

389 1811 540 1850 perhibent
559 1812 592 1839 de
613 1820 664 1839 me.
688 1827 725 1831 -
746 1811 795 1839 Sed
819 1810 913 1839 eadem
934 1818 1018 1847 opera
1032 1810 1158 1838 fecerunt
1168 1809 1233 1837 Pro-

392 1860 505 1897 phetae,
527 1862 558 1887 ut
579 1858 725 1892 miracula,
747 1857 843 1887 eadem
864 1857 982 1893 Apostoli
1004 1857 1094 1893 ipsum
1117 1863 1234 1892 sequen-

392 1909 433 1934 tes
454 1908 480 1934 et
502 1904 643 1933 maim-2⁵:
663 1912 729 1941 ergo
750 1904 771 1932 si
794 1912 843 1940 per
864 1911 948 1940 opera
968 1906 1076 1940 poterat
1097 1901 1235 1931 sufficicn-

393 1956 435 1981 ter
456 1952 597 1989 cognosci,
620 1951 694 1988 quod
714 1953 786 1980 esset
806 1950 950 1984 Christus,
965 1950 1059 1978 eadem
1075 1949 1180 1978 ratione
1201 1949 1235 1977 de

393 1999 523 2036 quolibet.

472 2046 648 2074 Resposneo:
669 2044 834 2077 Dicendum,
856 2043 929 2080 quod
950 2043 1084 2071 miracula
1099 2043 1236 2071 bonorum

320 2097 377 2120 ssesp-
394 2095 421 2120 et
440 2092 576 2120 malorum
598 2091 715 2119 discerni
732 2092 859 2127 possunt,
874 2089 945 2118 sicut
959 2089 1025 2117 dicit
1040 2088 1235 2125 Augustinusfi.

394 2138 563 2175 Cognoscere
584 2137 668 2174 igitur
689 2138 830 2173 poterant,
852 2135 926 2173 quod
947 2135 1080 2163 miracula
1094 2134 1195 2163 Christi
1210 2137 1237 2162 et

395 2192 479 2221 opera
499 2187 589 2212 essent
611 2184 674 2212 boni
696 2183 747 2211 viri
769 2186 796 2211 et
817 2182 918 2216 sancti;
940 2181 987 2210 sed
1017 2181 1144 2209 Christus
1164 2181 1236 2209 dice-

396 2230 457 2264 bat,
479 2238 507 2259 se
529 2238 587 2259 esse
608 2230 712 2263 Deum;
735 2232 782 2258 sed
797 2229 891 2258 nullus
905 2229 995 2258 bonus
1010 2228 1107 2262 homo,
1123 2235 1237 2256 manens

1012 146 1180 175 COMMENT.
1204 146 1235 174 IN
1256 147 1401 175 IOANNEM
1423 147 1450 175 C.
1473 148 1503 175 V.

1285 323 1385 352 opera,
1399 318 1427 344 et
1440 324 1490 352 per
1511 316 1611 349 verba,
1627 316 1700 353 quod
1715 318 1787 344 esset
1803 315 1952 350 Christus,-
1966 324 2050 353 opera
2070 316 2130 346 fue-

1285 365 1352 391 runt
1373 362 1514 391 sufficiens
1545 362 1749 397 testimonium,
1777 362 1851 399 quod
1879 362 2006 391 Christus
2026 363 2130 392 diceret

1284 417 1398 443 verum,
1419 417 1451 438 ac
1472 418 1521 446 per
1550 410 1616 443 hoc,
1639 409 1713 446 quod
1744 412 1816 438 esset
1836 409 1971 438 Christus.
2000 409 2130 439 Similiter

1285 455 1319 484 de
1339 455 1399 484 aliis
1419 455 1514 490 bonis,
1535 455 1609 492 quod
1640 455 1691 491 ipsi
1722 455 1846 483 dicerent
1865 463 1983 489 verum‚·
2010 456 2057 484 sed
2078 456 2128 493 ipsi

1285 510 1339 530 non
1360 502 1486 530 dicebant
1506 502 1540 530 de
1561 510 1590 530 se
1601 502 1621 535 ⁷,
1643 502 1688 530 sed
1711 501 1744 530 de
1765 501 1889 536 Christo,
1911 504 1943 530 ut
1963 503 2090 539 Apostoli.

1364 549 1447 578 Aliter
1468 548 1585 582 dicitur,
1607 548 1681 585 quod
1702 556 1786 585 opera
1807 556 1861 577 non
1876 548 1991 578 suerunt
2010 550 2130 579 testimo·
2143 553 2215 572 muer.

1285 595 1363 624 nium
1392 604 1510 632 coecas,
1542 595 1589 623 sed
1618 595 1775 628 intimem,
1803 597 1831 623 et
1861 594 1987 624 similiter
2008 596 2129 625 testiino-

2257 136 2263 147 .

1287 223 1392 257 bonus,
1407 226 1496 259 potest
1510 231 1539 251 se
1554 223 1610 251 Dco
1630 223 1720 252 facere
1741 224 1884 260 aequalem
1894 246 1901 258 ,
1916 224 1999 252 immo
2014 224 2059 253 sur
2074 227 2128 253 est:
2269 0 2278 423 ἱ

2270 426 2273 437 i

2268 488 2273 533 ἲ

1285 641 1363 669 nium
1385 641 1492 669 Ioannis
1513 644 1540 669 et
1560 641 1735 677 Scripturae3
1758 640 1805 669 sed
1834 641 2021 670 testimonium
2043 642 2130 671 Patris
2268 629 2274 732 ξ

1286 277 1352 305 ergo
1373 269 1395 297 si
1416 269 1557 298 Christum
1579 277 1744 306 cognoscere
1776 273 1903 306 poterant
1922 274 2059 299 sanctum
2080 279 2130 308 per

1286 695 1336 724 per
1358 688 1552 717 revelationem
1575 690 1616 716 est
1637 687 1805 724 compellens
1816 688 1836 716 Β.

1366 735 1411 762 70.
1434 734 1543 770 Quaest.
1566 734 1605 761 111.
1628 733 1778 769 Quaeritur
1793 734 1826 762 de
1842 734 2002 763 testimonio
2018 734 2128 763 patrie.

1288 797 1323 800 —
1339 781 1409 810 Dicit
1423 781 1512 814 enim,
1533 780 1607 817 quod
1628 788 1718 816 neque
1738 789 1833 809 vocem
1854 782 1917 810 etus
1937 781 2064 810 audistis
2083 789 2131 810 ne-

1286 836 1341 865 que
1360 828 1480 864 speciem
1502 827 1634 861 vidistis;
1655 827 1720 855 dicit
1741 827 1855 856 Iudaeis.

1365 874 1491 903 CONTRA:
1513 874 1606 902 Nonne
1637 873 1716 902 multi
1748 874 1877 909 aderant,
1906 874 2015 912 quando
2043 875 2132 903 Lucae

1287 921 1390 950 tertio⁹
1413 930 1467 950 vox
1489 921 1522 949 de
1543 920 1618 949 caclo
1639 920 1709 949 facta
1723 923 1764 949 est
1778 921 1959 950 sensibiliter:
1983 922 2025 949 Tu
2039 929 2068 949 es
2083 921 2132 949 Fi-

1288 968 1346 996 iius
1366 977 1447 996 metis
1468 966 1609 996 dilectus?
1631 983 1668 987 —
1690 967 1765 1001 item,
1787 967 1992 996 Deuteronomii
2018 967 2130 1004 quinto:

1294 1014 1393 1043 Vocem
1414 1015 1476 1042 eius
1503 1013 1674 1042 audivimus
1701 1014 1735 1041 cie
1765 1014 1859 1042 medio
1880 1014 1966 1051 iynis.
1988 1030 2026 1034 —
2048 1014 2131 1048 Item,

1289 1061 1373 1089 Exodi
1397 1061 1542 1097 vigesimo:
1573 1060 1623 1087 Vos
1643 1060 1774 1094 vidistis,
1797 1061 1873 1099 quod
1897 1061 1931 1089 de
1956 1060 2033 1089 caelo
2055 1060 2132 1089 loeu-

1289 1112 1336 1136 tus
1356 1116 1424 1136 sitm
1444 1107 1531 1135 vobis.

1366 1155 1539 1183 Respouneo:
1562 1152 1728 1187 Dicendum,
1743 1153 1817 1190 quod
1838 1153 1985 1190 dupliciter
2007 1153 2131 1190 loquitur
2157 1158 2213 1181 Resn-
2226 1162 2262 1177 cum

2280 402 2296 424 ¹¹4¹·

2291 426 2296 449 ²:

2293 454 2295 464 1

1288 1202 1374 1235 Deus,
1392 1204 1419 1229 et
1439 1200 1587 1237 dupliciter
1608 1203 1737 1236 apparet:
1760 1209 1816 1229 uno
1836 1201 1917 1229 modo
1938 1200 1970 1228 in
1990 1209 2019 1229 se
2040 1203 2068 1229 et
2078 1209 2132 1238 per
2149 966 2284 1215 fflssmcumt

1287 1256 1334 1281 sc,·
1348 1251 1375 1276 et
1396 1248 1434 1276 sic
1449 1247 1572 1283 loquitur
1594 1254 1642 1282 per
1665 1247 1801 1275 internam
1818 1247 1917 1276 mentis
1938 1247 2132 1276 revelationem

1288 1295 1369 1323 modo
1390 1294 1508 1331 quodam
1530 1293 1660 1321 indicibili
1675 1293 1706 1327 ¹⁰,
1728 1294 1775 1322 sed
1797 1296 1887 1322 tamen
1909 1293 2028 1330 quodam
2051 1293 2131 1322 modo

1288 1341 1467 1378 intelligibili,
1489 1344 1515 1369 ct
1537 1340 1575 1368 sic
1596 1348 1650 1368 non
1666 1340 1790 1377 loquitur
1804 1341 1901 1375 malis;
1917 1340 1970 1369 alio
1985 1340 2066 1369 modo
2079 1349 2133 1378 per

1287 1388 1446 1416 subiectam
1477 1390 1665 1420 ereaturam,
1687 1389 1714 1415 et
1742 1387 1780 1416 sic
1806 1387 1916 1415 locutus
1944 1389 1985 1415 est
2005 1387 2034 1415 in
2055 1387 2133 1424 Legis
2292 1379 2296 1397 ᾗ

1288 1434 1404 1463 datione.
1427 1435 1481 1463 Hoc
1495 1433 1616 1462 secundo
1630 1433 1711 1461 modo
1724 1433 1860 1462 viderunt
1874 1433 1901 1461 in
1916 1433 2040 1462 subiecta
2057 1441 2134 1462 crea-

1289 1485 1353 1510 tura
1373 1484 1400 1510 et
1420 1480 1580 1509 audierunt
1601 1479 1783 1515 sensibiliter,
1805 1480 1851 1509 sed
1866 1480 1956 1517 primo
1971 1479 2051 1509 modo
2065 1488 2132 1514 non;

1288 1532 1315 1557 et
1336 1527 1369 1557 de
1391 1529 1442 1557 hoc
1464 1527 1587 1564 loquitur
1608 1527 1661 1555 hic.
1685 1527 1760 1556 Unde
1781 1527 1949 1564 Augustinus
1969 1527 2035 1556 dicit
2049 1534 2134 1563 super

1290 1576 1342 1604 hoc
1356 1576 1393 1603 ¹¹:
1411 1576 1499 1603 Pater
1521 1573 1715 1602 testimonium
1732 1573 1878 1611 perhibet:
1894 1585 1907 1599 (ι
1919 1574 1972 1610 Qui
1992 1582 2036 1602 me
2057 1577 2134 1602 exte-

1289 1622 1350 1651 rius
1366 1622 1454 1650 oculis
1468 1621 1612 1649 hominum
1629 1620 1762 1649 visibilem
1778 1621 1906 1650 exhibuit
1921 1620 2037 1649 interius
2051 1620 2135 1649 corda

1290 1669 1433 1698 hominum
1456 1668 1490 1696 ad
1510 1675 1554 1696 me
1575 1667 1795 1704 cognoscendum
1816 1667 1939 1696 accendit
1952 1679 1975 1695 u.

1368 1717 1414 1743 71.
1437 1716 1546 1751 Quaest.
1575 1714 1616 1742 IV.
1646 1714 1747 1750 Quaeri
1774 1714 1857 1743 etiam
1884 1716 1973 1751 potest
2000 1714 2034 1743 de
2054 1713 2135 1752 sttffi-
2276 1733 2278 1740 .

1289 1762 1394 1790 cientitt
1409 1765 1435 1790 et
1448 1761 1549 1789 ordine
1564 1761 1681 1789 istorum
1695 1761 1925 1790 testimoniorum.
1941 1777 1979 1781 —-
1993 1761 2025 1789 Et
2039 1762 2136 1789 notan-
2152 1763 2230 1783 50111ῑί0-

1291 1809 1374 1843 dum,
1403 1808 1476 1845 quod
1501 1808 1622 1845 primum
1651 1808 1856 1842 testimonium,
1884 1807 1986 1836 scilicet
2013 1807 2134 1841 Ioannis,

1291 1855 1343 1884 fuit
1364 1855 1522 1888 inducerem
1543 1854 1711 1888 secundum,
1733 1854 1837 1883 scilicet
1864 1862 1995 1893 operum,
2018 1862 2136 1891 promo-

1291 1910 1378 1935 vens;
1399 1901 1526 1934 tertium,
1555 1900 1657 1929 scilicet
1685 1900 1789 1935 Patris,
1811 1900 2031 1938 compettens12;
2052 1908 2136 1937 quar-
2276 1907 2277 1936 ζ

1293 1951 1367 1982 tum,
1389 1948 1492 1977 scilicet
1523 1947 1697 1983 Scripturae,
1719 1947 1750 1975 in
1777 1947 1897 1976 veritate
1926 1946 2082 1975 stabiliens.
2106 1946 2137 1974 Et
2276 1959 2286 1974 a

1292 2002 1328 2023 ex
1349 1995 1395 2023 his
1414 1994 1531 2023 resultat
1546 2001 1634 2022 unum
1650 1993 1837 2022 testimonium
1852 1994 2019 2031 completum
2033 1995 2060 2022 et
2074 2000 2137 2030 per-
2283 1972 2287 2030 Ι

1292 2042 1407 2075 sectum,
1422 2044 1450 2070 et
1463 2040 1597 2077 gradatim
1618 2040 1784 2068 ordinantur
1805 2040 1957 2069 secundum
1971 2040 2058 2069 dictas
2072 2047 2136 2070 con—
2284 2035 2286 2073 l

1292 2088 1417 2116 ditiones.
2285 2108 2287 2111 .

1371 2136 1417 2163 72.
1433 2134 1466 2162 Et
1480 2143 1539 2162 iton
1552 2133 1639 2162 vultis
1654 2133 1750 2162 venire
1764 2134 1805 2162 ad
1818 2142 1862 2162 me
1877 2137 1927 2163 etc.
1944 2135 2032 2165 Posita
2046 2137 2087 2163 est
2099 2137 2137 2163 te·
2148 2136 2263 2159 Semnum

1293 2180 1485 2209 stimoniorum
1501 2180 1637 2209 certitudo
1649 2181 1684 2215 ¹³,
1700 2180 1745 2209 hic
1759 2180 1872 2218 ponitur
1887 2182 2066 2210 Iudaeorum
2079 2189 2138 2209 non
2154 2161 2260 2211 ¹{ggfg‘gg'ffi

2159 2213 2211 2226 Elone
2223 2212 2264 2231 qlla-
2284 2214 2285 2219 1

1293 2226 1471 2255 credentiam
1492 2227 1683 2264 reprehensio.
1699 2227 1883 2264 Reprehendit
1897 2230 1990 2256 autem
2004 2227 2138 2256 Dominus
2190 2233 2237 2250 mor.

458 2421 467 2434 ¹
485 2422 550 2444 Vers.
569 2422 605 2444 Ἰ19.
1088 2419 1098 2433 ²
1117 2421 1182 2443 Vcrs.
1203 2420 1238 2443 14.

459 2459 468 2472 ³
485 2462 515 2483 lta
538 2460 599 2482 card.
622 2461 702 2488 Hugo,
725 2460 747 2482 in
769 2461 831 2482 hunc
853 2460 938 2482 locum.
957 2472 988 2476 —
1009 2460 1120 2487 Superius
1142 2466 1184 2487 pro
1207 2459 1239 2482 ῖΙα

398 2500 435 2522 ed.
452 2499 524 2528 infra.

460 2538 470 2550 ⁴
486 2538 542 2566 Cap.
559 2539 586 2565 8,
607 2539 639 2560 16.
657 2551 688 2554 -
705 2538 749 2561 Cfr.
767 2542 837 2566 supra
855 2544 877 2560 v.
895 2538 932 2560 31.
949 2543 1014 2566 seqq.
1026 2549 1057 2554 —
1069 2537 1180 2565 Superius
1198 2544 1239 2565 pro

400 2576 576 2606 intelliyendzmt
593 2579 628 2600 est
644 2577 662 2599 D
679 2576 827 2605 inteltiqitztr.

460 2615 470 2627 ¹⁷⁷
487 2616 531 2638 Csr.
555 2616 612 2638 insi-a
634 2616 676 2644 44,
699 2616 736 2638 42.
756 2628 787 2632 —
809 2616 904 2638 inferius
929 2618 981 2643 post
1005 2614 1097 2638 ratione
1119 2615 1156 2637 cd.
1177 2615 1241 2637 addit

399 2654 492 2678 videtur
509 2654 640 2677 dicendum.

461 2692 471 2705 ⁶
488 2693 548 2716 Libr.
567 2695 595 2716 83
613 2694 656 2722 Qq.
674 2700 697 2722 q.
714 2693 751 2715 79.
770 2700 790 2715 n.
810 2693 831 2716 1.
853 2695 875 2716 et
898 2693 923 2721 4;
946 2694 987 2715 cir.
1010 2699 1080 2720 supra
1105 2699 1160 2720 pag.
1183 2693 1240 2720 279,

399 2735 452 2756 uota
470 2733 490 2755 4.

462 2771 470 2783 '¹
488 2772 530 2795 Ed.
547 2772 610 2794 addit
627 2771 689 2801 quod
705 2771 739 2794 dii
755 2773 845 2800 essent;
863 2772 885 2793 in
903 2774 963 2794 textu
976 2774 1053 2793 nostro
1066 2771 1164 2799 supple:
1177 2771 1242 2793 illud.

463 2809 472 2822 ¹³
491 2810 563 2834 Codd.
581 2811 599 2832 D
611 2811 618 2832 l
630 2811 649 2832 K
662 2811 678 2832 L
696 2810 866 2839 comprimens,
883 2811 901 2832 A
913 2811 931 2832 B
942 2810 958 2833 C
971 2810 1012 2833 EF
1030 2809 1160 2839 complens,
1178 2810 1242 2838 quod

402 2851 470 2873 etiam
488 2850 581 2872 inferius
600 2856 619 2871 n.
638 2849 675 2871 71.
693 2849 766 2871 maior
784 2855 837 2877 pars
854 2849 923 2871 codd.
939 2852 961 2871 et
978 2849 1095 2871 Gorranus
1118 2855 1160 2876 pro
1183 2854 1243 2871 ccm-

399 2889 490 2920 pelle‘ns
508 2889 577 2918 (idem
595 2895 622 2911 ac
639 2889 734 2917 cogens)
752 2887 901 2910 substituunt.
920 2888 988 2910 Tom.
1008 2888 1037 2910 V.
1061 2894 1114 2916 pag.
1140 2887 1177 2910 54.
1203 2887 1240 2909 55.

402 2928 464 2951 idem
482 2927 637 2950 testimonium
656 2929 751 2949 vocatur
767 2926 910 2956 astringens.

1358 2418 1367 2431 ⁹
1386 2420 1451 2442 Vers.
1470 2420 1508 2441 22.
1522 2431 1553 2436 —
1570 2420 1619 2442 Duo
1638 2426 1702 2449 seqq.
1720 2420 1762 2442 loci
1780 2422 1832 2442 sunt
1849 2420 1914 2442 Deut.
1932 2420 1959 2448 5,
1977 2420 2014 2441 26.
2031 2421 2053 2441 et
2069 2419 2139 2442 Exod.
2285 2363 2289 2477 1

1297 2459 1339 2486 20,
1356 2459 1394 2481 ιη.

1360 2497 1379 2510 ¹⁰
1396 2500 1427 2520 lta
1445 2499 1462 2520 A
1472 2498 1512 2520 EF
1522 2498 1541 2520 M
1551 2498 1581 2525 N;
1599 2498 1635 2520 ed.
1647 2496 1770 2526 invisibili,
1782 2498 1801 2519 H
1818 2495 1998 2525 2'ndtscerm‘btti,
2010 2497 2087 2525 plures
2103 2496 2140 2519 alii
2285 2494 2289 2546 Ι

1298 2537 1364 2560 codd.
1388 2536 1521 2560 indiscibili.
1538 2536 1632 2559 iuferius
1654 2539 1706 2564 post
1728 2538 1750 2559 ct
1769 2536 1803 2560 sic
1826 2537 1848 2559 in
1870 2537 1886 2559 E
1907 2536 2014 2565 primitus
2035 2536 2140 2559 additum

1298 2576 1339 2599 suit
1356 2575 1448 2599 videtur
1465 2575 1533 2605 quod.

1360 2614 1378 2627 11
1397 2615 1463 2636 Vers.
1481 2615 1517 2637 37.
1534 2626 1565 2631 -—-
1583 2615 1697 2637 Sententia
1714 2614 1812 2642 August.
1829 2614 1926 2637 habetur
1943 2615 1964 2636 in
1982 2615 2062 2637 Glossa
2081 2614 2141 2637 ordi-

1297 2653 1369 2677 naria
1388 2660 1459 2682 super
1480 2660 1503 2675 v.
1520 2654 1562 2681 35,
1581 2652 1620 2675 ubi
1642 2654 1698 2676 haec
1720 2653 1793 2676 verba
1816 2654 1948 2676 adduntur:
1966 2653 2039 2675 Etiam
2060 2659 2142 2676 omnes

1298 2693 1425 2720 Prophetae
1446 2695 1468 2715 et
1488 2693 1591 2720 Apostoli
1612 2695 1665 2715 sunt
1686 2693 1805 2720 lucernae3
1822 2693 1926 2715 Christus
1947 2698 2029 2715 verum
2051 2692 2141 2721 lumen,

1298 2732 1362 2760 quod
1379 2731 1501 2754 illuminat
1517 2738 1611 2754 omnem
1627 2731 1746 2754 hominem
1762 2731 1890 2755 venientem
1907 2731 1931 2754 in
1948 2731 2011 2754 hunc
2024 2730 2141 2754 mundum

1300 2770 1375 2800 [toan.
1393 2771 1413 2799 il,
1431 2770 1472 2800 9.].
1488 2770 1533 2793 Csr.
1550 2771 1655 2799 August,
1672 2771 1694 2793 in
1716 2772 1776 2793 ioan.
1799 2772 1887 2799 Evang.
1909 2773 1936 2793 tr.
1956 2772 1976 2793 2.
1995 2777 2019 2793 n.
2035 2771 2056 2792 6.
2077 2777 2140 2799 seqq.
2269 2768 2289 2804 Η’1

1299 2812 1322 2832 et
1338 2812 1366 2832 tr.
1384 2810 1422 2832 23.
1439 2816 1461 2832 n.
1479 2810 1501 2832 3.
1512 2822 1543 2826 —
1555 2810 1588 2832 De
1604 2809 1796 2838 praecedentibus
1813 2811 1852 2832 csr.
1870 2811 1893 2832 11.
1906 2811 1969 2832 Sent.
1985 2810 2009 2832 d.
2030 2810 2065 2832 10.
2082 2815 2103 2832 a.
2120 2809 2141 2832 3.
2272 2806 2274 2810 '

1299 2855 1322 2877 q.
1340 2849 1362 2871 2.
1380 2848 1402 2870 in
1419 2854 1484 2876 corp.

1363 2886 1381 2899 ¹²
1400 2887 1459 2909 Vide
1475 2893 1545 2915 supra
1562 2889 1640 2910 notem
1658 2888 1680 2910 8.

1364 2924 1383 2937 ¹³
1401 2926 1459 2948 Vide
1476 2932 1545 2954 supra
1563 2933 1586 2948 n.
1603 2926 1641 2949 59.

2267 3044 2278 3182 ‹ea-..we
2271 3000 2273 3011 ψ
2271 2941 2274 2968 ...
