2296 3316
195 464 272 486 Primo
292 470 334 492 per

179 495 221 517 tria
237 495 335 518 testimo-

178 526 216 548 nia
247 527 335 549 loannis

171 557 236 586 Bapt.
246 564 266 580 c.
274 558 282 580 l
289 575 295 585 ‚
305 558 341 580 ⁴9.

148 815 355 1328 t

150 1329 154 1514 l

146 1518 155 1632 l

164 1507 279 1537 secundo,
291 1515 333 1537 per
341 1236 353 1890 t

171 1539 248 1567 ipsum
265 1540 323 1563 Ver—

165 1570 222 1593 bum
235 1571 333 1600 duplici-

102 1255 125 1288 De
102 1058 126 1238 manifestatione
103 971 127 1041 Verbi
104 931 127 954 in
104 822 133 914 speciali

174 1604 207 1625 ter
218 1608 238 1625 c.
252 1603 273 1630 ι1,
286 1602 323 1625 43.

782 154 952 184 COMMENT.
974 156 1006 184 lN
1027 155 1181 185 lOANNEM.

888 282 1010 316 Scaeam
1035 283 1073 316 ΙΙ.

369 386 480 415 primum,
490 387 626 422 deduarum
641 394 647 439 ἐ
663 387 693 409 de
709 387 761 423 ipso
777 394 928 416 praecursore
945 391 1063 417 ponuntur
1080 392 1179 418 quatuor
1197 393 1240 413 etc.

366 421 501 441 naturarum
518 421 615 441 verltate
663 419 693 441 de
709 418 799 442 Christo
818 420 859 442 tria
876 423 920 443 etc.

370 480 546 507 secundum,de
553 480 628 508 bapti·
664 481 788 503 testimonii
806 481 930 509 perhibitio
947 484 990 505 etc.

401 512 467 534 zandi
484 514 597 540 potestate
664 512 786 534 testimonii
804 512 962 536 corroboratio
978 516 1022 536 etc.

420 589 424 593 .
608 589 613 594 .
628 576 630 578 ’
666 574 714 601 ipsa
732 574 860 597 testificatio

375 591 476 617 temum'
492 589 522 612 de
542 592 625 612 sanem*
640 574 649 665 ζ
665 605 832 633 discipulorum
850 607 972 629 conversio

478 623 523 643 me
665 642 833 659 conversorum
851 638 967 666 susceptio

1153 702 1243 724 vocatio
1261 702 1371 730 simplicis
1387 715 1418 720 —
1435 705 1457 725 et
1474 704 1583 732 sapientis

836 715 1003 744 diseipfflomm
1021 716 1111 739 vocatio
1130 719 1136 765 ξ
1152 734 1229 756 vocati
1241 734 1344 756 attractio
1358 746 1388 751 —
1397 735 1485 757 attracti
1497 735 1640 758 confirmatio

594 730 747 753 manifestatio
768 731 796 753 fa-

610 764 645 784 cta
663 762 781 790 discipulis

838 794 989 817 manifestatio
1006 794 1061 822 ipsis
1080 796 1136 818 sacta
1154 801 1195 823 per
1214 796 1352 819 miraculum

1035 858 1176 880 auctoritatis

837 877 880 901 per
901 872 993 900 Signum
1012 861 1019 906 ἒ
1036 889 1155 916 potestatis

813 731 822 955 mm

837 956 879 978 per
896 950 995 973 verbum
1013 951 1148 974 eruditionis
1167 963 1172 981 ς
1189 952 1307 980 diligentia
1325 953 1443 976 Nicodemi
1461 957 1504 976 etc.

585 964 736 987 manifesmm
746 966 803 987 saeta
947 988 966 1004 c.
984 983 1006 1010 3,
1025 983 1045 1005 l.
1166 984 1172 1007 l
1189 984 1290 1006 doctrina
1310 984 1400 1007 Domini
1417 988 1461 1007 etc.

364 979 442 1008 ‘³⁰⁰²‘d
452 979 560 1002 ⁶⁰¹¹dffi0·
592 996 681 1019 1udaeis
694 1002 712 1019 c.
726 998 747 1024 2,
758 997 796 1019 63.

364 1016 406 1033 nes
413 1017 441 1034 ex
450 1014 515 1040 parte
524 1017 560 1034 eo-

366 1042 557 1096 Γῑῶᾞῃᾙὲὲὲῗέἒοθῑ
571 1041 576 1054 Ι
834 1065 877 1087 per
894 1060 1068 1083 Sacramentum
1081 1067 1147 1089 rege-

360 1110 381 1127 c.
390 1105 558 1132 i,43—4,54.
844 1091 968 1114 nerationis
985 1098 1004 1114 c.
1023 1092 1044 1119 3,
1062 1093 1145 1115 22-36.

1193 1046 1323 1074 baptismus
1340 1046 1422 1070 Christi
1440 1051 1462 1070 et
1479 1048 1570 1071 loannis

1192 1078 1246 1100 iude
1262 1080 1339 1101 exorta
1356 1079 1460 1107 quaestio

1192 1109 1333 1138 quaestionis
1349 1110 1510 1133 determinatio

591 1183 743 1206 manifestatio
764 1184 793 1206 sa·
809 1122 819 1238 ἔ
834 1169 982 1196 praedicandi
999 1170 1160 1198 opportunitas
1180 1171 1263 1200 duplex
1281 1175 1324 1195 etcl

591 1217 626 1237 cta
644 1215 793 1237 samaritanis

646 1252 658 1268 c
684 1246 698 1268 4
723 1247 732 1268 4
834 1231 1009 1259 praedicationis
1046 1233 1186 1260 praedicatio
1197 1235 1254 1256 sacta
1270 1235 1397 1271 specialiter
1416 1236 1505 1258 mulieri
1516 1239 1569 1272 flete..

660 1262 666 1269 ‘
701 1264 706 1274 '
739 1263 745 1269 ⁸
881 1263 955 1285 forma
1107 1273 1118 1284 n
1217 1274 1227 1285 »
1267 1269 1420 1288 communiter
1434 1267 1583 1290 samaritanis
1595 1270 1638 1290 ete.

581 1324 735 1347 manifestatio
743 1325 799 1347 facta
834 1324 855 1347 in
872 1325 905 1347 els
922 1325 1026 1348 desectus
1042 1327 1184 1350 reverentiae
1201 1340 1232 1344 —
1249 1330 1271 1350 et
1288 1328 1340 1351 ndei

569 1355 686 1383 lGalilaeis
696 1361 716 1378 c.
731 1355 752 1383 4,
762 1324 816 1378 43.ἦ
832 1356 962 1384 impetratio
980 1358 1084 1380 miraculi
1102 1371 1131 1374 —
1148 1359 1276 1382 aedificatio
1295 1360 1348 1383 ndei

797 1418 935 1441 miraculosa
951 1420 1039 1442 sanatio
1057 1423 1100 1443 etc.

797 1450 922 1472 curationis
939 1451 1085 1474 calumniatio
1103 1457 1123 1474 c.
1140 1453 1162 1479 5,
1181 1453 1203 1475 9.

797 1544 980 1567 calumniationis
996 1551 1049 1567 con-

797 1575 875 1597 futatio
887 1582 929 1604 per
941 1577 1049 1599 ostensio-

797 1612 849 1629 nem
867 1607 983 1635 potentiae

859 1644 880 1660 c.
899 1639 921 1665 5,
940 1639 976 1661 18.

600 1560 672 1581 torem
684 1558 704 1580 in
717 1565 756 1587 pa·
1324 1548 1456 1571 declarandi
1474 1549 1532 1571 ratio

599 1590 756 1618 ralyticisana-

564 1526 572 1642 ἕ
595 1526 679 1555 primo,
692 1533 756 1550 cura-

600 1621 662 1643 tione
678 1627 697 1644 c.
715 1621 738 1644 5.

1064 1520 1074 1683 ἓ
1089 1515 1111 1536 in
1128 1516 1228 1542 generali
1246 1518 1288 1538 etc.
1302 1517 1308 1561 ς
1325 1517 1492 1544 magnitudinis
1509 1517 1634 1540 declaratio

1119 1640 1218 1663 claratnr

800 1701 960 1723 confutationis
975 1701 1092 1724 roboratio
1112 1704 1116 1721 t
1133 1703 1254 1725 testimonii
1272 1704 1384 1727 certitudo
1401 1707 1445 1727 etc.

890 1738 909 1754 e.
928 1732 949 1759 5,
967 1733 1004 1755 31.
1111 1724 1116 1746 ³
1133 1734 1269 1757 ludaeorum
1286 1736 1435 1763 reprehensio
1453 1739 1495 1759 etc.

797 1815 881 1839 pnmo'
893 1812 1017 1834 ‘'eseenone
1026 1813 1142 1840 corps'mh
1158 1796 1167 1889 ὲ
1182 1829 1259 1857 quoad
1277 1830 1452 1852 concomitantia
1470 1836 1512 1858 per
1529 1830 1571 1853 tria
1588 1833 1632 1853 etc.

590 1855 701 1883 secundo,
711 1861 763 1879 con·
828 1841 943 1870 dfflfflp‘a

606 1890 747 1910 servatorem

644 1924 664 1941 ⁰·
682 1918 702 1940 6-
787 1927 1009 1954 secundo,resectio-

818 1965 848 1981 ne
864 1959 975 1987 spirituali

849 1995 871 2013 c.
889 1991 911 2018 6,
929 1990 958 2013 34

1041 1921 1161 1944 turbarum
1179 1923 1284 1945 excitatio
1301 1925 1344 1946 etc.

1040 2000 1124 2028 duplex
1145 2001 1238 2023 refectio
1259 2001 1383 2029 spiritualis
1401 2001 1408 2044 ζ
1596 2027 1606 2038 ῃ

365 2057 442 2086 quoad
466 2058 543 2081 condi-

360 2088 433 2111 tiones
444 2095 471 2112 ex
484 2091 549 2117 parte

366 2119 435 2142 Verbi
453 2121 545 2144 manife-

359 2151 410 2173 stati
421 2157 447 2174 se
458 2152 551 2175 manile·
775 2162 776 2166 ¹
792 2153 866 2177 verbo
877 2155 995 2177 doctrinae

355 2184 400 2205 stat
411 2188 431 2205 c.
444 2182 458 2205 5
469 2194 501 2200 —
513 2184 549 2206 42.

1036 2078 1141 2100 Doctoris
1158 2085 1208 2106 pro·
1228 2087 1232 2130 ἓ
1253 2079 1326 2107 ipsius
1342 2080 1463 2103 occultatio
1480 2083 1523 2103 etc.

1068 2110 1151 2137 palatio
1253 2111 1334 2133 occulti
1351 2112 1503 2134 manifestatio
1520 2114 1564 2135 etc.

1035 2202 1154 2238 doctrinae
1171 2209 1273 2226 commu·
1288 2174 1297 2290 ἓ

1067 2238 1150 2257 nicauo

595 2293 661 2316 tertio
668 2310 674 2321 ‚
691 2294 752 2317 dire-

595 2328 682 2347 ctorem
695 2328 717 2348 et
729 2326 751 2348 il·
825 2341 830 2347 .
1021 2342 1026 2347 .
1107 2328 1217 2351 mirabilis
1234 2329 1296 2351 caeci
1315 2329 1449 2352 illuminatio
1466 2333 1509 2353 cte.

599 2356 745 2380 lustratorem
800 2342 911 2396 mffacmg
934 2345 1056 2396 {menuae
1107 2360 1282 2382 Pharisaeorum
1300 2361 1434 2389 disceptatio
1452 2364 1495 2384 etc.

610 2394 630 2410 c.
648 2388 735 2411 7-40.
911 2390 915 2396 “
950 2391 956 2396 “
1107 2392 1232 2419 spiritualis
1248 2392 1310 2414 caeci
1328 2393 1462 2415 illuminatio
1479 2396 1523 2415 etc.

1104 2469 1125 2491 in
1143 2469 1252 2497 parabola
1264 2470 1401 2493 describitur
1416 2470 1455 2493 bo·
1471 2456 1479 2547 ἔ

1135 2507 1178 2522 nus
1195 2505 1273 2528 pastor

789 2522 894 2549 exemplo
911 2521 986 2544 bonae
1002 2522 1063 2545 vitae

889 2558 909 2575 c.
927 2554 964 2576 lO-

1104 2594 1212 2621 parabola
1225 2595 1345 2622 exponitur
1356 2598 1378 2618 et
1395 2595 1457 2618 Chri·
1473 2580 1481 2672 ἑ

1134 2628 1168 2648 sto
1185 2626 1308 2653 adoptatur

1241 2703 1383 2726 denuntiatio
1401 2704 1537 2727 infirmitatis
1554 2707 1599 2727 etc.

1240 2734 1352 2757 adventus
1370 2735 1451 2757 medici
1469 2738 1512 2758 etc.

833 2762 862 2785 de
886 2763 1073 2787 antecedentibus
1095 2764 1190 2787 miracu-

578 2795 667 2821 quart0‚
673 2794 800 2821 perrectum
988 2796 1035 2818 lum

599 2826 756 2852 reparatorem
777 2825 799 2848 in

600 2855 773 2878 resuscitatione

600 2886 677 2909 Lazari
695 2893 715 2909 c.
735 2888 771 2910 Μ.

1238 2860 1352 2881 exauditio
1369 2860 1461 2887 pietatis
1478 2863 1521 2883 etc,

1215 2881 1218 2888 ι

835 2934 864 2957 de
881 2935 931 2963 ipso
947 2936 1057 2959 miraculo
1101 2921 1177 2943 Lazari
1196 2921 1285 2944 vocatio
1303 2922 1439 2950 potestativa
1455 2934 1486 2940 —
1502 2924 1643 2946 resuscitatio

1364 1651 1375 1662 »
1442 1643 1463 1665 in
1481 1643 1605 1665 iudicando
1624 1645 1667 1665 etc.

1237 2797 1368 2819 intercessio
1385 2797 1434 2820 sive
1451 2798 1557 2821 meritum
1578 2798 1629 2822 ndei
1653 2791 1662 2836 f

1089 1609 1111 1630 in
1129 1609 1220 1637 speciali
1244 1609 1281 1632 de·
1299 1619 1305 1664 ζ
1322 1611 1422 1638 potentia
1441 1611 1463 1633 in
1481 1611 1624 1634 vivificando
1641 1614 1684 1634 etc.

1183 1797 1261 1826 quoad
1278 1798 1436 1821 antecedentia
1453 1805 1495 1827 per
1511 1801 1611 1828 quatuor
1628 1801 1671 1822 etc.

1182 1860 1260 1889 quoad
1278 1862 1440 1890 consequentia
1458 1868 1500 1889 per
1516 1864 1616 1890 quatuor
1633 1864 1676 1884 etc.

1416 1987 1544 2010 secundum
1562 1990 1668 2010 naturam
1684 1986 1786 2010 divinam
1802 1989 1846 2009 etc.

1471 2027 1482 2038 ¹)

1669 2020 1793 2041 humanam
1802 2021 1845 2041 etc.

1313 2174 1442 2196 confutatur
1459 2174 1594 2197 ludaeorum
1612 2174 1753 2202 perversitas
1769 2177 1812 2196 etc.

1312 2267 1470 2290 manifestatur
1487 2267 1603 2290 doctrinae
1620 2267 1727 2290 nobilitas
1744 2270 1786 2290 etc.

1495 2456 1571 2484 quoad
1590 2455 1722 2483 ingressum

1528 2496 1538 2507 u
1589 2487 1699 2509 indicium

1526 2527 1537 2539 ι»
1589 2518 1690 2540 officium
1708 2520 1750 2540 etc.

1497 2580 1575 2609 quoad
1591 2580 1722 2608 ingressum
1740 2583 1782 2603 etc.

1591 2612 1698 2634 affectum
1715 2614 1757 2634 etc.

1528 2651 1538 2663 ι»
1592 2643 1701 2665 indicium
1719 2645 1761 2665 etc.

1687 2784 1786 2807 Marthae
1797 2788 1839 2808 etc.

1687 2816 1770 2838 Mariae
1786 2820 1829 2839 etc.

813 2968 817 2979 X
1101 2952 1162 2980 ligati
1180 2953 1261 2975 solutio
1278 2965 1308 2969 —
1324 2954 1421 2976 aliorum
1440 2954 1475 2976 vel
1492 2954 1632 2982 aedificatio,
1650 2956 1685 2977 vel
1703 2956 1827 2979 destructio
