2296 3316
327 187 384 216 xvi
1039 181 1281 211 PROLEGOMENA
1302 181 1330 210 C.
1353 181 1382 209 li.

328 266 424 294 postillis
441 265 567 294 explicasse
594 265 628 294 (ut
653 264 722 293 aliqui
741 262 902 292 tradiderunt).
921 263 952 285 De
970 262 1067 290 singuiis
1084 261 1181 290 postillis

328 314 425 344 iot'1uens
446 316 520 341 notat,
538 313 617 341 plures
642 316 721 334 earum
740 311 807 333 etiam
825 310 874 333 aliis
892 309 974 337 tribui,
992 313 1014 332 et
1031 314 1116 337 anceps
1133 312 1180 337 est,

328 361 364 384 cui
382 360 543 383 attribuendae
560 359 605 381 sint
622 358 726 381 Postillae
744 358 765 380 in
784 357 896 385 Epistolas
913 357 936 379 S.
954 356 1030 378 Pauli:
1043 354 1137 378 Dedite
1155 354 1180 377 in

329 408 403 431 lucem
423 407 542 437 yenlittm,
560 413 621 436 quac
633 406 719 434 pluries
737 406 865 434 impressae
882 407 935 427 sunt
952 401 996 426 sub
1014 403 1109 425 nomine
1126 403 1180 425 Gor-

328 457 391 483 rani‚
416 458 494 478 utrum
519 455 568 477 50114
593 454 649 483 ipsi,
674 460 703 476 an
726 454 761 475 Fr.
779 453 846 475 Petro
869 458 880 474 a
907 451 1041 474 Tarantasia
1065 450 1181 479 (innocen-

330 505 360 527 tio
379 503 424 532 V.),
441 503 477 525 cui
503 509 515 525 a
538 501 735 530 contemporaneo
758 501 825 523 Petro
843 506 854 522 a
872 499 959 522 palude
980 497 1134 521 ascribuntur.
1151 510 1182 514 —

329 551 375 574 Sed
399 550 429 573 de
454 551 498 573 hoc
523 549 596 572 dubio
619 549 642 571 Ρ.
667 547 750 570 Fidelis
775 553 787 569 a
811 547 890 569 Fanna
917 546 992 575 (Ratio
1016 552 1092 568 novae
1118 545 1183 568 colle-

329 598 411 622 ctionis
427 601 471 621 etc.
488 604 542 626 pag.
565 597 606 619 130
627 597 648 619 in
668 596 731 624 uota)
750 595 822 618 dicit:
846 604 857 615 ει
873 595 922 623 Ego
942 600 999 616 vero
1022 590 1182 623 quaestionem

330 648 390 669 hanc
407 645 534 668 certifflime
555 644 645 667 solvere
670 649 780 671 possum,
797 642 851 671 quia
869 642 954 664 multos
971 641 1064 663 codices
1080 640 1182 668 optimae

330 696 397 716 notae
422 692 498 720 reperi
523 691 604 714 eadem
633 689 798 713 commentaria
828 689 893 711 l‘ctro
919 694 930 710 a
957 687 1090 710 Tarantasia
1118 678 1183 709 adse-

330 743 406 763 rentes
418 749 440 762 π.
457 740 483 762 Et
500 745 582 767 reapse
605 738 637 761 sic
662 740 751 761 051-
767 737 839 760 Porro
863 736 891 759 de
916 736 1018 765 quadam
1045 735 1133 764 postilla
1160 735 1181 758 in

331 788 401 810 Actus
419 786 581 815 Apostolorum
599 787 662 807 notat
687 784 798 811 Ecum-d„
824 789 875 805 cam
902 783 1022 811 incipere:
1048 780 1130 805 Scribe
1152 780 1183 804 vi-

331 840 383 857 sum
403 835 424 857 et
441 832 545 863 ezrplaua
562 838 628 856 eum.
646 835 667 854 et
685 831 772 860 plurIes
789 831 875 853 editam
893 836 943 853 esse
961 828 1005 852 sub
1017 830 1112 852 nomine
1129 829 1183 851 Gor-

331 882 392 908 rani,
410 881 450 904 setl
476 881 526 909 ipse
551 880 636 903 indicat
659 879 722 908 (pag.
750 879 790 901 iii
813 880 848 906 al:
869 888 880 898 ιι
897 879 1001 900 Gorrano
1027 876 1182 899 abiudicanda

331 929 431 955 videtur,
448 934 489 951 seu
507 933 567 956 quae
585 926 700 955 ipsissima
718 926 746 948 sit
764 926 859 948 totidem
875 924 954 947 verbis
971 930 984 946 a
1002 924 1077 952 capite
1094 924 1123 946 ad
1141 924 1184 946 cal-

331 982 395 1001 cem,
414 978 437 998 ut
455 975 532 1002 aiunt,
549 974 654 1002 lingonis
671 981 682 996 a
702 974 724 996 S.
741 973 817 996 Charo
827 981 848 995 u.
861 985 892 989 ——
905 973 975 995 Porro
993 972 1022 994 de
1039 972 1081 994 alia
1094 971 1183 999 postilla

332 1022 412 1045 habet:
433 1032 444 1042 α
457 1022 501 1045 Etsi
520 1022 608 1044 Postilla
627 1021 715 1049 primae
733 1021 762 1042 ad
780 1020 912 1043 Corinthios
937 1019 1019 1042 codem
1038 1025 1107 1041 versu
1127 1018 1183 1040 Seri-

333 1074 426 1097 piuraez
446 1068 525 1092 Enoch
541 1068 634 1098 placuit
652 1068 712 1095 Dro,
732 1067 835 1096 incipiat,
854 1073 901 1096 quo
927 1073 1009 1090 excusa
1028 1066 1072 1089 sub
1089 1066 1183 1089 nomine

332 1116 441 1143 Gorrani,
459 1116 481 1138 id
498 1116 573 1138 solum
592 1114 705 1143 probare,
722 1118 841 1138 auctorem
862 1115 990 1142 impressae
1007 1120 1075 1136 usum
1094 1114 1183 1136 Postilla

332 1163 434 1186 Guerrici
453 1163 511 1191 (scil.
528 1164 564 1185 Fr.
581 1162 685 1185 Guerrici
702 1162 732 1185 de
749 1165 829 1185 sancto
841 1162 950 1191 Quintino
962 1162 1018 1185 Ord.
1030 1162 1110 1184 Praed.
1123 1162 1184 1184 circa

333 1217 370 1232 an.
387 1209 467 1239 1214),
485 1209 521 1232 cui
541 1212 617 1232 tamen
636 1210 700 1237 plura
719 1209 847 1236 addiderit;
865 1208 898 1231 sic
915 1208 977 1231 idem
995 1208 1017 1230 in
1035 1208 1136 1236 Epistola
1154 1208 1183 1230 ad

334 1258 444 1286 Ephesios
462 1264 518 1280 usus
535 1260 569 1280 est
585 1256 757 1280 Commentario
775 1257 797 1279 S.
815 1254 920 1279 Thomae
942 1256 972 1279 (le
990 1256 1092 1285 Aquino,
1111 1257 1185 1285 prolo-

334 1311 390 1332 gum
408 1305 502 1328 totidem
515 1303 594 1327 verbis
611 1304 731 1332 exscripsit
749 1307 772 1326 ct
788 1307 862 1326 cetera
882 1304 929 1326 sere
946 1304 1037 1331 omnia,
1050 1303 1080 1326 ita
1093 1306 1185 1331 tamen,

334 1356 358 1374 ut
374 1352 501 1374 identidem
520 1352 585 1380 plura
602 1351 728 1374 adiiciat».
745 1352 806 1374 Haec
824 1351 951 1374 Echardus.

397 1400 501 1427 ignotum
520 1399 561 1421 suit
576 1398 694 1427 Echardo,
712 1399 776 1427 quod
793 1399 862 1420 etiam
875 1398 973 1421 aliorum
986 1401 1108 1421 auctorum
1120 1397 1186 1421 Com-

334 1447 439 1469 mentarii
458 1446 525 1468 simili
543 1446 614 1469 modo
631 1446 653 1468 in
671 1446 792 1469 codicibus
810 1446 959 1468 inveniuntur
977 1445 1021 1468 sub
1038 1445 1133 1468 nomine
1151 1445 1186 1468 Ni-

334 1494 390 1517 colai
408 1495 437 1517 de
455 1495 556 1521 Gorran,
575 1494 597 1516 in
614 1494 692 1522 specie
709 1493 895 1516 Commentarius
912 1494 935 1515 S.
960 1493 1138 1515 Bonaventurae
1164 1491 1195 1515 in'

334 1543 455 1569 loannem,
472 1542 502 1564 de
518 1548 566 1571 quo
584 1541 640 1564 inira
657 1541 732 1569 plura.
750 1541 799 1564 Non
816 1540 887 1569 igitur
905 1541 954 1563 sine
967 1541 1117 1563 fundamento
1134 1540 1187 1563 scri-

334 1590 379 1618 psit
397 1590 419 1612 Ρ.
436 1589 520 1612 Fidelis
537 1595 549 1611 a
566 1589 642 1611 Fanna
667 1588 719 1618 (ioc.
742 1589 778 1611 cit.
802 1590 856 1617 pag.
875 1587 943 1617 tem:
964 1589 1107 1611 «Familiare
1123 1589 1184 1611 enim

336 1637 377 1659 suit
402 1637 505 1659 Gorrano
527 1637 626 1659 aliorum
644 1636 735 1664 scriptis
752 1637 785 1659 sie
803 1637 846 1665 uti,
865 1639 889 1659 ut
906 1636 972 1664 plura
989 1636 1078 1659 eisdem
1097 1636 1126 1659 de
1144 1643 1187 1659 suo

335 1685 461 1707 identidem
480 1684 581 1711 addens,
599 1684 648 1706 aliis
665 1688 745 1712 postea
762 1690 823 1713 quae
840 1684 937 1707 aliorum
949 1687 1004 1707 sunt
1020 1685 1070 1707 eius
1087 1691 1138 1708 esse
1156 1685 1187 1707 vi-

335 1731 476 1753 derentur».
493 1743 525 1747 —
542 1731 603 1753 Haec
620 1729 722 1754 breviter
739 1731 837 1754 dicenda
850 1734 926 1760 erant,
940 1734 963 1754 ut
975 1734 1098 1760 constaret,
1115 1738 1186 1761 quam

335 1778 495 1801 auctoritatem
514 1777 613 1801 habeant
630 1778 722 1801 codices
738 1784 751 1801 a
769 1777 837 1801 nobis
854 1779 952 1807 citandi,
968 1779 1008 1808 qui
1021 1778 1115 1808 aliquod
1127 1785 1188 1807 opus

335 1826 438 1848 Gorrano
456 1824 567 1848 tribuunt.

398 1872 412 1901 ‘5
430 1874 449 1895 3.
468 1872 498 1895 De
515 1871 679 1896 commentario
697 1872 721 1895 in
738 1871 900 1896 Ecclesiasten.

398 1920 512 1948 Prologus
536 1920 627 1949 incipit:
646 1920 733 1944 Beatus
755 1920 805 1949 vir,
826 1927 894 1944 cums
912 1922 947 1944 est
962 1926 1049 1944 nomen
1066 1920 1188 1944 Domini...

336 1966 409 1995 Cum,
427 1967 488 1991 sicut
506 1967 558 1991 vult
573 1967 655 1991 beatu-s·
672 1967 809 1999 Dionysius.

399 2015 445 2037 Soli
462 2014 563 2038 editores
580 2015 660 2038 Veneti
679 2013 805 2044 (Diatribae
822 2021 878 2043 pag.
896 2015 941 2037 106
966 2015 1025 2045 seq.)
1044 2016 1106 2038 hunc
1123 2015 1188 2038 Com-

336 2062 475 2085 mentarium
494 2063 516 2085 S.
538 2064 715 2086 Bonaventurae
740 2062 887 2090 abiudicant3
904 2063 944 2085 sed
971 2063 1085 2091 rationes,
1102 2062 1189 2092 quibus

336 2110 470 2138 opinionem
487 2116 554 2133 suam
573 2111 653 2133 fulcire
669 2111 785 2139 nituntur,
804 2113 858 2133 sunt
878 2111 999 2133 manifeste
1016 2111 1086 2133 salsae
1103 2113 1125 2133 et
1143 2110 1188 2133 ia'm

336 2164 348 2179 a
367 2157 475 2180 Sbaralea
493 2158 625 2187 (Supplem.
642 2164 696 2186 pag.
723 2157 777 2186 172)
804 2161 826 2181 et
851 2158 937 2181 Bonelli
960 2159 1051 2187 (Prodr.
1068 2159 1111 2181 001.
1134 2158 1188 2188 631)

336 2205 391 2227 satis
408 2206 526 2228 discussae
538 2209 560 2228 et
571 2206 710 2228 consutatae.
727 2206 759 2228 Ne
776 2209 826 2228 acta
844 2211 954 2235 agamus,
971 2206 1070 2229 sufficiat
1088 2206 1124 2229 liic
1137 2206 1186 2229 bre·

337 2252 395 2274 viter
413 2255 505 2280 notare,
523 2253 605 2276 salsum
628 2256 678 2276 esse
703 2252 766 2283 quod
793 2253 874 2277 Veneti
897 2253 990 2281 dicunt,
1006 2254 1190 2277 nomenclatores

337 2299 366 2321 de
383 2300 427 2322 hoc
444 2299 616 2323 Commentario
633 2300 810 2324 Bonaventurae
835 2302 909 2324 silere.
935 2301 991 2324 Nam
1009 2304 1101 2330 praeter
1118 2301 1190 2324 Ptolo-

337 2352 429 2369 maeum
456 2348 583 2371 Lucensem
603 2351 732 2371 memorant
752 2353 805 2371 eum
829 2348 927 2377 catalogi
940 2344 1022 2377 ⁴supra
1041 2348 1054 2377 ἐξ
1074 2350 1093 2371 i.
1111 2355 1133 2371 n.
1156 2349 1189 2371 19.

337 2397 359 2416 et
376 2394 414 2416 20.
432 2395 502 2417 relati.
520 2395 615 2418 Accedit
631 2396 788 2418 testimonium
808 2396 910 2424 plurium
934 2396 1041 2419 codicum
1060 2396 1136 2419 bonae
1153 2403 1190 2418 no-

338 2443 373 2462 tae
394 2441 450 2463 inira
467 2442 601 2464 relatorum.
618 2442 672 2465 item
691 2443 777 2465 nullius
794 2446 828 2465 est
846 2443 970 2470 momenti,
995 2443 1032 2465 vel
1050 2443 1129 2471 potius
1150 2443 1190 2465 sal-

337 2493 403 2514 sum,
420 2489 484 2517 quod
501 2489 570 2511 iidem
589 2489 678 2518 dicunt,
696 2490 759 2519 quod
786 2490 903 2519 expositor
920 2490 948 2513 sit
969 2499 978 2510 n
992 2491 1045 2519 plus
1067 2489 1128 2513 iusto
1154 2496 1191 2513 cu-

339 2535 413 2557 riosus
436 2541 462 2557 ac
480 2535 501 2558 in
518 2536 711 2565 philosophorum
737 2537 903 2565 systematibus
920 2538 1059 2566 indagandis
1077 2538 1191 2566 explican-

339 2582 422 2611 disque
448 2583 518 2606 nimio
543 2584 596 2612 plus
620 2588 735 2608 versatus.
761 2584 778 2608 A
804 2592 849 2615 qua
873 2592 898 2608 re
923 2592 1017 2614 semper
1043 2586 1130 2609 alienus
1149 2586 1192 2609 ruit

339 2630 500 2653 Bonaventura
512 2639 534 2653 ιτ.
552 2632 601 2659 lpse
618 2631 679 2654 enim
702 2631 760 2655 liber
783 2632 932 2656 Ecclesiastae
949 2633 1074 2662 expositori
1092 2633 1191 2656 occasio-

340 2683 392 2699 nem
415 2678 479 2701 dedit
508 2678 622 2707 quasdam
649 2680 797 2708 quaestiones
822 2680 994 2709 philosophicas
1019 2682 1056 2703 vel
1083 2681 1192 2709 physicas

341 2725 461 2753 tangenrii3
479 2729 501 2748 et
518 2727 561 2749 hoc
579 2726 631 2749 fecit
643 2731 724 2750 auctor
736 2728 864 2750 admodum
877 2728 954 2751 sobrie
966 2731 988 2751 et
1000 2727 1115 2756 breviter,
1133 2729 1192 2751 sicut

341 2771 408 2794 ctiam
427 2772 450 2794 in
467 2773 517 2795 aliis
534 2773 645 2801 operibus
663 2773 737 2797 iacere
755 2775 819 2797 solet.

403 2819 510 2842 Ceterum
529 2823 551 2842 et
567 2820 670 2843 doctrina
689 2823 711 2842 et
727 2821 792 2844 stilus
809 2821 914 2844 redolent
940 2823 1058 2851 ingenium
1077 2822 1192 2851 seraphici

341 2866 445 2888 Doctoris
464 2866 511 2891 (ci'r.
530 2867 609 2889 Prodr.
627 2867 671 2889 100.
688 2867 745 2896 cit.)‚
772 2869 906 2896 praesertim
930 2870 1054 2897 prologus,
1071 2870 1112 2898 qui
1130 2869 1191 2892 inve-

341 2913 403 2935 nitur
419 2914 487 2936 etiam
500 2912 523 2936 in
536 2914 669 2937 collectione
687 2915 825 2938 Sermonum
839 2916 1026 2945 Bonax‘enturac,
1039 2922 1110 2945 quem
1123 2916 1193 2940 habet

341 2961 393 2984 cod.
414 2961 522 2991 antiquus
540 2962 681 2985 Tudertlnae
698 2961 859 2985 bibliothecae.

405 3009 480 3032 Prima
500 3009 568 3032 huius
584 3009 751 3033 Commentarii
769 3010 840 3033 editio
858 3012 915 3033 sacta
933 3015 967 3034 est
985 3012 1086 3034 Venetiis
1107 3012 1173 3035 ¹559.

1658 259 1674 282 i.

1349 321 1440 346 Codices
1456 328 1471 345 a.
1486 321 1551 345 nobis
1568 328 1617 345 oum
1637 320 1735 345 editione
1751 320 1867 345 Vaticana.
1884 319 1972 344 conati.

1307 402 1323 424 1.
1342 400 1428 425 Assia-ii
1444 401 1465 423 in
1484 400 1590 428 Umbria,
1614 400 1753 424 bibliotheca
1774 400 1908 424 Conventus
1930 400 2002 423 sancti
2024 401 2093 424 Fran-

1239 449 1306 476 cisci,
1324 448 1376 471 cod.
1394 447 1493 471 membr.
1510 448 1533 470 in
1552 448 1590 470 sol.
1607 453 1667 470 saec.
1690 447 1742 470 XiV
1760 447 1847 470 ineunt.
1870 450 1984 471 exaratus.
2001 448 2094 476 Exposi-

1240 496 1270 519 tlo
1288 495 1367 524 incipit
1384 496 1421 518 iol.
1434 496 1455 518 1.
1472 502 1509 523 v.‚
1521 495 1558 518 cui
1570 495 1646 523 prima
1658 500 1741 518 manus
1757 494 1890 523 praemisit:
1905 493 2005 518 Postilla
2020 501 2092 525 super

1240 543 1393 567 Ecclesiastes
1416 545 1438 567 et
1458 542 1577 573 Epistolas
1601 541 1678 566 Pauli.
1703 542 1791 565 Deinde
1813 542 1856 565 col.
1875 542 1895 565 1.
1919 541 2006 565 Beatus
2024 541 2091 565 vir...

1239 591 1324 622 falsas.
1337 591 1397 614 Cum
1408 590 1470 614 siout
1481 589 1563 614 beatus
1580 589 1708 621 Dionysius
1722 592 1765 612 etc.
1778 589 1865 612 Desinit
1878 589 1916 612 iol.
1928 589 1966 612 29.
1983 596 2002 612 r.
2014 590 2058 612 col.
2072 590 2093 612 1.

1240 645 1282 667 per
1299 638 1385 661 verba:
1402 637 1426 661 in
1444 639 1571 667 conspectu
1587 636 1672 661 iudicis
1690 638 1776 661 cuncta
1792 636 1920 660 servantis.
1937 635 2051 667 Explicit.
2063 649 2094 654 —

1241 687 1264 709 ln
1281 688 1358 708 nostra
1375 684 1476 708 editione
1492 684 1598 712 signatur
1615 684 1687 707 littera
1705 685 1732 707 A.

1305 733 1337 755 De
1355 733 1398 755 hoc
1416 731 1496 755 codice
1517 731 1608 754 locutus
1624 733 1659 754 est
1675 731 1699 754 Ρ.
1721 731 1804 754 Fidelis
1822 737 1834 753 a
1851 731 1928 754 Fanna
1952 731 2027 760 (Ratio
2049 733 2093 754 eto.

1241 786 1294 808 pag.
1313 779 1427 809 201-206)
1453 785 1555 808 eumque
1571 779 1644 801 littera
1662 779 1677 801 S
1698 778 1806 807 signavit.
1823 778 1881 801 Cum
1899 778 2055 807 observasset,
2071 778 2096 801 in

1242 828 1291 856 ipso
1308 833 1360 850 esse
1376 827 1448 849 multa
1465 826 1621 849 additamenta
1639 826 1669 849 ad
1681 823 1807 849 editionem
1826 826 1974 855 Vaticanum,
1992 826 2096 854 putavit,

1241 875 1335 897 lacunas
1347 873 1453 897 editionis
1464 873 1591 902 explendas
1602 879 1654 896 esse
1665 879 1692 896 ex
1704 874 1749 896 hoc
1758 873 1850 896 codice.
1872 873 2011 902 speciminis
2023 873 2096 902 gratia

1241 925 1367 952 utrumque
1384 924 1470 945 textum
1494 927 1520 944 ex
1537 921 1638 944 adverso
1659 921 1763 949 imprimi
1785 921 1887 948 curavit,
1911 923 1936 944 ut
1956 921 2027 944 lector
2049 927 2096 944 uno

1241 973 1366 998 conspectu
1384 969 1474 992 videret
1491 968 1643 992 differentiam
1661 969 1719 991 inter
1732 970 1864 997 utrumque.
1883 968 1929 991 Nos
1945 971 2036 996 autem,
2051 969 2098 991 edi—

1241 1017 1327 1039 tionem
1352 1022 1438 1039 novam
1463 1018 1571 1044 parantes
1588 1019 1610 1039 et
1635 1015 1743 1039 attentius
1767 1016 1860 1039 codices
1884 1015 1978 1039 collatos
1995 1016 2098 1039 conside-

1240 1067 1329 1092 rantes,
1346 1063 1461 1091 vidimus,
1479 1064 1501 1086 in
1517 1062 1688 1092 antiquioribus
1711 1062 1832 1086 codicibus
1854 1062 1936 1086 deesse
1958 1063 1993 1086 ilia
2011 1063 2097 1086 addita-

1242 1115 1331 1139 menta,
1348 1115 1371 1134 et
1387 1111 1451 1141 quod
1469 1111 1562 1133 maioris
1580 1111 1691 1133 momenti
1708 1113 1755 1139 est,
1772 1110 1854 1133 eadem
1872 1116 1923 1133 esse
1939 1110 2053 1139 exscripta
2070 1111 2096 1133 ex

1242 1160 1292 1183 aliis
1308 1158 1442 1182 auctoribus
1459 1165 1482 1181 v.
1500 1165 1522 1186 g,
1541 1164 1602 1188 quae
1619 1157 1642 1180 in
1661 1158 1804 1186 expositione
1825 1157 1917 1186 prologi
1935 1158 2013 1181 addita
2030 1161 2098 1186 sunt,

1242 1214 1269 1230 ex
1281 1207 1386 1234 Britone,
1395 1207 1437 1229 alia
1450 1206 1520 1229 multa
1533 1213 1559 1229 ex
1571 1206 1744 1229 Commentario
1755 1205 1823 1229 Card.
1836 1205 1942 1234 lingonis
1953 1212 1966 1228 a
1980 1206 2002 1228 S.
2015 1205 2098 1235 Charo,

1243 1255 1279 1278 vel
1296 1261 1324 1277 ex
1341 1254 1435 1277 Glossis.
1452 1254 1517 1277 Unde
1535 1256 1583 1276 tuto
1600 1253 1738 1276 concludere
1754 1253 1887 1282 potuimus,
1904 1253 1974 1276 istum
1992 1253 2098 1276 codicem

1243 1309 1289 1325 non
1306 1308 1357 1325 esse
1374 1305 1455 1330 aptum
1472 1301 1502 1324 ad
1519 1302 1614 1324 lacunas
1630 1301 1767 1330 explendas,
1784 1306 1828 1324 nec
1849 1301 2006 1324 additamenta
2027 1301 2100 1329 ipsius

1244 1350 1265 1373 in
1284 1353 1369 1373 textum
1387 1349 1529 1378 recipienda.
1546 1349 1646 1377 Excepta
1664 1350 1707 1371 hae
1724 1348 1865 1377 differentia,
1882 1347 1906 1371 in
1923 1348 1973 1371 aliis
1990 1348 2099 1371 convenit

1243 1403 1298 1421 cum
1315 1395 1451 1420 melioribus
1476 1396 1603 1419 codicibus.
1621 1409 1652 1413 —
1670 1397 1708 1419 Est
1724 1396 1867 1425 anonymus,
1892 1396 1956 1426 quod
1983 1396 2048 1419 facile
2072 1402 2098 1419 ex

1244 1444 1369 1474 praedictis
1385 1445 1520 1473 explicatur.

1308 1494 1330 1516 2.
1350 1492 1494 1521 cracoviae,
1517 1491 1657 1515 bibliotheca
1679 1491 1838 1515 Universitatis
1861 1491 2022 1520 lageilonicae‚
2045 1492 2097 1515 cod.

1244 1541 1271 1564 A.
1291 1542 1317 1564 A.
1336 1541 1383 1564 xli.
1400 1542 1423 1563 2.
1435 1541 1506 1563 chart.
1524 1540 1547 1562 in
1565 1540 1584 1562 i.
1598 1546 1659 1563 saec.
1678 1540 1730 1563 XV.
1748 1540 1770 1563 ln
1787 1539 1858 1562 asseri
1871 1539 1986 1562 exteriore
2002 1539 2099 1568 legitur:

1246 1588 1344 1613 Postilla
1361 1589 1529 1612 Bonaventura
1547 1593 1620 1617 supet·
1637 1586 1803 1611 Ecclesiasten.
1815 1587 1896 1616 incipit
1914 1587 1952 1610 sol.
1971 1587 1992 1609 1.
2009 1593 2041 1616 r.;
2058 1587 2099 1610 sed

1245 1637 1343 1666 prologo
1361 1636 1434 1659 sancti
1451 1636 1627 1658 Bonaventurae
1645 1633 1799 1663 praemittitur
1816 1634 1875 1657 alius
1896 1634 1967 1663 ignoti
1986 1634 2099 1662 auctoris,

1245 1684 1284 1713 qui
1302 1683 1335 1706 sic
1352 1683 1480 1706 exorditur:
1503 1683 1531 1705 ln
1547 1681 1644 1705 nomine
1667 1681 1764 1705 Domini
1779 1684 1822 1704 etc.
1841 1682 1873 1705 Et
1894 1680 1951 1712 qnia
1968 1687 2098 1712 aym-ossus

1244 1737 1300 1754 sum
1313 1729 1402 1754 tibrum
1414 1729 1576 1757 Ecclesiaste,
1589 1728 1632 1759 qui
1639 1728 1726 1759 plenus
1743 1729 1777 1752 est
1793 1728 1874 1752 divina
1890 1727 2015 1759 sapientia.
2033 1728 2098 1752 Circa

1245 1778 1315 1801 finem
1336 1778 1470 1801 continuat:
1488 1781 1586 1800 assumo
1604 1775 1703 1800 verbum
1722 1776 1849 1806 Propheta,
1867 1776 1910 1806 qm·
1925 1776 1995 1800 dicit:
2012 1776 2099 1800 Beatus

1245 1826 1283 1850 vir·
1295 1826 1364 1850 cuias
1381 1827 1416 1849 est
1431 1828 1475 1849 ete.
1491 1825 1579 1848 Desinit
1596 1825 1633 1847 sol.
1648 1825 1700 1847 122.
1713 1831 1736 1847 ν.
1747 1832 1752 1847 ;
1765 1823 1790 1847 in
1801 1823 1928 1854 conspectu
1946 1823 2031 1848 iudicis
2043 1830 2099 1848 cun-

1241 1867 1284 1898 ὀἱα
1301 1873 1426 1898 cernentis.
1443 1886 1474 1890 —
1491 1873 1600 1902 Signatur
1617 1873 1689 1895 littera
1706 1873 1731 1895 F.

1309 1923 1332 1945 ln
1350 1921 1394 1944 hoc
1411 1920 1492 1944 codice
1504 1920 1573 1943 textui
1591 1919 1698 1948 originali
1710 1920 1787 1943 adhuc
1804 1920 1877 1942 multo
1889 1919 1956 1948 plura
1974 1919 2100 1948 adduntur,

1247 1976 1318 1999 quam
1329 1969 1351 1992 in
1364 1968 1525 1997 praecedente.
1534 1980 1566 1985 —
1575 1969 1605 1991 Ex
1618 1968 1717 1996 prologo
1728 1967 1798 1990 valde
1809 1967 1894 1990 diffuso
1906 1970 1928 1990 et
1939 1967 1994 1990 satis
2005 1968 2102 1990 confuso

1246 2017 1354 2041 nonnulla
1372 2015 1532 2039 exscribimus.
1545 2016 1598 2038 Post
1613 2013 1732 2044 quandam
1745 2010 1926 2037 exhortationem
1938 2014 1969 2037 ad
1984 2014 2102 2037 auditores

1246 2065 1376 2088 continuat:
1393 2065 1515 2086 «Assumo
1528 2063 1583 2085 mihi
1601 2062 1700 2085 verbum
1719 2068 1762 2090 pro
1779 2061 1928 2084 fundamento
1943 2061 2102 2090 acquisitionis

1247 2112 1359 2141 sapientie
1371 2114 1393 2134 et
1404 2109 1602 2133 recommissionis
1614 2115 1679 2132 sacro
1691 2108 1806 2137 theologie
1817 2109 1929 2137 seriptum
1945 2108 2002 2137 (Act.
2013 2109 2053 2138 2.),
2070 2109 2103 2132 vi-

1247 2160 1330 2183 delicet
1347 2160 1404 2182 hoc:
1422 2157 1510 2182 Cecidit
1519 2163 1573 2181 sors
1584 2162 1657 2187 super
1675 2152 1804 2185 Mathiam,
1816 2156 1881 2186 quod
1894 2156 2018 2185 repetitum
2031 2156 2061 2186 (τ)
2078 2157 2102 2179 in

1247 2210 1348 2237 quatuor
1359 2204 1423 2229 libris
1434 2205 1599 2228 sententiarum
1612 2210 1654 2233 per
1666 2209 1704 2227 me
1715 2204 1793 2232 primo
1804 2205 1933 2226 assumtum
1953 2204 1975 2226 in
1987 2203 2102 2232 principio

1247 2261 1330 2278 cursus
1348 2253 1392 2276 mei
1405 2262 1426 2274 n.
1445 2253 1475 2275 Ex
1486 2258 1534 2282 quo
1551 2253 1626 2280 patet⁷
1644 2246 1704 2274 hunc
1716 2251 1840 2279 prologum
1858 2256 1909 2273 esse
1926 2250 1950 2273 id
1967 2250 2031 2279 quod
2049 2252 2102 2273 tunc

1248 2298 1411 2324 nominabatur
1419 2298 1568 2329 principium
1580 2304 1665 2322 sacrae
1677 2297 1829 2327 scripturae,
1845 2297 1874 2320 de
1886 2301 1934 2326 quo
1946 2303 1965 2319 0.
1980 2297 1988 2319 1
1996 2314 2001 2319 .
2013 2296 2026 2325 S
2039 2298 2059 2319 8.
2072 2297 2103 2320 10-

1248 2350 1293 2373 cuti
1306 2355 1398 2375 sumus,
1417 2355 1457 2371 seu
1470 2354 1496 2370 ea
1508 2347 1583 2376 prima
1595 2346 1673 2374 lectio,
1685 2352 1731 2375 qua
1744 2345 1910 2368 baccalaureus
1921 2344 2017 2374 quidam
2034 2351 2102 2368 suum

1248 2402 1359 2425 cursum,
1377 2396 1399 2419 id
1418 2398 1450 2418 est
1468 2394 1635 2423 expositionem
1653 2393 1722 2416 huius
1739 2392 1790 2415 libri
1809 2392 1900 2420 incepit.
1913 2405 1942 2408 --
1954 2391 2019 2415 Circa
2033 2392 2101 2414 finem

1248 2445 1277 2467 ita
1296 2444 1376 2467 transit
1392 2443 1422 2466 ad
1440 2446 1526 2466 textum
1544 2442 1566 2464 S.
1579 2442 1768 2464 Bonaventurae:
1788 2448 1800 2460 α
1812 2439 1861 2462 Dixi
1879 2440 1946 2462 tertio
1963 2439 1993 2462 de
2010 2439 2102 2468 speciali

1248 2491 1439 2515 rccommissione
1456 2489 1567 2518 sapientie
1584 2491 1607 2511 et
1623 2488 1718 2511 scientie
1735 2487 1804 2510 huius
1821 2486 1873 2509 iibri
1891 2487 2047 2510 Ecclesiastes.
2066 2487 2104 2509 As-

1248 2544 1316 2562 sumo
1328 2538 1427 2561 verbum
1435 2538 1560 2566 Prophete‚
1572 2536 1612 2565 qui
1624 2536 1691 2558 dicit:
1701 2535 1788 2558 Beatus
1800 2534 1845 2563 vir,
1858 2534 1926 2558 cuius
1938 2539 2025 2557 nomen
2034 2542 2044 2554 ιι
2061 2536 2103 2556 etc.

1248 2586 1311 2610 Dicit
1322 2585 1402 2609 beatus
1417 2584 1551 2615 Dionysius,
1568 2587 1593 2606 ut
1604 2584 1626 2606 in
1638 2580 1718 2610 e'ditis,
1730 2583 1772 2605 sed
1784 2588 1837 2605 cum
1851 2581 1929 2604 multis
1946 2581 2102 2609 variantibus,

1249 2637 1271 2656 et
1287 2633 1374 2662 passim
1392 2631 1550 2655 additamenta
1567 2631 1705 2657 occiirrunt,
1722 2635 1782 2659 qnae
1799 2634 1846 2651 non
1863 2634 1916 2651 raro
1933 2629 2048 2657 integi-am
2066 2634 2104 2656 pa-

1250 2683 1327 2710 ginam
1345 2681 1445 2709 explent.
1461 2679 1571 2708 Explicite
1584 2678 1637 2700 citat
1653 2677 1730 2706 ipsum
1742 2677 1944 2705 Bonavcnturam,
1963 2676 2019 2699 dum
2037 2681 2105 2704 expo-

1250 2733 1306 2750 nens
1316 2727 1404 2750 initium
1419 2726 1487 2749 huius
1500 2726 1564 2753 iibri,
1576 2725 1623 2748 scil.
1640 2724 1716 2748 Verba
1729 2723 1881 2748 Ecclesiastes
1894 2726 1949 2752 etc,
1961 2720 2029 2752 plura
2041 2721 2105 2746 ad'dit

1249 2778 1271 2798 ct
1283 2774 1375 2798 scribit:
1388 2783 1399 2795 «
1412 2773 1530 2802 Tempore
1542 2773 1604 2795 enim
1616 2768 1757 2799 Salomonis,
1769 2772 1797 2795 ut
1807 2771 1864 2795 dicit
1875 2770 2051 2798 bonaventura,
2069 2776 2103 2792 sa-

1250 2823 1335 2851 pientie
1352 2822 1454 2845 studium
1472 2820 1548 2849 viguit
1565 2821 1585 2842 in
1604 2817 1739 2847 ierusalem,
1756 2819 1811 2848 quia
1824 2824 1836 2839 ἠ
1851 2823 1894 2842 etc.
1910 2819 1978 2847 item,
1996 2818 2020 2840 in
2037 2817 2105 2846 exposs

1250 2870 1331 2892 sitione
1349 2870 1431 2892 versus
1449 2868 1514 2897 1,6;
1529 2874 1540 2888 «
1554 2864 1614 2890 Haec
1631 2866 1704 2890 littera
1721 2865 1853 2890 secundnm
1870 2865 2059 2889 bonacenturam
2072 2864 2105 2887 sic

1250 2917 1374 2945 exponitur
1385 2925 1408 2939 n.
1424 2928 1454 2933 —
1472 2913 1617 2938 Manifestum
1635 2913 1706 2942 igitur
1725 2917 1771 2941 est,
1788 2914 1894 2942 ignotum
1912 2912 2030 2942 quendam
2053 2911 2105 2934 bac-

1250 2964 1383 2987 calaureum
1409 2969 1452 2992 pro
1475 2966 1518 2986 sua
1542 2962 1617 2991 prima
1645 2961 1742 2985 lectione
1767 2959 1810 2984 sibi
1834 2960 2025 2984 accommodasse
2046 2961 2106 2988 opus

1253 3012 1275 3035 S.
1294 3013 1482 3034 Bonaventurae.
