2296 3316
342 174 398 203 XIV

343 252 434 281 prologi
451 252 556 280 initium,
573 252 622 275 aliis
639 254 717 274 tamen
734 250 813 273 verbis
829 250 947 273 exorditur
964 251 1066 279 primum
1085 249 1193 279 caputff)

342 299 461 326 eiusdem,
483 299 606 322 videlicet:
631 298 724 328 Spiritu
741 303 830 327 magno
848 297 906 321 vidit
922 297 1009 321 ultima
1022 306 1044 320 υ.
1062 297 1110 320 Non
1127 296 1194 324 dicit,

342 346 404 369 unde
429 348 486 369 haec
511 345 604 368 habent.
632 345 677 368 Sed
695 344 823 374 Wadding.
843 344 988 375 (Scriptores
1002 334 1058 374 etc.)
1077 348 1100 367 et
1117 344 1195 367 distin-

342 394 400 416 ctius
425 393 536 416 Sbaralea
560 394 628 422 (voce
656 392 749 421 Vitalis)
773 393 802 415 ita
820 392 850 415 de
868 393 959 415 Postilla
976 393 1045 415 huius
1062 392 1143 414 Vitatis
1165 392 1195 414 lo-

342 444 459 470 quuntur:
478 440 576 464 Postilla
593 440 618 464 in
634 440 820 470 Apocalypsim:
846 440 926 468 incipit
951 440 1079 468 prologus:
1102 439 1195 469 Spiritu

342 494 430 518 maqno
449 487 528 511 vidit...
545 488 625 517 lncipit
649 494 710 516 opus
734 494 775 510 seu
801 488 859 510 alius
880 487 1007 516 prologus:
1028 485 1194 510 praemittitur

342 536 422 558 autem
440 534 496 559 huic
512 534 573 558 libro
586 534 715 565 prologus.
732 535 803 557 Porro
821 537 874 562 post
891 534 1053 562 Waddingum
1071 536 1093 556 et
1109 533 1194 556 clarius

342 582 423 605 asserit
440 581 561 610 Sbara1ea,
578 583 638 605 hanc
654 582 769 610 postillam
787 582 810 604 in
827 581 992 609 Apocalypsim
1011 587 1056 603 una
1074 587 1127 603 cum
1146 580 1195 602 aliis

343 631 447 653 eiusdem
465 630 545 653 Vitalis
562 629 751 656 commentariis,
766 629 903 656 castigatam
916 634 937 650 a,
949 627 1064 651 Cardinali
1083 628 1194 655 Sarnano,

342 678 428 701 editam
445 682 495 700 esse
512 683 528 699 a
542 677 660 699 Bernardo
678 677 739 699 lunta
757 676 820 705 apud
838 676 975 699 Societatem
992 675 1108 698 Minimam
1121 675 1194 697 Vene-

342 726 378 750 tiis
396 725 464 748 ⁴59...
484 723 552 755 [sic]‚
577 730 678 753 eamque
694 724 788 752 haberi,
806 726 832 746 ut
846 729 921 752 supra
934 723 1047 750 diximus,
1064 722 1194 745 secundum

344 772 483 795 tabularium
501 772 560 794 sacri
571 771 705 795 Conventus
717 771 851 794 Assisiensis
869 771 891 793 in
908 770 982 793 tribus
994 769 1127 797 codicibus,
1138 775 1194 798 quo-

342 826 394 843 rum
412 825 473 842 imus
489 819 613 847 inscriptus
629 819 673 841 sit:
691 818 777 841 Frater
797 817 880 841 Vitatis
898 817 925 841 de
941 817 1035 841 Fui-010.

404 866 537 889 Praedictae
554 865 661 888 editionis
679 871 694 887 a
709 865 811 887 Sarnano
836 867 930 886 curatae
956 865 1044 886 nullum
1069 863 1193 891 vestigium

342 919 383 935 nec
401 912 503 935 Veneriis
520 918 562 935 nec
579 912 706 935 Florentiae
723 918 765 934 nec
783 912 872 934 Romae
888 911 1008 939 potuimus
1030 911 1150 938 invenire;
1172 913 1194 933 et

342 960 415 983 citatis
433 959 511 982 verbis
532 966 578 982 non
595 960 650 982 satis
667 959 826 982 determinatis
843 958 971 986 waddingi
987 961 1010 980 et
1027 957 1150 980 Sharaleae
1161 958 1195 980 in-

343 1007 414 1030 dicari
431 1007 537 1035 videtur,
555 1013 597 1030 nec
616 1007 678 1035 ipsos
695 1012 747 1029 eam
765 1006 852 1028 vidisse
870 1009 891 1028 ct
908 1005 1059 1028 examinasse.
1077 1005 1098 1027 Si
1117 1007 1194 1027 autem

341 1061 424 1077 revera
440 1055 527 1083 existit,
553 1052 732 1077 examinandum
755 1056 827 1080 esset,
848 1056 925 1076 utrum
944 1056 1035 1081 praeter
1053 1053 1194 1075 additionem

342 1103 401 1125 illius
422 1102 513 1131 prologi
530 1101 624 1131 Spiritu
641 1106 730 1131 maqno
753 1104 808 1129 etc.,
827 1101 848 1123 in
866 1100 915 1122 aliis
934 1106 978 1122 non
996 1100 1085 1123 differat
1102 1099 1132 1122 ab
1149 1099 1195 1122 edi-

342 1151 404 1173 tione
421 1156 433 1173 a
450 1150 537 1173 Bonelli
555 1151 626 1178 sacta,
649 1155 677 1171 an
696 1149 773 1177 potius
795 1148 919 1171 conveniat
943 1153 997 1170 cum
1023 1147 1196 1170 Commentario

341 1198 378 1221 Fr.
389 1197 479 1220 loannis
490 1196 618 1220 Guallensis
628 1196 777 1225 (Gnallensis,
790 1195 934 1224 Wallensis),
947 1195 986 1224 qui
1000 1201 1060 1217 saec.
1073 1195 1129 1218 Xlll.
1141 1195 1194 1217 scri-

341 1245 387 1273 psit
408 1244 523 1267 postillam
547 1244 568 1266 in
584 1243 763 1272 Apocalypsim‚
781 1242 847 1265 cuius
866 1243 979 1271 prologus
1002 1242 1090 1265 eisdem
1116 1241 1195 1264 verbis

340 1292 440 1320 incepit:
457 1290 551 1321 Spiritu
568 1296 657 1320 mayno
671 1289 729 1313 vidit
745 1293 801 1317 etc.,
820 1290 897 1318 ipsum
915 1296 990 1318 opus:
1009 1289 1069 1313 Cum
1087 1289 1111 1312 ιή
1122 1295 1194 1313 sacra

342 1337 451 1361 doctrina
466 1336 594 1360 revelata...
606 1337 640 1360 De
651 1337 720 1360 huius
731 1337 837 1359 Postillae
847 1339 941 1359 auctore
953 1337 1066 1359 Guallensi
1085 1339 1195 1360 testantur

340 1388 390 1408 tum
407 1385 516 1414 antiquus
532 1385 652 1413 catalogus
668 1383 822 1407 bibliothecae
840 1384 993 1411 Tudertinue,
1014 1387 1063 1406 tum
1089 1384 1194 1407 eiusdem

342 1433 395 1456 cod.
406 1433 444 1456 68.
456 1431 556 1455 membr.
568 1438 628 1455 saec.
646 1432 712 1459 XlV,
730 1435 778 1455 tum
796 1432 855 1455 alius
876 1431 1057 1459 Wratislauiae,
1074 1432 1097 1454 in
1116 1431 1196 1454 biblio-

342 1481 407 1502 theca
425 1480 530 1503 Univers.
549 1480 600 1503 cod.
618 1480 656 1502 78.
673 1481 746 1503 chart.
762 1480 785 1502 in
803 1480 841 1502 rol.
857 1478 916 1501 Alibi
938 1479 1054 1501 invenitur
1071 1485 1195 1507 anonyma.

405 1527 451 1559 Sed
469 1534 496 1550 ex
514 1530 560 1550 tota
576 1527 646 1550 huius
668 1527 761 1555 capituli
780 1526 940 1556 disquisitione
957 1529 1032 1555 patet,
1049 1533 1121 1555 quam
1139 1526 1195 1549 dissi-

341 1575 384 1598 cite
400 1575 429 1597 sit
445 1575 468 1597 in
485 1576 528 1597 hac
544 1580 569 1597 re
585 1577 633 1597 tam
654 1573 779 1597 obscurata
803 1574 911 1597 codicum
937 1574 1049 1596 varietate
1070 1577 1092 1596 et
1109 1576 1195 1596 contra-

341 1622 442 1645 dictione
453 1622 567 1650 attingere
583 1622 719 1650 veritatem;
737 1621 800 1644 unde
815 1621 960 1649 cavendum,
977 1627 1007 1643 ne
1024 1621 1144 1649 praecipiti
1161 1621 1196 1644 iu—

341 1669 403 1692 dicio
419 1669 548 1698 quidquam
565 1669 721 1696 affirmemus,
738 1671 778 1691 aut
795 1674 916 1696 negemus.
928 1668 1075 1697 Quapropter
1086 1668 1195 1690 nolumus

343 1716 483 1745 diiudicare,
500 1716 553 1746 quis
569 1716 729 1745 composuerit
745 1716 860 1744 postillam
877 1722 893 1738 a
908 1716 994 1738 Bonelli
1011 1715 1111 1743 editam,
1128 1716 1194 1738 dum-

343 1764 413 1787 modo
430 1769 476 1786 non
492 1763 632 1786 attribuatur
647 1763 844 1788 Bonaventurae„

406 1811 485 1834 Obiter
501 1814 590 1834 tantum
607 1813 728 1838 notamus,
746 1811 767 1833 in
785 1811 889 1840 quodam
907 1810 1080 1833 Commentario
1098 1811 1120 1832 S.
1140 1810 1194 1832 Ber-

342 1859 440 1882 nardino
457 1859 552 1882 Senensi
570 1857 681 1881 attributo
697 1860 720 1881 et
736 1858 759 1881 in
776 1858 880 1887 Operum
905 1858 956 1880 eius
980 1858 1081 1881 editione
1106 1858 1196 1881 Veneta

343 1906 409 1935 (tom.
426 1906 464 1935 V.)
483 1906 611 1934 impresso,
627 1911 674 1928 non
691 1911 769 1934 pauca
789 1904 881 1932 haberi,
906 1911 967 1934 quae
992 1911 1088 1933 prorsus
1110 1910 1195 1927 conve-

342 1954 408 1977 niunt
432 1960 485 1976 cum
511 1953 579 1976 dictis
603 1953 670 1976 toties
691 1952 813 1976 memorati
829 1951 1008 1979 Commentarii,
1027 1954 1051 1974 ut
1068 1951 1153 1974 Bonelli
1172 1951 1193 1973 in

341 2002 391 2024 suis
407 2001 467 2024 notis
484 2000 655 2024 animadvertit.

404 2048 509 2078 Denique
520 2049 631 2071 nolumus
642 2047 731 2071 silentio
743 2047 891 2070 dissimulare
903 2046 1066 2074 gravissimam
1079 2046 1194 2073 iniuriam,

341 2102 401 2125 quae
410 2095 532 2118 occasione
544 2096 613 2118 huius
625 2094 803 2122 Commentarii,
813 2094 854 2117 sed
866 2094 915 2116 sine
927 2094 973 2116 ullo
985 2093 1146 2122 fundamento,
1156 2094 1194 2116 ho-

341 2143 391 2165 nori
401 2143 515 2171 seraphici
524 2142 630 2165 Doctoris
638 2142 700 2165 illata
707 2145 749 2164 est.
759 2141 800 2164 Vir
809 2142 855 2164 iam
865 2141 988 2164 defunctus
996 2160 1001 2169 ,
1014 2141 1143 2164 eruditione
1152 2147 1196 2164 sua

342 2192 423 2219 notus,
441 2190 482 2213 sed
499 2189 603 2218 lugenda
617 2189 736 2217 apostasia
750 2188 838 2216 notior,
856 2189 905 2217 ign.
920 2188 1044 2218 Dollmqer
1057 2188 1078 2210 in
1090 2188 1193 2217 quadam

341 2237 444 2260 oratione
469 2237 604 2260 academica.
624 2236 734 2263 asseruit,
754 2236 894 2259 cardinalem
917 2235 1118 2262 Bonaventuram,
1136 2235 1194 2257 cele-

342 2284 470 2307 berrimum
487 2285 631 2312 theologum,
643 2284 666 2306 in
676 2290 719 2307 suo
730 2283 903 2306 Commentario
916 2283 939 2305 in
951 2283 1116 2311 Apoealypsim
1129 2283 1193 2305 illum

341 2331 370 2353 de
396 2331 517 2354 meretrice
539 2331 615 2366 locum
637 2331 778 2359 applicuisse
799 2329 856 2353 Secti
872 2330 993 2353 Romanae
1018 2330 1069 2358 (aus
1090 2329 1135 2352 den
1160 2329 1194 2352 ro-

342 2380 445 2402 mischen
470 2380 553 2409 Stuhl).
576 2380 609 2401 lta
623 2379 685 2401 enim
702 2378 778 2401 verba
793 2377 876 2401 civitas
899 2377 1008 2401 Romana
1032 2377 1194 2405 interpretatus

342 2429 383 2448 est.
401 2426 468 2454 Quod
485 2426 651 2448 Bonaventnra
665 2431 712 2448 non
730 2425 758 2448 sit
774 2427 855 2448 auctor
873 2425 942 2447 huius
959 2424 1023 2452 libri,
1041 2425 1078 2447 ille
1095 2430 1142 2447 non
1154 2430 1194 2452 po-

341 2474 384 2496 tuit
400 2474 431 2496 ita
449 2473 513 2496 facile
530 2473 601 2500 scire,
627 2473 668 2495 sed
694 2473 757 2502 quod
775 2475 853 2495 contra
872 2472 1018 2495 manifest-um
1035 2472 1140 2494 locorum
1163 2471 1193 2494 ab

342 2520 393 2548 ipso
409 2520 529 2542 citatorum
548 2523 570 2542 et
586 2520 655 2542 totius
672 2519 836 2543 Commentarii
861 2524 955 2542 sensum
977 2524 1007 2541 ea
1029 2524 1091 2547 quae
1113 2521 1195 2541 contra

343 2567 461 2590 Romanos
474 2567 534 2590 dieta
546 2570 612 2594 sunt,
629 2567 774 2596 distorqueat
790 2569 871 2589 contra
884 2565 968 2590 Sedem
980 2565 1127 2594 Romanam,
1146 2572 1193 2595 quo

342 2613 473 2641 intelligitur
491 2613 540 2641 ipse
557 2614 668 2635 Summus
679 2613 794 2641 Pontifex,
811 2613 855 2635 hoc
872 2618 900 2635 eo
918 2612 993 2640 magis
1010 2611 1193 2639 vituperandum

343 2663 388 2687 est,
400 2660 456 2689 quia
468 2660 517 2688 ipse
529 2660 553 2682 P.
565 2660 648 2682 Bonelli
658 2660 744 2688 pluries
756 2662 778 2682 et
789 2659 885 2688 copiose
897 2659 919 2681 in
930 2658 991 2681 notis
1001 2664 1084 2680 verum
1097 2663 1192 2680 sensum

343 2707 443 2730 auctoris
459 2708 520 2730 clare
537 2707 712 2730 demonstravit.
730 2707 836 2736 Alioquin
849 2706 996 2729 notissimum
1008 2708 1056 2733 est,
1068 2705 1130 2728 aliud
1142 2710 1193 2727 esse

342 2754 460 2777 civitatem
477 2753 622 2780 Romanam,
642 2754 705 2776 aliud
730 2752 825 2777 curiam
848 2753 995 2780 Romanam,
1020 2752 1083 2774 aliud
1107 2750 1193 2775 Sedem

342 2801 483 2824 Romanam.
507 2799 590 2823 Contra
615 2799 732 2823 civiuztem
757 2800 891 2823 Romanam
916 2802 997 2822 auctor
1022 2798 1107 2821 saeculi
1128 2798 1192 2825 XlV,

342 2848 478 2877 praesertim
496 2848 614 2871 Avenione
638 2854 797 2875 commorans,
815 2848 873 2870 iuste
899 2847 1005 2876 querelas
1028 2847 1131 2875 proferre
1153 2852 1192 2874 po-

343 2895 392 2924 tuit,
408 2897 485 2917 tamen
502 2895 588 2923 passim
606 2895 707 2923 loquitur
719 2894 749 2917 de
760 2894 837 2916 Roma
848 2894 952 2922 civitate,
969 2894 1045 2922 qualis
1061 2893 1147 2923 futura
1164 2893 1193 2915 sit

343 2945 448 2970 ternpore
465 2942 598 2965 antichristi.
615 2953 646 2958 —
663 2942 688 2964 ln
704 2944 751 2964 toto
777 2941 813 2963 illo
838 2940 1012 2964 Commentario
1038 2947 1066 2963 ne
1092 2940 1192 2963 verbum

342 2990 437 3019 quidem
464 2989 579 3012 invenitur
600 2991 681 3012 contra
700 2989 823 3011 Summum
842 2988 974 3011 Pontificem
992 2988 1028 3010 vel
1047 2987 1131 3010 sedem
1150 2987 1192 3010 Ro-

1052 171 1295 201 PROLEGOMENA
1316 170 1345 199 C.
1367 170 1397 199 ll.

1252 255 1358 276 manain,
1375 254 1417 271 nec
1434 248 1566 272 nominatur
1583 248 1653 272 curia
1669 249 1789 278 Romana,
1806 249 1916 278 quamvis
1931 252 2013 272 auctor
2031 256 2101 279 saepe

1252 295 1391 324 perstringat
1408 296 1482 318 malos
1498 296 1624 325 praelatos,
1642 296 1774 319 sacerdotes
1785 298 1807 319 et
1818 296 1939 324 religiosos
1956 296 1995 326 (de
2010 297 2053 319 hac
2064 302 2102 319 ca-

1252 343 1341 366 lumnia
1364 343 1404 365 ct'r.
1429 342 1486 365 liber
1503 343 1531 365 cl.
1556 343 1579 366 P.
1599 343 1639 366 Dr.
1664 343 1720 366 Emil
1746 343 1840 367 Michael
1866 344 1889 367 S.
1910 345 1938 373 1.‚
1963 345 2030 373 lgnaz
2054 350 2101 367 von

1252 390 1376 419 Dollinger.
1394 390 1534 420 lnnsbrucR,
1551 391 1597 414 Fel.
1613 391 1693 414 Rauch
1711 391 1781 414 4892.
1798 397 1854 420 pag.
1873 392 1919 414 537
1936 391 2021 422 seqq.).

1626 500 1688 524 CAP.
1705 501 1730 524 ΙΙ.

1330 593 1368 623 De
1388 592 1519 632 genuinis
1539 593 1622 624 huius
1643 593 1788 626 voluminis
1809 594 2019 625 Commentariis

1539 640 1570 671 in
1590 650 1612 671 s.
1633 640 1818 682 scripturam.

1315 760 1328 788 S
1352 760 1372 782 t.
1397 759 1540 783 Referuntnr
1564 758 1733 790 commentarii,
1751 759 1790 790 qui
1814 759 1839 783 in
1864 759 1967 791 antiquis
1992 759 2103 784 indiculis

1252 806 1276 830 S.
1293 806 1468 830 Beneventani-ne
1484 805 1658 830 attribuuntur.

1314 854 1335 877 ln
1354 854 1527 882 Prolegomenis
1543 854 1573 877 ad
1591 856 1648 877 tom.
1663 854 1692 877 V.
1709 860 1765 883 pag.
1791 855 1830 877 LV
1848 861 1893 877 non
1919 854 1987 883 pauci
2005 854 2102 878 indiculi

1252 908 1323 930 quam
1340 901 1479 924 brevissime
1496 901 1559 924 relati
1577 904 1641 929 sunt,
1658 902 1698 931 qui
1716 908 1730 924 a
1754 902 1777 924 Ρ.
1795 902 1881 924 Bonelli
1907 902 1997 931 (Prodr.
2014 901 2054 925 lib.
2071 902 2100 925 V.

1252 949 1296 971 col.
1307 949 1352 971 213
1365 948 1442 978 seqq.)
1456 949 1515 971 notis
1526 948 1676 977 explicantur.
1693 950 1717 971 ln
1729 949 1764 971 his
1776 951 1799 971 et
1813 948 1956 978 quibusdam
1973 949 2022 976 aliis
2039 955 2103 972 com-

1252 998 1410 1018 memorantur
1427 996 1532 1018 Postillae
1549 996 1776 1024 Bonaventurianae,
1793 1002 1854 1025 quae
1871 999 2014 1026 sequuntur:

1316 1043 1338 1065 i.
1355 1043 1391 1065 Fr.
1408 1042 1541 1066 Salimbene
1563 1043 1694 1066 Parmensis
1719 1043 1743 1065 in
1767 1042 1898 1066 Chronicis:
1919 1044 2004 1066 «Fecit
2025 1044 2103 1066 Lectu-

1252 1095 1302 1112 ram
1319 1090 1411 1112 Parisiis
1436 1096 1507 1118 super
1524 1092 1597 1113 totum
1621 1090 1772 1119 Evangelium
1789 1091 1877 1119 Lucae,
1900 1096 1961 1120 quae
1978 1091 2058 1119 pulcra
2081 1093 2104 1113 et

1252 1137 1339 1165 optima
1357 1140 1391 1159 est
1402 1146 1424 1159 ».

1316 1185 1338 1207 2.
1358 1185 1504 1207 Ptolomaeus
1520 1185 1630 1207 Lucensis
1655 1185 1710 1208 Ord.
1736 1185 1818 1208 Praed.
1838 1185 1939 1214 (scripsit
1956 1185 2015 1208 circa
2034 1185 2104 1208 ⁴3⁴2-

1254 1231 1335 1261 4347):
1356 1241 1367 1252 ιι
1379 1233 1406 1254 Et
1423 1232 1548 1260 postillavit
1565 1232 1654 1261 aliquos
1671 1231 1743 1255 libros
1760 1232 1858 1261 Bibliae,
1875 1232 1935 1256 sicut
1951 1232 2022 1255 libros
2039 1233 2101 1255 Salo-

1253 1279 1340 1306 monis,
1357 1278 1398 1302 lob
1414 1281 1437 1302 et
1454 1279 1566 1308 Epistolas
1584 1279 1682 1302 Pauli».

1316 1327 1338 1348 3.
1355 1326 1475 1355 Martinus,
1489 1327 1613 1349 Monachus
1623 1326 1743 1350 Fuldensis
1756 1326 1818 1355 (post
1830 1327 1933 1350 medium
1946 1333 2007 1350 saec.
2019 1326 2103 1356 XlV.):

1256 1382 1266 1393 ι
1279 1373 1360 1396 Multos
1377 1373 1448 1396 libros
1465 1373 1551 1396 Bibliae
1568 1374 1705 1402 postillavit,
1721 1373 1782 1397 sicut
1798 1373 1869 1397 libros
1886 1374 2017 1396 Salomonis
2030 1376 2052 1396 et
2063 1373 2103 1396 lob

1252 1423 1275 1443 et
1291 1421 1404 1449 Epistolas
1421 1421 1484 1443 Pauli
1501 1424 1523 1444 et
1539 1421 1585 1444 alia
1601 1421 1675 1444 multa
1685 1430 1708 1443 ».

1317 1468 1338 1491 4.
1355 1469 1546 1491 Bartholomaeus
1562 1468 1659 1491 Albitius
1675 1468 1772 1491 Pisanus
1789 1468 1884 1498 (t399):
1905 1477 1916 1489 n<
1928 1468 2052 1491 Postillavit
2068 1474 2105 1491 ex-

1252 1516 1358 1538 cellenter
1376 1516 1526 1544 Evangelium
1544 1516 1568 1538 B.
1585 1516 1682 1538 Lucae»
1703 1515 1735 1544 (et
1751 1516 1826 1539 multa
1841 1516 1903 1545 alia).

1316 1563 1338 1587 5.
1354 1564 1492 1591 Anonymus
1509 1563 1692 1587 Stronconiensis
1708 1564 1829 1592 exscripsit
1854 1563 1974 1592 Pisanum,
1992 1563 2033 1586 sed
2050 1562 2104 1586 sub-

1252 1611 1348 1633 stituens
1365 1610 1464 1634 Librum
1480 1610 1613 1634 Pharetrae
1630 1617 1673 1640 pro
1690 1611 1781 1641 Requla
1798 1610 1961 1635 Novitiorum.

1316 1658 1338 1680 6.
1354 1658 1482 1681 Gulielmus
1499 1658 1652 1687 Vorrilongus
1671 1659 1698 1687 (†
1717 1658 1800 1687 ⁴464J:
1827 1666 1837 1678 ι
1850 1658 2008 1687 Expositiones
2024 1657 2102 1680 miriti-

1252 1710 1293 1726 cae
1310 1704 1332 1727 in
1350 1707 1435 1727 textum
1454 1704 1541 1727 Bibliae
1553 1714 1575 1728 ›.

1315 1752 1338 1774 7.
1364 1751 1460 1775 lacobus
1482 1752 1549 1775 Oddo
1572 1752 1595 1775 in
1622 1753 1721 1781 Speculo
1747 1752 1861 1775 Minoi-um
1883 1752 2004 1780 exscripsit
2027 1752 2103 1774 Barth.

1252 1799 1368 1823 Pisanum.

1316 1848 1337 1869 8.
1354 1847 1490 1870 Franciscus
1507 1849 1605 1871 Samson
1623 1848 1687 1877 (vide
1698 1854 1771 1877 supra
1781 1854 1800 1871 c.
1819 1848 1840 1870 i.
1858 1847 1872 1876 S
1888 1847 1933 1877 2.):
1949 1855 1960 1868 ε
1973 1848 2034 1875 item,
2046 1846 2102 1869 scri-

1251 1897 1317 1923 ptum
1343 1901 1415 1923 super
1440 1895 1565 1923 Evangelio
1582 1896 1680 1918 loannis.
1697 1907 1729 1912 -
1745 1896 1800 1918 ltem
1818 1901 1889 1923 super
1906 1894 2032 1922 Evangelio
2050 1893 2105 1916 Mat-

1252 1942 1321 1965 thaei.
1337 1954 1368 1959 —
1384 1943 1440 1965 ltem
1458 1943 1627 1971 elegantissime
1643 1943 1757 1971 scriptum
1774 1949 1845 1971 super
1867 1941 1994 1970 Evangelio
2019 1942 2103 1964 Lucae.

1251 2002 1282 2006 —
1298 1990 1354 2013 ltem
1371 1990 1484 2019 scriptum
1501 1996 1573 2019 super
1589 1991 1714 2019 Evangelio
1731 1990 1837 2013 Matthaei
1855 1989 1925 2019 [Haec
1942 1989 2048 2018 repetitio
2060 1989 2102 2012 tor-

1252 2041 1312 2060 tasse
1328 2038 1422 2066 respicit
1439 2040 1528 2061 tantum
1546 2044 1596 2066 cap.
1615 2038 1652 2061 Vl.
1669 2037 1796 2067 Matthaei}

1315 2086 1336 2108 9.
1347 2086 1459 2109 Antonius
1468 2085 1605 2114 Eugubinus
1617 2086 1651 2115 [in
1662 2091 1773 2114 processu
1786 2091 1829 2113 pro
1841 2084 2014 2107 canonizatione
2026 2084 2048 2106 S.
2060 2084 2104 2106 Do-

1251 2132 1342 2163 ctoris]:
1363 2133 1446 2162 «ltem,
1465 2133 1588 2156 utilissima
1602 2136 1624 2156 et
1649 2132 1815 2161 compendiosa
1833 2131 1925 2160 scripsit
1941 2137 2011 2160 super
2029 2131 2103 2153 Evan-

1251 2181 1318 2209 geliis
1335 2183 1357 2203 et
1374 2181 1474 2203 maxime
1490 2187 1561 2208 super
1578 2180 1703 2208 Evangelio
1720 2180 1796 2202 Lucae
1813 2178 1974 2207 Evangelistae
1986 2187 2008 2200 ιι.

1317 2228 1353 2251 to.
1370 2228 1510 2250 Octavianus
1527 2227 1556 2250 de
1573 2227 1674 2250 lilartinis
1692 2227 1725 2256 [in
1742 2226 1846 2250 oratione
1863 2232 1942 2249 coram
1961 2225 2023 2248 Sixto
2040 2224 2102 2255 tv.]:

1254 2277 1352 2304 «Super
1377 2275 1507 2303 Evangeliis
1532 2275 1627 2303 copiose
1652 2277 1675 2297 et
1699 2274 1784 2297 utiliter
1808 2273 1913 2302 scripsit,
1938 2274 2013 2296 Lucae
2038 2278 2102 2301 prae-

1251 2324 1330 2346 sertim
1343 2332 1364 2346 ι.

1316 2371 1352 2393 Η.
1370 2371 1465 2393 loannes
1482 2369 1637 2392 Trithemius:
1657 2370 1754 2397 «Super
1771 2369 1873 2391 oratione
1884 2367 2004 2391 dominica
2019 2366 2068 2390 Lib.
2087 2367 2102 2389 Ι.

1251 2419 1322 2441 Pater
1339 2419 1426 2441 noster.
1445 2416 1528 2441 Oratio
1546 2416 1604 2440 luteo
1617 2416 1857 2447 privileyiata.-1n
1869 2415 2020 2443 Evangelium
2037 2415 2103 2437 loan-

1251 2465 1286 2488 nis
1302 2464 1351 2488 Lib.
1371 2465 1384 2487 l.
1402 2465 1430 2487 In
1444 2464 1564 2495 principio
1581 2466 1624 2487 etc.
1641 2476 1673 2481 -
1690 2464 1712 2486 ln
1738 2463 1891 2491 Evangelium
1917 2463 1993 2485 Lucae
2018 2461 2069 2484 Lib.
2086 2461 2100 2483 l.

1251 2512 1358 2542 Spiritus
1376 2511 1472 2535 Domini
1486 2518 1559 2541 super
1576 2517 1622 2535 me.

1315 2560 1352 2582 ⁴2.
1369 2559 1496 2584 Marianus
1515 2558 1667 2582 Florentinus
1689 2558 1717 2587 (1-
1741 2558 1824 2587 4523>ε
1851 2556 1988 2585 «Expositio
2006 2555 2103 2584 copiosa

1251 2610 1273 2630 et
1290 2608 1350 2630 utilis
1366 2613 1437 2635 super
1454 2607 1591 2635 Evangelia,
1609 2607 1684 2629 Lucae
1709 2605 1853 2634 praesertim.
1870 2617 1900 2621 —
1917 2603 2059 2632 Principium
2077 2603 2100 2625 in

1250 2654 1322 2678 libros
1338 2661 1356 2677 s.
1374 2654 1514 2682 Scripturae.
1531 2653 1624 2682 incipit:
1643 2652 1751 2677 Ostendit
1767 2651 1827 2675 mihi
1843 2650 1968 2675 Dominus.
1979 2663 2011 2668 —
2027 2651 2098 2678 Expo-

1250 2703 1301 2726 sitio
1318 2702 1428 2725 orationis
1439 2701 1577 2724 dominicae.
1595 2701 1687 2729 incipit:
1706 2699 1789 2724 Oratio
1801 2699 1859 2723 haec
1870 2697 2022 2729 pmoileyiata
2034 2698 2068 2721 est
2079 2706 2101 2719 n.

1315 2750 1352 2773 13.
1369 2749 1484 2772 Robertus
1501 2748 1531 2771 de
1554 2748 1616 2771 Licio
1642 2747 1670 2777 (†
1689 2747 1772 2777 ⁴495):
1794 2755 1804 2767 ι
1817 2748 1892 2775 Super
1909 2748 2009 2775 quatuor
2026 2745 2100 2767 Evan-

1250 2798 1322 2826 gelia,
1340 2797 1466 2826 praecipue
1490 2802 1561 2824 super
1586 2796 1707 2818 Lucam».
1728 2794 1818 2817 Similia
1840 2796 1949 2822 repetunt
1973 2782 2100 2815 Alexander

1250 2845 1341 2872 Ariosti,
1358 2844 1466 2867 Albertus
1482 2843 1603 2867 Castellani
1621 2842 1714 2872 aliique.

1314 2892 1352 2915 Μ.
1368 2892 1404 2914 Fr.
1421 2891 1555 2914 Ludovicus
1571 2891 1676 2913 Rutenus
1693 2889 1717 2912 in
1734 2895 1777 2912 suo
1794 2889 1898 2917 Trilogio
1921 2888 2025 2910 animae:
2046 2886 2099 2908 «De

1250 2939 1392 2968 expositione
1408 2938 1517 2962 orationis
1534 2937 1664 2961 dominicae
1676 2946 1698 2965 n,
1709 2936 1774 2966 quod
1785 2936 1924 2964 opusculum
1937 2935 2020 2963 allegat
2031 2933 2100 2956 etiam

1250 2986 1407 3010 Bernardinus
1424 2986 1453 3009 de
1470 2985 1554 3008 Bustis,
