<?xml version="1.0" encoding="UTF-8"?>
<!DOCTYPE html PUBLIC "-//W3C//DTD XHTML 1.0 Transitional//EN"
    "http://www.w3.org/TR/xhtml1/DTD/xhtml1-transitional.dtd">
<html xmlns="http://www.w3.org/1999/xhtml" xml:lang="en" lang="en">
 <head>
  <title>
</title>
<meta http-equiv="Content-Type" content="text/html;charset=utf-8" />
  <meta name='ocr-system' content='tesseract 3.04.00' />
  <meta name='ocr-capabilities' content='ocr_page ocr_carea ocr_par ocr_line ocrx_word'/>
</head>
<body>
  <div class='ocr_page' id='page_1' title='image "./doctorisseraphic06bona_0394.png"; bbox 0 0 2296 3316; ppageno 0'>
   <div class='ocr_carea' id='block_1_1' title="bbox 281 1197 396 1222">
    <p class='ocr_par' dir='ltr' id='par_1_1' title="bbox 281 1197 396 1222">
     <span class='ocr_line' id='line_1_1' title="bbox 281 1197 396 1222; baseline 0 -6"><span class='ocrx_word' id='word_1_1' title='bbox 281 1199 356 1222; x_wconf 78' lang='lat' dir='ltr'>Quaest.</span> <span class='ocrx_word' id='word_1_2' title='bbox 370 1197 396 1216; x_wconf 88' lang='lat' dir='ltr'>iu-</span> 
     </span>
    </p>
   </div>
   <div class='ocr_carea' id='block_1_2' title="bbox 304 1221 375 1240">
    <p class='ocr_par' dir='ltr' id='par_1_2' title="bbox 304 1221 375 1240">
     <span class='ocr_line' id='line_1_2' title="bbox 304 1221 375 1240; baseline -0.014 0"><span class='ocrx_word' id='word_1_3' title='bbox 304 1221 375 1240; x_wconf 84' lang='lat' dir='ltr'>cidens.</span> 
     </span>
    </p>
   </div>
   <div class='ocr_carea' id='block_1_3' title="bbox 282 1338 395 1357">
    <p class='ocr_par' dir='ltr' id='par_1_3' title="bbox 282 1338 395 1357">
     <span class='ocr_line' id='line_1_3' title="bbox 282 1338 395 1357; baseline -0.009 0"><span class='ocrx_word' id='word_1_4' title='bbox 282 1338 395 1357; x_wconf 74' lang='lat' dir='ltr'>Notandum.</span> 
     </span>
    </p>
   </div>
   <div class='ocr_carea' id='block_1_4' title="bbox 284 1852 398 1895">
    <p class='ocr_par' dir='ltr' id='par_1_4' title="bbox 284 1852 398 1895">
     <span class='ocr_line' id='line_1_4' title="bbox 284 1852 398 1876; baseline -0.009 -5"><span class='ocrx_word' id='word_1_5' title='bbox 284 1852 313 1871; x_wconf 82' lang='lat' dir='ltr'>Ad</span> <span class='ocrx_word' id='word_1_6' title='bbox 325 1857 383 1876; x_wconf 79' lang='lat' dir='ltr'>quaes</span> <span class='ocrx_word' id='word_1_7' title='bbox 375 1854 398 1870; x_wconf 71' lang='lat' dir='ltr'>&gt;.t</span> 
     </span>
     <span class='ocr_line' id='line_1_5' title="bbox 307 1876 363 1895; baseline -0.02 0"><span class='ocrx_word' id='word_1_8' title='bbox 307 1876 363 1895; x_wconf 78' lang='lat' dir='ltr'>incid.</span> 
     </span>
    </p>
   </div>
   <div class='ocr_carea' id='block_1_5' title="bbox 410 132 466 162">
    <p class='ocr_par' dir='ltr' id='par_1_5' title="bbox 410 132 466 162">
     <span class='ocr_line' id='line_1_6' title="bbox 410 132 466 162; baseline -0.036 0"><span class='ocrx_word' id='word_1_9' title='bbox 410 132 466 162; x_wconf 72' lang='lat'>350</span> 
     </span>
    </p>
   </div>
   <div class='ocr_carea' id='block_1_6' title="bbox 409 205 1256 569">
    <p class='ocr_par' dir='ltr' id='par_1_6' title="bbox 409 205 1256 569">
     <span class='ocr_line' id='line_1_7' title="bbox 489 205 1255 246; baseline -0.007 -8"><span class='ocrx_word' id='word_1_10' title='bbox 489 211 534 238; x_wconf 65' lang='grc' dir='ltr'>δῦ</span> <span class='ocrx_word' id='word_1_11' title='bbox 558 210 646 246; x_wconf 61' lang='lat' dir='ltr'>(Vers.</span> <span class='ocrx_word' id='word_1_12' title='bbox 669 208 737 243; x_wconf 58' lang='lat'>39).</span> <span class='ocrx_word' id='word_1_13' title='bbox 758 208 820 236; x_wconf 79' lang='lat' dir='ltr'>Hoc</span> <span class='ocrx_word' id='word_1_14' title='bbox 841 211 937 235; x_wconf 84' lang='lat' dir='ltr'>autem</span> <span class='ocrx_word' id='word_1_15' title='bbox 969 206 1044 234; x_wconf 76' lang='lat' dir='ltr'>dixit</span> <span class='ocrx_word' id='word_1_16' title='bbox 1068 206 1102 234; x_wconf 90' lang='lat' dir='ltr'>de</span> <span class='ocrx_word' id='word_1_17' title='bbox 1124 205 1255 242; x_wconf 87' lang='lat' dir='ltr'>Spiritu,</span> 
     </span>
     <span class='ocr_line' id='line_1_8' title="bbox 410 252 1256 294; baseline -0.007 -9"><span class='ocrx_word' id='word_1_18' title='bbox 410 265 494 294; x_wconf 85' lang='lat' dir='ltr'>quem</span> <span class='ocrx_word' id='word_1_19' title='bbox 521 255 670 292; x_wconf 77' lang='lat' dir='ltr'>accepturi</span> <span class='ocrx_word' id='word_1_20' title='bbox 699 257 785 282; x_wconf 85' lang='lat' dir='ltr'>erant</span> <span class='ocrx_word' id='word_1_21' title='bbox 804 253 948 282; x_wconf 87' lang='lat' dir='ltr'>eredentes</span> <span class='ocrx_word' id='word_1_22' title='bbox 978 252 1010 281; x_wconf 88' lang='lat' dir='ltr'>in</span> <span class='ocrx_word' id='word_1_23' title='bbox 1039 260 1124 285; x_wconf 76' lang='lat' dir='ltr'>ettm;</span> <span class='ocrx_word' id='word_1_24' title='bbox 1144 252 1178 280; x_wconf 87' lang='lat' dir='ltr'>de</span> <span class='ocrx_word' id='word_1_25' title='bbox 1199 259 1256 288; x_wconf 90' lang='lat' dir='ltr'>quo</span> 
     </span>
     <span class='ocr_line' id='line_1_9' title="bbox 410 298 1256 336; baseline -0.006 -5"><span class='ocrx_word' id='word_1_26' title='bbox 410 305 527 332; x_wconf 60' lang='lat' dir='ltr'>actuum</span> <span class='ocrx_word' id='word_1_27' title='bbox 548 301 669 331; x_wconf 84' lang='lat' dir='ltr'>secundo</span> <span class='ocrx_word' id='word_1_28' title='bbox 681 302 706 329; x_wconf 89' lang='lat'>¹:</span> <span class='ocrx_word' id='word_1_29' title='bbox 732 312 746 326; x_wconf 66' lang='lat' dir='ltr'>a</span> <span class='ocrx_word' id='word_1_30' title='bbox 760 301 858 329; x_wconf 84' lang='lat' dir='ltr'>Factus</span> <span class='ocrx_word' id='word_1_31' title='bbox 879 302 921 328; x_wconf 89' lang='lat' dir='ltr'>est</span> <span class='ocrx_word' id='word_1_32' title='bbox 941 301 1054 336; x_wconf 86' lang='lat' dir='ltr'>repente</span> <span class='ocrx_word' id='word_1_33' title='bbox 1068 298 1102 327; x_wconf 90' lang='lat' dir='ltr'>de</span> <span class='ocrx_word' id='word_1_34' title='bbox 1123 298 1198 327; x_wconf 81' lang='lat' dir='ltr'>caelo</span> <span class='ocrx_word' id='word_1_35' title='bbox 1212 306 1256 327; x_wconf 89' lang='lat' dir='ltr'>so-</span> 
     </span>
     <span class='ocr_line' id='line_1_10' title="bbox 410 345 1256 386; baseline -0.006 -8"><span class='ocrx_word' id='word_1_36' title='bbox 410 357 463 378; x_wconf 91' lang='lat' dir='ltr'>nus</span> <span class='ocrx_word' id='word_1_37' title='bbox 484 353 615 386; x_wconf 82' lang='lat' dir='ltr'>tanquam</span> <span class='ocrx_word' id='word_1_38' title='bbox 637 347 806 377; x_wconf 86' lang='lat' dir='ltr'>advenientis</span> <span class='ocrx_word' id='word_1_39' title='bbox 820 346 936 383; x_wconf 86' lang='lat' dir='ltr'>spiritus</span> <span class='ocrx_word' id='word_1_40' title='bbox 949 345 1120 375; x_wconf 85' lang='lat' dir='ltr'>vehementis</span> <span class='ocrx_word' id='word_1_41' title='bbox 1133 357 1158 373; x_wconf 74' lang='lat' dir='ltr'>n.</span> <span class='ocrx_word' id='word_1_42' title='bbox 1178 345 1256 373; x_wconf 86' lang='lat' dir='ltr'>Hunc</span> 
     </span>
     <span class='ocr_line' id='line_1_11' title="bbox 410 392 1256 432; baseline -0.007 -7"><span class='ocrx_word' id='word_1_43' title='bbox 410 395 550 432; x_wconf 85' lang='lat' dir='ltr'>accepturi</span> <span class='ocrx_word' id='word_1_44' title='bbox 572 398 666 429; x_wconf 86' lang='lat' dir='ltr'>erant,</span> <span class='ocrx_word' id='word_1_45' title='bbox 688 394 734 423; x_wconf 88' lang='lat' dir='ltr'>sed</span> <span class='ocrx_word' id='word_1_46' title='bbox 760 393 883 421; x_wconf 91' lang='lat' dir='ltr'>nondum</span> <span class='ocrx_word' id='word_1_47' title='bbox 913 395 1084 429; x_wconf 84' lang='lat' dir='ltr'>acceperant.</span> <span class='ocrx_word' id='word_1_48' title='bbox 1108 392 1256 428; x_wconf 77' lang='lat' dir='ltr'>Propterea</span> 
     </span>
     <span class='ocr_line' id='line_1_12' title="bbox 410 437 1255 476; baseline -0.006 -5"><span class='ocrx_word' id='word_1_49' title='bbox 410 443 487 472; x_wconf 86' lang='lat' dir='ltr'>dicit:</span> <span class='ocrx_word' id='word_1_50' title='bbox 510 442 646 470; x_wconf 84' lang='lat' dir='ltr'>Nondum</span> <span class='ocrx_word' id='word_1_51' title='bbox 668 440 744 469; x_wconf 84' lang='lat' dir='ltr'>enim</span> <span class='ocrx_word' id='word_1_52' title='bbox 767 439 895 476; x_wconf 82' lang='lat' dir='ltr'>Spiritus</span> <span class='ocrx_word' id='word_1_53' title='bbox 910 442 975 467; x_wconf 86' lang='lat' dir='ltr'>erat</span> <span class='ocrx_word' id='word_1_54' title='bbox 995 439 1099 472; x_wconf 88' lang='lat' dir='ltr'>datus,</span> <span class='ocrx_word' id='word_1_55' title='bbox 1121 438 1193 476; x_wconf 86' lang='lat' dir='ltr'>quia</span> <span class='ocrx_word' id='word_1_56' title='bbox 1213 437 1255 466; x_wconf 86' lang='lat' dir='ltr'>Je-</span> 
     </span>
     <span class='ocr_line' id='line_1_13' title="bbox 409 485 1255 525; baseline -0.006 -7"><span class='ocrx_word' id='word_1_57' title='bbox 409 498 462 518; x_wconf 85' lang='lat' dir='ltr'>sus</span> <span class='ocrx_word' id='word_1_58' title='bbox 482 489 612 517; x_wconf 85' lang='lat' dir='ltr'>nondum</span> <span class='ocrx_word' id='word_1_59' title='bbox 633 491 697 516; x_wconf 85' lang='lat' dir='ltr'>erat</span> <span class='ocrx_word' id='word_1_60' title='bbox 716 485 918 525; x_wconf 71' lang='lat' dir='ltr'>ylorifi&#39;eatus;</span> <span class='ocrx_word' id='word_1_61' title='bbox 939 486 1011 514; x_wconf 84' lang='lat' dir='ltr'>infra</span> <span class='ocrx_word' id='word_1_62' title='bbox 1031 485 1138 514; x_wconf 89' lang='lat' dir='ltr'>decimo</span> <span class='ocrx_word' id='word_1_63' title='bbox 1159 487 1255 514; x_wconf 85' lang='lat' dir='ltr'>sexto:</span> 
     </span>
     <span class='ocr_line' id='line_1_14' title="bbox 416 534 954 569; baseline -0.006 -5"><span class='ocrx_word' id='word_1_64' title='bbox 416 549 429 562; x_wconf 84' lang='lat'>«</span> <span class='ocrx_word' id='word_1_65' title='bbox 444 536 470 564; x_wconf 87' lang='lat' dir='ltr'>Si</span> <span class='ocrx_word' id='word_1_66' title='bbox 491 535 600 569; x_wconf 83' lang='lat' dir='ltr'>abiero,</span> <span class='ocrx_word' id='word_1_67' title='bbox 622 535 729 563; x_wconf 74' lang='lat' dir='ltr'>mittam</span> <span class='ocrx_word' id='word_1_68' title='bbox 750 534 828 563; x_wconf 87' lang='lat' dir='ltr'>vobis</span> <span class='ocrx_word' id='word_1_69' title='bbox 849 541 913 562; x_wconf 88' lang='lat' dir='ltr'>eum</span> <span class='ocrx_word' id='word_1_70' title='bbox 927 544 954 561; x_wconf 69' lang='grc' dir='ltr'>υ.</span> 
     </span>
    </p>
   </div>
   <div class='ocr_carea' id='block_1_7' title="bbox 731 627 931 664">
    <p class='ocr_par' dir='ltr' id='par_1_7' title="bbox 731 627 931 664">
     <span class='ocr_line' id='line_1_15' title="bbox 731 627 931 664; baseline -0.01 -8"><span class='ocrx_word' id='word_1_71' title='bbox 731 627 931 664; x_wconf 62' lang='grc'><strong>01111151101135.</strong></span> 
     </span>
    </p>
   </div>
   <div class='ocr_carea' id='block_1_8' title="bbox 412 718 1262 1976">
    <p class='ocr_par' dir='ltr' id='par_1_8' title="bbox 412 718 1258 900">
     <span class='ocr_line' id='line_1_16' title="bbox 490 718 1257 758; baseline -0.005 -8"><span class='ocrx_word' id='word_1_72' title='bbox 490 723 535 750; x_wconf 75' lang='lat'>56.</span> <span class='ocrx_word' id='word_1_73' title='bbox 558 722 668 758; x_wconf 83' lang='lat' dir='ltr'>Quaest.</span> <span class='ocrx_word' id='word_1_74' title='bbox 690 721 708 749; x_wconf 88' lang='lat'>1.</span> <span class='ocrx_word' id='word_1_75' title='bbox 731 720 782 750; x_wconf 86' lang='lat' dir='ltr'>Sed</span> <span class='ocrx_word' id='word_1_76' title='bbox 803 721 949 758; x_wconf 84' lang='lat' dir='ltr'>quaeritur</span> <span class='ocrx_word' id='word_1_77' title='bbox 970 720 1004 749; x_wconf 84' lang='lat' dir='ltr'>de</span> <span class='ocrx_word' id='word_1_78' title='bbox 1025 720 1077 748; x_wconf 90' lang='lat' dir='ltr'>hoc</span> <span class='ocrx_word' id='word_1_79' title='bbox 1095 718 1169 756; x_wconf 90' lang='lat' dir='ltr'>quod</span> <span class='ocrx_word' id='word_1_80' title='bbox 1190 718 1257 747; x_wconf 84' lang='lat' dir='ltr'>dici-</span> 
     </span>
     <span class='ocr_line' id='line_1_17' title="bbox 412 764 1257 805; baseline -0.007 -7"><span class='ocrx_word' id='word_1_81' title='bbox 412 774 458 798; x_wconf 90' lang='lat' dir='ltr'>tur</span> <span class='ocrx_word' id='word_1_82' title='bbox 480 769 537 803; x_wconf 81' lang='lat' dir='ltr'>hic,</span> <span class='ocrx_word' id='word_1_83' title='bbox 560 768 634 805; x_wconf 91' lang='lat' dir='ltr'>quod</span> <span class='ocrx_word' id='word_1_84' title='bbox 653 767 781 804; x_wconf 87' lang='lat' dir='ltr'>flumina</span> <span class='ocrx_word' id='word_1_85' title='bbox 802 768 835 796; x_wconf 89' lang='lat' dir='ltr'>de</span> <span class='ocrx_word' id='word_1_86' title='bbox 856 770 952 796; x_wconf 86' lang='lat' dir='ltr'>ventre</span> <span class='ocrx_word' id='word_1_87' title='bbox 973 766 1146 795; x_wconf 84' lang='lat' dir='ltr'>credentium</span> <span class='ocrx_word' id='word_1_88' title='bbox 1167 764 1257 801; x_wconf 82' lang='lat' dir='ltr'>fluent</span> 
     </span>
     <span class='ocr_line' id='line_1_18' title="bbox 412 811 1258 854; baseline -0.006 -10"><span class='ocrx_word' id='word_1_89' title='bbox 412 824 507 854; x_wconf 78' lang='lat' dir='ltr'>aquae</span> <span class='ocrx_word' id='word_1_90' title='bbox 527 816 617 844; x_wconf 72' lang='lat' dir='ltr'>vivae.</span> <span class='ocrx_word' id='word_1_91' title='bbox 640 814 732 843; x_wconf 74' lang='lat' dir='ltr'>Dicit2</span> <span class='ocrx_word' id='word_1_92' title='bbox 754 815 844 848; x_wconf 90' lang='lat' dir='ltr'>enim,</span> <span class='ocrx_word' id='word_1_93' title='bbox 865 814 939 851; x_wconf 86' lang='lat' dir='ltr'>quod</span> <span class='ocrx_word' id='word_1_94' title='bbox 966 814 1019 842; x_wconf 90' lang='lat' dir='ltr'>hoc</span> <span class='ocrx_word' id='word_1_95' title='bbox 1040 812 1204 848; x_wconf 80' lang='lat' dir='ltr'>intelligitur</span> <span class='ocrx_word' id='word_1_96' title='bbox 1224 811 1258 839; x_wconf 89' lang='lat' dir='ltr'>de</span> 
     </span>
     <span class='ocr_line' id='line_1_19' title="bbox 412 863 639 900; baseline -0.009 -9"><span class='ocrx_word' id='word_1_97' title='bbox 412 863 516 900; x_wconf 84' lang='lat' dir='ltr'>Spiritu</span> <span class='ocrx_word' id='word_1_98' title='bbox 538 865 639 891; x_wconf 81' lang='lat' dir='ltr'>sancto.</span> 
     </span>
    </p>

    <p class='ocr_par' dir='ltr' id='par_1_9' title="bbox 412 904 1258 993">
     <span class='ocr_line' id='line_1_20' title="bbox 493 904 1258 945; baseline -0.007 -8"><span class='ocrx_word' id='word_1_99' title='bbox 493 910 517 937; x_wconf 86' lang='grc'>1.</span> <span class='ocrx_word' id='word_1_100' title='bbox 539 908 590 937; x_wconf 88' lang='lat' dir='ltr'>Sed</span> <span class='ocrx_word' id='word_1_101' title='bbox 612 908 731 945; x_wconf 85' lang='lat' dir='ltr'>Spiritus</span> <span class='ocrx_word' id='word_1_102' title='bbox 752 910 864 936; x_wconf 85' lang='lat' dir='ltr'>sanctus</span> <span class='ocrx_word' id='word_1_103' title='bbox 885 907 975 936; x_wconf 91' lang='lat' dir='ltr'>solum</span> <span class='ocrx_word' id='word_1_104' title='bbox 1003 914 1019 934; x_wconf 83' lang='lat' dir='ltr'>a</span> <span class='ocrx_word' id='word_1_105' title='bbox 1039 906 1096 934; x_wconf 90' lang='lat' dir='ltr'>Deo</span> <span class='ocrx_word' id='word_1_106' title='bbox 1117 906 1196 934; x_wconf 87' lang='lat' dir='ltr'>Patre</span> <span class='ocrx_word' id='word_1_107' title='bbox 1217 904 1258 932; x_wconf 90' lang='lat' dir='ltr'>Fi-</span> 
     </span>
     <span class='ocr_line' id='line_1_21' title="bbox 412 951 1257 993; baseline -0.006 -9"><span class='ocrx_word' id='word_1_108' title='bbox 412 956 504 993; x_wconf 88' lang='lat' dir='ltr'>lioque</span> <span class='ocrx_word' id='word_1_109' title='bbox 524 955 662 992; x_wconf 75' lang='lat' dir='ltr'>procedit:</span> <span class='ocrx_word' id='word_1_110' title='bbox 684 963 739 983; x_wconf 91' lang='lat' dir='ltr'>non</span> <span class='ocrx_word' id='word_1_111' title='bbox 754 962 820 991; x_wconf 86' lang='lat' dir='ltr'>ergo</span> <span class='ocrx_word' id='word_1_112' title='bbox 840 953 903 982; x_wconf 86' lang='lat' dir='ltr'>fluit</span> <span class='ocrx_word' id='word_1_113' title='bbox 916 953 950 982; x_wconf 90' lang='lat' dir='ltr'>de</span> <span class='ocrx_word' id='word_1_114' title='bbox 965 955 1061 981; x_wconf 88' lang='lat' dir='ltr'>ventre</span> <span class='ocrx_word' id='word_1_115' title='bbox 1076 951 1257 980; x_wconf 90' lang='lat' dir='ltr'>credentium.</span> 
     </span>
    </p>

    <p class='ocr_par' dir='ltr' id='par_1_10' title="bbox 412 999 1259 1132">
     <span class='ocr_line' id='line_1_22' title="bbox 491 999 1259 1036; baseline -0.005 -6"><span class='ocrx_word' id='word_1_116' title='bbox 491 1004 516 1031; x_wconf 73' lang='lat'>2.</span> <span class='ocrx_word' id='word_1_117' title='bbox 539 1002 620 1035; x_wconf 86' lang='lat' dir='ltr'>item,</span> <span class='ocrx_word' id='word_1_118' title='bbox 642 1001 684 1030; x_wconf 92' lang='lat' dir='ltr'>vir</span> <span class='ocrx_word' id='word_1_119' title='bbox 705 1004 817 1030; x_wconf 89' lang='lat' dir='ltr'>sanctus</span> <span class='ocrx_word' id='word_1_120' title='bbox 839 1000 944 1028; x_wconf 85' lang='lat' dir='ltr'>habens</span> <span class='ocrx_word' id='word_1_121' title='bbox 968 999 1102 1036; x_wconf 89' lang='lat' dir='ltr'>Spiritum</span> <span class='ocrx_word' id='word_1_122' title='bbox 1123 1006 1177 1027; x_wconf 91' lang='lat' dir='ltr'>non</span> <span class='ocrx_word' id='word_1_123' title='bbox 1199 1000 1259 1035; x_wconf 89' lang='lat' dir='ltr'>pot-</span> 
     </span>
     <span class='ocr_line' id='line_1_23' title="bbox 412 1046 1259 1086; baseline -0.007 -7"><span class='ocrx_word' id='word_1_124' title='bbox 412 1054 453 1079; x_wconf 82' lang='lat' dir='ltr'>est</span> <span class='ocrx_word' id='word_1_125' title='bbox 474 1050 539 1079; x_wconf 86' lang='lat' dir='ltr'>dare</span> <span class='ocrx_word' id='word_1_126' title='bbox 568 1049 701 1086; x_wconf 86' lang='lat' dir='ltr'>Spiritum</span> <span class='ocrx_word' id='word_1_127' title='bbox 733 1051 875 1081; x_wconf 81' lang='lat' dir='ltr'>sanctum,</span> <span class='ocrx_word' id='word_1_128' title='bbox 898 1047 945 1076; x_wconf 90' lang='lat' dir='ltr'>sed</span> <span class='ocrx_word' id='word_1_129' title='bbox 966 1055 982 1075; x_wconf 85' lang='lat' dir='ltr'>a</span> <span class='ocrx_word' id='word_1_130' title='bbox 1010 1047 1066 1075; x_wconf 91' lang='lat' dir='ltr'>Deo</span> <span class='ocrx_word' id='word_1_131' title='bbox 1087 1046 1170 1074; x_wconf 83' lang='lat' dir='ltr'>datur</span> <span class='ocrx_word' id='word_1_132' title='bbox 1199 1049 1259 1073; x_wconf 82' lang='lat' dir='ltr'>tan-</span> 
     </span>
     <span class='ocr_line' id='line_1_24' title="bbox 413 1094 1002 1132; baseline -0.005 -7"><span class='ocrx_word' id='word_1_133' title='bbox 413 1096 508 1125; x_wconf 80' lang='lat' dir='ltr'>tum⁸:</span> <span class='ocrx_word' id='word_1_134' title='bbox 529 1104 584 1124; x_wconf 91' lang='lat' dir='ltr'>non</span> <span class='ocrx_word' id='word_1_135' title='bbox 606 1103 672 1132; x_wconf 82' lang='lat' dir='ltr'>ergo</span> <span class='ocrx_word' id='word_1_136' title='bbox 694 1095 756 1123; x_wconf 88' lang='lat' dir='ltr'>ssuit</span> <span class='ocrx_word' id='word_1_137' title='bbox 776 1094 810 1123; x_wconf 89' lang='lat' dir='ltr'>de</span> <span class='ocrx_word' id='word_1_138' title='bbox 832 1097 928 1123; x_wconf 86' lang='lat' dir='ltr'>ventre</span> <span class='ocrx_word' id='word_1_139' title='bbox 950 1096 1002 1122; x_wconf 82' lang='lat' dir='ltr'>etc.</span> 
     </span>
    </p>

    <p class='ocr_par' dir='ltr' id='par_1_11' title="bbox 414 1140 1260 1227">
     <span class='ocr_line' id='line_1_25' title="bbox 492 1140 1260 1179; baseline -0.004 -8"><span class='ocrx_word' id='word_1_140' title='bbox 492 1143 517 1171; x_wconf 89' lang='lat'>3.</span> <span class='ocrx_word' id='word_1_141' title='bbox 540 1143 622 1176; x_wconf 90' lang='lat' dir='ltr'>Item,</span> <span class='ocrx_word' id='word_1_142' title='bbox 644 1141 712 1179; x_wconf 86' lang='lat' dir='ltr'>quid</span> <span class='ocrx_word' id='word_1_143' title='bbox 731 1141 842 1169; x_wconf 90' lang='lat' dir='ltr'>nomine</span> <span class='ocrx_word' id='word_1_144' title='bbox 863 1140 973 1169; x_wconf 82' lang='lat' dir='ltr'>ventris</span> <span class='ocrx_word' id='word_1_145' title='bbox 994 1140 1170 1177; x_wconf 82' lang='lat' dir='ltr'>intelligitur,</span> <span class='ocrx_word' id='word_1_146' title='bbox 1196 1147 1260 1176; x_wconf 89' lang='lat' dir='ltr'>pro-</span> 
     </span>
     <span class='ocr_line' id='line_1_26' title="bbox 414 1187 1063 1227; baseline -0.006 -8"><span class='ocrx_word' id='word_1_147' title='bbox 414 1193 474 1227; x_wconf 87' lang='lat' dir='ltr'>pter</span> <span class='ocrx_word' id='word_1_148' title='bbox 496 1189 569 1226; x_wconf 90' lang='lat' dir='ltr'>quod</span> <span class='ocrx_word' id='word_1_149' title='bbox 590 1189 671 1223; x_wconf 87' lang='lat' dir='ltr'>dicit,</span> <span class='ocrx_word' id='word_1_150' title='bbox 693 1188 767 1225; x_wconf 89' lang='lat' dir='ltr'>quod</span> <span class='ocrx_word' id='word_1_151' title='bbox 788 1187 878 1225; x_wconf 88' lang='lat' dir='ltr'>fluent</span> <span class='ocrx_word' id='word_1_152' title='bbox 898 1188 931 1216; x_wconf 86' lang='lat' dir='ltr'>de</span> <span class='ocrx_word' id='word_1_153' title='bbox 945 1187 1063 1216; x_wconf 75' lang='lat' dir='ltr'>ventre?</span> 
     </span>
    </p>

    <p class='ocr_par' dir='ltr' id='par_1_12' title="bbox 414 1234 1261 1787">
     <span class='ocr_line' id='line_1_27' title="bbox 492 1234 1260 1273; baseline -0.004 -8"><span class='ocrx_word' id='word_1_154' title='bbox 492 1236 645 1273; x_wconf 83' lang='lat' dir='ltr'>Respondet</span> <span class='ocrx_word' id='word_1_155' title='bbox 665 1236 880 1272; x_wconf 86' lang='lat' dir='ltr'>Chrysostomus</span> <span class='ocrx_word' id='word_1_156' title='bbox 891 1236 912 1269; x_wconf 66' lang='lat'>¹³,</span> <span class='ocrx_word' id='word_1_157' title='bbox 934 1235 1006 1272; x_wconf 87' lang='lat' dir='ltr'>quod</span> <span class='ocrx_word' id='word_1_158' title='bbox 1038 1234 1165 1271; x_wconf 83' lang='lat' dir='ltr'>flumina</span> <span class='ocrx_word' id='word_1_159' title='bbox 1196 1234 1260 1271; x_wconf 82' lang='lat' dir='ltr'>Spi-</span> 
     </span>
     <span class='ocr_line' id='line_1_28' title="bbox 414 1281 1260 1319; baseline -0.004 -7"><span class='ocrx_word' id='word_1_160' title='bbox 414 1284 491 1313; x_wconf 85' lang='lat' dir='ltr'>ritus</span> <span class='ocrx_word' id='word_1_161' title='bbox 505 1283 601 1312; x_wconf 78' lang='lat' dir='ltr'>saneti</span> <span class='ocrx_word' id='word_1_162' title='bbox 613 1283 746 1312; x_wconf 84' lang='lat' dir='ltr'>dicuntur</span> <span class='ocrx_word' id='word_1_163' title='bbox 767 1283 827 1311; x_wconf 90' lang='lat' dir='ltr'>eius</span> <span class='ocrx_word' id='word_1_164' title='bbox 849 1282 920 1311; x_wconf 86' lang='lat' dir='ltr'>dona</span> <span class='ocrx_word' id='word_1_165' title='bbox 934 1285 961 1311; x_wconf 92' lang='lat' dir='ltr'>et</span> <span class='ocrx_word' id='word_1_166' title='bbox 975 1282 1088 1319; x_wconf 82' lang='lat' dir='ltr'>gratiae.</span> <span class='ocrx_word' id='word_1_167' title='bbox 1104 1281 1197 1309; x_wconf 80' lang='lat' dir='ltr'>Gratia</span> <span class='ocrx_word' id='word_1_168' title='bbox 1211 1289 1260 1309; x_wconf 87' lang='lat' dir='ltr'>au-</span> 
     </span>
     <span class='ocr_line' id='line_1_29' title="bbox 415 1328 1261 1368; baseline -0.005 -9"><span class='ocrx_word' id='word_1_169' title='bbox 415 1334 470 1360; x_wconf 86' lang='lat' dir='ltr'>tem</span> <span class='ocrx_word' id='word_1_170' title='bbox 491 1330 687 1368; x_wconf 29' lang='lat' dir='ltr'>recte-dicitur</span> <span class='ocrx_word' id='word_1_171' title='bbox 717 1329 825 1365; x_wconf 83' lang='lat' dir='ltr'>flumen</span> <span class='ocrx_word' id='word_1_172' title='bbox 854 1328 964 1365; x_wconf 79' lang='lat' dir='ltr'>fluens,</span> <span class='ocrx_word' id='word_1_173' title='bbox 987 1336 1040 1356; x_wconf 92' lang='lat' dir='ltr'>non</span> <span class='ocrx_word' id='word_1_174' title='bbox 1063 1328 1128 1365; x_wconf 85' lang='lat' dir='ltr'>quia</span> <span class='ocrx_word' id='word_1_175' title='bbox 1148 1328 1183 1356; x_wconf 83' lang='lat' dir='ltr'>ab</span> <span class='ocrx_word' id='word_1_176' title='bbox 1205 1335 1261 1356; x_wconf 92' lang='lat' dir='ltr'>uno</span> 
     </span>
     <span class='ocr_line' id='line_1_30' title="bbox 415 1373 1260 1413; baseline -0.005 -8"><span class='ocrx_word' id='word_1_177' title='bbox 415 1377 483 1406; x_wconf 85' lang='lat' dir='ltr'>fluat</span> <span class='ocrx_word' id='word_1_178' title='bbox 505 1377 531 1405; x_wconf 92' lang='lat' dir='ltr'>in</span> <span class='ocrx_word' id='word_1_179' title='bbox 553 1376 688 1410; x_wconf 84' lang='lat' dir='ltr'>alterum,</span> <span class='ocrx_word' id='word_1_180' title='bbox 709 1376 756 1405; x_wconf 89' lang='lat' dir='ltr'>sed</span> <span class='ocrx_word' id='word_1_181' title='bbox 777 1376 857 1413; x_wconf 84' lang='lat' dir='ltr'>quia,</span> <span class='ocrx_word' id='word_1_182' title='bbox 880 1383 943 1404; x_wconf 87' lang='lat' dir='ltr'>cum</span> <span class='ocrx_word' id='word_1_183' title='bbox 964 1377 1084 1403; x_wconf 84' lang='lat' dir='ltr'>mentem</span> <span class='ocrx_word' id='word_1_184' title='bbox 1106 1373 1260 1407; x_wconf 70' lang='lat' dir='ltr'>intraverit,</span> 
     </span>
     <span class='ocr_line' id='line_1_31' title="bbox 415 1420 1260 1461; baseline -0.005 -8"><span class='ocrx_word' id='word_1_185' title='bbox 415 1424 489 1453; x_wconf 89' lang='lat' dir='ltr'>omni</span> <span class='ocrx_word' id='word_1_186' title='bbox 510 1424 584 1452; x_wconf 87' lang='lat' dir='ltr'>fonte</span> <span class='ocrx_word' id='word_1_187' title='bbox 615 1424 701 1461; x_wconf 85' lang='lat' dir='ltr'>magis</span> <span class='ocrx_word' id='word_1_188' title='bbox 727 1426 820 1451; x_wconf 83' lang='lat' dir='ltr'>manat</span> <span class='ocrx_word' id='word_1_189' title='bbox 851 1430 901 1451; x_wconf 86' lang='lat' dir='ltr'>nec</span> <span class='ocrx_word' id='word_1_190' title='bbox 931 1422 1024 1451; x_wconf 84' lang='lat' dir='ltr'>deficit</span> <span class='ocrx_word' id='word_1_191' title='bbox 1052 1429 1101 1450; x_wconf 88' lang='lat' dir='ltr'>nec</span> <span class='ocrx_word' id='word_1_192' title='bbox 1123 1424 1191 1455; x_wconf 84' lang='lat' dir='ltr'>stat,</span> <span class='ocrx_word' id='word_1_193' title='bbox 1213 1420 1260 1449; x_wconf 90' lang='lat' dir='ltr'>sed</span> 
     </span>
     <span class='ocr_line' id='line_1_32' title="bbox 414 1468 1260 1508; baseline -0.006 -9"><span class='ocrx_word' id='word_1_194' title='bbox 414 1470 481 1508; x_wconf 82' lang='lat' dir='ltr'>fluit</span> <span class='ocrx_word' id='word_1_195' title='bbox 502 1473 529 1499; x_wconf 91' lang='lat' dir='ltr'>et</span> <span class='ocrx_word' id='word_1_196' title='bbox 549 1470 654 1507; x_wconf 89' lang='lat' dir='ltr'>refluit.</span> <span class='ocrx_word' id='word_1_197' title='bbox 678 1470 757 1498; x_wconf 85' lang='lat' dir='ltr'>Fluit</span> <span class='ocrx_word' id='word_1_198' title='bbox 784 1478 800 1498; x_wconf 89' lang='lat' dir='ltr'>a</span> <span class='ocrx_word' id='word_1_199' title='bbox 828 1470 884 1498; x_wconf 88' lang='lat' dir='ltr'>Deo</span> <span class='ocrx_word' id='word_1_200' title='bbox 905 1471 932 1498; x_wconf 89' lang='lat' dir='ltr'>et</span> <span class='ocrx_word' id='word_1_201' title='bbox 963 1468 1027 1497; x_wconf 85' lang='lat' dir='ltr'>facit</span> <span class='ocrx_word' id='word_1_202' title='bbox 1055 1468 1195 1496; x_wconf 84' lang='lat' dir='ltr'>hominem</span> <span class='ocrx_word' id='word_1_203' title='bbox 1216 1475 1260 1495; x_wconf 81' lang='lat' dir='ltr'>re-</span> 
     </span>
     <span class='ocr_line' id='line_1_33' title="bbox 415 1516 1260 1555; baseline -0.005 -9"><span class='ocrx_word' id='word_1_204' title='bbox 415 1517 505 1555; x_wconf 84' lang='lat' dir='ltr'>fluere</span> <span class='ocrx_word' id='word_1_205' title='bbox 535 1518 563 1546; x_wconf 90' lang='lat' dir='ltr'>in</span> <span class='ocrx_word' id='word_1_206' title='bbox 593 1517 699 1551; x_wconf 89' lang='lat' dir='ltr'>Deum,</span> <span class='ocrx_word' id='word_1_207' title='bbox 720 1517 800 1545; x_wconf 82' lang='lat' dir='ltr'>iuxta</span> <span class='ocrx_word' id='word_1_208' title='bbox 831 1516 1028 1553; x_wconf 83' lang='lat' dir='ltr'>proprietatem</span> <span class='ocrx_word' id='word_1_209' title='bbox 1057 1522 1157 1551; x_wconf 87' lang='lat' dir='ltr'>aquae,</span> <span class='ocrx_word' id='word_1_210' title='bbox 1189 1521 1260 1550; x_wconf 82' lang='lat' dir='ltr'>quae</span> 
     </span>
     <span class='ocr_line' id='line_1_34' title="bbox 416 1560 1261 1599; baseline -0.006 -6"><span class='ocrx_word' id='word_1_211' title='bbox 416 1568 523 1593; x_wconf 80' lang='lat' dir='ltr'>tantuin</span> <span class='ocrx_word' id='word_1_212' title='bbox 554 1564 676 1593; x_wconf 85' lang='lat' dir='ltr'>ascendit</span> <span class='ocrx_word' id='word_1_213' title='bbox 702 1564 730 1592; x_wconf 92' lang='lat' dir='ltr'>in</span> <span class='ocrx_word' id='word_1_214' title='bbox 751 1563 847 1596; x_wconf 86' lang='lat' dir='ltr'>fluxu,</span> <span class='ocrx_word' id='word_1_215' title='bbox 869 1564 1005 1599; x_wconf 87' lang='lat' dir='ltr'>quantum</span> <span class='ocrx_word' id='word_1_216' title='bbox 1026 1560 1173 1590; x_wconf 85' lang='lat' dir='ltr'>descendit.</span> <span class='ocrx_word' id='word_1_217' title='bbox 1196 1561 1261 1589; x_wconf 88' lang='lat' dir='ltr'>Pro-</span> 
     </span>
     <span class='ocr_line' id='line_1_35' title="bbox 416 1606 1260 1648; baseline -0.005 -9"><span class='ocrx_word' id='word_1_218' title='bbox 416 1614 511 1648; x_wconf 83' lang='lat' dir='ltr'>pterea</span> <span class='ocrx_word' id='word_1_219' title='bbox 541 1610 673 1639; x_wconf 80' lang='lat' dir='ltr'>scribitur</span> <span class='ocrx_word' id='word_1_220' title='bbox 701 1618 786 1646; x_wconf 83' lang='lat' dir='ltr'>supra</span> <span class='ocrx_word' id='word_1_221' title='bbox 817 1608 956 1646; x_wconf 85' lang='lat' dir='ltr'>quarto⁵:</span> <span class='ocrx_word' id='word_1_222' title='bbox 983 1608 1044 1636; x_wconf 86' lang='lat' dir='ltr'>Fiet</span> <span class='ocrx_word' id='word_1_223' title='bbox 1076 1608 1108 1636; x_wconf 85' lang='lat' dir='ltr'>in</span> <span class='ocrx_word' id='word_1_224' title='bbox 1134 1616 1165 1635; x_wconf 86' lang='lat' dir='ltr'>eo</span> <span class='ocrx_word' id='word_1_225' title='bbox 1192 1606 1260 1644; x_wconf 86' lang='lat' dir='ltr'>fons</span> 
     </span>
     <span class='ocr_line' id='line_1_36' title="bbox 416 1654 1260 1696; baseline -0.005 -10"><span class='ocrx_word' id='word_1_226' title='bbox 416 1666 510 1696; x_wconf 86' lang='lat' dir='ltr'>aquae</span> <span class='ocrx_word' id='word_1_227' title='bbox 529 1657 660 1686; x_wconf 86' lang='lat' dir='ltr'>salientis</span> <span class='ocrx_word' id='word_1_228' title='bbox 680 1658 711 1685; x_wconf 88' lang='lat' dir='ltr'>in</span> <span class='ocrx_word' id='word_1_229' title='bbox 741 1657 830 1685; x_wconf 75' lang='lat' dir='ltr'>uitam</span> <span class='ocrx_word' id='word_1_230' title='bbox 856 1659 1024 1689; x_wconf 81' lang='lat' dir='ltr'>aeternam;</span> <span class='ocrx_word' id='word_1_231' title='bbox 1046 1655 1106 1683; x_wconf 88' lang='lat' dir='ltr'>ideo</span> <span class='ocrx_word' id='word_1_232' title='bbox 1129 1654 1260 1683; x_wconf 83' lang='lat' dir='ltr'>Ecclesia-</span> 
     </span>
     <span class='ocr_line' id='line_1_37' title="bbox 416 1702 1260 1741; baseline -0.005 -8"><span class='ocrx_word' id='word_1_233' title='bbox 416 1708 473 1734; x_wconf 88' lang='lat' dir='ltr'>stae</span> <span class='ocrx_word' id='word_1_234' title='bbox 494 1705 599 1741; x_wconf 88' lang='lat' dir='ltr'>primo:</span> <span class='ocrx_word' id='word_1_235' title='bbox 621 1704 669 1732; x_wconf 88' lang='lat' dir='ltr'>Ad</span> <span class='ocrx_word' id='word_1_236' title='bbox 689 1704 800 1737; x_wconf 76' lang='lat' dir='ltr'>locum,</span> <span class='ocrx_word' id='word_1_237' title='bbox 823 1704 899 1731; x_wconf 88' lang='lat' dir='ltr'>unde</span> <span class='ocrx_word' id='word_1_238' title='bbox 919 1707 1024 1731; x_wconf 66' lang='lat' dir='ltr'>exeunt</span> <span class='ocrx_word' id='word_1_239' title='bbox 1050 1702 1194 1739; x_wconf 84' lang='lat' dir='ltr'>flumina,</span> <span class='ocrx_word' id='word_1_240' title='bbox 1216 1710 1260 1730; x_wconf 77' lang='lat' dir='ltr'>re-</span> 
     </span>
     <span class='ocr_line' id='line_1_38' title="bbox 415 1750 893 1787; baseline -0.004 -7"><span class='ocrx_word' id='word_1_241' title='bbox 415 1755 587 1785; x_wconf 80' lang='lat' dir='ltr'>vertuntur,</span> <span class='ocrx_word' id='word_1_242' title='bbox 609 1755 642 1779; x_wconf 88' lang='lat' dir='ltr'>ut</span> <span class='ocrx_word' id='word_1_243' title='bbox 662 1751 769 1779; x_wconf 84' lang='lat' dir='ltr'>iterum</span> <span class='ocrx_word' id='word_1_244' title='bbox 789 1750 893 1787; x_wconf 82' lang='lat' dir='ltr'>fluant.</span> 
     </span>
    </p>

    <p class='ocr_par' dir='ltr' id='par_1_13' title="bbox 415 1796 1262 1976">
     <span class='ocr_line' id='line_1_39' title="bbox 495 1796 1260 1835; baseline -0.004 -8"><span class='ocrx_word' id='word_1_245' title='bbox 495 1799 520 1828; x_wconf 84' lang='lat'>3.</span> <span class='ocrx_word' id='word_1_246' title='bbox 542 1798 621 1835; x_wconf 87' lang='lat' dir='ltr'>Quod</span> <span class='ocrx_word' id='word_1_247' title='bbox 642 1798 803 1835; x_wconf 81' lang='lat' dir='ltr'>quaeritur,</span> <span class='ocrx_word' id='word_1_248' title='bbox 825 1797 891 1835; x_wconf 90' lang='lat' dir='ltr'>quid</span> <span class='ocrx_word' id='word_1_249' title='bbox 908 1805 957 1834; x_wconf 91' lang='lat' dir='ltr'>per</span> <span class='ocrx_word' id='word_1_250' title='bbox 979 1800 1104 1825; x_wconf 84' lang='lat' dir='ltr'>ventrem</span> <span class='ocrx_word' id='word_1_251' title='bbox 1126 1796 1260 1833; x_wconf 82' lang='lat' dir='ltr'>intelliga-</span> 
     </span>
     <span class='ocr_line' id='line_1_40' title="bbox 416 1843 1261 1882; baseline -0.004 -8"><span class='ocrx_word' id='word_1_252' title='bbox 416 1848 477 1880; x_wconf 87' lang='lat' dir='ltr'>tur;</span> <span class='ocrx_word' id='word_1_253' title='bbox 499 1845 645 1882; x_wconf 82' lang='lat' dir='ltr'>respondet</span> <span class='ocrx_word' id='word_1_254' title='bbox 666 1844 911 1881; x_wconf 68' lang='lat' dir='ltr'>Chrysostomusss,</span> <span class='ocrx_word' id='word_1_255' title='bbox 932 1843 1007 1881; x_wconf 89' lang='lat' dir='ltr'>quod</span> <span class='ocrx_word' id='word_1_256' title='bbox 1034 1847 1130 1872; x_wconf 81' lang='lat' dir='ltr'>venter</span> <span class='ocrx_word' id='word_1_257' title='bbox 1151 1851 1199 1871; x_wconf 91' lang='lat' dir='ltr'>cor</span> <span class='ocrx_word' id='word_1_258' title='bbox 1220 1843 1261 1871; x_wconf 78' lang='lat' dir='ltr'>di—</span> 
     </span>
     <span class='ocr_line' id='line_1_41' title="bbox 415 1890 1261 1928; baseline -0.004 -7"><span class='ocrx_word' id='word_1_259' title='bbox 415 1893 503 1926; x_wconf 89' lang='lat' dir='ltr'>citur,</span> <span class='ocrx_word' id='word_1_260' title='bbox 518 1892 598 1920; x_wconf 83' lang='lat' dir='ltr'>iuxta</span> <span class='ocrx_word' id='word_1_261' title='bbox 612 1892 679 1920; x_wconf 90' lang='lat' dir='ltr'>illud</span> <span class='ocrx_word' id='word_1_262' title='bbox 695 1891 807 1920; x_wconf 82' lang='lat' dir='ltr'>Psalmi:</span> <span class='ocrx_word' id='word_1_263' title='bbox 824 1891 923 1928; x_wconf 74' lang='lat' dir='ltr'>Leyem</span> <span class='ocrx_word' id='word_1_264' title='bbox 938 1894 1019 1919; x_wconf 80' lang='lat' dir='ltr'>tuam</span> <span class='ocrx_word' id='word_1_265' title='bbox 1036 1891 1067 1918; x_wconf 87' lang='lat' dir='ltr'>in</span> <span class='ocrx_word' id='word_1_266' title='bbox 1083 1890 1175 1918; x_wconf 85' lang='lat' dir='ltr'>medio</span> <span class='ocrx_word' id='word_1_267' title='bbox 1197 1898 1261 1918; x_wconf 78' lang='lat' dir='ltr'>ven-</span> 
     </span>
     <span class='ocr_line' id='line_1_42' title="bbox 417 1937 1262 1976; baseline -0.004 -8"><span class='ocrx_word' id='word_1_268' title='bbox 417 1940 471 1968; x_wconf 82' lang='lat' dir='ltr'>tris</span> <span class='ocrx_word' id='word_1_269' title='bbox 491 1939 555 1967; x_wconf 81' lang='lat' dir='ltr'>mei.</span> <span class='ocrx_word' id='word_1_270' title='bbox 577 1939 661 1976; x_wconf 85' lang='lat' dir='ltr'>Magis</span> <span class='ocrx_word' id='word_1_271' title='bbox 682 1942 773 1967; x_wconf 86' lang='lat' dir='ltr'>tamen</span> <span class='ocrx_word' id='word_1_272' title='bbox 794 1938 866 1966; x_wconf 78' lang='lat' dir='ltr'>dixit</span> <span class='ocrx_word' id='word_1_273' title='bbox 879 1941 1022 1971; x_wconf 81' lang='lat' dir='ltr'>ventrem,</span> <span class='ocrx_word' id='word_1_274' title='bbox 1041 1940 1073 1965; x_wconf 92' lang='lat' dir='ltr'>ut</span> <span class='ocrx_word' id='word_1_275' title='bbox 1094 1937 1262 1973; x_wconf 81' lang='lat' dir='ltr'>significaret</span> 
     </span>
    </p>
   </div>
   <div class='ocr_carea' id='block_1_9' title="bbox 417 2099 1262 2948">
    <p class='ocr_par' dir='ltr' id='par_1_14' title="bbox 480 2099 961 2129">
     <span class='ocr_line' id='line_1_43' title="bbox 480 2099 961 2129; baseline -0.004 -6"><span class='ocrx_word' id='word_1_276' title='bbox 480 2101 487 2113; x_wconf 84' lang='lat'>¹</span> <span class='ocrx_word' id='word_1_277' title='bbox 506 2101 572 2123; x_wconf 88' lang='lat' dir='ltr'>Vers.</span> <span class='ocrx_word' id='word_1_278' title='bbox 589 2102 611 2123; x_wconf 82' lang='lat'>2.</span> <span class='ocrx_word' id='word_1_279' title='bbox 627 2113 658 2117; x_wconf 97' lang='lat'><strong>—</strong></span> <span class='ocrx_word' id='word_1_280' title='bbox 675 2100 783 2129; x_wconf 82' lang='lat' dir='ltr'>Sequitur</span> <span class='ocrx_word' id='word_1_281' title='bbox 801 2100 861 2122; x_wconf 85' lang='lat' dir='ltr'>loan.</span> <span class='ocrx_word' id='word_1_282' title='bbox 883 2100 922 2128; x_wconf 88' lang='grc'>16,</span> <span class='ocrx_word' id='word_1_283' title='bbox 938 2099 961 2122; x_wconf 86' lang='lat'>7.</span> 
     </span>
    </p>

    <p class='ocr_par' dir='ltr' id='par_1_15' title="bbox 417 2139 1261 2203">
     <span class='ocr_line' id='line_1_44' title="bbox 479 2139 1261 2168; baseline -0.004 -4"><span class='ocrx_word' id='word_1_284' title='bbox 479 2140 488 2153; x_wconf 81' lang='lat'><strong>²</strong></span> <span class='ocrx_word' id='word_1_285' title='bbox 506 2142 571 2164; x_wconf 86' lang='lat' dir='ltr'>Vers.</span> <span class='ocrx_word' id='word_1_286' title='bbox 589 2141 630 2163; x_wconf 79' lang='lat'>39:</span> <span class='ocrx_word' id='word_1_287' title='bbox 647 2141 695 2163; x_wconf 88' lang='lat' dir='ltr'>Hoc</span> <span class='ocrx_word' id='word_1_288' title='bbox 712 2143 789 2163; x_wconf 80' lang='lat' dir='ltr'>autem</span> <span class='ocrx_word' id='word_1_289' title='bbox 808 2140 863 2162; x_wconf 76' lang='lat' dir='ltr'>dixit</span> <span class='ocrx_word' id='word_1_290' title='bbox 884 2140 914 2162; x_wconf 89' lang='lat' dir='ltr'>de</span> <span class='ocrx_word' id='word_1_291' title='bbox 934 2140 1033 2168; x_wconf 81' lang='lat' dir='ltr'>Spiritu,</span> <span class='ocrx_word' id='word_1_292' title='bbox 1050 2145 1121 2168; x_wconf 87' lang='lat' dir='ltr'>quem</span> <span class='ocrx_word' id='word_1_293' title='bbox 1144 2139 1261 2167; x_wconf 85' lang='lat' dir='ltr'>accepturi</span> 
     </span>
     <span class='ocr_line' id='line_1_45' title="bbox 417 2181 735 2203; baseline -0.003 0"><span class='ocrx_word' id='word_1_294' title='bbox 417 2183 482 2203; x_wconf 83' lang='lat' dir='ltr'>erant</span> <span class='ocrx_word' id='word_1_295' title='bbox 498 2181 617 2203; x_wconf 86' lang='lat' dir='ltr'>credentes</span> <span class='ocrx_word' id='word_1_296' title='bbox 634 2181 655 2202; x_wconf 92' lang='lat' dir='ltr'>in</span> <span class='ocrx_word' id='word_1_297' title='bbox 672 2186 735 2202; x_wconf 84' lang='lat' dir='ltr'>eum.</span> 
     </span>
    </p>

    <p class='ocr_par' dir='ltr' id='par_1_16' title="bbox 480 2218 1040 2247">
     <span class='ocr_line' id='line_1_46' title="bbox 480 2218 1040 2247; baseline -0.004 -5"><span class='ocrx_word' id='word_1_298' title='bbox 480 2218 489 2231; x_wconf 78' lang='lat'>³</span> <span class='ocrx_word' id='word_1_299' title='bbox 506 2220 534 2242; x_wconf 92' lang='lat' dir='ltr'>Ut</span> <span class='ocrx_word' id='word_1_300' title='bbox 550 2219 675 2242; x_wconf 80' lang='lat' dir='ltr'>ostenditur</span> <span class='ocrx_word' id='word_1_301' title='bbox 693 2219 707 2241; x_wconf 87' lang='lat'>1.</span> <span class='ocrx_word' id='word_1_302' title='bbox 726 2219 787 2241; x_wconf 87' lang='lat' dir='ltr'>Sent.</span> <span class='ocrx_word' id='word_1_303' title='bbox 804 2219 826 2241; x_wconf 93' lang='lat' dir='ltr'>d.</span> <span class='ocrx_word' id='word_1_304' title='bbox 845 2218 881 2241; x_wconf 81' lang='grc'>14.</span> <span class='ocrx_word' id='word_1_305' title='bbox 898 2225 920 2241; x_wconf 81' lang='lat' dir='ltr'>a.</span> <span class='ocrx_word' id='word_1_306' title='bbox 939 2219 960 2240; x_wconf 91' lang='lat'>2.</span> <span class='ocrx_word' id='word_1_307' title='bbox 978 2224 1000 2247; x_wconf 89' lang='lat' dir='ltr'>q.</span> <span class='ocrx_word' id='word_1_308' title='bbox 1019 2219 1040 2240; x_wconf 83' lang='lat'>2.</span> 
     </span>
    </p>

    <p class='ocr_par' dir='ltr' id='par_1_17' title="bbox 418 2256 1262 2482">
     <span class='ocr_line' id='line_1_47' title="bbox 480 2256 1262 2287; baseline -0.001 -7"><span class='ocrx_word' id='word_1_309' title='bbox 480 2257 490 2270; x_wconf 78' lang='lat'>⁴</span> <span class='ocrx_word' id='word_1_310' title='bbox 507 2259 529 2281; x_wconf 92' lang='lat' dir='ltr'>ln</span> <span class='ocrx_word' id='word_1_311' title='bbox 547 2259 606 2280; x_wconf 77' lang='lat' dir='ltr'>loen.</span> <span class='ocrx_word' id='word_1_312' title='bbox 623 2258 702 2280; x_wconf 88' lang='lat' dir='ltr'>homil.</span> <span class='ocrx_word' id='word_1_313' title='bbox 719 2258 756 2280; x_wconf 85' lang='grc'>51.</span> <span class='ocrx_word' id='word_1_314' title='bbox 774 2257 839 2286; x_wconf 83' lang='lat' dir='ltr'>(alias</span> <span class='ocrx_word' id='word_1_315' title='bbox 858 2257 906 2287; x_wconf 82' lang='lat'>50.)</span> <span class='ocrx_word' id='word_1_316' title='bbox 924 2264 947 2279; x_wconf 92' lang='lat' dir='ltr'>n.</span> <span class='ocrx_word' id='word_1_317' title='bbox 964 2257 988 2278; x_wconf 44' lang='lat' dir='ltr'>fl:</span> <span class='ocrx_word' id='word_1_318' title='bbox 1006 2256 1120 2280; x_wconf 83' lang='lat' dir='ltr'>Flumina</span> <span class='ocrx_word' id='word_1_319' title='bbox 1137 2256 1164 2279; x_wconf 85' lang='lat' dir='ltr'>de</span> <span class='ocrx_word' id='word_1_320' title='bbox 1183 2258 1262 2279; x_wconf 72' lang='lat' dir='ltr'>ventre</span> 
     </span>
     <span class='ocr_line' id='line_1_48' title="bbox 418 2295 1261 2326; baseline -0.004 -6"><span class='ocrx_word' id='word_1_321' title='bbox 418 2297 467 2320; x_wconf 80' lang='lat' dir='ltr'>eius</span> <span class='ocrx_word' id='word_1_322' title='bbox 486 2297 571 2326; x_wconf 77' lang='lat' dir='ltr'>fluent,</span> <span class='ocrx_word' id='word_1_323' title='bbox 589 2297 717 2319; x_wconf 80' lang='lat' dir='ltr'>ubertatem</span> <span class='ocrx_word' id='word_1_324' title='bbox 739 2299 762 2319; x_wconf 87' lang='lat' dir='ltr'>et</span> <span class='ocrx_word' id='word_1_325' title='bbox 782 2297 873 2324; x_wconf 83' lang='lat' dir='ltr'>copiam</span> <span class='ocrx_word' id='word_1_326' title='bbox 900 2296 987 2324; x_wconf 77' lang='lat' dir='ltr'>gratIae</span> <span class='ocrx_word' id='word_1_327' title='bbox 1011 2295 1184 2318; x_wconf 84' lang='lat' dir='ltr'>subindicans...</span> <span class='ocrx_word' id='word_1_328' title='bbox 1202 2295 1261 2317; x_wconf 73' lang='lat' dir='ltr'>Alibi</span> 
     </span>
     <span class='ocr_line' id='line_1_49' title="bbox 419 2335 1262 2365; baseline -0.002 -6"><span class='ocrx_word' id='word_1_329' title='bbox 419 2336 505 2359; x_wconf 78' lang='lat' dir='ltr'>dixerat</span> <span class='ocrx_word' id='word_1_330' title='bbox 521 2336 594 2359; x_wconf 83' lang='lat' dir='ltr'>vitam</span> <span class='ocrx_word' id='word_1_331' title='bbox 610 2337 744 2364; x_wconf 77' lang='lat' dir='ltr'>aeternam,</span> <span class='ocrx_word' id='word_1_332' title='bbox 762 2336 798 2358; x_wconf 79' lang='lat' dir='ltr'>liic</span> <span class='ocrx_word' id='word_1_333' title='bbox 815 2336 870 2358; x_wconf 84' lang='lat' dir='ltr'>dicit</span> <span class='ocrx_word' id='word_1_334' title='bbox 886 2341 976 2365; x_wconf 83' lang='lat' dir='ltr'>aquam</span> <span class='ocrx_word' id='word_1_335' title='bbox 994 2335 1079 2358; x_wconf 77' lang='lat' dir='ltr'>viuum.</span> <span class='ocrx_word' id='word_1_336' title='bbox 1093 2335 1175 2357; x_wconf 82' lang='lat' dir='ltr'>Vivam</span> <span class='ocrx_word' id='word_1_337' title='bbox 1194 2337 1262 2357; x_wconf 77' lang='lat' dir='ltr'>vocat</span> 
     </span>
     <span class='ocr_line' id='line_1_50' title="bbox 418 2373 1262 2404; baseline -0.002 -7"><span class='ocrx_word' id='word_1_338' title='bbox 418 2381 470 2398; x_wconf 81' lang='lat' dir='ltr'>eam</span> <span class='ocrx_word' id='word_1_339' title='bbox 487 2381 546 2404; x_wconf 85' lang='lat' dir='ltr'>quae</span> <span class='ocrx_word' id='word_1_340' title='bbox 563 2381 654 2403; x_wconf 85' lang='lat' dir='ltr'>semper</span> <span class='ocrx_word' id='word_1_341' title='bbox 666 2378 787 2402; x_wconf 69' lang='lat' dir='ltr'>operatur,</span> <span class='ocrx_word' id='word_1_342' title='bbox 805 2375 903 2402; x_wconf 80' lang='lat' dir='ltr'>Spiritus</span> <span class='ocrx_word' id='word_1_343' title='bbox 920 2374 980 2396; x_wconf 88' lang='lat' dir='ltr'>enim</span> <span class='ocrx_word' id='word_1_344' title='bbox 998 2374 1084 2401; x_wconf 83' lang='lat' dir='ltr'>gratia,</span> <span class='ocrx_word' id='word_1_345' title='bbox 1100 2379 1153 2396; x_wconf 86' lang='lat' dir='ltr'>cum</span> <span class='ocrx_word' id='word_1_346' title='bbox 1177 2373 1199 2395; x_wconf 86' lang='grc'>111</span> <span class='ocrx_word' id='word_1_347' title='bbox 1216 2373 1262 2395; x_wconf 83' lang='grc'><strong>3111-</strong></span> 
     </span>
     <span class='ocr_line' id='line_1_51' title="bbox 420 2413 1262 2442; baseline -0.001 -6"><span class='ocrx_word' id='word_1_348' title='bbox 420 2421 480 2436; x_wconf 85' lang='lat' dir='ltr'>mam</span> <span class='ocrx_word' id='word_1_349' title='bbox 494 2415 514 2436; x_wconf 86' lang='lat' dir='ltr'>in</span> <span class='ocrx_word' id='word_1_350' title='bbox 528 2420 605 2441; x_wconf 83' lang='lat' dir='ltr'>gressa</span> <span class='ocrx_word' id='word_1_351' title='bbox 618 2417 640 2436; x_wconf 87' lang='lat' dir='ltr'>et</span> <span class='ocrx_word' id='word_1_352' title='bbox 651 2414 747 2436; x_wconf 88' lang='lat' dir='ltr'>stabilita</span> <span class='ocrx_word' id='word_1_353' title='bbox 766 2414 844 2442; x_wconf 78' lang='lat' dir='ltr'>tuerit,</span> <span class='ocrx_word' id='word_1_354' title='bbox 861 2414 914 2441; x_wconf 89' lang='lat' dir='ltr'>plus</span> <span class='ocrx_word' id='word_1_355' title='bbox 930 2419 1002 2442; x_wconf 88' lang='lat' dir='ltr'>quam</span> <span class='ocrx_word' id='word_1_356' title='bbox 1015 2414 1064 2435; x_wconf 83' lang='lat' dir='ltr'>sons</span> <span class='ocrx_word' id='word_1_357' title='bbox 1076 2413 1151 2442; x_wconf 90' lang='lat' dir='ltr'>quivis</span> <span class='ocrx_word' id='word_1_358' title='bbox 1168 2413 1262 2435; x_wconf 82' lang='lat' dir='ltr'>scaturit</span> 
     </span>
     <span class='ocr_line' id='line_1_52' title="bbox 419 2452 977 2482; baseline -0.002 -7"><span class='ocrx_word' id='word_1_359' title='bbox 419 2459 493 2482; x_wconf 82' lang='lat' dir='ltr'>neque</span> <span class='ocrx_word' id='word_1_360' title='bbox 510 2456 582 2475; x_wconf 84' lang='lat' dir='ltr'>cessat</span> <span class='ocrx_word' id='word_1_361' title='bbox 600 2454 635 2475; x_wconf 79' lang='lat' dir='ltr'>vel</span> <span class='ocrx_word' id='word_1_362' title='bbox 652 2456 777 2475; x_wconf 84' lang='lat' dir='ltr'>evacuatur</span> <span class='ocrx_word' id='word_1_363' title='bbox 794 2459 870 2481; x_wconf 77' lang='lat' dir='ltr'>neque</span> <span class='ocrx_word' id='word_1_364' title='bbox 887 2452 977 2475; x_wconf 81' lang='lat' dir='ltr'>desinit.</span> 
     </span>
    </p>

    <p class='ocr_par' dir='ltr' id='par_1_18' title="bbox 419 2490 1261 2752">
     <span class='ocr_line' id='line_1_53' title="bbox 482 2490 1261 2520; baseline 0 -7"><span class='ocrx_word' id='word_1_365' title='bbox 482 2490 491 2503; x_wconf 81' lang='lat'>⁶</span> <span class='ocrx_word' id='word_1_366' title='bbox 508 2492 574 2513; x_wconf 88' lang='lat' dir='ltr'>Vers.</span> <span class='ocrx_word' id='word_1_367' title='bbox 594 2491 631 2513; x_wconf 78' lang='grc'>14.</span> <span class='ocrx_word' id='word_1_368' title='bbox 648 2503 679 2507; x_wconf 92' lang='grc'>--</span> <span class='ocrx_word' id='word_1_369' title='bbox 696 2492 748 2520; x_wconf 86' lang='lat' dir='ltr'>Seq.</span> <span class='ocrx_word' id='word_1_370' title='bbox 768 2492 832 2513; x_wconf 85' lang='lat' dir='ltr'>locus</span> <span class='ocrx_word' id='word_1_371' title='bbox 856 2495 891 2513; x_wconf 81' lang='lat' dir='ltr'>est</span> <span class='ocrx_word' id='word_1_372' title='bbox 915 2491 987 2513; x_wconf 83' lang='lat' dir='ltr'>Eccle.</span> <span class='ocrx_word' id='word_1_373' title='bbox 1005 2491 1026 2519; x_wconf 78' lang='lat' dir='ltr'>i,</span> <span class='ocrx_word' id='word_1_374' title='bbox 1043 2491 1065 2519; x_wconf 93' lang='lat'>7,</span> <span class='ocrx_word' id='word_1_375' title='bbox 1087 2491 1116 2513; x_wconf 87' lang='lat' dir='ltr'>de</span> <span class='ocrx_word' id='word_1_376' title='bbox 1137 2497 1184 2519; x_wconf 89' lang='lat' dir='ltr'>quo</span> <span class='ocrx_word' id='word_1_377' title='bbox 1206 2490 1261 2513; x_wconf 83' lang='lat' dir='ltr'>vide</span> 
     </span>
     <span class='ocr_line' id='line_1_54' title="bbox 419 2529 1261 2558; baseline -0.001 -6"><span class='ocrx_word' id='word_1_378' title='bbox 419 2536 488 2557; x_wconf 85' lang='lat' dir='ltr'>supra</span> <span class='ocrx_word' id='word_1_379' title='bbox 508 2529 636 2552; x_wconf 77' lang='lat' dir='ltr'>Comment.</span> <span class='ocrx_word' id='word_1_380' title='bbox 658 2529 703 2552; x_wconf 84' lang='lat' dir='ltr'>Csr.</span> <span class='ocrx_word' id='word_1_381' title='bbox 720 2536 790 2558; x_wconf 79' lang='lat' dir='ltr'>supra</span> <span class='ocrx_word' id='word_1_382' title='bbox 808 2536 828 2552; x_wconf 81' lang='lat' dir='ltr'>c.</span> <span class='ocrx_word' id='word_1_383' title='bbox 848 2530 868 2552; x_wconf 77' lang='lat'>4.</span> <span class='ocrx_word' id='word_1_384' title='bbox 886 2536 908 2552; x_wconf 92' lang='lat' dir='ltr'>n.</span> <span class='ocrx_word' id='word_1_385' title='bbox 927 2530 963 2552; x_wconf 86' lang='lat'>33.</span> <span class='ocrx_word' id='word_1_386' title='bbox 987 2530 1010 2552; x_wconf 91' lang='lat' dir='ltr'>in</span> <span class='ocrx_word' id='word_1_387' title='bbox 1032 2529 1084 2552; x_wconf 83' lang='lat' dir='ltr'>fine.</span> <span class='ocrx_word' id='word_1_388' title='bbox 1102 2542 1133 2546; x_wconf 92' lang='lat'><strong>—</strong></span> <span class='ocrx_word' id='word_1_389' title='bbox 1149 2529 1261 2557; x_wconf 83' lang='lat' dir='ltr'>Superius</span> 
     </span>
     <span class='ocr_line' id='line_1_55' title="bbox 420 2568 1260 2598; baseline 0.001 -8"><span class='ocrx_word' id='word_1_390' title='bbox 420 2572 471 2596; x_wconf 88' lang='lat' dir='ltr'>post</span> <span class='ocrx_word' id='word_1_391' title='bbox 487 2568 590 2591; x_wconf 81' lang='lat' dir='ltr'>aseendit</span> <span class='ocrx_word' id='word_1_392' title='bbox 606 2568 643 2591; x_wconf 87' lang='lat' dir='ltr'>ed.</span> <span class='ocrx_word' id='word_1_393' title='bbox 660 2569 806 2597; x_wconf 88' lang='lat' dir='ltr'>prosequitur</span> <span class='ocrx_word' id='word_1_394' title='bbox 827 2568 853 2591; x_wconf 83' lang='lat' dir='ltr'>in</span> <span class='ocrx_word' id='word_1_395' title='bbox 874 2568 986 2598; x_wconf 64' lang='lat' dir='ltr'>refluxu,</span> <span class='ocrx_word' id='word_1_396' title='bbox 1004 2570 1121 2598; x_wconf 79' lang='lat' dir='ltr'>quantum</span> <span class='ocrx_word' id='word_1_397' title='bbox 1144 2568 1168 2591; x_wconf 80' lang='lat' dir='ltr'>iu</span> <span class='ocrx_word' id='word_1_398' title='bbox 1190 2568 1260 2597; x_wconf 66' lang='lat' dir='ltr'>fluizu</span> 
     </span>
     <span class='ocr_line' id='line_1_56' title="bbox 420 2606 911 2630; baseline 0 -1"><span class='ocrx_word' id='word_1_399' title='bbox 420 2606 542 2630; x_wconf 80' lang='lat' dir='ltr'>descendit.</span> <span class='ocrx_word' id='word_1_400' title='bbox 560 2607 646 2629; x_wconf 90' lang='lat' dir='ltr'>Deinde</span> <span class='ocrx_word' id='word_1_401' title='bbox 663 2608 726 2629; x_wconf 83' lang='lat' dir='ltr'>addit</span> <span class='ocrx_word' id='word_1_402' title='bbox 743 2608 786 2629; x_wconf 84' lang='lat' dir='ltr'>hoc</span> <span class='ocrx_word' id='word_1_403' title='bbox 803 2608 911 2629; x_wconf 84' lang='lat' dir='ltr'>schema:</span> 
     </span>
     <span class='ocr_line' id='line_1_57' title="bbox 623 2647 1147 2674; baseline 0 -6"><span class='ocrx_word' id='word_1_404' title='bbox 623 2647 645 2668; x_wconf 88' lang='lat' dir='ltr'>in</span> <span class='ocrx_word' id='word_1_405' title='bbox 662 2647 790 2669; x_wconf 85' lang='lat' dir='ltr'>emanando</span> <span class='ocrx_word' id='word_1_406' title='bbox 807 2647 893 2669; x_wconf 81' lang='lat' dir='ltr'>scilicet</span> <span class='ocrx_word' id='word_1_407' title='bbox 909 2647 1019 2674; x_wconf 85' lang='lat' dir='ltr'>Spiritum</span> <span class='ocrx_word' id='word_1_408' title='bbox 1037 2652 1048 2668; x_wconf 90' lang='lat' dir='ltr'>a</span> <span class='ocrx_word' id='word_1_409' title='bbox 1066 2647 1147 2674; x_wconf 78' lang='lat' dir='ltr'>Patre;</span> 
     </span>
     <span class='ocr_line' id='line_1_58' title="bbox 623 2685 1129 2713; baseline 0 -6"><span class='ocrx_word' id='word_1_410' title='bbox 623 2685 644 2706; x_wconf 90' lang='lat' dir='ltr'>in</span> <span class='ocrx_word' id='word_1_411' title='bbox 661 2686 780 2707; x_wconf 84' lang='lat' dir='ltr'>redeundo</span> <span class='ocrx_word' id='word_1_412' title='bbox 798 2691 838 2713; x_wconf 87' lang='lat' dir='ltr'>per</span> <span class='ocrx_word' id='word_1_413' title='bbox 855 2685 969 2707; x_wconf 85' lang='lat' dir='ltr'>actionem</span> <span class='ocrx_word' id='word_1_414' title='bbox 987 2685 1129 2712; x_wconf 78' lang='lat' dir='ltr'>gratiarum3</span> 
     </span>
     <span class='ocr_line' id='line_1_59' title="bbox 604 2724 1261 2752; baseline 0 -6"><span class='ocrx_word' id='word_1_415' title='bbox 604 2740 607 2745; x_wconf 81' lang='grc'>.</span> <span class='ocrx_word' id='word_1_416' title='bbox 623 2727 645 2746; x_wconf 83' lang='lat' dir='ltr'>et</span> <span class='ocrx_word' id='word_1_417' title='bbox 662 2724 682 2746; x_wconf 92' lang='lat' dir='ltr'>in</span> <span class='ocrx_word' id='word_1_418' title='bbox 699 2725 892 2746; x_wconf 85' lang='lat' dir='ltr'>communicando</span> <span class='ocrx_word' id='word_1_419' title='bbox 905 2731 946 2752; x_wconf 87' lang='lat' dir='ltr'>per</span> <span class='ocrx_word' id='word_1_420' title='bbox 958 2724 1078 2746; x_wconf 87' lang='lat' dir='ltr'>consilium</span> <span class='ocrx_word' id='word_1_421' title='bbox 1091 2727 1113 2746; x_wconf 89' lang='lat' dir='ltr'>et</span> <span class='ocrx_word' id='word_1_422' title='bbox 1124 2724 1261 2747; x_wconf 85' lang='lat' dir='ltr'>doctrinam.</span> 
     </span>
    </p>

    <p class='ocr_par' dir='ltr' id='par_1_19' title="bbox 421 2761 1261 2869">
     <span class='ocr_line' id='line_1_60' title="bbox 483 2761 1261 2791; baseline 0 -6"><span class='ocrx_word' id='word_1_423' title='bbox 483 2761 493 2775; x_wconf 56' lang='grc' dir='ltr'><strong>Β</strong></span> <span class='ocrx_word' id='word_1_424' title='bbox 510 2764 532 2785; x_wconf 91' lang='grc'>111</span> <span class='ocrx_word' id='word_1_425' title='bbox 550 2764 610 2785; x_wconf 78' lang='lat' dir='ltr'>loen.</span> <span class='ocrx_word' id='word_1_426' title='bbox 627 2764 705 2785; x_wconf 73' lang='grc'><strong>11011111,</strong></span> <span class='ocrx_word' id='word_1_427' title='bbox 722 2764 759 2786; x_wconf 83' lang='grc'>51.</span> <span class='ocrx_word' id='word_1_428' title='bbox 778 2764 841 2791; x_wconf 85' lang='lat' dir='ltr'>(alias</span> <span class='ocrx_word' id='word_1_429' title='bbox 858 2764 903 2791; x_wconf 77' lang='lat'>50.)</span> <span class='ocrx_word' id='word_1_430' title='bbox 922 2770 943 2785; x_wconf 92' lang='grc'>11.</span> <span class='ocrx_word' id='word_1_431' title='bbox 963 2763 1109 2785; x_wconf 78' lang='lat' dir='ltr'>l:Ventrem</span> <span class='ocrx_word' id='word_1_432' title='bbox 1126 2769 1166 2785; x_wconf 90' lang='lat' dir='ltr'>cor</span> <span class='ocrx_word' id='word_1_433' title='bbox 1182 2766 1261 2791; x_wconf 83' lang='lat' dir='ltr'>vocat,</span> 
     </span>
     <span class='ocr_line' id='line_1_61' title="bbox 421 2801 1261 2831; baseline 0.001 -7"><span class='ocrx_word' id='word_1_434' title='bbox 421 2805 446 2825; x_wconf 86' lang='lat' dir='ltr'>ut</span> <span class='ocrx_word' id='word_1_435' title='bbox 463 2805 484 2824; x_wconf 82' lang='lat' dir='ltr'>et</span> <span class='ocrx_word' id='word_1_436' title='bbox 501 2801 553 2824; x_wconf 84' lang='lat' dir='ltr'>alibi</span> <span class='ocrx_word' id='word_1_437' title='bbox 571 2802 618 2830; x_wconf 82' lang='lat' dir='ltr'>[Ps.</span> <span class='ocrx_word' id='word_1_438' title='bbox 638 2802 677 2829; x_wconf 77' lang='grc'>39,</span> <span class='ocrx_word' id='word_1_439' title='bbox 696 2801 726 2831; x_wconf 82' lang='grc'>9.]</span> <span class='ocrx_word' id='word_1_440' title='bbox 744 2802 788 2824; x_wconf 83' lang='grc' dir='ltr'>3ῑι;</span> <span class='ocrx_word' id='word_1_441' title='bbox 806 2802 837 2825; x_wconf 89' lang='lat' dir='ltr'>Et</span> <span class='ocrx_word' id='word_1_442' title='bbox 853 2801 926 2831; x_wconf 76' lang='lat' dir='ltr'>leyem</span> <span class='ocrx_word' id='word_1_443' title='bbox 943 2804 1010 2825; x_wconf 81' lang='lat' dir='ltr'>tuam</span> <span class='ocrx_word' id='word_1_444' title='bbox 1032 2802 1056 2825; x_wconf 85' lang='lat' dir='ltr'>in</span> <span class='ocrx_word' id='word_1_445' title='bbox 1079 2801 1155 2824; x_wconf 81' lang='lat' dir='ltr'>medio</span> <span class='ocrx_word' id='word_1_446' title='bbox 1173 2802 1261 2825; x_wconf 81' lang='lat' dir='ltr'>ventris</span> 
     </span>
     <span class='ocr_line' id='line_1_62' title="bbox 423 2839 774 2869; baseline -0.003 -6"><span class='ocrx_word' id='word_1_447' title='bbox 423 2840 468 2863; x_wconf 83' lang='lat' dir='ltr'>mei</span> <span class='ocrx_word' id='word_1_448' title='bbox 484 2839 596 2869; x_wconf 81' lang='lat' dir='ltr'>[Vulgata</span> <span class='ocrx_word' id='word_1_449' title='bbox 613 2839 690 2863; x_wconf 80' lang='lat' dir='ltr'>cordis</span> <span class='ocrx_word' id='word_1_450' title='bbox 707 2839 774 2869; x_wconf 84' lang='lat' dir='ltr'>mei].</span> 
     </span>
    </p>

    <p class='ocr_par' dir='ltr' id='par_1_20' title="bbox 423 2877 1261 2948">
     <span class='ocr_line' id='line_1_63' title="bbox 483 2877 1260 2907; baseline 0 -6"><span class='ocrx_word' id='word_1_451' title='bbox 483 2877 492 2891; x_wconf 88' lang='lat'>⁷</span> <span class='ocrx_word' id='word_1_452' title='bbox 511 2879 600 2901; x_wconf 83' lang='lat' dir='ltr'>Scilicet</span> <span class='ocrx_word' id='word_1_453' title='bbox 621 2878 744 2901; x_wconf 79' lang='lat' dir='ltr'>ordinaria</span> <span class='ocrx_word' id='word_1_454' title='bbox 768 2880 803 2907; x_wconf 87' lang='lat' dir='ltr'>(ex</span> <span class='ocrx_word' id='word_1_455' title='bbox 823 2880 926 2907; x_wconf 62' lang='lat' dir='ltr'>August„</span> <span class='ocrx_word' id='word_1_456' title='bbox 943 2880 967 2901; x_wconf 91' lang='lat' dir='ltr'>in</span> <span class='ocrx_word' id='word_1_457' title='bbox 989 2880 1048 2902; x_wconf 81' lang='lat' dir='ltr'>ioan.</span> <span class='ocrx_word' id='word_1_458' title='bbox 1072 2880 1159 2907; x_wconf 82' lang='lat' dir='ltr'>Evang.</span> <span class='ocrx_word' id='word_1_459' title='bbox 1177 2882 1203 2901; x_wconf 95' lang='lat' dir='ltr'>tr.</span> <span class='ocrx_word' id='word_1_460' title='bbox 1221 2879 1260 2901; x_wconf 80' lang='lat'>32.</span> 
     </span>
     <span class='ocr_line' id='line_1_64' title="bbox 423 2918 1261 2948; baseline 0 -7"><span class='ocrx_word' id='word_1_461' title='bbox 423 2925 446 2941; x_wconf 92' lang='lat' dir='ltr'>n.</span> <span class='ocrx_word' id='word_1_462' title='bbox 463 2918 507 2948; x_wconf 83' lang='lat'>4.):</span> <span class='ocrx_word' id='word_1_463' title='bbox 525 2918 610 2940; x_wconf 87' lang='lat' dir='ltr'>Venter</span> <span class='ocrx_word' id='word_1_464' title='bbox 626 2921 657 2940; x_wconf 84' lang='lat' dir='ltr'>est</span> <span class='ocrx_word' id='word_1_465' title='bbox 676 2918 811 2940; x_wconf 85' lang='lat' dir='ltr'>conscientia</span> <span class='ocrx_word' id='word_1_466' title='bbox 829 2919 917 2947; x_wconf 81' lang='lat' dir='ltr'>cordis,</span> <span class='ocrx_word' id='word_1_467' title='bbox 934 2925 994 2947; x_wconf 86' lang='lat' dir='ltr'>quae</span> <span class='ocrx_word' id='word_1_468' title='bbox 1017 2918 1089 2941; x_wconf 85' lang='lat' dir='ltr'>bibito</span> <span class='ocrx_word' id='word_1_469' title='bbox 1111 2919 1190 2946; x_wconf 89' lang='lat' dir='ltr'>spiritu</span> <span class='ocrx_word' id='word_1_470' title='bbox 1209 2925 1261 2947; x_wconf 91' lang='lat' dir='ltr'>pur-</span> 
     </span>
    </p>
   </div>
   <div class='ocr_carea' id='block_1_10' title="bbox 421 2670 582 2723">
    <p class='ocr_par' dir='ltr' id='par_1_21' title="bbox 421 2670 582 2723">
     <span class='ocr_line' id='line_1_65' title="bbox 421 2670 582 2692; baseline 0 -1"><span class='ocrx_word' id='word_1_471' title='bbox 421 2670 475 2692; x_wconf 76' lang='lat' dir='ltr'>Nota</span> <span class='ocrx_word' id='word_1_472' title='bbox 496 2670 582 2692; x_wconf 72' lang='lat' dir='ltr'>[luxum</span> 
     </span>
     <span class='ocr_line' id='line_1_66' title="bbox 429 2701 574 2723; baseline 0 -1"><span class='ocrx_word' id='word_1_473' title='bbox 429 2704 451 2723; x_wconf 88' lang='lat' dir='ltr'>et</span> <span class='ocrx_word' id='word_1_474' title='bbox 462 2701 574 2722; x_wconf 81' lang='lat' dir='ltr'>refluxum</span> 
     </span>
    </p>
   </div>
   <div class='ocr_carea' id='block_1_11' title="bbox 1025 126 1541 156">
    <p class='ocr_par' dir='ltr' id='par_1_22' title="bbox 1025 126 1541 156">
     <span class='ocr_line' id='line_1_67' title="bbox 1025 126 1541 156; baseline -0.004 0"><span class='ocrx_word' id='word_1_475' title='bbox 1025 127 1195 156; x_wconf 88' lang='lat' dir='ltr'>COMMENT.</span> <span class='ocrx_word' id='word_1_476' title='bbox 1218 127 1250 156; x_wconf 88' lang='grc' dir='ltr'>ΙΝ</span> <span class='ocrx_word' id='word_1_477' title='bbox 1272 126 1417 156; x_wconf 81' lang='grc' dir='ltr'>ΙΟΑΝΝΕΜ</span> <span class='ocrx_word' id='word_1_478' title='bbox 1439 126 1467 155; x_wconf 90' lang='lat' dir='ltr'>C.</span> <span class='ocrx_word' id='word_1_479' title='bbox 1489 126 1541 155; x_wconf 88' lang='lat' dir='ltr'>Vll.</span> 
     </span>
    </p>
   </div>
   <div class='ocr_carea' id='block_1_12' title="bbox 1283 212 1287 791">
    <p class='ocr_par' dir='ltr' id='par_1_23' title="bbox 1283 212 1287 791">
     <span class='ocr_line' id='line_1_68' title="bbox 1283 212 1287 791; baseline 0 0"><span class='ocrx_word' id='word_1_480' title='bbox 1283 212 1287 791; x_wconf 95' lang='lat' dir='ltr'> </span> 
     </span>
    </p>
   </div>
   <div class='ocr_carea' id='block_1_13' title="bbox 1286 902 1292 1965">
    <p class='ocr_par' dir='ltr' id='par_1_24' title="bbox 1286 902 1292 1965">
     <span class='ocr_line' id='line_1_69' title="bbox 1286 902 1292 1965; baseline 0 0"><span class='ocrx_word' id='word_1_481' title='bbox 1286 902 1292 1965; x_wconf 95' lang='lat' dir='ltr'> </span> 
     </span>
    </p>
   </div>
   <div class='ocr_carea' id='block_1_14' title="bbox 1286 2103 1293 2913">
    <p class='ocr_par' dir='ltr' id='par_1_25' title="bbox 1286 2103 1293 2913">
     <span class='ocr_line' id='line_1_70' title="bbox 1286 2103 1293 2913; baseline 0 0"><span class='ocrx_word' id='word_1_482' title='bbox 1286 2103 1293 2913; x_wconf 95' lang='lat' dir='ltr'> </span> 
     </span>
    </p>
   </div>
   <div class='ocr_carea' id='block_1_15' title="bbox 1312 202 2285 1925">
    <p class='ocr_par' dir='ltr' id='par_1_26' title="bbox 1312 202 2161 381">
     <span class='ocr_line' id='line_1_71' title="bbox 1312 202 2160 241; baseline 0 -8"><span class='ocrx_word' id='word_1_483' title='bbox 1312 204 1510 233; x_wconf 80' lang='lat' dir='ltr'>abundantiam</span> <span class='ocrx_word' id='word_1_484' title='bbox 1540 203 1702 241; x_wconf 84' lang='lat' dir='ltr'>gratiarum.</span> <span class='ocrx_word' id='word_1_485' title='bbox 1729 218 1766 224; x_wconf 92' lang='lat'>—-</span> <span class='ocrx_word' id='word_1_486' title='bbox 1790 202 1886 232; x_wconf 88' lang='lat' dir='ltr'>Glossa</span> <span class='ocrx_word' id='word_1_487' title='bbox 1907 203 1917 220; x_wconf 81' lang='lat'>⁷</span> <span class='ocrx_word' id='word_1_488' title='bbox 1948 211 2015 232; x_wconf 91' lang='lat' dir='ltr'>vero</span> <span class='ocrx_word' id='word_1_489' title='bbox 2045 204 2160 241; x_wconf 87' lang='lat' dir='ltr'>exponit</span> 
     </span>
     <span class='ocr_line' id='line_1_72' title="bbox 1312 249 2161 279; baseline -0.001 0"><span class='ocrx_word' id='word_1_490' title='bbox 1312 250 1381 279; x_wconf 90' lang='lat' dir='ltr'>illud</span> <span class='ocrx_word' id='word_1_491' title='bbox 1401 250 1435 279; x_wconf 86' lang='lat' dir='ltr'>de</span> <span class='ocrx_word' id='word_1_492' title='bbox 1456 250 1539 279; x_wconf 86' lang='lat' dir='ltr'>fluxu</span> <span class='ocrx_word' id='word_1_493' title='bbox 1559 250 1700 279; x_wconf 82' lang='lat' dir='ltr'>doctrinae</span> <span class='ocrx_word' id='word_1_494' title='bbox 1721 252 1748 278; x_wconf 89' lang='lat' dir='ltr'>et</span> <span class='ocrx_word' id='word_1_495' title='bbox 1768 249 1873 278; x_wconf 86' lang='lat' dir='ltr'>consilii</span> <span class='ocrx_word' id='word_1_496' title='bbox 1901 249 1935 278; x_wconf 89' lang='lat' dir='ltr'>de</span> <span class='ocrx_word' id='word_1_497' title='bbox 1956 252 2052 279; x_wconf 86' lang='lat' dir='ltr'>ventre</span> <span class='ocrx_word' id='word_1_498' title='bbox 2072 249 2161 279; x_wconf 87' lang='lat' dir='ltr'>honae</span> 
     </span>
     <span class='ocr_line' id='line_1_73' title="bbox 1312 296 2161 334; baseline -0.001 -8"><span class='ocrx_word' id='word_1_499' title='bbox 1312 297 1494 326; x_wconf 86' lang='lat' dir='ltr'>conscientiae</span> <span class='ocrx_word' id='word_1_500' title='bbox 1521 300 1548 326; x_wconf 89' lang='lat' dir='ltr'>et</span> <span class='ocrx_word' id='word_1_501' title='bbox 1575 297 1652 334; x_wconf 85' lang='lat' dir='ltr'>piae,</span> <span class='ocrx_word' id='word_1_502' title='bbox 1677 296 1830 325; x_wconf 85' lang='lat' dir='ltr'>secundum</span> <span class='ocrx_word' id='word_1_503' title='bbox 1851 296 1935 325; x_wconf 91' lang='lat' dir='ltr'>illud:</span> <span class='ocrx_word' id='word_1_504' title='bbox 1960 296 2059 325; x_wconf 78' lang='lat' dir='ltr'>Venter</span> <span class='ocrx_word' id='word_1_505' title='bbox 2080 304 2161 325; x_wconf 81' lang='lat' dir='ltr'>meus</span> 
     </span>
     <span class='ocr_line' id='line_1_74' title="bbox 1313 341 1846 381; baseline -0.002 -10"><span class='ocrx_word' id='word_1_506' title='bbox 1313 343 1353 371; x_wconf 87' lang='lat' dir='ltr'>ad</span> <span class='ocrx_word' id='word_1_507' title='bbox 1373 342 1456 371; x_wconf 82' lang='lat' dir='ltr'>Moab</span> <span class='ocrx_word' id='word_1_508' title='bbox 1478 343 1566 381; x_wconf 86' lang='lat' dir='ltr'>quasi</span> <span class='ocrx_word' id='word_1_509' title='bbox 1586 341 1704 372; x_wconf 83' lang='lat' dir='ltr'>eithara</span> <span class='ocrx_word' id='word_1_510' title='bbox 1723 342 1846 370; x_wconf 85' lang='lat' dir='ltr'>sonabit.</span> 
     </span>
    </p>

    <p class='ocr_par' dir='ltr' id='par_1_27' title="bbox 1312 389 2161 474">
     <span class='ocr_line' id='line_1_75' title="bbox 1392 389 2161 426; baseline 0 -8"><span class='ocrx_word' id='word_1_511' title='bbox 1392 391 1437 418; x_wconf 79' lang='lat'>57.</span> <span class='ocrx_word' id='word_1_512' title='bbox 1460 390 1570 426; x_wconf 82' lang='lat' dir='ltr'>Quaest.</span> <span class='ocrx_word' id='word_1_513' title='bbox 1593 390 1621 418; x_wconf 92' lang='lat' dir='ltr'>ll.</span> <span class='ocrx_word' id='word_1_514' title='bbox 1644 389 1710 418; x_wconf 90' lang='lat' dir='ltr'>Item</span> <span class='ocrx_word' id='word_1_515' title='bbox 1731 389 1878 426; x_wconf 88' lang='lat' dir='ltr'>quaeritur</span> <span class='ocrx_word' id='word_1_516' title='bbox 1898 389 1932 418; x_wconf 87' lang='lat' dir='ltr'>de</span> <span class='ocrx_word' id='word_1_517' title='bbox 1952 389 2005 418; x_wconf 88' lang='lat' dir='ltr'>hoc</span> <span class='ocrx_word' id='word_1_518' title='bbox 2026 389 2100 426; x_wconf 92' lang='lat' dir='ltr'>quod</span> <span class='ocrx_word' id='word_1_519' title='bbox 2120 389 2161 418; x_wconf 93' lang='lat' dir='ltr'>di-</span> 
     </span>
     <span class='ocr_line' id='line_1_76' title="bbox 1312 435 2104 474; baseline -0.001 -9"><span class='ocrx_word' id='word_1_520' title='bbox 1312 436 1362 471; x_wconf 91' lang='lat' dir='ltr'>cit,</span> <span class='ocrx_word' id='word_1_521' title='bbox 1383 436 1457 474; x_wconf 87' lang='lat' dir='ltr'>quod</span> <span class='ocrx_word' id='word_1_522' title='bbox 1480 436 1610 473; x_wconf 76' lang='lat' dir='ltr'>Spiritus</span> <span class='ocrx_word' id='word_1_523' title='bbox 1629 439 1751 465; x_wconf 83' lang='lat' dir='ltr'>sanetus</span> <span class='ocrx_word' id='word_1_524' title='bbox 1771 435 1902 464; x_wconf 86' lang='lat' dir='ltr'>nondum</span> <span class='ocrx_word' id='word_1_525' title='bbox 1923 438 1986 464; x_wconf 84' lang='lat' dir='ltr'>erat</span> <span class='ocrx_word' id='word_1_526' title='bbox 2007 436 2104 465; x_wconf 86' lang='lat' dir='ltr'>datus.</span> 
     </span>
    </p>

    <p class='ocr_par' dir='ltr' id='par_1_28' title="bbox 1313 482 2275 660">
     <span class='ocr_line' id='line_1_77' title="bbox 1391 482 2162 520; baseline 0.001 -9"><span class='ocrx_word' id='word_1_527' title='bbox 1391 483 1520 512; x_wconf 58' lang='lat' dir='ltr'>Com-na:</span> <span class='ocrx_word' id='word_1_528' title='bbox 1546 484 1570 511; x_wconf 87' lang='lat'>1.</span> <span class='ocrx_word' id='word_1_529' title='bbox 1588 483 1739 520; x_wconf 81' lang='lat' dir='ltr'>Prophetae</span> <span class='ocrx_word' id='word_1_530' title='bbox 1754 482 1993 520; x_wconf 84' lang='lat' dir='ltr'>prophetaverunt</span> <span class='ocrx_word' id='word_1_531' title='bbox 2013 490 2095 517; x_wconf 88' lang='lat' dir='ltr'>vera,</span> <span class='ocrx_word' id='word_1_532' title='bbox 2114 483 2162 512; x_wconf 88' lang='lat' dir='ltr'>sed</span> 
     </span>
     <span class='ocr_line' id='line_1_78' title="bbox 1313 529 2162 567; baseline -0.001 -8"><span class='ocrx_word' id='word_1_533' title='bbox 1313 538 1368 559; x_wconf 88' lang='lat' dir='ltr'>non</span> <span class='ocrx_word' id='word_1_534' title='bbox 1388 530 1440 559; x_wconf 90' lang='lat' dir='ltr'>nisi</span> <span class='ocrx_word' id='word_1_535' title='bbox 1463 538 1512 567; x_wconf 88' lang='lat' dir='ltr'>per</span> <span class='ocrx_word' id='word_1_536' title='bbox 1527 530 1660 567; x_wconf 88' lang='lat' dir='ltr'>Spiritum</span> <span class='ocrx_word' id='word_1_537' title='bbox 1682 532 1824 558; x_wconf 84' lang='lat' dir='ltr'>sanctum:</span> <span class='ocrx_word' id='word_1_538' title='bbox 1840 537 1907 566; x_wconf 85' lang='lat' dir='ltr'>ergo</span> <span class='ocrx_word' id='word_1_539' title='bbox 1927 529 2088 558; x_wconf 88' lang='lat' dir='ltr'>habuerunt</span> <span class='ocrx_word' id='word_1_540' title='bbox 2102 529 2162 566; x_wconf 91' lang='lat' dir='ltr'>Spi-</span> 
     </span>
     <span class='ocr_line' id='line_1_79' title="bbox 1313 575 2162 613; baseline -0.001 -8"><span class='ocrx_word' id='word_1_541' title='bbox 1313 577 1399 605; x_wconf 88' lang='lat' dir='ltr'>ritum</span> <span class='ocrx_word' id='word_1_542' title='bbox 1420 579 1565 610; x_wconf 79' lang='lat' dir='ltr'>sanctum3</span> <span class='ocrx_word' id='word_1_543' title='bbox 1597 576 1671 605; x_wconf 92' lang='lat' dir='ltr'>unde</span> <span class='ocrx_word' id='word_1_544' title='bbox 1698 575 1783 604; x_wconf 91' lang='lat' dir='ltr'>David</span> <span class='ocrx_word' id='word_1_545' title='bbox 1798 575 1825 604; x_wconf 79' lang='lat'>⁸:</span> <span class='ocrx_word' id='word_1_546' title='bbox 1853 575 1998 613; x_wconf 85' lang='lat' dir='ltr'>Spiritum</span> <span class='ocrx_word' id='word_1_547' title='bbox 2025 579 2162 605; x_wconf 84' lang='lat' dir='ltr'>sanetum</span> 
     </span>
     <span class='ocr_line' id='line_1_80' title="bbox 1315 622 2275 660; baseline -0.003 -8"><span class='ocrx_word' id='word_1_548' title='bbox 1315 627 1397 652; x_wconf 86' lang='lat' dir='ltr'>tuum</span> <span class='ocrx_word' id='word_1_549' title='bbox 1419 632 1454 652; x_wconf 85' lang='lat' dir='ltr'>ne</span> <span class='ocrx_word' id='word_1_550' title='bbox 1474 622 1599 660; x_wconf 77' lang='lat' dir='ltr'>auferas</span> <span class='ocrx_word' id='word_1_551' title='bbox 1619 631 1639 651; x_wconf 86' lang='lat' dir='ltr'>a</span> <span class='ocrx_word' id='word_1_552' title='bbox 1660 631 1712 651; x_wconf 87' lang='lat' dir='ltr'>me.</span> <span class='ocrx_word' id='word_1_553' title='bbox 2267 622 2275 644; x_wconf 60' lang='grc' dir='ltr'><strong><em>ἕ</em></strong></span> 
     </span>
    </p>

    <p class='ocr_par' dir='ltr' id='par_1_29' title="bbox 1314 669 2163 801">
     <span class='ocr_line' id='line_1_81' title="bbox 1393 669 2163 706; baseline 0 -8"><span class='ocrx_word' id='word_1_554' title='bbox 1393 672 1419 699; x_wconf 76' lang='lat'>2.</span> <span class='ocrx_word' id='word_1_555' title='bbox 1442 670 1521 704; x_wconf 84' lang='lat' dir='ltr'>item,</span> <span class='ocrx_word' id='word_1_556' title='bbox 1542 669 1661 706; x_wconf 86' lang='lat' dir='ltr'>Apostoli</span> <span class='ocrx_word' id='word_1_557' title='bbox 1682 669 1817 698; x_wconf 83' lang='lat' dir='ltr'>faciebant</span> <span class='ocrx_word' id='word_1_558' title='bbox 1831 669 1979 704; x_wconf 81' lang='lat' dir='ltr'>miracula;</span> <span class='ocrx_word' id='word_1_559' title='bbox 2001 669 2048 698; x_wconf 84' lang='lat' dir='ltr'>sed</span> <span class='ocrx_word' id='word_1_560' title='bbox 2069 669 2163 698; x_wconf 86' lang='lat' dir='ltr'>Hiero-</span> 
     </span>
     <span class='ocr_line' id='line_1_82' title="bbox 1314 716 2162 754; baseline 0 -9"><span class='ocrx_word' id='word_1_561' title='bbox 1314 726 1415 754; x_wconf 90' lang='lat' dir='ltr'>nymus</span> <span class='ocrx_word' id='word_1_562' title='bbox 1426 718 1436 734; x_wconf 72' lang='grc'><strong>9</strong></span> <span class='ocrx_word' id='word_1_563' title='bbox 1451 717 1529 752; x_wconf 85' lang='lat' dir='ltr'>dicit,</span> <span class='ocrx_word' id='word_1_564' title='bbox 1544 716 1619 754; x_wconf 89' lang='lat' dir='ltr'>quod</span> <span class='ocrx_word' id='word_1_565' title='bbox 1644 728 1658 742; x_wconf 84' lang='lat'>«</span> <span class='ocrx_word' id='word_1_566' title='bbox 1673 725 1727 745; x_wconf 92' lang='lat' dir='ltr'>non</span> <span class='ocrx_word' id='word_1_567' title='bbox 1748 719 1902 753; x_wconf 89' lang='lat' dir='ltr'>potuerunt</span> <span class='ocrx_word' id='word_1_568' title='bbox 1918 717 2051 745; x_wconf 85' lang='lat' dir='ltr'>miracula</span> <span class='ocrx_word' id='word_1_569' title='bbox 2071 716 2162 746; x_wconf 82' lang='lat' dir='ltr'>facere</span> 
     </span>
     <span class='ocr_line' id='line_1_83' title="bbox 1315 763 1768 801; baseline -0.002 -8"><span class='ocrx_word' id='word_1_570' title='bbox 1315 764 1373 793; x_wconf 91' lang='lat' dir='ltr'>sine</span> <span class='ocrx_word' id='word_1_571' title='bbox 1394 764 1514 801; x_wconf 85' lang='lat' dir='ltr'>Spiritus</span> <span class='ocrx_word' id='word_1_572' title='bbox 1535 763 1621 792; x_wconf 86' lang='lat' dir='ltr'>sancti</span> <span class='ocrx_word' id='word_1_573' title='bbox 1642 763 1768 800; x_wconf 73' lang='lat' dir='ltr'>gratia».</span> 
     </span>
    </p>

    <p class='ocr_par' dir='ltr' id='par_1_30' title="bbox 1315 809 2285 1215">
     <span class='ocr_line' id='line_1_84' title="bbox 1393 809 2275 848; baseline 0 -9"><span class='ocrx_word' id='word_1_574' title='bbox 1393 812 1572 840; x_wconf 71' lang='lat' dir='ltr'>Respounuo:</span> <span class='ocrx_word' id='word_1_575' title='bbox 1588 810 1753 845; x_wconf 89' lang='lat' dir='ltr'>Dicendum,</span> <span class='ocrx_word' id='word_1_576' title='bbox 1774 810 1849 848; x_wconf 87' lang='lat' dir='ltr'>quod</span> <span class='ocrx_word' id='word_1_577' title='bbox 1870 811 1943 839; x_wconf 87' lang='lat' dir='ltr'>datio</span> <span class='ocrx_word' id='word_1_578' title='bbox 1961 810 2080 848; x_wconf 88' lang='lat' dir='ltr'>Spiritus</span> <span class='ocrx_word' id='word_1_579' title='bbox 2101 818 2163 840; x_wconf 89' lang='lat' dir='ltr'>san·</span> <span class='ocrx_word' id='word_1_580' title='bbox 2180 814 2236 839; x_wconf 63' lang='lat' dir='ltr'>nezi»</span> <span class='ocrx_word' id='word_1_581' title='bbox 2274 809 2275 812; x_wconf 77' lang='grc'>’</span> 
     </span>
     <span class='ocr_line' id='line_1_85' title="bbox 1315 856 2276 905; baseline 0 -19"><span class='ocrx_word' id='word_1_582' title='bbox 1315 858 1351 887; x_wconf 89' lang='lat' dir='ltr'>cti</span> <span class='ocrx_word' id='word_1_583' title='bbox 1380 858 1483 895; x_wconf 85' lang='lat' dir='ltr'>triplex</span> <span class='ocrx_word' id='word_1_584' title='bbox 1511 860 1570 886; x_wconf 89' lang='lat' dir='ltr'>est:</span> <span class='ocrx_word' id='word_1_585' title='bbox 1602 856 1778 894; x_wconf 85' lang='lat' dir='ltr'>manifesta,</span> <span class='ocrx_word' id='word_1_586' title='bbox 1809 856 2006 895; x_wconf 77' lang='lat' dir='ltr'>manifestior</span> <span class='ocrx_word' id='word_1_587' title='bbox 2038 857 2276 905; x_wconf 57' lang='lat' dir='ltr'>munifici-Triplex&amp;</span> 
     </span>
     <span class='ocr_line' id='line_1_86' title="bbox 1315 903 2285 942; baseline -0.001 -9"><span class='ocrx_word' id='word_1_588' title='bbox 1315 904 1447 933; x_wconf 85' lang='lat' dir='ltr'>stissima</span> <span class='ocrx_word' id='word_1_589' title='bbox 1459 905 1490 932; x_wconf 80' lang='lat'>¹⁰.</span> <span class='ocrx_word' id='word_1_590' title='bbox 1512 903 1672 942; x_wconf 79' lang='lat' dir='ltr'>Manifesta</span> <span class='ocrx_word' id='word_1_591' title='bbox 1692 903 1745 932; x_wconf 84' lang='lat' dir='ltr'>fuit</span> <span class='ocrx_word' id='word_1_592' title='bbox 1765 904 1793 932; x_wconf 89' lang='lat' dir='ltr'>in</span> <span class='ocrx_word' id='word_1_593' title='bbox 1815 904 2045 941; x_wconf 86' lang='lat' dir='ltr'>prophetantibus</span> <span class='ocrx_word' id='word_1_594' title='bbox 2064 907 2094 933; x_wconf 88' lang='lat' dir='ltr'>et</span> <span class='ocrx_word' id='word_1_595' title='bbox 2113 904 2164 933; x_wconf 89' lang='lat' dir='ltr'>mi·</span> <span class='ocrx_word' id='word_1_596' title='bbox 2283 903 2285 906; x_wconf 59' lang='lat'><strong>⁴</strong></span> 
     </span>
     <span class='ocr_line' id='line_1_87' title="bbox 1316 949 2165 988; baseline 0 -9"><span class='ocrx_word' id='word_1_597' title='bbox 1316 951 1411 980; x_wconf 85' lang='lat' dir='ltr'>racula</span> <span class='ocrx_word' id='word_1_598' title='bbox 1438 951 1601 980; x_wconf 82' lang='lat' dir='ltr'>facientibus</span> <span class='ocrx_word' id='word_1_599' title='bbox 1622 954 1685 979; x_wconf 87' lang='lat' dir='ltr'>ante</span> <span class='ocrx_word' id='word_1_600' title='bbox 1713 950 1884 988; x_wconf 83' lang='lat' dir='ltr'>passionem;</span> <span class='ocrx_word' id='word_1_601' title='bbox 1905 949 2092 988; x_wconf 76' lang='lat' dir='ltr'>manifestior</span> <span class='ocrx_word' id='word_1_602' title='bbox 2112 950 2165 979; x_wconf 86' lang='lat' dir='ltr'>fuit</span> 
     </span>
     <span class='ocr_line' id='line_1_88' title="bbox 1316 997 2165 1035; baseline -0.001 -9"><span class='ocrx_word' id='word_1_603' title='bbox 1316 998 1343 1026; x_wconf 93' lang='lat' dir='ltr'>in</span> <span class='ocrx_word' id='word_1_604' title='bbox 1358 998 1544 1027; x_wconf 85' lang='lat' dir='ltr'>insufflatione</span> <span class='ocrx_word' id='word_1_605' title='bbox 1565 1001 1626 1035; x_wconf 91' lang='lat' dir='ltr'>post</span> <span class='ocrx_word' id='word_1_606' title='bbox 1640 997 1888 1032; x_wconf 84' lang='lat' dir='ltr'>resurrectionem,</span> <span class='ocrx_word' id='word_1_607' title='bbox 1909 997 1975 1034; x_wconf 88' lang='lat' dir='ltr'>quia</span> <span class='ocrx_word' id='word_1_608' title='bbox 1989 997 2017 1026; x_wconf 91' lang='lat' dir='ltr'>in</span> <span class='ocrx_word' id='word_1_609' title='bbox 2032 997 2110 1034; x_wconf 84' lang='lat' dir='ltr'>signo</span> <span class='ocrx_word' id='word_1_610' title='bbox 2126 997 2165 1026; x_wconf 91' lang='lat' dir='ltr'>vi-</span> 
     </span>
     <span class='ocr_line' id='line_1_89' title="bbox 1316 1042 2165 1081; baseline -0.002 -7"><span class='ocrx_word' id='word_1_611' title='bbox 1316 1045 1401 1079; x_wconf 88' lang='lat' dir='ltr'>sibili,</span> <span class='ocrx_word' id='word_1_612' title='bbox 1422 1049 1454 1074; x_wconf 92' lang='lat' dir='ltr'>ut</span> <span class='ocrx_word' id='word_1_613' title='bbox 1475 1045 1556 1080; x_wconf 85' lang='lat' dir='ltr'>ssatu,</span> <span class='ocrx_word' id='word_1_614' title='bbox 1577 1045 1659 1073; x_wconf 91' lang='lat' dir='ltr'>datus</span> <span class='ocrx_word' id='word_1_615' title='bbox 1676 1047 1733 1079; x_wconf 87' lang='lat' dir='ltr'>est;</span> <span class='ocrx_word' id='word_1_616' title='bbox 1752 1044 1800 1073; x_wconf 89' lang='lat' dir='ltr'>sed</span> <span class='ocrx_word' id='word_1_617' title='bbox 1820 1042 2081 1081; x_wconf 84' lang='lat' dir='ltr'>manifestissima,</span> <span class='ocrx_word' id='word_1_618' title='bbox 2103 1045 2165 1081; x_wconf 87' lang='lat' dir='ltr'>post</span> 
     </span>
     <span class='ocr_line' id='line_1_90' title="bbox 1316 1090 2165 1130; baseline -0.002 -9"><span class='ocrx_word' id='word_1_619' title='bbox 1316 1093 1519 1127; x_wconf 87' lang='lat' dir='ltr'>ascensionem,</span> <span class='ocrx_word' id='word_1_620' title='bbox 1547 1092 1613 1130; x_wconf 87' lang='lat' dir='ltr'>quia</span> <span class='ocrx_word' id='word_1_621' title='bbox 1641 1092 1668 1120; x_wconf 92' lang='lat' dir='ltr'>in</span> <span class='ocrx_word' id='word_1_622' title='bbox 1697 1092 1774 1129; x_wconf 82' lang='lat' dir='ltr'>signo</span> <span class='ocrx_word' id='word_1_623' title='bbox 1803 1091 1901 1120; x_wconf 86' lang='lat' dir='ltr'>visibili</span> <span class='ocrx_word' id='word_1_624' title='bbox 1930 1093 1958 1120; x_wconf 90' lang='lat' dir='ltr'>et</span> <span class='ocrx_word' id='word_1_625' title='bbox 1984 1090 2117 1125; x_wconf 77' lang='lat' dir='ltr'>audibili3</span> <span class='ocrx_word' id='word_1_626' title='bbox 2138 1093 2165 1119; x_wconf 91' lang='lat' dir='ltr'>et</span> 
     </span>
     <span class='ocr_line' id='line_1_91' title="bbox 1317 1137 2165 1176; baseline -0.002 -8"><span class='ocrx_word' id='word_1_627' title='bbox 1317 1139 1470 1168; x_wconf 89' lang='lat' dir='ltr'>secundum</span> <span class='ocrx_word' id='word_1_628' title='bbox 1498 1139 1572 1176; x_wconf 90' lang='lat' dir='ltr'>quod</span> <span class='ocrx_word' id='word_1_629' title='bbox 1593 1139 1765 1167; x_wconf 82' lang='lat' dir='ltr'>manifestius</span> <span class='ocrx_word' id='word_1_630' title='bbox 1785 1138 1866 1167; x_wconf 83' lang='lat' dir='ltr'>datus</span> <span class='ocrx_word' id='word_1_631' title='bbox 1887 1140 1941 1172; x_wconf 87' lang='lat' dir='ltr'>est,</span> <span class='ocrx_word' id='word_1_632' title='bbox 1963 1137 2002 1167; x_wconf 90' lang='lat' dir='ltr'>sic</span> <span class='ocrx_word' id='word_1_633' title='bbox 2023 1140 2050 1167; x_wconf 91' lang='lat' dir='ltr'>et</span> <span class='ocrx_word' id='word_1_634' title='bbox 2077 1137 2165 1166; x_wconf 88' lang='lat' dir='ltr'>abun-</span> 
     </span>
     <span class='ocr_line' id='line_1_92' title="bbox 1316 1186 1436 1215; baseline 0 -1"><span class='ocrx_word' id='word_1_635' title='bbox 1316 1186 1436 1215; x_wconf 80' lang='lat' dir='ltr'>dantius.</span> 
     </span>
    </p>

    <p class='ocr_par' dir='ltr' id='par_1_31' title="bbox 1317 1231 2165 1316">
     <span class='ocr_line' id='line_1_93' title="bbox 1396 1231 2165 1270; baseline -0.003 -8"><span class='ocrx_word' id='word_1_636' title='bbox 1396 1233 1474 1270; x_wconf 88' lang='lat' dir='ltr'>Quod</span> <span class='ocrx_word' id='word_1_637' title='bbox 1498 1241 1565 1270; x_wconf 84' lang='lat' dir='ltr'>ergo</span> <span class='ocrx_word' id='word_1_638' title='bbox 1591 1233 1706 1267; x_wconf 83' lang='lat' dir='ltr'>dicitur,</span> <span class='ocrx_word' id='word_1_639' title='bbox 1728 1232 1802 1270; x_wconf 86' lang='lat' dir='ltr'>quod</span> <span class='ocrx_word' id='word_1_640' title='bbox 1823 1232 1953 1261; x_wconf 85' lang='lat' dir='ltr'>nondum</span> <span class='ocrx_word' id='word_1_641' title='bbox 1974 1235 2039 1260; x_wconf 88' lang='lat' dir='ltr'>erat</span> <span class='ocrx_word' id='word_1_642' title='bbox 2058 1231 2165 1266; x_wconf 84' lang='lat' dir='ltr'>datus;</span> 
     </span>
     <span class='ocr_line' id='line_1_94' title="bbox 1317 1278 2091 1316; baseline -0.001 -8"><span class='ocrx_word' id='word_1_643' title='bbox 1317 1279 1525 1316; x_wconf 83' lang='lat' dir='ltr'>intelligendum</span> <span class='ocrx_word' id='word_1_644' title='bbox 1546 1282 1602 1308; x_wconf 88' lang='lat' dir='ltr'>est:</span> <span class='ocrx_word' id='word_1_645' title='bbox 1625 1279 1653 1308; x_wconf 90' lang='lat' dir='ltr'>in</span> <span class='ocrx_word' id='word_1_646' title='bbox 1674 1279 1810 1308; x_wconf 85' lang='lat' dir='ltr'>evidentia</span> <span class='ocrx_word' id='word_1_647' title='bbox 1831 1281 1858 1308; x_wconf 88' lang='lat' dir='ltr'>et</span> <span class='ocrx_word' id='word_1_648' title='bbox 1878 1278 2048 1307; x_wconf 82' lang='lat' dir='ltr'>abundantia</span> <span class='ocrx_word' id='word_1_649' title='bbox 2060 1279 2091 1307; x_wconf 82' lang='lat'>¹¹.</span> 
     </span>
    </p>

    <p class='ocr_par' dir='ltr' id='par_1_32' title="bbox 1316 1324 2278 1683">
     <span class='ocr_line' id='line_1_95' title="bbox 1397 1324 2278 1362; baseline -0.001 -8"><span class='ocrx_word' id='word_1_650' title='bbox 1397 1327 1442 1354; x_wconf 82' lang='lat'>58.</span> <span class='ocrx_word' id='word_1_651' title='bbox 1459 1326 1504 1354; x_wconf 65' lang='lat' dir='ltr'>Ex</span> <span class='ocrx_word' id='word_1_652' title='bbox 1518 1325 1570 1354; x_wconf 84' lang='lat' dir='ltr'>illa</span> <span class='ocrx_word' id='word_1_653' title='bbox 1584 1328 1682 1354; x_wconf 88' lang='lat' dir='ltr'>autem</span> <span class='ocrx_word' id='word_1_654' title='bbox 1694 1325 1717 1342; x_wconf 78' lang='lat'>¹2</span> <span class='ocrx_word' id='word_1_655' title='bbox 1739 1324 1835 1354; x_wconf 83' lang='lat' dir='ltr'>turba.</span> <span class='ocrx_word' id='word_1_656' title='bbox 1853 1325 2051 1354; x_wconf 89' lang='lat' dir='ltr'>Determinavit</span> <span class='ocrx_word' id='word_1_657' title='bbox 2071 1333 2166 1362; x_wconf 89' lang='lat' dir='ltr'>perse·</span> <span class='ocrx_word' id='word_1_658' title='bbox 2182 1329 2278 1348; x_wconf 76' lang='lat' dir='ltr'>Secundo·</span> 
     </span>
     <span class='ocr_line' id='line_1_96' title="bbox 1317 1357 2278 1418; baseline 0 -18"><span class='ocrx_word' id='word_1_659' title='bbox 1317 1373 1462 1410; x_wconf 86' lang='lat' dir='ltr'>quentium</span> <span class='ocrx_word' id='word_1_660' title='bbox 1485 1380 1535 1409; x_wconf 88' lang='lat' dir='ltr'>per</span> <span class='ocrx_word' id='word_1_661' title='bbox 1555 1371 1709 1400; x_wconf 86' lang='lat' dir='ltr'>doctrinam</span> <span class='ocrx_word' id='word_1_662' title='bbox 1737 1371 1838 1400; x_wconf 89' lang='lat' dir='ltr'>Christi</span> <span class='ocrx_word' id='word_1_663' title='bbox 1864 1371 2092 1406; x_wconf 81' lang='lat' dir='ltr'>confutationem,</span> <span class='ocrx_word' id='word_1_664' title='bbox 2121 1357 2278 1418; x_wconf 56' lang='grc' dir='ltr'><strong>11101Ῡὲτῖῗῖῗὲ-</strong></span> 
     </span>
     <span class='ocr_line' id='line_1_97' title="bbox 1317 1404 2246 1457; baseline -0.001 -9"><span class='ocrx_word' id='word_1_665' title='bbox 1317 1419 1482 1448; x_wconf 83' lang='lat' dir='ltr'>determinat</span> <span class='ocrx_word' id='word_1_666' title='bbox 1496 1419 1732 1457; x_wconf 84' lang='lat' dir='ltr'>persequentium</span> <span class='ocrx_word' id='word_1_667' title='bbox 1746 1419 1952 1456; x_wconf 80' lang='lat' dir='ltr'>dispersionem</span> <span class='ocrx_word' id='word_1_668' title='bbox 1962 1429 1972 1452; x_wconf 89' lang='lat'><em>;</em></span> <span class='ocrx_word' id='word_1_669' title='bbox 1989 1422 2016 1448; x_wconf 90' lang='lat' dir='ltr'>et</span> <span class='ocrx_word' id='word_1_670' title='bbox 2031 1419 2083 1448; x_wconf 88' lang='lat' dir='ltr'>hoc</span> <span class='ocrx_word' id='word_1_671' title='bbox 2104 1419 2166 1456; x_wconf 89' lang='lat' dir='ltr'>qui-</span> <span class='ocrx_word' id='word_1_672' title='bbox 2194 1404 2246 1419; x_wconf 51' lang='lat'>&#39;¹⁰⁰⁰</span> 
     </span>
     <span class='ocr_line' id='line_1_98' title="bbox 1316 1465 2166 1495; baseline 0 -1"><span class='ocrx_word' id='word_1_673' title='bbox 1316 1466 1380 1495; x_wconf 89' lang='lat' dir='ltr'>dem</span> <span class='ocrx_word' id='word_1_674' title='bbox 1395 1466 1459 1494; x_wconf 80' lang='lat' dir='ltr'>facit</span> <span class='ocrx_word' id='word_1_675' title='bbox 1479 1466 1531 1494; x_wconf 85' lang='lat' dir='ltr'>hoc</span> <span class='ocrx_word' id='word_1_676' title='bbox 1545 1465 1650 1494; x_wconf 90' lang='lat' dir='ltr'>ordine.</span> <span class='ocrx_word' id='word_1_677' title='bbox 1670 1466 1760 1494; x_wconf 91' lang='lat' dir='ltr'>Primo</span> <span class='ocrx_word' id='word_1_678' title='bbox 1774 1466 1933 1494; x_wconf 89' lang='lat' dir='ltr'>insinuatur</span> <span class='ocrx_word' id='word_1_679' title='bbox 1947 1465 2088 1494; x_wconf 78' lang='lat' dir='ltr'>dissensio</span> <span class='ocrx_word' id='word_1_680' title='bbox 2103 1469 2166 1494; x_wconf 87' lang='lat' dir='ltr'>tur-</span> 
     </span>
     <span class='ocr_line' id='line_1_99' title="bbox 1318 1510 2166 1549; baseline -0.001 -8"><span class='ocrx_word' id='word_1_681' title='bbox 1318 1513 1425 1541; x_wconf 87' lang='lat' dir='ltr'>barum</span> <span class='ocrx_word' id='word_1_682' title='bbox 1446 1512 1648 1545; x_wconf 58' lang='lat' dir='ltr'>audientium</span> <span class='ocrx_word' id='word_1_683' title='bbox 1670 1512 1791 1541; x_wconf 87' lang='lat' dir='ltr'>secundo</span> <span class='ocrx_word' id='word_1_684' title='bbox 1806 1520 1885 1546; x_wconf 89' lang='lat' dir='ltr'>vero,</span> <span class='ocrx_word' id='word_1_685' title='bbox 1907 1510 2090 1549; x_wconf 79' lang='lat' dir='ltr'>reprehensio</span> <span class='ocrx_word' id='word_1_686' title='bbox 2112 1512 2166 1541; x_wconf 84' lang='lat' dir='ltr'>mi-</span> 
     </span>
     <span class='ocr_line' id='line_1_100' title="bbox 1317 1557 2166 1596; baseline -0.001 -8"><span class='ocrx_word' id='word_1_687' title='bbox 1317 1560 1482 1589; x_wconf 84' lang='lat' dir='ltr'>nistrorum</span> <span class='ocrx_word' id='word_1_688' title='bbox 1506 1559 1706 1593; x_wconf 83' lang='lat' dir='ltr'>redeuntium‚·</span> <span class='ocrx_word' id='word_1_689' title='bbox 1728 1559 1822 1593; x_wconf 89' lang='lat' dir='ltr'>tertio,</span> <span class='ocrx_word' id='word_1_690' title='bbox 1851 1557 2034 1596; x_wconf 72' lang='lat' dir='ltr'>reprehensio</span> <span class='ocrx_word' id='word_1_691' title='bbox 2056 1557 2166 1588; x_wconf 84' lang='lat' dir='ltr'>Phari-</span> 
     </span>
     <span class='ocr_line' id='line_1_101' title="bbox 1316 1606 2166 1644; baseline -0.001 -8"><span class='ocrx_word' id='word_1_692' title='bbox 1316 1616 1454 1636; x_wconf 82' lang='lat' dir='ltr'>saeorum</span> <span class='ocrx_word' id='word_1_693' title='bbox 1475 1607 1507 1636; x_wconf 92' lang='lat' dir='ltr'>in</span> <span class='ocrx_word' id='word_1_694' title='bbox 1527 1606 1644 1635; x_wconf 82' lang='lat' dir='ltr'>malitia</span> <span class='ocrx_word' id='word_1_695' title='bbox 1661 1606 1895 1644; x_wconf 81' lang='lat' dir='ltr'>persistentium,</span> <span class='ocrx_word' id='word_1_696' title='bbox 1911 1614 1983 1644; x_wconf 81' lang='lat' dir='ltr'>quae</span> <span class='ocrx_word' id='word_1_697' title='bbox 2003 1606 2075 1635; x_wconf 82' lang='lat' dir='ltr'>sacta</span> <span class='ocrx_word' id='word_1_698' title='bbox 2095 1608 2166 1635; x_wconf 82' lang='lat' dir='ltr'>esta</span> 
     </span>
     <span class='ocr_line' id='line_1_102' title="bbox 1317 1654 1470 1683; baseline -0.007 0"><span class='ocrx_word' id='word_1_699' title='bbox 1317 1654 1470 1683; x_wconf 90' lang='lat' dir='ltr'>Nicodemo.</span> 
     </span>
    </p>

    <p class='ocr_par' dir='ltr' id='par_1_33' title="bbox 1317 1700 2280 1925">
     <span class='ocr_line' id='line_1_103' title="bbox 1396 1700 2280 1747; baseline -0.001 -17"><span class='ocrx_word' id='word_1_700' title='bbox 1396 1701 1485 1738; x_wconf 85' lang='lat' dir='ltr'>(Vers.</span> <span class='ocrx_word' id='word_1_701' title='bbox 1503 1701 1571 1736; x_wconf 75' lang='lat'>40..)</span> <span class='ocrx_word' id='word_1_702' title='bbox 1589 1700 1747 1730; x_wconf 84' lang='lat' dir='ltr'>lnsinuatur</span> <span class='ocrx_word' id='word_1_703' title='bbox 1762 1700 1847 1737; x_wconf 83' lang='lat' dir='ltr'>igitur</span> <span class='ocrx_word' id='word_1_704' title='bbox 1864 1700 1955 1737; x_wconf 89' lang='lat' dir='ltr'>primo</span> <span class='ocrx_word' id='word_1_705' title='bbox 1968 1700 2167 1729; x_wconf 81' lang='lat' dir='ltr'>multitudinis</span> <span class='ocrx_word' id='word_1_706' title='bbox 2179 1704 2280 1747; x_wconf 56' lang='lat' dir='ltr'>Expffifff</span> 
     </span>
     <span class='ocr_line' id='line_1_104' title="bbox 1317 1746 2264 1784; baseline -0.001 -8"><span class='ocrx_word' id='word_1_707' title='bbox 1317 1748 1458 1776; x_wconf 80' lang='lat' dir='ltr'>dissensio</span> <span class='ocrx_word' id='word_1_708' title='bbox 1482 1751 1596 1784; x_wconf 86' lang='lat' dir='ltr'>propter</span> <span class='ocrx_word' id='word_1_709' title='bbox 1624 1747 1777 1776; x_wconf 80' lang='lat' dir='ltr'>doctrinam</span> <span class='ocrx_word' id='word_1_710' title='bbox 1805 1747 1923 1781; x_wconf 85' lang='lat' dir='ltr'>Christi,</span> <span class='ocrx_word' id='word_1_711' title='bbox 1949 1750 2064 1784; x_wconf 89' lang='lat' dir='ltr'>propter</span> <span class='ocrx_word' id='word_1_712' title='bbox 2091 1746 2166 1784; x_wconf 87' lang='lat' dir='ltr'>quod</span> <span class='ocrx_word' id='word_1_713' title='bbox 2182 1752 2264 1771; x_wconf 77' lang='lat' dir='ltr'>Primum</span> 
     </span>
     <span class='ocr_line' id='line_1_105' title="bbox 1317 1793 2166 1828; baseline -0.001 -5"><span class='ocrx_word' id='word_1_714' title='bbox 1317 1794 1397 1824; x_wconf 84' lang='lat' dir='ltr'>dicit.</span> <span class='ocrx_word' id='word_1_715' title='bbox 1422 1795 1465 1823; x_wconf 58' lang='lat' dir='ltr'>Etr</span> <span class='ocrx_word' id='word_1_716' title='bbox 1486 1794 1538 1823; x_wconf 84' lang='lat' dir='ltr'>illa</span> <span class='ocrx_word' id='word_1_717' title='bbox 1560 1794 1661 1828; x_wconf 82' lang='lat' dir='ltr'>turba,</span> <span class='ocrx_word' id='word_1_718' title='bbox 1684 1803 1751 1823; x_wconf 83' lang='lat' dir='ltr'>eum</span> <span class='ocrx_word' id='word_1_719' title='bbox 1772 1794 1924 1823; x_wconf 79' lang='lat' dir='ltr'>audissent</span> <span class='ocrx_word' id='word_1_720' title='bbox 1944 1793 1995 1823; x_wconf 89' lang='lat' dir='ltr'>hos</span> <span class='ocrx_word' id='word_1_721' title='bbox 2020 1802 2166 1823; x_wconf 85' lang='lat' dir='ltr'>sermones</span> 
     </span>
     <span class='ocr_line' id='line_1_106' title="bbox 1318 1841 2166 1878; baseline -0.001 -8"><span class='ocrx_word' id='word_1_722' title='bbox 1318 1842 1400 1876; x_wconf 84' lang='lat' dir='ltr'>eius,</span> <span class='ocrx_word' id='word_1_723' title='bbox 1422 1844 1536 1878; x_wconf 87' lang='lat' dir='ltr'>propter</span> <span class='ocrx_word' id='word_1_724' title='bbox 1557 1841 1683 1870; x_wconf 81' lang='lat' dir='ltr'>auditum</span> <span class='ocrx_word' id='word_1_725' title='bbox 1705 1841 1846 1870; x_wconf 87' lang='lat' dir='ltr'>doctrinae</span> <span class='ocrx_word' id='word_1_726' title='bbox 1870 1841 1972 1870; x_wconf 88' lang='lat' dir='ltr'>Christi</span> <span class='ocrx_word' id='word_1_727' title='bbox 1994 1841 2106 1878; x_wconf 88' lang='lat' dir='ltr'>quidam</span> <span class='ocrx_word' id='word_1_728' title='bbox 2133 1841 2166 1869; x_wconf 93' lang='lat' dir='ltr'>il-</span> 
     </span>
     <span class='ocr_line' id='line_1_107' title="bbox 1319 1887 2166 1925; baseline 0.001 -9"><span class='ocrx_word' id='word_1_729' title='bbox 1319 1888 1458 1923; x_wconf 82' lang='lat' dir='ltr'>luminati,</span> <span class='ocrx_word' id='word_1_730' title='bbox 1473 1888 1605 1917; x_wconf 81' lang='lat' dir='ltr'>dicebant</span> <span class='ocrx_word' id='word_1_731' title='bbox 1611 1898 1618 1916; x_wconf 91' lang='lat'><em>:</em></span> <span class='ocrx_word' id='word_1_732' title='bbox 1642 1888 1696 1917; x_wconf 85' lang='lat' dir='ltr'>Hie</span> <span class='ocrx_word' id='word_1_733' title='bbox 1710 1891 1751 1917; x_wconf 84' lang='lat' dir='ltr'>est</span> <span class='ocrx_word' id='word_1_734' title='bbox 1767 1897 1833 1917; x_wconf 81' lang='lat' dir='ltr'>vere</span> <span class='ocrx_word' id='word_1_735' title='bbox 1848 1887 2009 1925; x_wconf 74' lang='lat' dir='ltr'>Propheta,</span> <span class='ocrx_word' id='word_1_736' title='bbox 2031 1888 2097 1925; x_wconf 80' lang='lat' dir='ltr'>quia</span> <span class='ocrx_word' id='word_1_737' title='bbox 2111 1891 2166 1917; x_wconf 82' lang='lat' dir='ltr'>tam</span> 
     </span>
    </p>
   </div>
   <div class='ocr_carea' id='block_1_16' title="bbox 1318 1936 1653 1972">
    <p class='ocr_par' dir='ltr' id='par_1_34' title="bbox 1318 1936 1653 1972">
     <span class='ocr_line' id='line_1_108' title="bbox 1318 1936 1653 1972; baseline 0 -8"><span class='ocrx_word' id='word_1_738' title='bbox 1318 1936 1457 1972; x_wconf 86' lang='lat' dir='ltr'>sapienter</span> <span class='ocrx_word' id='word_1_739' title='bbox 1478 1936 1653 1972; x_wconf 86' lang='lat' dir='ltr'>loquebatur.</span> 
     </span>
    </p>
   </div>
   <div class='ocr_carea' id='block_1_17' title="bbox 2181 1220 2288 1261">
    <p class='ocr_par' dir='ltr' id='par_1_35' title="bbox 2181 1220 2288 1261">
     <span class='ocr_line' id='line_1_109' title="bbox 2181 1220 2288 1261; baseline -0.009 -7"><span class='ocrx_word' id='word_1_740' title='bbox 2181 1235 2266 1260; x_wconf 47' lang='lat' dir='ltr'>Expositi&amp;</span> <span class='ocrx_word' id='word_1_741' title='bbox 2274 1220 2275 1227; x_wconf 17' lang='grc' dir='ltr'>ἵ</span> <span class='ocrx_word' id='word_1_742' title='bbox 2283 1243 2288 1261; x_wconf 65' lang='lat'>¹,</span> 
     </span>
    </p>
   </div>
   <div class='ocr_carea' id='block_1_18' title="bbox 2269 0 2296 1806">
    <p class='ocr_par' dir='ltr' id='par_1_36' title="bbox 2269 0 2296 1806">
     <span class='ocr_line' id='line_1_110' title="bbox 2269 0 2296 1806; baseline 0 0"><span class='ocrx_word' id='word_1_743' title='bbox 2269 0 2296 1806; x_wconf 95' lang='lat' dir='ltr'>   </span> 
     </span>
    </p>
   </div>
   <div class='ocr_carea' id='block_1_19' title="bbox 1318 2097 2166 2909">
    <p class='ocr_par' dir='ltr' id='par_1_37' title="bbox 1318 2097 2166 2324">
     <span class='ocr_line' id='line_1_111' title="bbox 1318 2097 2166 2127; baseline 0 -7"><span class='ocrx_word' id='word_1_744' title='bbox 1318 2101 1371 2127; x_wconf 82' lang='lat' dir='ltr'>gata</span> <span class='ocrx_word' id='word_1_745' title='bbox 1397 2098 1454 2120; x_wconf 92' lang='lat' dir='ltr'>vivit</span> <span class='ocrx_word' id='word_1_746' title='bbox 1475 2100 1498 2120; x_wconf 88' lang='lat' dir='ltr'>et</span> <span class='ocrx_word' id='word_1_747' title='bbox 1518 2097 1588 2120; x_wconf 83' lang='lat' dir='ltr'>habet</span> <span class='ocrx_word' id='word_1_748' title='bbox 1613 2099 1707 2120; x_wconf 86' lang='lat' dir='ltr'>sontem.</span> <span class='ocrx_word' id='word_1_749' title='bbox 1725 2098 1752 2120; x_wconf 89' lang='lat' dir='ltr'>Et</span> <span class='ocrx_word' id='word_1_750' title='bbox 1768 2098 1818 2126; x_wconf 88' lang='lat' dir='ltr'>ipsa</span> <span class='ocrx_word' id='word_1_751' title='bbox 1835 2100 1871 2120; x_wconf 90' lang='lat' dir='ltr'>est</span> <span class='ocrx_word' id='word_1_752' title='bbox 1888 2098 1938 2120; x_wconf 81' lang='lat' dir='ltr'>sons</span> <span class='ocrx_word' id='word_1_753' title='bbox 1954 2097 1992 2120; x_wconf 84' lang='lat' dir='ltr'>vel</span> <span class='ocrx_word' id='word_1_754' title='bbox 2009 2097 2108 2126; x_wconf 87' lang='lat' dir='ltr'>fluvius,</span> <span class='ocrx_word' id='word_1_755' title='bbox 2124 2097 2166 2127; x_wconf 88' lang='lat' dir='ltr'>qui</span> 
     </span>
     <span class='ocr_line' id='line_1_112' title="bbox 1318 2136 2165 2166; baseline -0.001 -6"><span class='ocrx_word' id='word_1_756' title='bbox 1318 2141 1396 2161; x_wconf 85' lang='lat' dir='ltr'>manat</span> <span class='ocrx_word' id='word_1_757' title='bbox 1415 2137 1586 2164; x_wconf 86' lang='lat' dir='ltr'>benevolentia,</span> <span class='ocrx_word' id='word_1_758' title='bbox 1603 2137 1660 2160; x_wconf 91' lang='lat' dir='ltr'>dum</span> <span class='ocrx_word' id='word_1_759' title='bbox 1683 2137 1789 2165; x_wconf 89' lang='lat' dir='ltr'>proximo</span> <span class='ocrx_word' id='word_1_760' title='bbox 1814 2137 1864 2159; x_wconf 92' lang='lat' dir='ltr'>vult</span> <span class='ocrx_word' id='word_1_761' title='bbox 1888 2137 2023 2164; x_wconf 86' lang='lat' dir='ltr'>consulere;</span> <span class='ocrx_word' id='word_1_762' title='bbox 2040 2136 2080 2166; x_wconf 87' lang='lat' dir='ltr'>qui</span> <span class='ocrx_word' id='word_1_763' title='bbox 2103 2136 2165 2159; x_wconf 85' lang='lat' dir='ltr'>bona</span> 
     </span>
     <span class='ocr_line' id='line_1_113' title="bbox 1318 2175 2165 2205; baseline -0.002 -5"><span class='ocrx_word' id='word_1_764' title='bbox 1318 2184 1359 2200; x_wconf 90' lang='lat' dir='ltr'>sua</span> <span class='ocrx_word' id='word_1_765' title='bbox 1385 2180 1450 2205; x_wconf 89' lang='lat' dir='ltr'>putat</span> <span class='ocrx_word' id='word_1_766' title='bbox 1474 2176 1518 2199; x_wconf 85' lang='lat' dir='ltr'>sibi</span> <span class='ocrx_word' id='word_1_767' title='bbox 1543 2176 1583 2199; x_wconf 92' lang='lat' dir='ltr'>soli</span> <span class='ocrx_word' id='word_1_768' title='bbox 1609 2176 1727 2203; x_wconf 87' lang='lat' dir='ltr'>sufficere,</span> <span class='ocrx_word' id='word_1_769' title='bbox 1744 2182 1790 2198; x_wconf 90' lang='lat' dir='ltr'>non</span> <span class='ocrx_word' id='word_1_770' title='bbox 1813 2176 1863 2198; x_wconf 82' lang='lat' dir='ltr'>nuit</span> <span class='ocrx_word' id='word_1_771' title='bbox 1880 2175 1914 2198; x_wconf 90' lang='lat' dir='ltr'>ille</span> <span class='ocrx_word' id='word_1_772' title='bbox 1932 2176 1991 2198; x_wconf 83' lang='lat' dir='ltr'>sons.</span> <span class='ocrx_word' id='word_1_773' title='bbox 2007 2175 2052 2198; x_wconf 84' lang='lat' dir='ltr'>Csr.</span> <span class='ocrx_word' id='word_1_774' title='bbox 2070 2176 2085 2198; x_wconf 91' lang='lat' dir='ltr'>l.</span> <span class='ocrx_word' id='word_1_775' title='bbox 2103 2176 2165 2199; x_wconf 89' lang='lat' dir='ltr'>Sent.</span> 
     </span>
     <span class='ocr_line' id='line_1_114' title="bbox 1318 2210 2164 2243; baseline -0.002 -4"><span class='ocrx_word' id='word_1_776' title='bbox 1318 2217 1341 2239; x_wconf 94' lang='lat' dir='ltr'>d.</span> <span class='ocrx_word' id='word_1_777' title='bbox 1360 2217 1396 2239; x_wconf 73' lang='lat' dir='ltr'>tt.</span> <span class='ocrx_word' id='word_1_778' title='bbox 1413 2216 1469 2239; x_wconf 92' lang='lat' dir='ltr'>dub.</span> <span class='ocrx_word' id='word_1_779' title='bbox 1487 2216 1508 2238; x_wconf 91' lang='lat'>6.</span> <span class='ocrx_word' id='word_1_780' title='bbox 1526 2228 1556 2232; x_wconf 91' lang='lat'>-—-</span> <span class='ocrx_word' id='word_1_781' title='bbox 1573 2210 1677 2238; x_wconf 64' lang='lat' dir='ltr'>Subin&#39;de</span> <span class='ocrx_word' id='word_1_782' title='bbox 1702 2215 1812 2243; x_wconf 83' lang='lat' dir='ltr'>allegatur</span> <span class='ocrx_word' id='word_1_783' title='bbox 1838 2215 1888 2237; x_wconf 89' lang='lat' dir='ltr'>lsai.</span> <span class='ocrx_word' id='word_1_784' title='bbox 1909 2215 1952 2242; x_wconf 78' lang='grc'>16,</span> <span class='ocrx_word' id='word_1_785' title='bbox 1970 2215 2007 2237; x_wconf 82' lang='grc' dir='ltr'>Μ.</span> <span class='ocrx_word' id='word_1_786' title='bbox 2025 2215 2085 2238; x_wconf 90' lang='lat' dir='ltr'>Vide</span> <span class='ocrx_word' id='word_1_787' title='bbox 2108 2217 2164 2238; x_wconf 88' lang='lat' dir='ltr'>torn.</span> 
     </span>
     <span class='ocr_line' id='line_1_115' title="bbox 1318 2254 2165 2283; baseline -0.001 -6"><span class='ocrx_word' id='word_1_788' title='bbox 1318 2256 1350 2278; x_wconf 92' lang='lat' dir='ltr'>lll.</span> <span class='ocrx_word' id='word_1_789' title='bbox 1368 2261 1422 2283; x_wconf 79' lang='lat' dir='ltr'>pag.</span> <span class='ocrx_word' id='word_1_790' title='bbox 1440 2255 1493 2282; x_wconf 87' lang='grc'><strong>791,</strong></span> <span class='ocrx_word' id='word_1_791' title='bbox 1512 2257 1589 2277; x_wconf 89' lang='lat' dir='ltr'>notam</span> <span class='ocrx_word' id='word_1_792' title='bbox 1607 2255 1629 2277; x_wconf 90' lang='lat'>2.</span> <span class='ocrx_word' id='word_1_793' title='bbox 1645 2256 1668 2276; x_wconf 92' lang='lat' dir='ltr'>et</span> <span class='ocrx_word' id='word_1_794' title='bbox 1685 2257 1740 2276; x_wconf 89' lang='lat' dir='ltr'>tom.</span> <span class='ocrx_word' id='word_1_795' title='bbox 1757 2254 1793 2277; x_wconf 87' lang='lat' dir='ltr'>lV.</span> <span class='ocrx_word' id='word_1_796' title='bbox 1811 2259 1864 2282; x_wconf 86' lang='lat' dir='ltr'>pag.</span> <span class='ocrx_word' id='word_1_797' title='bbox 1884 2254 1937 2281; x_wconf 78' lang='lat'>321,</span> <span class='ocrx_word' id='word_1_798' title='bbox 1954 2256 2032 2276; x_wconf 81' lang='lat' dir='ltr'>notam</span> <span class='ocrx_word' id='word_1_799' title='bbox 2045 2254 2066 2276; x_wconf 80' lang='lat'>2.</span> <span class='ocrx_word' id='word_1_800' title='bbox 2079 2265 2111 2270; x_wconf 95' lang='lat'>—</span> <span class='ocrx_word' id='word_1_801' title='bbox 2122 2254 2165 2276; x_wconf 91' lang='lat' dir='ltr'>Pro</span> 
     </span>
     <span class='ocr_line' id='line_1_116' title="bbox 1318 2293 1568 2324; baseline -0.004 -7"><span class='ocrx_word' id='word_1_802' title='bbox 1318 2294 1391 2324; x_wconf 71' lang='lat' dir='ltr'>fluxu</span> <span class='ocrx_word' id='word_1_803' title='bbox 1407 2294 1445 2316; x_wconf 86' lang='lat' dir='ltr'>ed.</span> <span class='ocrx_word' id='word_1_804' title='bbox 1461 2293 1568 2323; x_wconf 64' lang='lat' dir='ltr'>refluxu.</span> 
     </span>
    </p>

    <p class='ocr_par' dir='ltr' id='par_1_38' title="bbox 1319 2331 2165 2433">
     <span class='ocr_line' id='line_1_117' title="bbox 1381 2331 2165 2361; baseline -0.001 -6"><span class='ocrx_word' id='word_1_805' title='bbox 1381 2331 1390 2344; x_wconf 80' lang='lat'>¹³</span> <span class='ocrx_word' id='word_1_806' title='bbox 1408 2334 1491 2355; x_wconf 85' lang='lat' dir='ltr'>Psalin.</span> <span class='ocrx_word' id='word_1_807' title='bbox 1503 2333 1545 2360; x_wconf 82' lang='lat'>50,</span> <span class='ocrx_word' id='word_1_808' title='bbox 1559 2333 1596 2355; x_wconf 78' lang='grc'>13.</span> <span class='ocrx_word' id='word_1_809' title='bbox 1608 2332 1735 2360; x_wconf 61' lang='lat' dir='ltr'>chrysost„</span> <span class='ocrx_word' id='word_1_810' title='bbox 1752 2332 1777 2354; x_wconf 88' lang='lat' dir='ltr'>in</span> <span class='ocrx_word' id='word_1_811' title='bbox 1794 2333 1854 2355; x_wconf 87' lang='lat' dir='ltr'>loan.</span> <span class='ocrx_word' id='word_1_812' title='bbox 1872 2333 1950 2355; x_wconf 89' lang='lat' dir='ltr'>homil.</span> <span class='ocrx_word' id='word_1_813' title='bbox 1966 2332 2003 2355; x_wconf 84' lang='grc'>51.</span> <span class='ocrx_word' id='word_1_814' title='bbox 2030 2331 2095 2361; x_wconf 83' lang='lat' dir='ltr'>(alIas</span> <span class='ocrx_word' id='word_1_815' title='bbox 2117 2332 2165 2361; x_wconf 79' lang='lat'>50.)</span> 
     </span>
     <span class='ocr_line' id='line_1_118' title="bbox 1319 2371 2165 2400; baseline -0.001 -6"><span class='ocrx_word' id='word_1_816' title='bbox 1319 2379 1340 2394; x_wconf 94' lang='lat' dir='ltr'>n.</span> <span class='ocrx_word' id='word_1_817' title='bbox 1360 2372 1385 2394; x_wconf 48' lang='lat' dir='ltr'>sl:</span> <span class='ocrx_word' id='word_1_818' title='bbox 1403 2372 1525 2400; x_wconf 87' lang='lat' dir='ltr'>Quomodo</span> <span class='ocrx_word' id='word_1_819' title='bbox 1537 2377 1594 2400; x_wconf 84' lang='lat' dir='ltr'>ergo</span> <span class='ocrx_word' id='word_1_820' title='bbox 1612 2371 1741 2399; x_wconf 87' lang='lat' dir='ltr'>Prophetae</span> <span class='ocrx_word' id='word_1_821' title='bbox 1758 2372 1925 2399; x_wconf 83' lang='lat' dir='ltr'>prophetarunt</span> <span class='ocrx_word' id='word_1_822' title='bbox 1942 2374 1965 2393; x_wconf 86' lang='lat' dir='ltr'>et</span> <span class='ocrx_word' id='word_1_823' title='bbox 1981 2371 2103 2393; x_wconf 87' lang='lat' dir='ltr'>innumera</span> <span class='ocrx_word' id='word_1_824' title='bbox 2120 2371 2165 2394; x_wconf 90' lang='lat' dir='ltr'>edi-</span> 
     </span>
     <span class='ocr_line' id='line_1_119' title="bbox 1319 2411 1519 2433; baseline 0 0"><span class='ocrx_word' id='word_1_825' title='bbox 1319 2411 1373 2433; x_wconf 89' lang='lat' dir='ltr'>dere</span> <span class='ocrx_word' id='word_1_826' title='bbox 1391 2411 1499 2433; x_wconf 83' lang='lat' dir='ltr'>miracula</span> <span class='ocrx_word' id='word_1_827' title='bbox 1509 2412 1519 2432; x_wconf 72' lang='lat'>⁴?</span> 
     </span>
    </p>

    <p class='ocr_par' dir='ltr' id='par_1_39' title="bbox 1318 2448 2165 2628">
     <span class='ocr_line' id='line_1_120' title="bbox 1381 2448 2165 2476; baseline -0.001 -4"><span class='ocrx_word' id='word_1_828' title='bbox 1381 2449 1390 2462; x_wconf 76' lang='lat'>⁹</span> <span class='ocrx_word' id='word_1_829' title='bbox 1408 2451 1430 2472; x_wconf 92' lang='lat' dir='ltr'>ln</span> <span class='ocrx_word' id='word_1_830' title='bbox 1449 2451 1526 2472; x_wconf 86' lang='lat' dir='ltr'>Glossa</span> <span class='ocrx_word' id='word_1_831' title='bbox 1544 2449 1670 2473; x_wconf 80' lang='lat' dir='ltr'>ordinaria</span> <span class='ocrx_word' id='word_1_832' title='bbox 1687 2450 1747 2471; x_wconf 80' lang='grc'><strong>10311.</strong></span> <span class='ocrx_word' id='word_1_833' title='bbox 1765 2450 1787 2476; x_wconf 83' lang='lat'>7,</span> <span class='ocrx_word' id='word_1_834' title='bbox 1805 2449 1848 2471; x_wconf 82' lang='lat'>37:</span> <span class='ocrx_word' id='word_1_835' title='bbox 1866 2449 1981 2472; x_wconf 84' lang='lat' dir='ltr'>Audacter</span> <span class='ocrx_word' id='word_1_836' title='bbox 1997 2451 2020 2471; x_wconf 92' lang='lat' dir='ltr'>et</span> <span class='ocrx_word' id='word_1_837' title='bbox 2037 2451 2081 2471; x_wconf 86' lang='lat' dir='ltr'>tota</span> <span class='ocrx_word' id='word_1_838' title='bbox 2099 2448 2165 2471; x_wconf 90' lang='lat' dir='ltr'>liber-</span> 
     </span>
     <span class='ocr_line' id='line_1_121' title="bbox 1318 2488 2165 2517; baseline -0.002 -5"><span class='ocrx_word' id='word_1_839' title='bbox 1318 2492 1363 2512; x_wconf 85' lang='lat' dir='ltr'>tate</span> <span class='ocrx_word' id='word_1_840' title='bbox 1380 2489 1517 2517; x_wconf 84' lang='lat' dir='ltr'>pronuntio,</span> <span class='ocrx_word' id='word_1_841' title='bbox 1534 2496 1560 2511; x_wconf 83' lang='lat' dir='ltr'>ex</span> <span class='ocrx_word' id='word_1_842' title='bbox 1577 2495 1605 2511; x_wconf 90' lang='lat' dir='ltr'>eo</span> <span class='ocrx_word' id='word_1_843' title='bbox 1623 2491 1740 2517; x_wconf 88' lang='lat' dir='ltr'>tempore,</span> <span class='ocrx_word' id='word_1_844' title='bbox 1757 2494 1804 2517; x_wconf 88' lang='lat' dir='ltr'>quo</span> <span class='ocrx_word' id='word_1_845' title='bbox 1821 2488 1925 2516; x_wconf 89' lang='lat' dir='ltr'>Apostoli</span> <span class='ocrx_word' id='word_1_846' title='bbox 1949 2488 2046 2511; x_wconf 89' lang='lat' dir='ltr'>Domino</span> <span class='ocrx_word' id='word_1_847' title='bbox 2063 2488 2165 2511; x_wconf 85' lang='lat' dir='ltr'>credide-</span> 
     </span>
     <span class='ocr_line' id='line_1_122' title="bbox 1318 2527 2165 2555; baseline -0.001 -5"><span class='ocrx_word' id='word_1_848' title='bbox 1318 2531 1382 2555; x_wconf 86' lang='lat' dir='ltr'>runt,</span> <span class='ocrx_word' id='word_1_849' title='bbox 1405 2528 1513 2550; x_wconf 85' lang='lat' dir='ltr'>habuisse</span> <span class='ocrx_word' id='word_1_850' title='bbox 1539 2528 1649 2555; x_wconf 86' lang='lat' dir='ltr'>Spiritum</span> <span class='ocrx_word' id='word_1_851' title='bbox 1674 2530 1780 2549; x_wconf 79' lang='lat' dir='ltr'>sanctum</span> <span class='ocrx_word' id='word_1_852' title='bbox 1806 2533 1848 2549; x_wconf 82' lang='lat' dir='ltr'>nec</span> <span class='ocrx_word' id='word_1_853' title='bbox 1873 2527 1975 2555; x_wconf 76' lang='lat' dir='ltr'>potuisse</span> <span class='ocrx_word' id='word_1_854' title='bbox 1999 2527 2064 2554; x_wconf 84' lang='lat' dir='ltr'>signa</span> <span class='ocrx_word' id='word_1_855' title='bbox 2090 2528 2165 2549; x_wconf 77' lang='lat' dir='ltr'>facere</span> 
     </span>
     <span class='ocr_line' id='line_1_123' title="bbox 1318 2566 2165 2595; baseline -0.001 -6"><span class='ocrx_word' id='word_1_856' title='bbox 1318 2567 1407 2595; x_wconf 82' lang='lat' dir='ltr'>absque</span> <span class='ocrx_word' id='word_1_857' title='bbox 1432 2567 1531 2595; x_wconf 87' lang='lat' dir='ltr'>Spiritus</span> <span class='ocrx_word' id='word_1_858' title='bbox 1554 2567 1625 2589; x_wconf 89' lang='lat' dir='ltr'>sancti</span> <span class='ocrx_word' id='word_1_859' title='bbox 1651 2566 1735 2594; x_wconf 83' lang='lat' dir='ltr'>gratia,</span> <span class='ocrx_word' id='word_1_860' title='bbox 1758 2566 1800 2588; x_wconf 87' lang='lat' dir='ltr'>sed</span> <span class='ocrx_word' id='word_1_861' title='bbox 1825 2572 1867 2594; x_wconf 87' lang='lat' dir='ltr'>pro</span> <span class='ocrx_word' id='word_1_862' title='bbox 1893 2566 1988 2588; x_wconf 88' lang='lat' dir='ltr'>modulo</span> <span class='ocrx_word' id='word_1_863' title='bbox 2012 2568 2081 2594; x_wconf 78' lang='lat' dir='ltr'>atque</span> <span class='ocrx_word' id='word_1_864' title='bbox 2103 2572 2165 2588; x_wconf 90' lang='lat' dir='ltr'>men-</span> 
     </span>
     <span class='ocr_line' id='line_1_124' title="bbox 1318 2609 1432 2628; baseline -0.009 0"><span class='ocrx_word' id='word_1_865' title='bbox 1318 2612 1371 2628; x_wconf 82' lang='lat' dir='ltr'>sura</span> <span class='ocrx_word' id='word_1_866' title='bbox 1389 2609 1432 2628; x_wconf 85' lang='lat' dir='ltr'>etc.</span> 
     </span>
    </p>

    <p class='ocr_par' dir='ltr' id='par_1_40' title="bbox 1318 2643 2163 2714">
     <span class='ocr_line' id='line_1_125' title="bbox 1381 2643 2163 2673; baseline -0.001 -6"><span class='ocrx_word' id='word_1_867' title='bbox 1381 2644 1400 2657; x_wconf 86' lang='lat'>²⁰</span> <span class='ocrx_word' id='word_1_868' title='bbox 1418 2645 1474 2667; x_wconf 90' lang='lat' dir='ltr'>Cod.</span> <span class='ocrx_word' id='word_1_869' title='bbox 1492 2644 1508 2667; x_wconf 90' lang='lat' dir='ltr'>C</span> <span class='ocrx_word' id='word_1_870' title='bbox 1526 2645 1563 2667; x_wconf 82' lang='lat' dir='ltr'>liic</span> <span class='ocrx_word' id='word_1_871' title='bbox 1580 2648 1602 2667; x_wconf 89' lang='lat' dir='ltr'>et</span> <span class='ocrx_word' id='word_1_872' title='bbox 1620 2644 1641 2666; x_wconf 90' lang='lat' dir='ltr'>in</span> <span class='ocrx_word' id='word_1_873' title='bbox 1658 2650 1723 2673; x_wconf 85' lang='lat' dir='ltr'>seqq.</span> <span class='ocrx_word' id='word_1_874' title='bbox 1740 2650 1841 2673; x_wconf 71' lang='lat' dir='ltr'>mayna,</span> <span class='ocrx_word' id='word_1_875' title='bbox 1864 2643 1954 2671; x_wconf 77' lang='lat' dir='ltr'>maior,</span> <span class='ocrx_word' id='word_1_876' title='bbox 1971 2643 2088 2666; x_wconf 67' lang='lat' dir='ltr'>mawima.</span> <span class='ocrx_word' id='word_1_877' title='bbox 2107 2644 2163 2666; x_wconf 76' lang='lat' dir='ltr'>infra</span> 
     </span>
     <span class='ocr_line' id='line_1_126' title="bbox 1318 2682 2145 2714; baseline -0.002 -7"><span class='ocrx_word' id='word_1_878' title='bbox 1318 2691 1360 2713; x_wconf 88' lang='lat' dir='ltr'>pro</span> <span class='ocrx_word' id='word_1_879' title='bbox 1377 2684 1508 2708; x_wconf 74' lang='lat' dir='ltr'>secundum</span> <span class='ocrx_word' id='word_1_880' title='bbox 1526 2684 1613 2714; x_wconf 79' lang='lat' dir='ltr'>quod...</span> <span class='ocrx_word' id='word_1_881' title='bbox 1628 2683 1663 2707; x_wconf 79' lang='lat' dir='ltr'>sic</span> <span class='ocrx_word' id='word_1_882' title='bbox 1680 2684 1717 2706; x_wconf 89' lang='lat' dir='ltr'>ed.</span> <span class='ocrx_word' id='word_1_883' title='bbox 1733 2682 1864 2706; x_wconf 80' lang='lat' dir='ltr'>seeundum</span> <span class='ocrx_word' id='word_1_884' title='bbox 1881 2682 1924 2706; x_wconf 80' lang='lat' dir='ltr'>hoc</span> <span class='ocrx_word' id='word_1_885' title='bbox 1941 2684 2053 2712; x_wconf 81' lang='lat' dir='ltr'>quanto...</span> <span class='ocrx_word' id='word_1_886' title='bbox 2072 2683 2145 2706; x_wconf 86' lang='lat' dir='ltr'>tanto.</span> 
     </span>
    </p>

    <p class='ocr_par' dir='ltr' id='par_1_41' title="bbox 1318 2721 2165 2868">
     <span class='ocr_line' id='line_1_127' title="bbox 1381 2721 2165 2751; baseline -0.004 -5"><span class='ocrx_word' id='word_1_887' title='bbox 1381 2723 1398 2736; x_wconf 84' lang='lat'>¹¹</span> <span class='ocrx_word' id='word_1_888' title='bbox 1417 2723 1462 2746; x_wconf 88' lang='lat' dir='ltr'>Csr.</span> <span class='ocrx_word' id='word_1_889' title='bbox 1479 2724 1588 2751; x_wconf 70' lang='lat' dir='ltr'>August,</span> <span class='ocrx_word' id='word_1_890' title='bbox 1607 2723 1629 2745; x_wconf 88' lang='lat' dir='ltr'>in</span> <span class='ocrx_word' id='word_1_891' title='bbox 1646 2724 1706 2745; x_wconf 85' lang='lat' dir='ltr'>loan.</span> <span class='ocrx_word' id='word_1_892' title='bbox 1729 2723 1816 2750; x_wconf 83' lang='lat' dir='ltr'>Evang.</span> <span class='ocrx_word' id='word_1_893' title='bbox 1839 2724 1865 2744; x_wconf 91' lang='lat' dir='ltr'>tr.</span> <span class='ocrx_word' id='word_1_894' title='bbox 1884 2722 1921 2744; x_wconf 96' lang='lat'>32.</span> <span class='ocrx_word' id='word_1_895' title='bbox 1939 2728 1961 2744; x_wconf 86' lang='lat' dir='ltr'>n.</span> <span class='ocrx_word' id='word_1_896' title='bbox 1978 2722 1999 2743; x_wconf 87' lang='lat'>6.</span> <span class='ocrx_word' id='word_1_897' title='bbox 2022 2727 2086 2750; x_wconf 85' lang='lat' dir='ltr'>seqq.</span> <span class='ocrx_word' id='word_1_898' title='bbox 2105 2721 2165 2744; x_wconf 85' lang='lat' dir='ltr'>Vide</span> 
     </span>
     <span class='ocr_line' id='line_1_128' title="bbox 1318 2760 2162 2790; baseline -0.002 -6"><span class='ocrx_word' id='word_1_899' title='bbox 1318 2763 1385 2784; x_wconf 88' lang='lat' dir='ltr'>etiam</span> <span class='ocrx_word' id='word_1_900' title='bbox 1404 2763 1418 2784; x_wconf 93' lang='lat' dir='ltr'>l.</span> <span class='ocrx_word' id='word_1_901' title='bbox 1436 2763 1498 2784; x_wconf 89' lang='lat' dir='ltr'>Sent.</span> <span class='ocrx_word' id='word_1_902' title='bbox 1516 2762 1539 2784; x_wconf 92' lang='lat' dir='ltr'>d.</span> <span class='ocrx_word' id='word_1_903' title='bbox 1560 2762 1594 2784; x_wconf 82' lang='lat'>15.</span> <span class='ocrx_word' id='word_1_904' title='bbox 1612 2768 1635 2790; x_wconf 93' lang='lat' dir='ltr'>p.</span> <span class='ocrx_word' id='word_1_905' title='bbox 1651 2762 1674 2784; x_wconf 94' lang='lat' dir='ltr'>ll.</span> <span class='ocrx_word' id='word_1_906' title='bbox 1692 2761 1749 2784; x_wconf 87' lang='lat' dir='ltr'>dub.</span> <span class='ocrx_word' id='word_1_907' title='bbox 1767 2761 1792 2789; x_wconf 73' lang='lat'>33</span> <span class='ocrx_word' id='word_1_908' title='bbox 1810 2762 1834 2784; x_wconf 94' lang='lat' dir='ltr'>ll.</span> <span class='ocrx_word' id='word_1_909' title='bbox 1852 2761 1913 2783; x_wconf 82' lang='lat' dir='ltr'>Sent.</span> <span class='ocrx_word' id='word_1_910' title='bbox 1930 2760 1954 2783; x_wconf 90' lang='lat' dir='ltr'>d.</span> <span class='ocrx_word' id='word_1_911' title='bbox 1972 2760 2008 2782; x_wconf 81' lang='lat'>29.</span> <span class='ocrx_word' id='word_1_912' title='bbox 2026 2766 2046 2782; x_wconf 82' lang='lat' dir='ltr'>a.</span> <span class='ocrx_word' id='word_1_913' title='bbox 2065 2760 2087 2782; x_wconf 87' lang='lat'>3.</span> <span class='ocrx_word' id='word_1_914' title='bbox 2104 2766 2126 2789; x_wconf 90' lang='lat' dir='ltr'>q.</span> <span class='ocrx_word' id='word_1_915' title='bbox 2141 2761 2162 2782; x_wconf 91' lang='lat'>2.</span> 
     </span>
     <span class='ocr_line' id='line_1_129' title="bbox 1319 2797 2163 2829; baseline -0.002 -6"><span class='ocrx_word' id='word_1_916' title='bbox 1319 2801 1340 2823; x_wconf 93' lang='lat' dir='ltr'>in</span> <span class='ocrx_word' id='word_1_917' title='bbox 1357 2807 1433 2829; x_wconf 84' lang='lat' dir='ltr'>corp.;</span> <span class='ocrx_word' id='word_1_918' title='bbox 1451 2801 1487 2823; x_wconf 87' lang='lat' dir='ltr'>lV.</span> <span class='ocrx_word' id='word_1_919' title='bbox 1505 2801 1567 2823; x_wconf 85' lang='lat' dir='ltr'>Sent.</span> <span class='ocrx_word' id='word_1_920' title='bbox 1584 2801 1606 2823; x_wconf 89' lang='lat' dir='ltr'>d.</span> <span class='ocrx_word' id='word_1_921' title='bbox 1624 2801 1645 2823; x_wconf 89' lang='lat'>7.</span> <span class='ocrx_word' id='word_1_922' title='bbox 1663 2807 1684 2822; x_wconf 86' lang='lat' dir='ltr'>a.</span> <span class='ocrx_word' id='word_1_923' title='bbox 1706 2801 1723 2822; x_wconf 95' lang='grc'>1.</span> <span class='ocrx_word' id='word_1_924' title='bbox 1741 2806 1764 2829; x_wconf 89' lang='lat' dir='ltr'>q.</span> <span class='ocrx_word' id='word_1_925' title='bbox 1786 2800 1803 2821; x_wconf 94' lang='grc'>1.</span> <span class='ocrx_word' id='word_1_926' title='bbox 1820 2799 1848 2822; x_wconf 81' lang='lat' dir='ltr'>ad</span> <span class='ocrx_word' id='word_1_927' title='bbox 1868 2800 1888 2821; x_wconf 85' lang='lat' dir='ltr'>l.</span> <span class='ocrx_word' id='word_1_928' title='bbox 1906 2797 1928 2821; x_wconf 78' lang='lat' dir='ltr'>e&#39;t</span> <span class='ocrx_word' id='word_1_929' title='bbox 1945 2799 1969 2821; x_wconf 85' lang='lat' dir='ltr'>d.</span> <span class='ocrx_word' id='word_1_930' title='bbox 1987 2799 2023 2821; x_wconf 87' lang='lat'>23.</span> <span class='ocrx_word' id='word_1_931' title='bbox 2037 2805 2058 2821; x_wconf 89' lang='lat' dir='ltr'>a.</span> <span class='ocrx_word' id='word_1_932' title='bbox 2074 2799 2092 2821; x_wconf 90' lang='lat' dir='ltr'>l.</span> <span class='ocrx_word' id='word_1_933' title='bbox 2105 2805 2126 2827; x_wconf 91' lang='lat' dir='ltr'>q.</span> <span class='ocrx_word' id='word_1_934' title='bbox 2141 2799 2163 2821; x_wconf 86' lang='lat'>2.</span> 
     </span>
     <span class='ocr_line' id='line_1_130' title="bbox 1319 2838 1932 2868; baseline -0.003 -6"><span class='ocrx_word' id='word_1_935' title='bbox 1319 2840 1340 2862; x_wconf 88' lang='lat' dir='ltr'>in</span> <span class='ocrx_word' id='word_1_936' title='bbox 1357 2846 1420 2868; x_wconf 86' lang='lat' dir='ltr'>corp.</span> <span class='ocrx_word' id='word_1_937' title='bbox 1437 2852 1468 2856; x_wconf 89' lang='lat'>—</span> <span class='ocrx_word' id='word_1_938' title='bbox 1485 2840 1525 2862; x_wconf 87' lang='lat' dir='ltr'>Ed.</span> <span class='ocrx_word' id='word_1_939' title='bbox 1543 2841 1601 2862; x_wconf 84' lang='lat' dir='ltr'>lianc</span> <span class='ocrx_word' id='word_1_940' title='bbox 1618 2846 1679 2868; x_wconf 85' lang='lat' dir='ltr'>resp.</span> <span class='ocrx_word' id='word_1_941' title='bbox 1696 2839 1726 2862; x_wconf 78' lang='lat' dir='ltr'>ad</span> <span class='ocrx_word' id='word_1_942' title='bbox 1742 2839 1825 2862; x_wconf 88' lang='lat' dir='ltr'>obiect.</span> <span class='ocrx_word' id='word_1_943' title='bbox 1842 2838 1932 2861; x_wconf 90' lang='lat' dir='ltr'>omittit.</span> 
     </span>
    </p>

    <p class='ocr_par' dir='ltr' id='par_1_42' title="bbox 1381 2878 1597 2909">
     <span class='ocr_line' id='line_1_131' title="bbox 1381 2878 1597 2909; baseline 0.005 -8"><span class='ocrx_word' id='word_1_944' title='bbox 1381 2878 1400 2891; x_wconf 69' lang='lat'>¹²</span> <span class='ocrx_word' id='word_1_945' title='bbox 1418 2880 1516 2907; x_wconf 57' lang='lat' dir='ltr'>Vulgata</span> <span class='ocrx_word' id='word_1_946' title='bbox 1533 2885 1597 2909; x_wconf 76' lang='lat' dir='ltr'>erqo.</span> 
     </span>
    </p>
   </div>
  </div>
 </body>
</html>
