2296 3316
751 109 920 138 COMMENT.
945 109 977 138 IN
998 109 1144 139 IOANNEM
1164 110 1192 139 C.
1213 110 1267 140 Vll.
1823 112 1878 141 339

189 187 264 212 Primo
281 195 305 212 se
321 187 422 212 ostendit-1
437 186 509 211 lucem
526 187 550 211 ei:
566 186 699 211 directorem
715 187 782 210 verbo
799 186 923 210 doctrinae.

213 281 304 310 Prima
324 281 409 318 igitur
422 288 500 318 pars,
521 280 549 308 in
563 288 619 317 qua
639 279 795 308 manifestat
809 286 838 308 se
859 279 979 308 directo-

135 337 197 357 rem
210 327 295 357 verbo
309 328 458 356 doetrinae
470 328 496 362 ¹,
518 326 639 355 continet
652 326 708 355 duo
722 325 855 362 capitula,
877 326 980 355 scilicet

136 374 284 412 septimum
304 377 332 403 et
361 377 506 408 octavum,
528 376 556 402 et
585 372 718 402 dividitur
745 373 773 401 in
804 372 886 407 duas,
914 373 980 410 quia

134 421 225 458 primo
239 421 361 458 tangitur
381 421 513 450 Doetoris
524 420 692 458 propalatio
697 430 708 453 ,·
723 419 857 453 secundo,
872 420 980 448 doetri-

134 476 190 497 nae
210 468 448 502 communicatio,
464 467 501 496 ibi
513 467 540 495 2:
563 466 663 495 Nonne
677 466 787 505 Moyses
808 466 886 495 cledit
899 466 979 495 vobis

135 515 236 552 Leqem
256 517 307 544 etc.

207 615 264 639 Pars
280 615 354 646 prima
370 615 397 639 (le
412 614 514 639 Doctoris
530 614 686 645 propalatione
702 613 754 644 agit
771 613 900 644 dupliciter.

214 702 346 731 Doetoris
366 704 460 730 autem
475 701 643 739 propalatio
664 700 708 730 vel
728 700 910 729 manifestatio
931 708 979 729 ne-

135 749 254 778 cessaria
273 751 333 777 erat
353 748 387 777 ad
402 749 467 783 hoc,
482 747 556 785 quod
576 748 695 776 doceret.
718 747 750 776 Et
767 747 832 784 quia
853 754 979 784 praeces-

135 797 209 824 serat
229 795 289 824 eius
309 795 471 829 occultatio,
492 794 553 823 ideo
573 794 664 831 primo
685 794 776 831 agitur
790 794 824 822 de
846 793 979 822 Doetoris

135 841 343 876 occultatioue;
370 841 503 876 secundo,
531 841 564 870 de
592 840 697 869 occulti
726 839 977 878 manifestatione,

134 889 172 918 ibi
184 888 211 917 ³:
236 889 300 917 Iam
320 891 417 918 autem
437 889 483 917 die
502 887 574 926 festo
595 888 739 916 mediante
759 890 810 916 etc.

1116 188 1247 217 Doetoris
1270 188 1356 226 igitur
1386 189 1488 218 summi
1519 188 1671 218 occultatio
1701 189 1754 219 hoc
1783 189 1879 219 ordine
1908 197 1979 220 Primo
1992 197 2016 216 de

1035 234 1211 263 describitur.
1232 235 1302 271 Quia
1322 235 1395 264 enim
1416 235 1486 264 facta
1506 238 1548 265 est
1561 244 1611 274 per
1633 236 1796 266 Iudaeorum
1816 245 1880 275 per·
1899 211 2027 263 ῠὲυῗιοεῖῑίὲιιῖϋ

1036 281 1221 316 secutionem,
1245 281 1336 318 primo
1362 282 1520 312 insinuatur
1547 282 1674 312 Iudaeoe
1675 291 1727 313 um
1752 283 1880 321 perfidia
1918 269 2005 291 mmm

1035 327 1069 355 ad
1090 327 1329 364 persequendum;
1352 329 1472 358 secundo
1492 337 1572 365 vero,
1592 331 1879 368 coezsawyuineorum

1035 373 1154 402 vanitas
1173 373 1208 402 ad
1229 374 1363 404 honorem
1387 376 1624 412 persuadendum
1646 377 1740 412 tertio,
1771 376 1882 407 Christi

1036 418 1188 449 humilitas
1208 420 1242 449 ad
1264 421 1419 457 latendum;
1441 425 1555 459 quarto,
1583 423 1763 452 Iudaeorum
1783 423 1882 453 eurio-

1035 466 1110 495 sitas
1130 467 1164 495 ad
1184 467 1325 497 Christum
1347 469 1545 505 quaerendum.

1114 515 1141 542 2
1164 514 1491 550 (Vers.1.).1nsinuatur
1512 524 1577 554 ergo
1592 517 1682 554 primo
1702 517 1882 548 Iudaeorum
1893 522 2027 566 Ε’φοὲςὶοῖιῑ-

1033 559 1162 597 perfidia
1176 560 1209 589 ad
1230 560 1371 590 Christum
1387 562 1579 597 occidendum,
1600 566 1715 601 propter
1728 572 1812 602 quam
1828 565 1881 594 Do·
1897 570 1990 589 Primum-

1036 606 1128 635 minus
1149 606 1176 635 in
1197 606 1316 636 Galilaea
1336 608 1425 637 stabat
1446 611 1474 637 et
1494 609 1620 639 Iudaeam
1648 610 1812 648 reliquerat,
1840 612 1880 641 vi-

1036 656 1097 682 tans
1117 653 1241 682 furorem
1269 655 1503 691 persequentium.
1536 656 1683 693 Propterea
1709 657 1789 686 dicit:
1811 659 1883 687 Post

1035 698 1122 734 haee,
1144 700 1247 729 scilicet
1274 708 1346 737 quae
1373 701 1445 730 dicta
1472 704 1538 730 sunt
1561 702 1596 731 de
1616 703 1750 732 miraculo
1777 712 1882 741 panum

1035 749 1063 775 et
1083 746 1209 775 doctrina
1222 747 1323 776 Christi
1334 748 1356 782 4,
1371 748 1541 777 ambulabat
1561 750 1641 778 Iesus
1655 750 1686 778 in
1704 750 1882 785 Galilaeam‚·

1036 792 1102 830 quia
1116 793 1152 822 ibi
1174 802 1228 822 non
1243 797 1323 822 erant
1343 794 1381 822 ita
1396 794 1528 824 zelatores
1543 796 1632 832 Legis,
1654 804 1685 825 ac
1700 804 1748 833 per
1764 797 1817 825 hoc
1832 805 1882 825 nec

1035 843 1236 877 persecutores.
1260 840 1325 869 Non
1345 841 1422 870 euim
1442 842 1553 871 volebat
1573 842 1604 871 iu
1621 843 1762 872 Iudaeam
1779 843 1890 872 amba-—

1037 886 1099 916 lare
1105 898 1115 921 ;
1130 890 1157 916 et
1178 888 1248 916 ratio
1263 888 1402 917 redditur:
1424 889 1495 927 quia
1509 890 1688 928 quaerebant
1701 899 1766 919 eum
1781 891 1883 920 ludaei

198 1033 206 1047 ²
225 1034 329 1063 Sequens
346 1035 439 1057 schema
456 1036 479 1056 et
494 1033 566 1056 verba
586 1033 637 1062 Quo
654 1035 734 1057 autem
751 1036 793 1056 etc.
804 1051 810 1061 ‚
827 1040 888 1063 quae
904 1034 941 1056 ed.
959 1033 1028 1056 habet
1045 1034 1066 1056 in
1084 1034 1129 1056 fine
1146 1040 1196 1062 cap.
1214 1034 1256 1063 Vl,
1273 1034 1356 1057 desunt
1372 1035 1394 1057 in
1412 1035 1479 1057 codd.

304 1101 354 1129 Quo
371 1102 448 1123 autem
465 1100 495 1123 ad
512 1106 550 1129 ea,
567 1106 627 1129 quae
644 1100 704 1123 dicta
721 1102 774 1123 sunt
790 1107 861 1128 supra
879 1100 912 1129 (v.
929 1100 975 1129 69.)
993 1100 1023 1123 de
1040 1100 1145 1123 doctrina
1161 1100 1259 1123 Christi:
1278 1100 1354 1124 Verba
1371 1101 1431 1124 vitae
1447 1103 1557 1125 aeternae
1573 1102 1644 1126 habes
1661 1106 1715 1131 ete,

626 1149 653 1166 ac
670 1143 778 1166 continuo
795 1143 850 1166 inira
869 1144 899 1172 (e.
914 1143 936 1166 7.
954 1150 976 1165 n.
994 1143 1025 1172 4.)
1042 1144 1072 1166 de
1088 1143 1161 1166 verbo
1178 1144 1307 1171 doctrinae,
1324 1146 1389 1166 nota:

396 1211 522 1239 purificans
534 1217 546 1233 a
558 1211 659 1238 macula,
671 1211 700 1234 ad
713 1211 769 1239 Eph.
782 1210 808 1238 5,
820 1211 857 1233 26.
870 1210 910 1233 27:

932 1219 943 1230 α
956 1210 1067 1233 Mundans
1078 1217 1130 1233 eam
1139 1211 1231 1233 lavacro
1248 1217 1322 1240 aquae
1340 1211 1361 1233 in
1379 1211 1452 1234 verbo
1470 1213 1538 1240 vitae,
1556 1215 1580 1235 ut
1596 1213 1712 1236 exhiberet
1726 1215 1774 1242 ipsc
1791 1215 1834 1237 sibi
1847 1217 1884 1238 Ec-

442 1250 535 1272 clesiam
552 1250 688 1278 gloriosam,
705 1256 751 1273 non
768 1249 892 1272 habentem
909 1250 1035 1278 maculam,
1053 1252 1093 1272 aut
1108 1256 1204 1278 rugam,
1221 1252 1260 1272 aut
1275 1250 1363 1279 aliquid
1379 1250 1512 1273 huiusmodi

1525 1260 1550 1278 »3
1568 1252 1629 1274 unde
1647 1253 1705 1274 ioan.
1723 1254 1760 1281 15,
1772 1254 1797 1276 3:
1812 1263 1823 1274 u
1837 1255 1884 1278 Vos

443 1289 524 1311 mundi
540 1287 594 1311 estis
611 1291 706 1317 propter
722 1295 866 1315 sermonem,
884 1295 955 1317 quem
972 1289 1062 1311 loeutus
1079 1295 1131 1311 sum
1149 1288 1217 1311 vobis
1229 1297 1252 1311 υ.

396 1327 525 1350 salvificans
550 1327 579 1350 ab
598 1327 641 1355 ira,
659 1329 702 1350 lac.
726 1328 750 1356 4,
773 1328 814 1350 24ε
836 1328 884 1349 «ln
906 1327 1082 1350 mansuetudine
1104 1328 1215 1356 suscipite
1231 1328 1325 1350 insitum
1341 1327 1452 1356 verbum,
1469 1329 1533 1357 quod
1551 1332 1625 1357 potest
1636 1331 1726 1353 salvare
1742 1332 1830 1355 animas
1848 1339 1885 1355 ve-

205 1366 235 1389 ad
252 1367 355 1395 culpam:
443 1369 501 1393 stras

443 1412 520 1433 ipsum
532 1414 555 1428 n.

396 1445 539 1468 sanctificans
550 1444 580 1468 ab
591 1445 748 1474 immunditia,
759 1452 820 1474 quae
831 1448 866 1468 est
876 1446 957 1473 culpae
969 1445 1072 1474 sequela,
1085 1446 1100 1468 l.
1112 1446 1172 1468 Tim.
1185 1445 1211 1472 4,
1225 1445 1245 1468 4.
1257 1452 1319 1475 seq.:

512 1375 534 1394 »,
552 1367 653 1394 salvare,
679 1367 788 1396 inquam,
812 1366 843 1389 ab
868 1367 913 1395 ira;
939 1367 1006 1389 Rom.
1024 1366 1050 1394 5,
1068 1367 1095 1389 9:
1115 1375 1127 1386 α
1142 1367 1255 1389 iustificati
1273 1367 1296 1389 in
1313 1367 1426 1395 sanguine
1442 1367 1527 1396 ipsius,
1548 1369 1604 1391 salvi
1628 1369 1714 1392 erimus
1740 1370 1769 1392 ab
1794 1371 1827 1393 ira
1844 1378 1886 1400 per

1339 1455 1349 1466 ιι
1362 1446 1420 1469 Nihil
1432 1447 1581 1469 reiiciendum
1590 1465 1595 1474 ,
1612 1448 1675 1476 quod
1688 1455 1741 1471 cum
1759 1450 1885 1477 gratiarum

442 1484 533 1507 actione
557 1484 696 1513 percipitur;
714 1484 868 1507 sanctificatur
885 1485 947 1507 enim
972 1490 1014 1513 per
1030 1483 1129 1506 verbum
1148 1484 1187 1506 Dei
1212 1488 1234 1507 et
1251 1485 1378 1507 orationem
1390 1494 1413 1513 »;
1435 1492 1481 1508 non
1506 1489 1592 1509 tantum
1619 1487 1676 1514 cibi,
1702 1488 1742 1510 sed
1768 1489 1886 1519 homines,

442 1523 503 1546 Ioan.
520 1522 561 1551 47,
580 1523 621 1546 47:

641 1533 652 1544 «
664 1524 784 1546 sanctifica
801 1530 841 1546 eos
857 1524 881 1546 in
898 1524 995 1546 veritate
1006 1532 1018 1544 1>
1038 1526 1081 1546 etc.

395 1569 515 1592 vivificans
532 1569 554 1592 in
573 1570 659 1597 gratiae
675 1570 808 1597 collatione,
825 1571 884 1592 loan.
904 1571 930 1598 5,
953 1570 996 1593 24:
1015 1578 1027 1590 a
1040 1570 1083 1599 Qui
1105 1570 1205 1592 verbum
1223 1576 1301 1593 meum
1319 1571 1383 1593 audit
1399 1574 1421 1593 et
1437 1572 1510 1594 credit
1526 1573 1547 1594 ei
1564 1573 1602 1601 qui
1622 1570 1683 1596 misit
1700 1581 1749 1601 me,
1767 1575 1836 1598 habet
1852 1576 1885 1598 vi-

441 1611 489 1630 tam
506 1611 623 1631 aeternam
635 1618 647 1629 r»
666 1611 724 1636 elc.;
742 1609 808 1638 item,
826 1610 887 1631 loan.
905 1609 930 1636 6,
949 1608 990 1631 fit:
1010 1617 1021 1629 ιι
1033 1608 1122 1637 Verba,
1140 1615 1201 1638 quae
1218 1615 1262 1637 ego
1279 1609 1369 1633 locutus
1379 1616 1431 1633 sum
1448 1610 1528 1638 vohis,
1543 1612 1636 1639 spiritus
1654 1616 1675 1635 et
1692 1614 1739 1636 vita
1757 1617 1809 1637 sunt
1820 1623 1846 1642 n,
1864 1617 1886 1638 et

441 1767 532 1787 leffium
543 1773 565 1787 ⁷7.

443 1969 542 1997 mundo,
558 1969 658 1992 verbum
676 1970 737 1992 vitae
754 1970 896 1993 continentes
908 1979 929 1992 n.

395 2008 518 2031 fortificans
535 2009 563 2031 ad
581 2009 751 2037 confitendum,
769 2010 803 2032 Ps.
826 2010 867 2036 32,
886 2009 914 2031 δι

216 2077 246 2113 ad
277 2080 356 2106 poten-

231 2112 286 2131 tiam
318 2115 357 2131 co-
396 2125 401 2130 .

231 2140 355 2168 gnitivam:

138 2160 162 2262 Verbum
137 2101 160 2142 Dei
138 1987 160 2085 fructum
136 1899 160 1969 hahet
137 1860 159 1882 in
136 1671 165 1843 comparatione

444 2249 498 2265 men
515 2245 549 2265 est
566 2243 669 2266 Verbum
687 2243 727 2266 Dei

441 1653 523 1670 rursus
539 1654 563 1670 v.
582 1648 625 1670 69:
645 1657 657 1668 α
669 1648 776 1676 Domine,
794 1648 824 1671 ad
840 1654 910 1677 quem
928 1647 1033 1670 ibimus?
1050 1647 1127 1670 Verba
1145 1648 1206 1670 vitae
1223 1651 1328 1671 aeternae
1347 1648 1418 1672 habes
1430 1658 1453 1672 n.

206 1690 235 1713 ad
253 1690 354 1713 animam
395 1692 534 1709 conservans
551 1687 573 1709 in
590 1687 676 1715 gratiae
693 1687 851 1715 vegetatione,
869 1687 934 1709 Deut.
952 1687 977 1715 8,
995 1687 1024 1709 3:

230 1724 315 1745 lotam:
442 1726 502 1755 cedit
526 1731 553 1748 ex
577 1732 617 1748 ore
641 1726 723 1754 Dei»;
740 1727 800 1749 loan.
824 1726 849 1754 8,
874 1726 917 1749 52:
944 1726 991 1748 «Si
1014 1726 1066 1755 quis
1083 1732 1214 1748 sermonem
1236 1732 1315 1748 meum
1336 1728 1474 1756 servaverit,
1492 1731 1590 1751 mortem
1616 1736 1660 1751 non
1679 1730 1781 1758 gustabit
1802 1731 1825 1754 in
1847 1738 1886 1754 ae-

1045 1695 1056 1707 «
1068 1686 1117 1709 Non
1134 1687 1156 1709 in
1168 1687 1217 1709 solo
1234 1693 1294 1715 pane
1305 1688 1364 1710 vivit
1380 1689 1462 1712 homo⁴
1479 1689 1520 1712 sed
1538 1689 1560 1712 in
1573 1691 1634 1712 omni
1653 1691 1739 1720 verbo,
1757 1693 1821 1722 quod
1833 1699 1886 1721 pro-

395 1803 528 1827 beatificans
544 1804 567 1826 in
585 1805 672 1832 gratiae
689 1804 897 1833 consummatione,
914 1804 969 1834 quia
986 1803 1103 1827 beatitudo
1115 1807 1149 1827 est
1160 1804 1232 1832 gratia
1249 1808 1417 1833 consummata,
1433 1806 1488 1828 Luc.
1507 1807 1548 1834 ll,
1560 1807 1598 1829 27.
1610 1808 1652 1830 28:
1672 1817 1684 1828 α
1696 1809 1778 1832 Beatus
1795 1813 1883 1838 venter,

442 1843 483 1872 qui
500 1846 522 1865 te
538 1843 650 1871 portavit,
667 1847 689 1866 et
706 1843 790 1872 ubera,
807 1850 867 1873 quae
883 1843 985 1866 suxisti...
1003 1843 1059 1872 quin
1070 1844 1143 1866 immo
1160 1843 1221 1866 beati
1232 1844 1271 1872 qui
1284 1844 1381 1866 audiunt
1396 1844 1495 1867 verbum
1507 1845 1548 1867 Dei
1560 1849 1582 1868 et
1598 1847 1729 1870 custodiunt
1746 1848 1801 1871 illud
1813 1858 1824 1869 n
1843 1852 1885 1872 etc.

394 1890 526 1913 illuminans
541 1891 571 1913 ad
588 1891 742 1920 credendum,
759 1892 794 1914 Ps.
813 1891 869 1920 448,
888 1891 944 1913 405ι
965 1900 976 1912 τι
988 1892 1091 1914 Lucerna
1109 1890 1208 1919 pedibus
1225 1891 1282 1914 meis
1299 1891 1397 1914 verbum
1415 1894 1480 1915 tuum
1503 1895 1525 1915 et
1549 1893 1625 1915 lumen
1651 1894 1738 1917 semitis
1755 1896 1812 1918 meis
1824 1905 1844 1918 ι».
1858 1897 1885 1919 Et

441 1936 488 1952 non
504 1932 593 1953 tantum
611 1931 735 1958 illuminat,
753 1931 793 1954 sed
816 1931 885 1953 etiam
902 1931 955 1953 facit
976 1931 1066 1958 lumen,
1084 1931 1138 1953 Phil.
1161 1931 1187 1959 2,
1211 1930 1247 1953 45.
1274 1937 1335 1959 seq.:
1356 1931 1437 1953 «Inter
1458 1937 1518 1960 quos
1535 1932 1624 1959 lucetis,
1647 1933 1706 1956 sicut
1723 1934 1842 1957 luminaria
1862 1935 1885 1957 in

934 2018 945 2029 α
958 2008 1036 2032 Verbo
1054 2008 1146 2031 Domini
1168 2009 1224 2031 caeli
1241 2009 1324 2031 firmati
1341 2011 1405 2036 sunt,
1423 2012 1445 2032 et
1461 2010 1541 2038 spiritu
1567 2010 1613 2032 oris
1636 2011 1685 2033 eius
1711 2012 1786 2034 omnis
1811 2012 1885 2035 virtus

442 2053 524 2070 eorum
535 2056 558 2070 ι).
577 2048 621 2076 Qui
637 2048 702 2076 prius
718 2051 861 2076 negaverant
876 2054 918 2076 per
935 2048 1089 2071 infirmitatem
1102 2047 1175 2070 verbo
1187 2048 1270 2070 firmati
1287 2048 1380 2071 suntad
1392 2048 1547 2071 confitendum
1565 2050 1710 2077 auctoritate,
1728 2051 1764 2073 Ps.
1783 2051 1826 2079 67,
1844 2053 1885 2074 42;

445 2095 457 2107 α
468 2087 580 2110 Dominus
597 2087 662 2110 dabit
677 2087 776 2110 verbum
794 2087 1005 2115 evangelizantibus
1020 2088 1105 2110 virtute
1122 2087 1192 2109 multa
1203 2096 1224 2109 n.

396 2125 510 2148 inebrians
527 2126 556 2148 ad
573 2126 629 2148 alios
645 2126 810 2155 erudiendum,
828 2126 876 2149 lsai.
895 2126 936 2155 55,
955 2127 991 2149 40.
1008 2133 1069 2156 seq.:
1089 2135 1101 2147 α
1114 2126 1237 2155 Quomodo
1255 2126 1373 2149 descendit
1389 2126 1475 2155 imber,
1493 2130 1532 2149 aut
1549 2127 1584 2150 nix
1597 2127 1626 2150 de
1638 2129 1700 2150 caclo
1718 2131 1740 2151 et
1756 2129 1810 2152 illue
1827 2130 1885 2154 ultra

442 2171 488 2187 non
505 2165 635 2192 revertitur,
652 2165 691 2187 sed
711 2165 807 2187 inebriat
824 2167 909 2188 terram
931 2168 953 2188 et
969 2165 1068 2188 infundit
1089 2171 1140 2187 eam
1158 2168 1180 2188 et
1197 2166 1326 2193 germinare
1343 2171 1394 2188 eam
1411 2166 1464 2188 facit
1479 2169 1501 2188 et
1518 2166 1557 2189 dat
1573 2173 1652 2189 semen
1670 2169 1779 2191 serenti»
1798 2172 1840 2192 etc.
1861 2170 1886 2192 Et

443 2206 506 2232 post:
526 2213 537 2224 κ
550 2204 586 2227 Sic
603 2205 645 2227 erit
661 2204 773 2232 verbum,
791 2205 855 2234 quod
872 2204 1004 2233 egredietur
1021 2204 1050 2227 de
1067 2210 1107 2227 ore
1123 2211 1176 2227 meo
1192 2213 1203 2225 n
1223 2206 1265 2227 etc.
1283 2204 1348 2227 Unde
1365 2207 1512 2233 comparatur
1528 2206 1622 2233 semini,
1645 2207 1698 2229 Luc.
1717 2207 1743 2236 8,
1763 2208 1805 2230 ll:
1825 2217 1836 2228 α
1850 2209 1886 2231 Se-

740 2251 766 2272 »;
784 2246 806 2266 et
822 2244 901 2266 Matth.
918 2244 958 2272 43,
976 2244 1020 2266 23;
1041 2252 1053 2264 ιι
1065 2244 1109 2272 Qui
1125 2244 1148 2266 in
1164 2246 1249 2266 terram
1266 2243 1352 2266 honam
1368 2244 1494 2266 seminatus
1511 2247 1556 2271 est,
1574 2245 1610 2267 hic
1627 2248 1671 2273 est,
1693 2246 1733 2275 qui
1750 2247 1814 2269 audit
1837 2254 1885 2270 ver-

444 2281 500 2304 bum
517 2284 540 2304 et
555 2282 659 2310 intelligit
675 2285 698 2305 et
714 2283 813 2305 fructum
831 2283 896 2305 affert
907 2291 932 2310 »ς
949 2285 972 2305 et
987 2283 1002 2305 1.
1020 2283 1077 2305 Petr.
1096 2283 1122 2311 4,
1140 2283 1182 2305 23:

1202 2292 1214 2303 «
1225 2282 1306 2305 Renati
1323 2288 1367 2305 non
1380 2288 1406 2305 ex
1423 2283 1511 2305 semine
1527 2284 1681 2313 corruptibili,
1693 2285 1733 2308 sed
1751 2285 1885 2315 incorrupti-

444 2319 482 2342 bili
499 2327 541 2348 per
558 2320 657 2344 verbum
674 2321 715 2343 Dei
732 2321 779 2344 vivi
797 2324 819 2344 et
836 2322 992 2350 permanentis
1008 2321 1032 2344 in
1049 2324 1168 2344 aeternum
1180 2330 1202 2345 ι).

399 2366 544 2391 inflammans
561 2367 591 2390 ad
608 2374 722 2397 amorem,
740 2369 781 2391 ler.
799 2369 841 2397 23,
858 2369 901 2391 29:

219 2509 249 2532 ad
277 2510 360 2533 affecti·
446 2523 536 2551 mitigat
552 2524 659 2546 inimicos
671 2533 693 2546 ι).

921 2378 932 2389 ι(
944 2369 1053 2398 Nunquid
1069 2375 1116 2392 non
1132 2368 1204 2392 verba
1221 2375 1272 2391 mea
1289 2371 1343 2391 sunt
1359 2369 1424 2398 quasi
1443 2369 1501 2397 ignis
1522 2372 1545 2392 et
1561 2370 1626 2398 quasi
1648 2371 1744 2394 malleus
1766 2375 1885 2396 conterens

446 2408 578 2434 petr-amn?
594 2407 630 2429 ΡΒ.
650 2407 705 2435 448,
724 2407 782 2430 44ος
801 2407 920 2435 «ignitum
937 2408 1054 2437 eloquium
1068 2411 1133 2430 tuum
1151 2409 1307 2435 vehementer,
1325 2410 1347 2430 et
1363 2414 1445 2431 servus
1461 2410 1514 2431 tuus
1531 2409 1608 2431 dilexit
1625 2410 1679 2432 illud
1691 2419 1714 2433 n.

397 2444 514 2468 delectans
530 2446 560 2468 ad
577 2446 740 2473 devotionem,
759 2447 795 2469 Ps.
814 2447 872 2476 448,
890 2448 950 2469 403ι
971 2448 1069 2476 «Quam
1087 2447 1162 2470 dulcia
1181 2446 1286 2469 saucibus
1305 2447 1363 2470 meis
1380 2447 1469 2476 eloquia
1487 2450 1525 2470 tua
1542 2454 1613 2476 super
1630 2449 1675 2471 mel
1691 2449 1726 2472 ori
1749 2456 1802 2473 meo
1815 2452 1842 2473 n!
1859 2451 1886 2474 Et

445 2484 489 2506 hoc
505 2484 605 2507 verbum
622 2485 689 2507 dulce
706 2485 814 2514 delectat,
832 2488 854 2508 et
871 2486 923 2509 ideo
940 2486 1026 2509 amicos
1043 2489 1148 2515 generat,
1174 2486 1239 2508 Eccli.
1258 2486 1284 2513 6,
1302 2486 1331 2508 5:
1351 2494 1362 2506 «
1374 2485 1478 2508 Verbum
1503 2486 1571 2509 dulce
1595 2488 1730 2516 multiplicat
1755 2489 1842 2512 amicos
1864 2492 1886 2512 et

1152 2564 1303 2592 “Respondit
1319 2564 1431 2587 Dominus
1454 2564 1554 2593 Angue,
1579 2566 1617 2594 qui
1641 2565 1778 2595 loquebatur
1800 2567 1823 2589 in
1847 2574 1885 2590 me

445 2600 517 2623 verba
535 2601 607 2629 hona,
632 2602 703 2625 verba
729 2603 881 2626 consolatoria
893 2612 916 2626 n.
940 2604 983 2626 Iste
1007 2604 1109 2631 Angelus
1133 2602 1249 2630 Christus,
1270 2603 1336 2625 cuius
1360 2602 1431 2625 verba
1454 2604 1600 2626 consolantur
1626 2610 1667 2632 per
1692 2606 1885 2634 promissionem,

447 2640 507 2662 loan.
526 2641 567 2669 45,
584 2641 614 2663 7:
634 2650 646 2661 τι
658 2641 681 2663 Si
698 2642 827 2664 manseritis
844 2642 867 2664 in
884 2648 934 2671 me,
951 2645 973 2665 et
990 2642 1061 2665 verba
1080 2648 1130 2664 mea
1148 2642 1170 2664 iu
1187 2641 1255 2664 vobis
1271 2642 1406 2669 manserint,
1423 2642 1588 2671 quodcumque
1605 2643 1736 2672 volueritis,
1753 2645 1847 2673 petetis,
1864 2647 1887 2668 et

236 2547 303 2564 vam:
375 2540 518 2701 (consolans
533 2563 563 2585 ad
580 2562 696 2586 bonorum
717 2564 910 2592 exspectationem
920 2583 925 2593 ,
942 2565 1011 2587 Zach.
1035 2565 1059 2593 4,
1085 2564 1130 2587 43;

448 2678 487 2701 fiet
503 2678 571 2701 vobis
582 2688 603 2702 ιι.

203 2734 213 2748 2
230 2735 286 2764 Cap.
302 2736 324 2765 7,
344 2737 380 2759 49.
807 2738 817 2751 ⁸
833 2739 889 2768 Cap.
905 2739 929 2767 7,
947 2740 984 2762 44.

202 2773 213 2786 ⁴
229 2774 286 2803 Cap.
302 2775 409 2803 praeced.
425 2775 551 2804 chrysost,
573 2776 594 2799 in
617 2777 678 2800 Ioan-
696 2778 775 2800 homil.
799 2778 836 2801 48.
854 2779 919 2808 (alias
936 2778 983 2808 47⁴)

140 2819 164 2835 n.
181 2814 207 2836 l:
224 2814 285 2837 Haec
308 2815 419 2842 particula
440 2815 496 2839 Post
517 2815 574 2839 haec
598 2816 652 2839 nihil
677 2817 739 2839 aliud
763 2817 888 2846 significat,
912 2824 983 2846 quam

142 2853 239 2875 multum
261 2856 340 2881 postea
363 2854 473 2882 temporis
493 2855 655 2878 intercessisse.
672 2856 726 2878 Inde
742 2862 798 2878 vero
820 2856 903 2885 liquet,
920 2856 984 2885 quod

142 2897 195 2914 cum
212 2892 236 2914 in
253 2895 330 2915 monte
347 2893 449 2921 sederet,
468 2895 549 2916 festum
571 2896 632 2917 esset
653 2895 767 2924 Paschae;
785 2895 822 2918 hic
839 2898 916 2918 autem
934 2897 985 2918 Sce-

1039 2740 1154 2767 nopegiae
1171 2740 1281 2767 meminit,
1299 2741 1321 2761 et
1337 2740 1440 2768 quinque
1457 2740 1572 2763 mensium
1590 2741 1664 2769 spatio
1681 2741 1735 2763 nihil
1753 2741 1815 2764 aliud
1832 2748 1882 2764 nar-

1040 2779 1100 2801 ravit
1116 2779 1152 2801 vel
1168 2778 1248 2801 docuit
1269 2784 1339 2807 quam
1364 2784 1451 2806 panum
1469 2779 1605 2801 miraculum
1623 2782 1645 2802 et
1661 2780 1796 2802 concionem
1820 2780 1885 2802 habi-

1040 2820 1087 2840 tam
1110 2817 1136 2839 iis
1157 2817 1199 2846 qui
1220 2817 1380 2844 comederant,
1397 2817 1487 2840 etiamsi
1503 2818 1539 2840 ille
1555 2824 1600 2840 non
1626 2819 1750 2841 cessaverit
1771 2818 1837 2846 signa
1856 2819 1886 2840 sa-

1040 2863 1092 2879 cere
1109 2859 1131 2879 et
1147 2856 1278 2879 concionari
1294 2858 1337 2879 etc.
1348 2868 1379 2873 —
1391 2856 1423 2879 De
1441 2855 1553 2880 Galilaeis
1570 2858 1610 2880 cfr.
1625 2863 1694 2885 supra
1713 2863 1732 2880 c.
1752 2858 1771 2880 l.
1790 2864 1812 2879 n.
1831 2857 1885 2879 lOl.

1040 2908 1071 2912 —
1089 2896 1132 2918 Pro
1149 2894 1211 2918 dicta
1228 2896 1244 2917 E
1254 2895 1271 2917 N
1284 2894 1417 2924 praedicta.
