2296 3316
244 844 360 864 Notandum.

255 1172 283 1191 De
297 1172 360 1192 tertio.

382 153 436 183 114

378 234 418 259 est
441 231 533 264 Dens,
555 230 582 258 id
603 233 644 259 est
665 230 789 267 cognitor
810 233 919 263 certus,
941 230 1013 259 sicut
1035 230 1111 259 testis
1131 230 1165 258 de
1181 238 1223 264 re,

378 285 430 314 pro
450 285 506 314 qua
527 276 580 305 fert
608 276 810 310 testimonium;
834 276 963 305 leremiae
985 276 1115 314 vigesimo
1136 285 1223 305 nono:

383 335 396 349 «
412 324 466 360 Ego
487 331 549 352 sum
572 323 655 352 testis.
669 326 698 352 et
717 323 818 355 iudex.
840 323 905 352 dicit
921 324 1054 352 Dominus
1069 336 1095 352 υ.
1114 324 1146 352 Et
1161 332 1224 352 eor-

377 371 423 399 dis
444 370 538 404 illias,
560 370 586 399 id
607 372 649 399 est
669 370 865 407 cogitationum
888 370 921 399 de
942 370 1024 399 corde
1045 370 1223 405 exeuntium,

378 417 505 446 Matthaei
527 417 633 445 decimo
654 417 766 453 quinto;
787 420 938 446 scrutator
959 420 998 445 est
1019 425 1120 451 veru-5,
1137 417 1162 445 id
1183 420 1225 445 est

377 464 525 502 inquisitor
547 463 710 497 insaliibilis;
732 463 806 492 unde
826 464 930 501 primae
951 464 985 492 ad
1006 463 1162 492 Corinthios
1183 472 1225 493 se-

378 511 484 540 cundo:
511 523 524 536 «
539 510 658 548 Spiritus
685 510 776 538 omnia
804 514 962 545 scrutatur,
984 510 1066 539 etiam
1088 510 1225 547 profunda

377 558 425 587 Dei
441 569 468 592 »;
490 558 556 587 item
579 557 707 586 teremiae
738 557 845 586 decimo
870 558 1002 594 septimo:
1030 569 1042 583 α
1059 558 1112 594 Ego
1133 557 1225 586 Domi-

377 614 431 634 nus
461 608 589 634 scrutans
619 604 703 633 corda
727 607 755 633 et
782 603 902 641 probans
935 612 1056 638 1·enes»;
1086 605 1223 633 Psalmus:

383 663 396 677 «
411 653 543 681 Scrutans
564 651 648 680 corda
669 654 695 680 ot
717 659 797 680 renes
818 651 892 680 Deus
906 663 932 679 ».
957 652 992 679 Et
1013 651 1131 688 linquae
1151 650 1224 684 eia&

377 699 404 728 id
425 703 467 728 est
488 699 674 732 locutionum,
696 706 767 736 quae
790 698 883 736 lingua
903 699 1072 731 formantur,
1093 697 1224 731 auditor,

378 746 404 774 id
425 749 466 775 est
487 746 611 783 cognitor
632 746 808 775 immediatus
830 746 888 775 sine
915 745 1072 774 narratione
1094 744 1224 778 alterius;

378 793 502 822 Psalnius
515 794 539 821 ¹:
576 793 655 830 «Qui
689 793 822 830 plantavit
848 801 960 826 aurem,
993 800 1047 820 non
1079 791 1172 820 audiet
1186 794 1225 819 »tt

377 840 457 878 quasi
478 840 566 869 dicat:
587 840 634 870 sic.
658 840 689 869 Et
719 840 884 874 notandum,
912 839 986 877 quod
1019 838 1094 876 ponit
1121 838 1225 866 instru-

376 890 470 916 menta
490 896 541 924 pro
562 887 770 924 operationibus
790 887 825 916 ab
846 887 912 924 ipsis
943 885 1171 923 procedentibus,
1193 893 1226 913 eo

377 934 466 971 quod,
495 934 567 963 sicut
593 935 778 963 instrumenta
808 933 993 962 immediatius
1018 940 1047 961 se
1068 932 1170 961 habent
1191 932 1223 960 ad

377 981 497 1009 animam
518 989 601 1018 quam
629 989 727 1010 eorum
755 980 944 1017 operationes,
967 980 1006 1008 sic
1034 980 1107 1008 Deus
1128 979 1225 1007 imme-

377 1027 494 1062 diatius,
515 1036 599 1064 quam
615 1027 715 1064 aliquis
729 1027 813 1061 alius,
829 1026 969 1064 cognoscit
989 1034 1085 1055 omnes
1107 1025 1226 1054 hominis

376 1077 471 1108 actus,
494 1077 548 1102 tam
570 1074 717 1103 interiores
737 1082 821 1111 quam
843 1073 1005 1102 exteriores.

456 1121 545 1157 (Vers.
569 1121 616 1156 7.).
635 1120 783 1156 Quoniam
796 1119 922 1156 spiritus
939 1118 1056 1148 Domini
1070 1121 1132 1152 etc„
1147 1118 1225 1155 quasi

376 1168 503 1197 inferret:
526 1168 596 1197 hene
616 1167 691 1201 dixi,
712 1166 786 1203 quod
809 1166 861 1194 hoc
882 1168 971 1203 potest
999 1165 1128 1202 spiritus;
1157 1173 1226 1203 qao-

376 1215 459 1244 m'arn
480 1214 604 1252 spiritns
628 1213 761 1247 Domini,
784 1213 984 1246 intransitive,
1006 1212 1033 1240 id
1054 1215 1108 1246 cst,
1123 1211 1169 1248 qui
1186 1215 1227 1240 est

379 1262 530 1296 Dominus,
552 1260 705 1290 secuudum
721 1260 789 1289 illud
805 1259 942 1288 Athanasii
955 1260 981 1287 2:
1003 1272 1015 1284 «
1032 1259 1164 1287 Dominus
1179 1259 1226 1287 Pa-

379 1313 436 1343 ter,
457 1309 586 1338 dominus
606 1308 702 1342 Filius,
724 1307 853 1336 domiuus
874 1307 993 1344 Spiritus
1014 1309 1126 1335 sanctus
1140 1317 1168 1339 »;
1184 1306 1227 1334 vel

380 1356 548 1390 transitive,
570 1355 597 1383 id
625 1358 666 1384 est
697 1354 825 1391 spiritus,
847 1354 894 1391 qui
924 1356 965 1383 est
995 1362 1011 1381 a
1032 1353 1163 1387 Domino,
1185 1360 1227 1381 se-

379 1403 503 1433 cundum
534 1402 601 1431 illud
631 1402 714 1430 Isaiae
745 1401 917 1438 sexagesimo
949 1400 1053 1438 primo:
1080 1400 1228 1436 «Spiritus

380 1450 487 1479 Domini
510 1458 594 1487 super
615 1457 658 1477 me
674 1461 687 1474 ι)
713 1452 774 1482 etc.;
797 1449 878 1482 item,
910 1448 1038 1476 loannes:
1065 1447 1227 1484 «Spiritum

382 1497 520 1531 veritatis,
542 1496 589 1533 qui
611 1504 627 1524 a
648 1496 726 1525 Patre
744 1495 904 1532 procedit».
922 1494 1046 1531 Replevit
1060 1493 1157 1522 orbem
1173 1497 1227 1522 ter-

379 1552 504 1577 raram,
526 1552 576 1572 sua
597 1543 753 1580 praesentia
774 1542 859 1571 rebus
880 1542 1009 1570 omnibus
1030 1540 1182 1570 assistendo
1200 1544 1227 1569 et

379 1599 411 1620 ea
432 1590 611 1624 continendo;
634 1589 762 1618 teremiae
784 1589 915 1626 vigesimo
930 1588 1049 1617 tertiof':
1070 1600 1082 1612 «
1098 1587 1227 1625 Nunquid

379 1646 433 1667 non
455 1638 562 1666 caelum
583 1639 610 1666 et
631 1639 734 1665 terram
756 1644 806 1673 ego
821 1636 922 1673 impleo
933 1639 964 1663 »ἳ
978 1636 1059 1673 quia,
1074 1635 1226 1664 secundum

379 1684 560 1721 Gregorium,
587 1684 716 1720 «ubique
738 1686 779 1712 est
800 1683 890 1716 Deus,
912 1683 985 1711 intra
1006 1682 1098 1710 omnia
1118 1690 1172 1710 non
1187 1681 1228 1710 in-

380 1732 487 1765 clusus,
510 1734 591 1760 extra
612 1731 704 1759 omnia
724 1739 778 1759 non
801 1731 950 1763 exclusus,
967 1738 1053 1767 supra
1068 1729 1159 1758 omnia
1174 1738 1227 1757 nou

380 1779 484 1812 elatus,
508 1778 579 1806 infra
605 1778 697 1806 omnia
724 1786 779 1806 non
806 1778 956 1815 depressus
971 1789 997 1805 ».
1025 1777 1058 1805 Et
1080 1776 1132 1805 hoe
1153 1776 1230 1814 qaod

381 1825 503 1854 continet
525 1825 643 1858 omnia,
666 1825 769 1853 scilicet
784 1825 903 1861 Spiritus
918 1827 1031 1853 sanctus
1051 1823 1144 1852 omnia
1165 1832 1229 1852 con-

381 1873 471 1903 tinens
491 1880 541 1901 sua
562 1871 685 1908 potentia
706 1871 902 1900 conservando.
929 1872 1006 1900 Sicut
1030 1871 1103 1899 euim
1131 1870 1229 1907 probat

379 1918 510 1947 Boethius
531 1918 558 1946 in
580 1918 650 1947 libro
664 1918 698 1946 de
712 1918 902 1946 Consolatione
914 1919 934 1951 ⁴¹,
958 1929 971 1942 «
987 1917 1108 1945 mundus
1122 1925 1158 1945 ex
1174 1919 1227 1945 tam

379 1965 496 1994 diversis
516 1965 718 2002 contrariisque
740 1965 866 2001 partibus
887 1965 913 1993 in
935 1972 1020 1993 unam
1041 1964 1158 1992 formam
1173 1972 1228 1992 non

380 2012 564 2046 convenisset,
586 2015 613 2041 et
634 2012 781 2041 coniuncta
801 2012 907 2040 discors
933 2011 1079 2040 diversitas
1099 2009 1228 2038 dissocia-

381 2063 439 2094 ret,
461 2060 513 2088 nisi
535 2063 607 2089 esset
628 2068 717 2093 unus,
740 2059 787 2096 qui
814 2059 993 2095 coniungeret
1021 2060 1048 2086 et
1072 2057 1146 2095 quod
1168 2065 1229 2085 con-

382 2107 473 2135 texuit
500 2107 694 2135 contineret».
724 2106 882 2134 Scientiam
911 2104 995 2133 habet
1020 2104 1111 2138 vocis,
1133 2104 1159 2132 id
1187 2107 1229 2132 est

381 2154 504 2182 omnium
521 2154 690 2182 locutionum
706 2156 733 2182 et
748 2153 916 2190 linguarum,
927 2152 1020 2180 omnia
1031 2151 1227 2188 cognoscendo.

992 152 1161 181 COMMENT.
1185 153 1215 181 lN
1237 153 1428 182 SAl'lENTlAM
1449 153 1477 182 C.
1501 153 1518 182 1.

1282 231 1322 259 Ex
1354 231 1406 259 hoc
1438 234 1527 268 patet,
1558 232 1632 269 quod
1660 235 1749 269 potest
1780 239 1944 269 cognoscere
1974 234 2001 260 et
2026 231 2126 268 punire

1281 277 1387 311 omnia,
1410 279 1466 306 tam
1486 277 1557 306 sacta
1577 281 1691 315 propter
1713 278 1897 307 universalem
1926 277 2124 314 praesentiam,

1282 332 1366 360 quam
1387 324 1460 353 dicta
1480 328 1594 361 propter
1615 325 1801 354 universalem
1822 324 1955 354 notitiam.

1361 369 1417 399 Alia
1429 370 1566 407 expositio
1577 371 1620 399 vel
1634 371 1787 400 secundum
1802 371 1924 401 Glossam
1936 371 1960 388 ⁵·
1955 370 2037 399 .Hoc
2051 370 2128 409 qaod
2145 376 2191 420 Ab}
2199 376 2261 419 81111111·

1282 416 1405 445 continet
1425 417 1540 451 omnia,
1566 417 1620 445 «id
1636 420 1677 446 est
1691 418 1810 454 Spiritus
1830 420 1957 452 sanctus,
1972 417 2020 454 qui
2041 417 2127 446 conti-

1283 466 1328 493 net
1348 464 1455 498 omnia‚
1477 464 1504 492 id
1524 467 1566 493 est
1588 464 1733 494 Ecclesiam
1749 477 1776 499 »,
1797 468 1879 494 extra
1893 472 1976 502 quam
1997 464 2072 502 quod
2086 467 2128 493 est

1282 510 1350 539 nihil
1371 514 1427 544 est,
1450 511 1522 540 sicut
1549 513 1631 540 extra
1657 519 1749 540 arcam
1781 512 1844 540 Noe.
1867 511 2025 540 Scientiam
2046 510 2128 540 habet

1281 558 1376 591 vocis,
1398 557 1558 586 causaliter
1587 558 1739 595 loquendo,
1766 570 1779 583 «
1794 558 1821 587 id
1842 561 1899 593 est,
1921 558 2127 595 intelligentiam

1283 604 1441 641 Scripturae
1472 607 1593 640 praestat
1629 604 1786 633 hominibus
1801 615 1835 640 »ς
1870 606 1913 634 vel
1944 604 2126 643 formaliter:

1282 650 1439 679 Scientiam
1460 649 1543 679 habet
1563 651 1654 684 vocis,
1674 662 1686 676 «
1702 651 1727 679 id
1743 654 1793 686 est,
1808 651 1930 680 eiusdem
1945 652 2074 681 scientiae
2087 655 2129 681 est

1281 705 1345 727 cum
1370 705 1448 731 voce,
1471 697 1497 725 id
1518 699 1560 726 est
1581 705 1643 726 cum
1666 698 1756 726 Verbo
1770 710 1798 732 »,
1820 698 1846 726 id
1867 701 1909 727 est
1929 699 2003 733 Filio,
2024 698 2058 727 de
2072 706 2128 736 quo

1283 744 1389 773 loannis
1409 744 1524 781 primov
1539 755 1552 769 «
1568 744 1595 772 ln
1616 744 1752 781 principio
1773 747 1833 773 erat
1853 745 1975 774 Verbum
1987 757 2002 770 »
2026 747 2077 774 etc.

1361 790 1520 827 Alleyorice
1540 791 1693 820 secundum
1714 791 1837 820 Glossam
1858 794 1948 828 potest
1972 791 2075 829 exponi
2095 791 2129 820 de

1282 838 1435 876 temporali
1455 839 1582 867 adventu
1604 838 1735 875 Spiritus
1754 839 1857 867 sancti.
1881 839 1912 868 Et
1933 839 2023 876 primo
2042 839 2128 876 tangi-

1284 889 1330 915 tur
1347 894 1477 923 persona
1497 885 1598 919 missi,
1620 893 1683 914 cum
1705 885 1820 914 dicitur:
1837 885 1967 923 Spiritus
1974 897 1984 920 ;
1999 886 2128 921 secundo,

1282 933 1343 962 eius
1363 937 1482 961 aeterna
1497 932 1596 969 oripo:
1615 932 1749 965 Domina]
1764 932 1861 966 tertio,
1877 933 2045 970 temporalis
2058 934 2128 962 mis-

1282 980 1342 1008 sio:
1366 980 1507 1016 Repleuit;
1534 981 1650 1016 quarto,
1678 978 1827 1007 missionis
1851 978 2067 1016 manifestatio:
2096 981 2130 1009 Et

1283 1026 1335 1055 lioe
1355 1027 1432 1064 qaod
1453 1026 1575 1055 continet
1596 1025 1704 1054 omnia.

1362 1073 1433 1102 Dicit
1453 1081 1531 1110 ergo:
1554 1072 1683 1110 Spiritus
1707 1072 1825 1101 Domini
1845 1072 1978 1110 replevit;
1999 1073 2128 1102 Glossass:

1288 1120 1394 1149 «donis
1409 1131 1435 1155 »3
1458 1120 1554 1149 orbem
1576 1124 1743 1155 terraram,
1770 1120 1824 1149 «id
1846 1122 1887 1149 est
1907 1120 2055 1149 Ecclesiam
2080 1128 2130 1157 per

1283 1175 1379 1196 omnes
1403 1169 1493 1196 terras
1523 1166 1662 1195 dilatatam
1678 1178 1705 1201 »,
1734 1170 1765 1196 ut
1792 1166 1858 1196 dicit
1885 1166 1987 1196 Glossa.
2016 1167 2051 1195 Et
2078 1166 2130 1196 lioc

1283 1214 1360 1252 quod
1391 1213 1513 1242 eontinet
1540 1214 1640 1243 omnia
1648 1224 1658 1247 ;
1684 1226 1696 1239 «
1713 1214 1739 1243 id
1760 1216 1802 1243 est
1829 1214 1927 1248 homo,
1953 1214 2001 1251 qui
2032 1222 2130 1243 conve-

1284 1260 1414 1289 nientiam
1436 1261 1519 1289 habet
1540 1269 1603 1289 cum
1624 1261 1698 1289 omni
1723 1264 1852 1290 creatura
1865 1273 1893 1295 »,
1921 1264 2036 1298 propter
2057 1261 2130 1298 quod

1284 1307 1366 1335 Marci
1392 1307 1489 1336 ultimo
1510 1307 1604 1336 onmis
1625 1311 1765 1336 ereatura
1785 1307 1953 1344 appellatur,
1978 1307 2129 1336 secundum

1284 1354 1457 1391 Gregorium.
1474 1354 1632 1383 Scientiam
1645 1353 1728 1383 habet
1742 1355 1835 1388 vocis;
1848 1354 1955 1384 Glossa:
1975 1366 1988 1379 «
2003 1354 2131 1383 Diversa-

1285 1409 1348 1429 rum
1370 1401 1528 1437 liuguarum
1550 1410 1565 1429 3,
1587 1402 1690 1438 Spiritu
1710 1404 1803 1430 sancto
1818 1414 1844 1435 »,
1866 1405 1898 1430 ut
1919 1404 1993 1438 patet
2013 1402 2129 1430 Actuuni

1284 1447 1413 1476 secundo.
1430 1464 1468 1467 —
1485 1447 1556 1475 Orbi
1570 1456 1636 1476 vcro
1651 1451 1801 1476 terraram
1816 1451 1995 1485 comparatur
2015 1447 2133 1477 Ecclesia

1286 1494 1425 1531 primitiva
1440 1494 1528 1531 primo
1543 1498 1657 1531 propter
1677 1494 1727 1522 sai
1746 1494 1964 1528 dilatationem,
1979 1494 2132 1523 secundum

1286 1541 1352 1570 illud
1377 1541 1511 1573 PsalmN:
1539 1553 1552 1566 «
1568 1541 1595 1569 ln
1617 1549 1726 1569 omnem
1748 1545 1851 1569 terrani
1875 1541 1962 1569 exivit
1983 1549 2068 1570 sonus
2086 1549 2131 1570 eo-

1287 1597 1348 1617 rum
1366 1601 1391 1616 ».
1413 1604 1449 1609 -
1469 1588 1607 1622 Secundo,
1630 1591 1743 1625 propter
1757 1588 1808 1616 sai
1818 1586 2039 1625 perfectionem,
2061 1596 2132 1625 quae

1286 1644 1335 1673 per
1350 1636 1425 1664 orbis
1441 1635 1635 1664 rotunditatem
1652 1635 1830 1672 intelligitur3
1846 1635 2020 1663 Canticorum
2037 1637 2131 1664 sexto:

1290 1695 1302 1708 «
1319 1683 1376 1712 Una
1397 1686 1438 1711 est
1459 1682 1587 1711 columba
1610 1690 1683 1717 mea,
1705 1682 1827 1719 perfecta,
1848 1690 1908 1711 mea
1923 1694 1949 1709 ».
1973 1698 2008 1703 —
2031 1682 2132 1716 Tertio,

1286 1732 1400 1766 propter
1420 1729 1470 1757 sui
1483 1728 1687 1762 stabilitatem;
1704 1729 1880 1757 Ecclesiastae
1901 1728 2007 1765 primo:-
2023 1740 2036 1753 «
2047 1729 2134 1757 Terra

1286 1776 1358 1805 enim
1392 1776 1418 1804 in
1446 1778 1589 1804 aeternum
1619 1778 1717 1804 stat».
1740 1792 1777 1796 —
1799 1776 1916 1812 Quarto,
1944 1778 2058 1812 propter
2084 1775 2134 1803 sui

1286 1823 1528 1860 compressionem
1549 1826 1573 1851 et
1594 1823 1787 1856 attritionem;
1808 1822 1915 1863 primae
1929 1822 1963 1851 ad
1977 1822 2133 1851 Corinthios

1287 1874 1402 1907 quarto:
1429 1881 1442 1895 «
1455 1870 1535 1904 Puto,
1558 1869 1633 1906 quod
1647 1870 1721 1898 Deus
1745 1878 1794 1898 nos
1816 1869 1957 1906 Apostolos
1971 1869 2134 1898 novissimos

1286 1916 1405 1945 ostendit
1427 1919 1558 1953 tanquam
1573 1916 1655 1944 morti
1674 1916 1851 1945 destinatos»
1878 1918 1945 1950 etc.;
1967 1916 2039 1945 sicut
2059 1917 2135 1944 terra

1286 1963 1467 1991 novissimum
1480 1966 1520 1991 est
1532 1970 1698 1999 corporum,
1714 1962 1787 1991 unde
1798 1962 1833 1991 ab
1848 1962 1977 1991 omnibus
1992 1962 2093 1991 teritur
2107 1964 2134 1990 et

1286 2010 1473 2038 conculcatur.
1490 2025 1526 2030 --
1542 2009 1656 2045 Quinto,
1672 2012 1786 2046 propter
1807 2008 1933 2038 hnmani
1950 2009 2064 2047 generis
2084 2017 2134 2037 stt—

1285 2056 1485 2085 stentationem
1510 2059 1536 2084 et
1555 2055 1795 2092 vivificationem,
1817 2056 1883 2093 quia
1903 2056 1937 2085 de
1965 2058 2040 2085 terra
2067 2055 2135 2085 vivit

1286 2106 1313 2132 et
1333 2113 1349 2132 a
1370 2107 1446 2132 terra
1467 2105 1654 2137 sustentatur,
1677 2103 1748 2131 sicut
1773 2103 1808 2131 ab
1836 2102 1955 2132 Ecclesia
1979 2102 2133 2139 primitiva;

1288 2150 1333 2179 lob
1348 2159 1420 2179 nono
1432 2150 1458 2178 δε
1479 2162 1492 2175 (ι
1504 2150 1560 2179 Sub
1575 2158 1631 2187 quo
1645 2153 1799 2179 curvantur
1815 2150 1861 2187 qui
1878 2152 1989 2187 portant
1999 2149 2095 2179 orbem
2106 2161 2133 2184 »,

447 2376 454 2388 ¹
474 2377 555 2399 Psalni.
572 2377 612 2404 93,
631 2376 652 2397 9.

446 2416 496 2438 ²111
518 2416 628 2444 Symbolo
647 2415 806 2445 Quicumque,
829 2415 893 2444 quod
918 2415 996 2443 Vigilii
1022 2414 1159 2442 'sapscnsis‚
1185 2420 1231 2436 nou

384 2456 514 2481 Athanasii,
526 2462 576 2477 esse
591 2455 680 2478 dicitur.
694 2452 724 2471 —'
736 2455 869 2483 Sequuntur
882 2454 931 2476 lsai.
944 2454 968 2476 61
982 2472 986 2482 ,
1003 2454 1020 2475 l.
1033 2457 1054 2476 ct
1066 2454 1127 2476 ioan.
1140 2453 1168 2475 15
1177 2470 1182 2479 ,
1195 2453 1232 2475 26.

449 2493 458 2506 ³
474 2495 538 2517 Vers.
557 2494 595 2516 24.
611 2507 642 2510 -
659 2495 723 2522 Quae
740 2494 809 2522 paulo
827 2493 920 2515 interius
932 2493 1036 2521 Gregorii
1057 2499 1107 2515 esse
1124 2492 1232 2514 dicuntur

385 2534 434 2562 ipse
450 2532 620 2556 sententialiter
638 2532 729 2555 exhibet
745 2533 770 2555 ll.
787 2533 864 2555 liloral.
881 2538 902 2554 c.
919 2533 956 2554 12,
975 2538 998 2554 n.
1015 2532 1052 2554 20.
1071 2531 1119 2559 (cfr.
1137 2534 1191 2553 tom.
1203 2531 1231 2553 V.

384 2579 439 2601 pag.
457 2573 500 2601 81,
518 2575 571 2594 nota
589 2572 629 2601 3.).
646 2573 668 2594 ln
695 2572 806 2600 opusculo
831 2571 861 2594 de
886 2570 987 2593 Essentia
1012 2570 1140 2592 Divinitatis
1166 2570 1232 2597 (inter

385 2618 456 2640 opera
467 2612 586 2639 August),
599 2612 665 2634 cuius
676 2611 778 2639 primum
791 2611 917 2638 capitulum
929 2613 1031 2632 sumtum
1044 2612 1077 2632 est
1089 2616 1115 2632 ex
1128 2609 1231 2631 Eucherii

385 2651 556 2680 (Lugdunensis
573 2651 642 2679 episc.
660 2652 677 2678 †
697 2650 749 2679 450)
768 2650 826 2672 libro
842 2650 1003 2672 Formularum
1025 2649 1149 2677 spiritualis
1172 2649 1232 2671 intel-

384 2690 503 2718 ligentiae,
521 2691 628 2718 leguntur
646 2689 730 2712 verba:
748 2690 827 2712 Eatra
843 2688 923 2712 omnia
936 2690 981 2717 est,
995 2688 1036 2711 secl
1047 2694 1094 2711 non
1106 2687 1231 2715 esce-tusus,

385 2729 451 2752 intra
468 2728 548 2752 omnia
565 2730 611 2757 est,
628 2728 670 2752 sed
693 2734 742 2751 non
768 2728 883 2751 inclusus.
909 2728 994 2750 Eadem
1019 2729 1145 2750 occurrunt
1169 2726 1231 2754 apud

385 2769 477 2796 Isidor.,
496 2769 510 2790 l.
527 2769 588 2790 Sent.
606 2774 627 2790 c.
644 2770 666 2790 2.
683 2775 705 2790 11.
723 2768 743 2795 3,
760 2771 782 2790 et
799 2767 900 2794 Alcuin.,
917 2767 941 2789 ll.
959 2767 987 2789 de
1002 2766 1056 2789 Fide
1069 2767 1091 2788 S.
1103 2766 1164 2788 Trin.
1178 2772 1197 2788 c.
1211 2765 1231 2787 4.

448 2806 457 2818 ¹
474 2806 535 2829 Libr.
554 2807 586 2829 lll.
605 2813 673 2835 prosa
693 2807 733 2829 12:
751 2806 849 2829 Mundus
866 2806 902 2828 liic
918 2813 944 2828 ex
963 2808 1008 2828 tam
1026 2805 1123 2828 diversis
1145 2807 1232 2827 contra-

385 2846 471 2875 riisque
488 2846 592 2873 partibus
605 2847 627 2868 in
640 2852 710 2868 unam
728 2847 825 2868 sormam
838 2845 933 2868 minime
945 2845 1101 2873 convenisset,
1118 2844 1160 2867 nisi
1172 2850 1232 2866 unus

385 2888 457 2912 esset,
478 2885 518 2913 qui
537 2888 582 2907 tam
600 2885 691 2907 diversa
708 2885 870 2913 coniungeret;
887 2885 1008 2907 coniuncta
1025 2890 1081 2906 vero
1098 2886 1231 2906 naturarum

386 2925 435 2952 ipsa
453 2924 585 2952 diversitas,
604 2924 702 2946 invicem
728 2924 828 2952 discors,
850 2923 984 2946 dissociaret
1009 2925 1078 2952 atque
1103 2923 1232 2950 divelleret,

385 2963 429 2987 nisi
447 2969 508 2985 unus
524 2966 595 2991 esset,
612 2963 653 2992 qui
670 2963 733 2992 quod
751 2963 829 2985 nexuit
846 2962 980 2985 contineret.
997 2974 1027 2979 —
1044 2962 1123 2984 Glossa
1139 2960 1231 2985 ordina-

1287 2373 1325 2396 ria
1345 2374 1364 2396 iu
1384 2375 1439 2396 hace
1456 2373 1528 2395 verba
1547 2373 1576 2395 Et
1592 2372 1635 2395 hoc
1653 2371 1715 2401 quod
1732 2371 1834 2394 continet
1855 2370 1948 2399 omniu,
1966 2370 2032 2393 dicit:
2056 2370 2079 2393 id
2101 2374 2136 2393 est

1289 2414 1399 2442 Spiritus,
1416 2413 1455 2442 qui
1473 2413 1550 2435 omnia
1569 2412 1684 2440 gubernat
1701 2414 1722 2433 et
1739 2411 1809 2439 regit3
1825 2411 1874 2433 vel:
1891 2410 1930 2439 qui
1947 2409 2042 2440 sttlinqil
2058 2416 2073 2433 a
2089 2409 2135 2440 fine

1288 2459 1364 2482 usque
1375 2452 1407 2475 acl
1423 2453 1495 2482 linem
1512 2451 1576 2479 [Sap.
1594 2451 1618 2478 8,
1641 2450 1693 2479 l.]...
1710 2451 1746 2472 vel
1764 2449 1827 2479 quod
1844 2449 1944 2473 continet
1961 2449 2053 2478 omnia,
2066 2449 2089 2472 id
2101 2451 2135 2471 cst

1290 2492 1387 2519 Spiritus
1404 2494 1507 2517 sanctus,
1525 2490 1563 2519 qui
1582 2490 1657 2512 onmia
1675 2489 1747 2517 replet
1763 2495 1803 2511 sua
1822 2488 1926 2511 essentia.

1351 2529 1361 2542 ⁵
1379 2531 1468 2553 Scilicet
1485 2528 1646 2556 ordinariam,
1665 2535 1690 2551 cx
1708 2534 1753 2557 qua
1771 2528 1840 2551 etiam
1857 2531 1891 2550 est
1911 2527 1994 2555 duplex
2016 2526 2135 2555 explicatio

1289 2569 1415 2592 verborum
1431 2568 1553 2592 scientiam
1565 2567 1633 2591 habet
1647 2567 1715 2590 cocis.
1728 2580 1757 2583 —
1767 2566 1870 2589 Subinde
1881 2566 1991 2594 allegatur
2002 2567 2064 2588 ioan.
2076 2565 2084 2587 1
2095 2582 2102 2593 ,
2114 2565 2135 2587 1.

1352 2606 1362 2620 ⁸
1379 2609 1440 2630 llaec
1457 2610 1479 2630 et
1496 2614 1544 2636 seq.
1562 2607 1641 2629 Glossa
1659 2609 1693 2629 est
1710 2604 1882 2633 interlinearis,
1900 2605 1961 2627 duae
1977 2605 2070 2627 Glossae
2083 2603 2135 2627 sub·

1290 2647 1342 2670 inde
1367 2647 1555 2675 allegataesuut
1572 2645 1722 2673 ordinariae,
1740 2645 1763 2667 in
1784 2651 1883 2674 quarum
1909 2645 1989 2666 ultima
2014 2643 2135 2671 respicitur

1289 2688 1338 2709 Act.
1356 2688 1382 2714 Ξ,
1400 2687 1425 2709 4:
1444 2687 1470 2709 Et
1486 2686 1567 2714 repleti
1584 2688 1636 2708 sunt
1653 2691 1735 2707 omnes
1759 2685 1845 2713 Spiritu
1866 2686 1944 2706 sancto
1966 2686 1989 2706 et
2010 2686 2135 2711 coeperunt

1289 2726 1351 2754 loqui
1376 2725 1446 2747 variis
1467 2725 1552 2753 linguis
1568 2727 1611 2747 etc.
1628 2736 1658 2741 —-
1676 2724 1771 2746 inferius
1795 2723 1916 2751 respicitur
1941 2723 2008 2745 Marc.
2027 2723 2063 2750 16,
2090 2722 2134 2744 15;

1289 2765 1396 2787 Euntes...
1414 2764 1545 2792 praedicate
1556 2766 1598 2786 etc.
1612 2763 1725 2785 Sententia
1742 2762 1846 2790 Gregorii
1864 2761 1961 2784 habetur
1978 2762 2001 2784 ll.
2017 2761 2100 2784 Homil.
2113 2761 2134 2783 in

1289 2804 1377 2831 Evang.
1389 2803 1468 2826 homil.
1480 2803 1517 2825 29.
1532 2809 1554 2825 n.
1567 2803 1593 2825 2:
1607 2801 1689 2825 Omnis
1701 2803 1827 2825 creaturae
1838 2801 1933 2824 nomine
1944 2800 2048 2829 signatur
2057 2801 2134 2822 homo.

1352 2841 1360 2854 ⁷
1378 2843 1462 2865 Psalm.
1481 2843 1522 2870 18,
1546 2842 1568 2864 5.
1592 2854 1623 2858 -
1649 2842 1780 2870 Sequuntur
1804 2840 1868 2863 Cant.
1886 2840 1912 2868 6,
1930 2840 1957 2866 83
1974 2840 2047 2861 Eccle.
2065 2839 2090 2866 1,
2109 2838 2134 2860 4:

1290 2883 1363 2905 Terra
1379 2884 1456 2904 autem
1474 2881 1497 2903 in
1514 2884 1572 2908 etc.;
1589 2881 1604 2903 1.
1621 2880 1672 2903 Cor.
1692 2880 1718 2907 4,
1736 2880 1757 2901 9.

1352 2919 1361 2932 Β
1379 2921 1445 2943 Vers.
1467 2921 1508 2948 13;
1533 2921 1573 2942 cfr.
1595 2920 1705 2947 Gregor.,
1728 2919 1750 2941 in
1773 2919 1833 2941 hunc
1855 2918 1939 2940 locum.
1956 2930 1986 2933 -—
2003 2917 2134 2945 Sequuntur

1289 2961 1325 2983 Ps.
1339 2959 1383 2988 74,
1397 2959 1423 2989 43
1434 2960 1492 2983 Gen.
1504 2959 1512 2981 1
1526 2977 1531 2988 ,
1543 2959 1580 2981 tt.
1592 2961 1614 2981 et
1625 2959 1651 2986 2,
1664 2958 1691 2986 6,
1704 2957 1744 2980 ubi
1755 2963 1798 2986 pro
1811 2956 1838 2980 de
1849 2958 1916 2980 terra
1927 2956 2025 2984 Vulgata
2037 2960 2049 2977 e
2061 2955 2133 2978 terra.

2154 797 2248 821 Expositio
2292 801 2296 814 1

2145 821 2250 844 allegorica.
2288 822 2296 836 11

2183 1450 2280 1480 Ecclesiae«

2149 1467 2280 1499 comparatus-in

2150 1498 2190 1517 orbi
2208 1499 2266 1517 terra·

2149 1526 2191 1540 rum
2210 1521 2233 1540 ob
2253 1521 2278 1547 7

2149 1545 2237 1564 rationes.
2276 1549 2279 1560 1
