2296 3316
366 139 422 167 293
985 134 1155 162 COMMENT.
1178 134 1210 162 IN
1231 133 1375 161 lOANNEM
1397 132 1424 161 C.
1448 133 1488 160 lV.

366 205 605 252 111111101111111111116,
628 214 701 251 quod
722 221 772 250 per
794 215 882 241 totum
897 220 1001 241 annum
1016 214 1178 248 exspectant
1191 212 1209 239 ¹.

369 263 452 294 Eece,
482 262 546 289 <lico
569 260 665 289 uobis:
690 260 789 288 Levate
810 258 923 292 oculos,
945 258 973 286 id
993 259 1035 286 est
1055 257 1210 286 considera-

368 309 484 341 tionem,
507 311 530 335 et
554 308 641 335 videte
662 307 809 344 regyiones,
830 306 857 334 id
878 308 919 334 est
939 304 1131 333 multitudines
1145 311 1210 340 gen-

367 354 475 385 tilium;
498 353 570 391 quia
590 352 673 381 albae
693 355 763 380 sunt
784 352 824 380 ad
844 359 979 385 messem,
1001 350 1028 378 id
1042 353 1084 379 est
1098 349 1210 387 propin-

367 408 436 437 quae
458 400 491 428 ad
513 399 611 433 iidem,
640 399 705 436 quia
729 398 817 435 parati
845 398 879 426 ad
906 397 1092 430 credendum,
1120 396 1142 425 si
1170 398 1212 425 est

367 447 413 484 qui
445 446 606 479 annuntiet;
639 445 767 474 Matthaei
798 444 912 473 non021
945 455 959 469 α
975 443 1068 473 Messis
1100 443 1211 480 quidem

366 493 467 527 multa,
489 492 607 530 operarii
629 495 722 521 autem
744 492 833 529 pauci.
856 492 957 528 Rogate
975 499 1042 528 ergo
1069 490 1211 519 dominum

366 540 477 574 messis,
499 543 530 568 ut
555 539 645 568 mittat
672 538 814 575 operarios
834 538 861 566 in
883 546 1001 567 messem
1026 545 1105 566 suam
1120 549 1146 565 υ.
1169 537 1211 566 Sic

366 587 449 624 igitur
481 586 584 615 animat
615 593 650 614 ex
679 585 897 614 consideratione
925 583 1151 621 promptitudinis
1178 583 1212 612 ad

240 648 352 669 secunaum.
367 633 553 666 credendum;
575 632 678 661 animat
699 631 781 660 etiam
803 639 839 660 ex
860 631 1079 660 consideratione
1093 629 1212 667 fruetus

366 679 538 708 metentium.
561 678 622 707 Ideo
643 678 726 707 dicit:

444 727 489 754 56.
512 726 600 763 (Vers.
623 726 691 761 36.).
715 726 749 754 Et
770 725 822 763 qui
841 724 920 753 metit
946 724 1104 753 mercedem
1135 723 1211 753 aeci-

362 774 422 812 pit,
445 781 499 801 non
521 773 718 810 temporalem,
739 772 787 802 sed
808 774 956 801 aeternam.
978 771 1053 800 Unde
1073 771 1154 799 dicit:
1178 772 1213 799 Et

367 824 522 857 eoiiyreyat
550 818 685 856 fructum
710 819 741 847 in
762 818 853 847 vitam
874 822 1041 851 aeternam,
1067 829 1080 842 α
1095 817 1142 845 ubi
1164 824 1212 845 ne-

369 875 422 904 que
446 874 550 903 aerugo
571 873 621 894 nec
636 865 709 894 tinea
723 865 888 899 demolitur,
910 872 960 893 nec
981 864 1058 892 fures
1078 863 1212 892 effodiunt

366 921 416 942 nec
438 912 568 941 furantur
582 924 609 945 υ,
632 911 759 940 Matthaei
781 913 861 940 sexto
872 911 892 939 ³.
911 911 950 939 De
965 911 1016 939 hac
1031 909 1157 938 mercede
1171 909 1211 937 di-

366 960 438 988 citur
457 959 544 987 Lucae
559 961 638 987 sexto
651 968 656 986 :
677 969 690 982 «
704 957 825 986 Gaudete
840 960 867 986 et
881 957 1035 990 exsultate;
1050 964 1113 985 ecce
1128 956 1211 989 enim,

366 1013 471 1035 merces
492 1008 584 1033 vestra
604 1004 692 1033 multa
712 1007 753 1033 est
774 1004 801 1032 in
823 1003 897 1032 caelo
912 1015 938 1031 ».
960 1003 992 1031 Et
1014 1003 1081 1031 haec
1106 1010 1212 1031 merces

366 1055 407 1082 est
427 1051 582 1080 communis
603 1054 630 1079 et
651 1051 815 1079 metentium
836 1053 862 1079 et
877 1049 1080 1079 seminantium.
1097 1049 1158 1077 Ideo
1171 1048 1211 1077 di-

366 1099 419 1128 cit:
447 1098 481 1126 Ut
501 1102 526 1126 et
546 1097 598 1136 qui
624 1098 750 1125 seminat
777 1100 828 1126 etc.
858 1097 928 1125 Bene
954 1096 1031 1130 dico,
1053 1095 1128 1133 quod
1152 1095 1212 1124 fru-

366 1149 440 1175 ctum
466 1147 612 1181 congregat
633 1144 680 1181 qui
703 1144 780 1173 metit
801 1152 855 1172 non
871 1143 1016 1172 seminanti
1033 1146 1149 1177 tantum,
1165 1142 1213 1171 sed

366 1193 447 1222 etiam
468 1191 534 1225 sibi;
557 1195 590 1219 ac
609 1194 633 1219 et
654 1191 705 1228 qui
725 1191 849 1219 seminat
862 1190 953 1219 simul
964 1191 1109 1228 gaudeat,
1124 1193 1148 1218 et
1162 1189 1214 1228 qui

368 1239 465 1271 metit:
488 1239 652 1267 Psalnius⁴²z
679 1249 691 1263 (ι
709 1238 810 1267 Ε1111165
831 1238 907 1266 ibant
927 1240 954 1266 et
969 1238 1087 1271 flebant,
1102 1237 1213 1266 mitten-

368 1290 408 1315 tes
429 1285 533 1314 semina
554 1293 622 1319 sua;
645 1285 786 1313 venientes
801 1288 894 1313 autem
909 1285 1019 1313 venient
1033 1292 1097 1313 cum
1118 1284 1213 1312 exsul-

369 1333 468 1361 tatione
483 1344 496 1357 »
521 1335 572 1360 etc.
595 1332 626 1360 Et
641 1331 776 1360 rationem
796 1331 901 1365 reddit,
924 1339 1012 1368 quare
1033 1334 1087 1359 tam
1109 1333 1213 1359 meten-

369 1383 408 1408 tes
430 1386 514 1415 quam
536 1378 702 1407 seminantes
727 1378 847 1415 gaudere
875 1377 994 1411 debent;
1023 1377 1089 1414 quia
1116 1385 1213 1405 secun-

367 1425 434 1454 dum
456 1424 636 1461 proverbium
656 1424 701 1452 alii
723 1427 788 1453 sunt
810 1424 853 1453 isti
874 1427 901 1452 et
922 1424 969 1452 illi.
993 1423 1054 1452 Ideo
1075 1423 1159 1451 dicit:

448 1473 492 1499 57.
509 1472 596 1507 (Vers.
613 1471 680 1507 37.).
699 1471 732 1499 In
753 1470 805 1499 ltoe
826 1470 946 1499 verbum
966 1479 1068 1498 verum
1089 1472 1145 1502 est,
1162 1469 1213 1498 sci-

370 1519 430 1547 licet
459 1518 532 1555 quod
563 1517 706 1546 consuevit
726 1518 797 1546 dici:
822 1518 900 1553 Quia
924 1517 1003 1545 alius
1023 1520 1065 1545 est
1091 1516 1142 1554 qui
1171 1524 1213 1544 se-

368 1565 478 1598 minat,
508 1564 608 1592 alius⁵
637 1564 689 1600 qui
714 1564 813 1597 metit,·
834 1571 898 1592 nam
920 1563 1128 1592 seminaverunt
1149 1563 1213 1591 Pro-

368 1611 481 1647 phetae,
497 1610 543 1639 sed
558 1613 618 1647 post
633 1613 811 1639 messuerunt
832 1610 966 1647 Apostoli,
988 1612 1015 1638 et
1035 1609 1086 1638 hoc
1101 1609 1213 1646 quidem

368 1656 474 1684 Domini
496 1656 628 1685 beneficio
649 1659 675 1685 et
696 1657 828 1693 imperio,
850 1656 930 1685 cuius
951 1658 1011 1685 erat
1032 1655 1135 1684 messis.
1152 1655 1213 1685 Ideo

367 1703 449 1732 dicit:

446 1750 490 1778 58.
513 1749 601 1782 (Vers.
622 1749 689 1782 38.).
714 1750 773 1786 Eyo
793 1749 864 1777 misi
883 1757 933 1777 vos
948 1752 1050 1777 metere
1064 1749 1141 1786 quod
1155 1757 1214 1777 non

368 1796 531 1825 laborastis⁴
560 1797 599 1825 De
628 1796 679 1825 hac
706 1796 842 1825 messione
870 1799 897 1825 et
924 1796 1053 1824 missione
1085 1796 1212 1824 Matthaei

367 1843 479 1872 nono⁶:
507 1855 520 1869 ι(
536 1844 635 1880 Rogate
657 1851 723 1880 ergo
751 1843 893 1871 dominum
923 1843 1036 1877 messis,
1065 1845 1097 1871 ut
1122 1843 1213 1871 mittat

367 1890 507 1926 operarios
528 1890 556 1918 in
577 1898 694 1919 messem
716 1898 793 1918 suam
811 1902 836 1918 n.
860 1890 921 1918 Alii
942 1889 1166 1923 laboraverunt,
1189 1893 1213 1917 et

370 1945 417 1964 eos
439 1936 469 1964 in
492 1935 603 1964 labores
624 1945 726 1964 eorum
747 1936 911 1970 introistis;
930 1936 996 1973 quia
1010 1935 1119 1964 fructus
1133 1943 1213 1972 prae-

368 1983 509 2012 dicationis
530 1991 627 2011 eorum
649 1983 790 2020 colligitis;
806 1983 912 2020 primae
927 1982 998 2012 Petri
1014 1983 1120 2019 primo:
1137 1994 1150 2007 α
1163 1983 1212 2011 Re-

1268 210 1388 239 velatum
1416 213 1485 239 est»
1519 209 1677 246 Prophetis,
1711 208 1805 245 «quia
1841 216 1893 236 non
1926 208 1977 236 sibi
2009 208 2075 245 ipsis
2093 220 2107 233 n

1267 256 1485 293 prophetabant,
1511 267 1525 281 «
1540 256 1618 284 vobis
1638 258 1729 284 autem
1751 254 1952 283 annuntiabant
1979 262 2011 283 ea
2041 262 2112 291 quae

1267 310 1341 331 nunc
1362 302 1487 331 nuntiata
1508 304 1574 331 sunt
1594 301 1671 330 vobis
1686 313 1711 329 ».

1348 350 1392 377 59.
1415 349 1503 385 (Vers.
1526 348 1593 384 39.).
1615 348 1659 376 Eae
1680 347 1794 376 civitate
1814 350 1911 375 autem
1933 347 1992 375 illa.
2015 346 2112 384 Tangi-

1267 398 1314 424 tur
1343 395 1388 424 hic
1416 395 1680 424 Samaritanorum
1707 394 1817 422 devotio
1848 394 1887 422 ad
1918 393 2110 428 credendum,

1267 451 1339 480 quae
1360 442 1487 471 inchoata
1501 445 1542 471 est
1556 442 1583 470 in
1599 449 1726 470 sermone
1748 441 1885 475 mulieris;
1907 443 2020 478 propter
2038 440 2114 478 quod

1267 489 1351 518 dicit:
1376 490 1419 518 Em
1440 489 1556 518 civitate
1576 491 1674 517 autem
1695 488 1747 516 illa
1768 487 1854 516 multi
1873 487 2060 516 erediderunt
2081 486 2113 516 in

1267 546 1333 565 eum
1356 537 1626 577 Samaritanorum.
1655 536 1687 564 Et
1715 535 1784 564 ratio
1812 534 1959 564 subditur:
1989 534 2112 571 Propter

1267 584 1388 612 verbum
1415 583 1549 612 mulieris
1571 582 1766 611 testimonium
1784 581 1977 619 perhibentia,
1998 581 2032 610 de
2053 581 2113 610 eius

1268 630 1433 659 Divinitate:
1460 630 1538 666 Quia
1559 629 1635 658 (lixit
1654 628 1749 657 milzi⁷
1771 637 1969 666 quaecumque
1988 627 2053 665 feei.
2075 627 2113 656 Ad

1268 676 1455 706 testimonium
1487 675 1612 704 mulieris
1642 675 1820 704 crediderunt
1851 674 2029 708 Samaritani,
2066 673 2114 702 sed

1268 723 1358 752 Iudaei
1381 725 1583 751 recusaverunt
1604 722 1717 751 credere
1739 721 1850 755 Ioanni;
1879 721 1953 749 unde
1980 720 2114 749 Dominus

1267 769 1340 798 dixit
1361 769 1466 798 ludaeis
1487 768 1615 797 Matthaei
1638 768 1769 807 vigesimo
1791 768 1897 805 primo:
1918 779 1931 793 «
1945 767 2029 796 Amen
2053 766 2114 795 dico

1268 816 1361 850 vobis,
1383 815 1458 852 quod
1479 815 1618 852 publicani
1647 818 1675 843 et
1694 815 1856 844 meretrices
1878 814 2042 852 praecedent
2066 821 2115 842 vos

1268 863 1296 891 in
1318 870 1403 899 regno
1424 862 1514 890 Dei».
1538 862 1569 889 Et
1591 861 1653 890 licet
1674 870 1728 890 non
1750 861 1895 890 crederent
1910 860 2040 895 firmiter,
2056 867 2115 889 cre—

1268 909 1370 938 debant
1391 912 1482 937 tamen
1503 908 1610 937 devote.
1633 908 1694 936 Ideo
1716 908 1827 936 subdit:

1348 956 1393 983 60.
1416 955 1505 991 (Vers.
1528 955 1596 987 40).
1621 954 1695 983 Cum
1715 963 1784 992 erqo
1804 955 1948 983 venissent
1967 954 2007 983 ad
2027 953 2115 983 eum³

1269 1002 1472 1036 Samaritani,
1493 1005 1674 1039 rogaverunt
1695 1010 1778 1036 eum,
1793 1005 1825 1030 ut
1839 1001 1879 1030 ibi
1892 1005 2042 1035 maneret;
2063 1001 2116 1029 Lu-

1268 1057 1316 1078 cae
1338 1046 1454 1077 ultimo:
1481 1059 1494 1073 «
1510 1049 1587 1077 Mane
1615 1048 1776 1083 nobiscum,
1802 1048 1932 1085 quoniam
1953 1047 2116 1085 advespera-

1269 1096 1320 1125 scit
1335 1107 1361 1129 »ς
1383 1098 1537 1133 quocontra
1558 1095 1648 1124 ludaei
1671 1103 1735 1124 eum
1753 1095 1933 1132 expulerunt.
1954 1094 2116 1131 Chrysosto-

1269 1143 1372 1172 mus⁹:
1399 1154 1412 1168 «
1428 1142 1579 1176 Pharisaei,
1595 1142 1683 1170 multa
1697 1142 1774 1179 signa
1794 1141 1930 1176 videntes,
1951 1149 2005 1170 non
2027 1141 2116 1170 solum

1270 1199 1323 1219 non
1352 1189 1545 1223 crediderunt,
1574 1189 1621 1218 sed
1642 1197 1658 1217 a
1679 1188 1791 1225 regione
1817 1188 2019 1217 abiecerunt».
2041 1187 2117 1216 Unde

1270 1237 1397 1266 Matthaei
1419 1240 1515 1265 octavo
1536 1236 1653 1270 dicitur,
1675 1235 1749 1273 quod
1778 1238 1864 1264 «tota
1887 1235 1983 1264 civitas
2003 1235 2117 1264 Gerase-

1270 1292 1371 1313 norum
1387 1283 1456 1312 exiit
1476 1283 1585 1312 obviam
1602 1283 1678 1317 lesu,
1700 1286 1727 1311 et
1749 1282 1808 1311 viso
1829 1290 1876 1317 eo,
1892 1282 2026 1319 rogabant
2039 1289 2116 1316 eum,

1269 1334 1301 1359 ut
1323 1330 1454 1359 transiret
1475 1338 1490 1358 a
1511 1330 1614 1358 tinibus
1635 1337 1733 1358 eorum
1748 1341 1774 1357 n.
1797 1329 1829 1357 Et
1851 1329 1985 1357 Dominus
1999 1328 2116 1357 Samari-

1271 1379 1400 1405 tanorum
1431 1376 1561 1413 precibus
1592 1375 1799 1410 condescendit;
1825 1375 1899 1404 unde
1930 1375 2050 1404 dicitur:
2084 1375 2118 1403 Et

1269 1423 1381 1451 mansit
1401 1422 1442 1451 ibi
1461 1423 1535 1451 (tuos
1556 1423 1632 1456 (lies,
1660 1422 1694 1451 ad
1724 1422 1805 1450 fidem
1834 1430 1931 1451 eorum
1952 1421 2118 1451 confirman-

1270 1469 1332 1497 dam
1361 1472 1388 1497 et
1409 1468 1665 1505 multiplicandam3
1688 1469 1762 1506 quod
1783 1472 1810 1497 et
1831 1469 1902 1497 fecit.
1934 1469 2011 1498 Unde
2034 1468 2117 1497 dicit:

1349 1516 1394 1543 61.
1416 1515 1504 1552 <Vers.
1528 1515 1595 1549 [11).
1621 1516 1655 1543 Et
1676 1515 1880 1552 multoplures
1896 1515 2083 1544 erediderunt
2094 1515 2118 1531 ¹⁰

1267 1566 1389 1600 propter
1402 1571 1564 1590 sermonem
1585 1562 1655 1590 eius.
1672 1562 1724 1591 Nec
1739 1562 1843 1591 mirum
1853 1585 1860 1597 ,
1875 1562 1949 1599 quia,
1965 1561 2037 1591 sicut
2051 1561 2118 1590 dicit

1269 1609 1293 1638 ei
1322 1609 1419 1637 Petrus
1441 1609 1512 1637 infra
1533 1611 1628 1642 sexto,
1656 1620 1669 1633 «
1684 1609 1811 1643 Domine,
1833 1608 1867 1637 ad
1888 1616 1970 1646 quem
2000 1608 2119 1637 ibimus?

1270 1656 1361 1684 Verba
1375 1656 1445 1684 vitae
1467 1658 1595 1684 aeternae
1616 1656 1702 1684 habes
1713 1668 1739 1684 ».
1756 1656 1810 1685 Nec
1825 1658 1934 1684 tantum
1952 1655 2120 1693 multiplica-

1270 1703 1324 1736 vit,
1340 1702 1387 1731 sed
1401 1703 1483 1731 etiam
1505 1703 1688 1731 confirmavit.
1712 1702 1787 1731 Unde
1809 1703 1952 1740 sequitur:

1350 1750 1395 1778 62.
1418 1749 1506 1785 (Vers.
1523 1750 1591 1785 42).
1609 1750 1642 1777 Et
1657 1749 1777 1778 mulieri
1790 1749 1939 1778 dicebant:
1964 1749 2042 1785 Quia
2057 1749 2119 1778 iam

1269 1805 1327 1824 non
1346 1800 1467 1833 propter
1489 1796 1631 1834 loquelam
1653 1800 1734 1824 tuam
1756 1796 1920 1830 credimus,
1942 1796 2021 1833 quasi
2042 1803 2119 1824 men-

1269 1839 1392 1871 dicantes
1412 1843 1546 1871 rationem
1578 1843 1745 1877 humanam;
1768 1843 1827 1880 ipsi
1850 1843 1926 1871 enim
1948 1842 2120 1871 audivimus

1270 1893 1295 1918 et
1315 1889 1441 1923 seimus,
1463 1889 1534 1929 quia
1556 1888 1602 1917 hie
1622 1892 1662 1917 est
1693 1898 1758 1918 vere
1787 1889 1923 1918 Salvator
1944 1888 2067 1922 mundi&
2092 1888 2120 1917 id

1269 1938 1326 1970 est,
1348 1935 1483 1964 audiendo
1504 1936 1655 1970 scivimus,
1685 1936 1765 1972 quia,
1788 1936 1860 1964 sicut
1890 1936 1992 1965 dicitur
2013 1935 2047 1964 ad
2069 1935 2120 1964 Ro-

1269 1990 1365 2011 manos
1385 1982 1490 2011 decimo
1504 1982 1541 2016 ¹¹,
1569 1982 1665 2011 «fides
1696 1990 1732 2011 ex
1758 1982 1872 2017 auditu,
1894 1982 2006 2012 auditus
2026 1985 2119 2011 autem

369 2203 412 2225 hus
435 2209 520 2225 messes
543 2203 695 2231 addebantur,
711 2210 782 2232 quae,
802 2206 826 2226 ut
847 2204 932 2226 Bonelli
954 2210 981 2226 ex
1003 2204 1120 2226 Gordonio
1142 2206 1215 2230 notat,

369 2245 432 2264 erant
450 2245 506 2264 tres:
527 2251 537 2261 «
550 2242 624 2264 Prima
642 2242 664 2264 in
683 2243 804 2270 Paschate,
820 2243 913 2271 quando
926 2243 1023 2265 instante
1035 2249 1109 2265 messe
1121 2243 1216 2265 hordea-

369 2286 408 2302 cea
426 2279 575 2307 colligebatur
592 2280 723 2308 manipulus
740 2287 766 2303 ex
784 2281 853 2309 spicis
870 2281 946 2309 primo
964 2281 1028 2303 natis.
1042 2281 1115 2303 Altera
1128 2281 1150 2303 111
1162 2282 1215 2303 Ρ611-

369 2321 465 2346 1660516,
483 2319 576 2347 quando
593 2319 740 2347 quarundam
759 2321 852 2347 frugum
877 2321 943 2348 plena
961 2320 1043 2342 messis
1059 2323 1116 2342 erat.
1139 2320 1215 2342 Tertia

369 2358 391 2380 in
409 2359 465 2380 sesto
483 2357 695 2381 'tabernaculorum
713 2359 816 2386 Augusto
834 2365 925 2387 mense,
947 2359 1040 2388 quando
1063 2362 1111 2381 erat
1133 2360 1215 2382 messis

369 2397 453 2419 triticea
466 2405 488 2418 n.
505 2396 550 2419 Cir.
566 2397 624 2419 Petr.
641 2396 772 2424 Comestor,
790 2398 873 2420 Histor.
895 2398 1043 2426 scholastica,
1061 2398 1100 2420 lib.
1122 2398 1215 2421 Numer.

370 2441 390 2458 c.
408 2435 444 2458 43.
462 2435 499 2457 44.
515 2438 537 2458 et
554 2435 591 2458 47.
927 2427 929 2429 '

430 2473 438 2486 ²
456 2474 522 2497 Card.
540 2475 620 2503 ssago,
637 2475 661 2497 in
679 2476 739 2497 hunc
756 2476 845 2498 locum:
864 2475 932 2503 Quod
948 2475 1026 2499 adhuc
1038 2477 1141 2505 quatuor
1153 2482 1216 2499 men-

368 2519 403 2536 ses
419 2515 476 2536 sunt
492 2516 535 2535 etc.
553 2514 622 2542 Quasi
640 2514 738 2536 diceret:
755 2514 864 2537 Homines
881 2520 973 2543 semper
990 2508 1061 2537 solent
1073 2515 1162 2543 dicere,
1174 2515 1214 2544 qui

369 2552 500 2575 desiderant
516 2555 608 2580 tempus
630 2553 727 2575 messis:
748 2559 813 2581 ecce,
836 2554 918 2576 messis
941 2554 1009 2576 venit.
1032 2554 1058 2576 Et
1074 2554 1154 2576 dicunt
1171 2555 1214 2577 hoc

369 2593 467 2620 quatuor
483 2591 559 2613 adhuc
576 2591 695 2614 mensibus
716 2592 869 2621 intermediis,
886 2592 945 2615 sicut
967 2593 1038 2615 modo
1060 2593 1214 2615 communiter

369 2629 452 2651 dicitur
470 2630 491 2651 in
508 2629 611 2658 quolibet
627 2636 688 2652 anno
706 2631 765 2652 circa
782 2631 868 2653 Pascha
885 2631 921 2653 vel
936 2631 1080 2653 Pentecoste:
1098 2637 1159 2658 ecce,
1176 2637 1214 2659 pa-

369 2674 422 2690 rum
443 2668 507 2690 deest
529 2674 603 2696 usque
620 2669 649 2691 ad
672 2669 811 2696 Augustum.
827 2681 858 2686 ·—
875 2669 979 2692 Subinde
995 2672 1047 2698 post
1063 2670 1144 2693 oculos
1162 2671 1215 2693 Vul-

369 2709 421 2734 gata
438 2706 502 2729 addit
518 2708 615 2730 vestros.

431 2743 439 2757 ²
458 2745 524 2768 Vers.
542 2746 579 2768 37.
596 2748 618 2768 et
635 2746 672 2768 38.
689 2758 720 2763 —-
736 2747 831 2769 Inferius
848 2750 900 2775 post
911 2747 950 2770 Sic
962 2747 1035 2777 igitur
1046 2754 1059 2770 e
1072 2748 1140 2770 codd.
1151 2748 1214 2771 addi-

370 2784 446 2806 dimus
463 2784 556 2807 animal
571 2790 601 2807 ew
618 2784 804 2808 consideratione
812 2786 1008 2816 promptitudinis
1020 2786 1052 2809 ad
1063 2786 1213 2810 credendum.

430 2821 440 2834 ⁸
459 2824 523 2845 Vers.
540 2824 578 2846 20.
596 2835 626 2839 —
643 2824 696 2852 Seq.
713 2825 776 2847 locus
793 2827 827 2847 est
843 2826 898 2847 Luc.
916 2826 942 2852 6,
960 2826 998 2848 23.
1023 2825 1097 2849 Codd.
1116 2826 1214 2854 allegant

369 2863 444 2885 Matth.
463 2863 489 2891 5,
508 2863 547 2891 12,
566 2862 605 2885 11111
623 2863 702 2886 similis
718 2864 829 2886 sententia
846 2864 950 2887 habetur.

430 2900 440 2913 ⁴
457 2902 543 2924 Psalm.
561 2901 618 2928 425,
636 2902 658 2924 6.

1336 2202 1345 2215 ⁶
1363 2204 1463 2231 Vulgata
1479 2204 1507 2226 In
1519 2203 1563 2227 hoc
1574 2203 1659 2226 enim...
1672 2205 1693 2227 el
1708 2203 1771 2227 alius
1783 2205 1824 2227 est.
1836 2216 1867 2221 —
1879 2205 1922 2226 Pro
1934 2205 1978 2227 hoc
1995 2203 2120 2232 proverbio

1273 2243 1395 2270 allegatum
1413 2243 1547 2265 invenimus
1564 2249 1576 2265 a
1589 2243 1610 2266 S.
1624 2244 1726 2271 Thema,
1739 2243 1761 2265 in
1774 2244 1835 2266 hunc
1847 2244 1924 2267 locum
1936 2243 1997 2272 (lect.
2013 2243 2035 2266 4.
2046 2250 2069 2266 n.
2080 2243 2120 2270 4.),

1273 2283 1328 2304 Lev.
1348 2282 1391 2309 26,
1411 2282 1454 2309 16;
1472 2282 1509 2304 alii
1526 2282 1615 2305 addunt
1632 2283 1697 2305 Mich.
1716 2283 1742 2309 6,
1761 2282 1797 2305 45.
1819 2294 1850 2299 -—
1870 2282 1998 2311 Chrysost.,
2016 2282 2038 2305 in
2060 2283 2120 2305 ioan.

1273 2321 1351 2343 homil.
1369 2321 1406 2343 34.
1425 2321 1490 2349 (alias
1507 2321 1553 2349 33.)
1572 2328 1593 2343 n.
1611 2322 1637 2343 2:
1655 2322 1783 2349 Prophetae
1799 2322 1895 2351 quidem
1916 2321 2060 2351 laborarunt,
2078 2328 2121 2344 vos

1272 2363 1349 2382 autem
1374 2359 1480 2382 laborum
1504 2360 1607 2388 ipsorum
1631 2362 1731 2383 fructum
1753 2361 1885 2389 decerpitis.
1906 2360 1952 2384 Cir.
1969 2361 2079 2389 August.,
2098 2361 2119 2383 in

1274 2399 1334 2421 ioan.
1353 2399 1441 2426 Evang.
1464 2401 1491 2421 tr.
1515 2399 1551 2421 ⁴5.
1573 2405 1595 2421 n.
1619 2400 1656 2421 32.
1674 2412 1703 2414 -
1721 2399 1816 2421 1111611115
1838 2401 1891 2427 post
1910 2398 1979 2422 cuius
1996 2400 2050 2422 erat
2064 2399 2119 2427 EN,

1273 2443 1332 2465 quos
1349 2438 1421 2460 secuti
1438 2444 1532 2466 sumus,
1550 2438 1638 2460 addunt
1654 2438 1750 2466 messis,
1768 2438 1805 2461 ed.
1822 2438 1962 2462 auctoritas.

1334 2474 1343 2487 ⁶
1361 2476 1427 2498 Vers.
1445 2476 1481 2498 38.
1499 2489 1529 2493 —
1547 2477 1599 2506 Seq.
1617 2477 1680 2499 locus
1696 2479 1731 2499 est
1747 2477 1762 2499 1.
1780 2478 1838 2499 Petr.
1857 2477 1882 2505 ι1,
1900 2477 1942 2504 42,
1960 2476 2001 2500 ubi
2017 2483 2060 2505 pro
2077 2482 2120 2500 an-

1272 2514 1415 2538 nuntiabant
1432 2516 1530 2543 Vulgata
1547 2515 1722 2539 ministrabant.

1334 2552 1342 2564 ⁷
1362 2554 1460 2581 Vulgata
1478 2554 1542 2577 addit
1558 2553 1647 2577 omnia.
1663 2566 1694 2571 —
1706 2554 1809 2577 Subinde
1821 2555 1932 2582 allegatur
1943 2555 2020 2577 Matth.
2032 2555 2069 2582 221,
2082 2555 2120 2577 3⁴.

1334 2591 1343 2604 ¹³
1361 2593 1460 2621 Vulgata
1478 2593 1554 2616 illum.
1571 2606 1602 2610 —
1619 2594 1727 2622 Sequitur
1744 2594 1799 2616 Luc.
1817 2594 1858 2622 24,
1877 2594 1914 2616 29.

1334 2630 1343 2643 Β
1360 2632 1384 2654 111
1402 2632 1462 2654 loan.
1479 2632 1557 2654 homil.
1575 2633 1613 2655 35.
1632 2632 1696 2661 (alias
1714 2633 1760 2662 34.)
1779 2639 1800 2655 n.
1819 2633 1846 2655 ¹1:
1862 2633 1940 2655 ludaei
1964 2638 2032 2661 vero,
2050 2633 2119 2655 etiam

1271 2671 1327 2693 visis
1344 2671 1473 2699 miraculis,
1490 2678 1537 2694 non
1554 2672 1624 2694 modo
1642 2678 1687 2694 non
1705 2664 1773 2694 illum*
1784 2672 1847 2700 apud
1864 2678 1889 2694 se
1905 2672 2061 2699 retinuerunt,
2078 2672 2120 2695 sed

1271 2710 1340 2733 etiam
1358 2710 1434 2738 ipsum
1451 2711 1594 2738 expulerunt.
1612 2724 1642 2728 —
1659 2711 1763 2734 Subinde
1779 2712 1891 2740 allegatur
1908 2712 1983 2734 Matth.
2002 2712 2029 2740 8,
2046 2711 2084 2733 34.

1335 2747 1353 2760 ¹⁰
1370 2749 1393 2771 In
1410 2749 1510 2777 Vulgata
1528 2750 1620 2772 additur
1632 2750 1657 2773 in
1668 2756 1731 2773 eum.
1742 2762 1773 2767 —
1785 2750 1838 2779 Seq.
1850 2751 1915 2773 locus
1926 2752 1960 2773 est
1971 2751 2030 2773 loan.
2043 2750 2069 2779 6,
2082 2750 2119 2772 69.

1271 2787 1344 2810 Codd.
1361 2788 1469 2810 omittunt
1484 2788 1517 2811 ad
1533 2795 1602 2818 quem
1620 2788 1713 2812 ibimus.

1334 2825 1352 2839 ²¹
1370 2827 1437 2849 Vers.
1456 2827 1496 2855 17,
1509 2827 1549 2850 ubi
1562 2828 1661 2856 Vulgata
1678 2831 1700 2850 et
1712 2829 1728 2850 B
1741 2827 1830 2851 Christi
1840 2834 1882 2856 pro
1896 2827 1944 2851 Dei.
1955 2827 2001 2851 Cir.
2012 2828 2045 2850 111.
2058 2828 2119 2850 Sent.

1270 2866 1294 2888 d.
1311 2866 1349 2888 24.
1366 2872 1387 2889 a.
1404 2867 1425 2889 2.
1444 2873 1466 2896 q.
1484 2867 1506 2889 3.
1523 2867 1554 2889 ad
1572 2868 1593 2889 1.
1610 2880 1641 2884 -
1658 2867 1770 2896 Superius
1787 2870 1840 2896 post
1856 2867 1989 2891 humanam
2005 2867 2042 2890 ed.
2054 2867 2119 2890 addit

1269 2904 1311 2928 abs
1328 2906 1357 2928 te.

2136 346 2212 369 Quarto.
2218 347 2241 367 de

2121 368 2242 389 Samaritano-

2120 397 2161 420 111111
2189 393 2242 413 devo-

2120 417 2178 435 tione.
