2296 3316
241 667 366 694 Uberationis

250 696 332 714 quinque
340 696 367 709 ra-

253 715 320 733 tiones.

239 996 294 1014 Ratio
307 996 374 1020 prium.

274 1418 367 1436 Secunda.

297 2214 367 2232 Tertia.

388 165 444 192 21⁹2

386 241 478 276 filioS,
509 240 638 277 inquam,
668 243 749 273 tuos,
779 247 827 276 per
855 239 954 273 fidem,
983 239 1136 268 secundum
1165 238 1233 267 illud

388 287 492 315 loannis
514 287 619 323 primo:
646 297 658 311 a
674 286 753 314 Dedit
774 286 813 314 eis
835 289 996 323 potestatem
1011 286 1081 315 {ilios
1096 286 1143 315 Dei
1159 286 1232 320 fieri,

388 334 429 362 his
457 334 504 370 qui
534 333 651 362 credunt
679 333 705 361 in
734 333 844 362 nomine
869 333 929 362 eius
945 344 974 368 »;
996 342 1047 362 nec·
1068 334 1232 362 draconum

387 384 593 409 venenatorum
613 380 746 408 vicerunt
764 380 875 414 dentes,
891 381 916 409 id
932 384 974 409 est
988 384 1149 418 serpentum
1165 381 1234 418 igni-

388 431 494 460 torum;
523 427 729 455 Deuteronomii
751 430 863 455 octavo:
891 438 904 452 (ι
919 427 1024 455 Ductor
1046 430 1111 455 tuus
1132 427 1185 455 fuit
1205 427 1232 455 in

386 473 532 502 solitudine
553 481 652 510 magna
672 476 756 510 atque
778 473 911 507 terribili,
934 474 961 502 in
976 482 1031 510 qua
1045 477 1105 502 erat
1120 481 1234 511 serpens

386 520 453 548 flatu
474 520 596 548 adurens
616 523 643 549 et
664 520 773 556 scorpio
793 527 825 548 ac
839 520 932 556 dipsas
947 532 972 547 ».
992 520 1127 557 Loquitur
1141 520 1186 549 hic
1200 520 1233 549 de

385 566 480 599 bonis,
502 566 550 603 qui
573 566 621 594 filii
643 567 690 595 Dei
713 570 794 600 suut,
816 575 870 595 non
892 567 926 595 de
949 567 1035 595 malis.

463 614 668 642 Misericordia
695 614 771 642 enim
800 617 869 647 tua,·
895 614 1050 643 ostenditur
1071 616 1164 642 autem
1189 614 1233 642 hio

386 661 463 689 ratio
492 660 642 698 multipleae
663 660 844 689 liberationis
867 661 1091 694 Israelitarum‚
1112 668 1233 697 quarum

386 708 474 744 prima
495 707 547 736 fuit
565 708 661 745 pietas
685 708 736 736 Dei
742 718 751 741 ;
781 708 916 742 secunda,
942 707 1109 745 periculum
1137 707 1233 744 despe-

384 754 528 783 rationis.-
551 755 586 783 In
607 755 748 783 memoria
769 755 863 787 enim‚·
892 755 989 788 tertia,
1018 754 1114 782 'uirtus
1140 753 1235 782 divini

384 801 542 829 sermonis:
566 801 679 829 Etenim
692 810 782 840 neque
796 800 885 830 herba
893 812 903 835 ;
918 804 1033 838 quarta,
1053 800 1175 828 ostensio
1189 800 1232 828 di-

383 848 469 876 vinae
489 848 623 885 pietatis:
653 848 696 876 Tu
716 856 745 876 es
766 848 863 881 enim,
887 847 1007 876 Domine
1014 857 1024 880 ;
1045 847 1158 884 quinta,
1179 845 1232 874 liu-

386 903 476 923 mana
495 894 668 932 frayilitas:
693 895 783 923 Homo
805 898 902 923 atacem
923 898 974 923 ete.

464 942 535 971 Bene
555 942 629 970 dixi:
651 942 726 978 filios
748 945 845 970 autem
874 945 948 975 tuos,
971 942 997 970 id
1018 944 1060 970 est
1081 941 1231 975 Israelitas,

384 998 434 1018 nee
454 990 619 1018 draconum
640 992 847 1017 venenatorum
868 989 979 1022 denies,
1002 988 1028 1017 id
1057 992 1098 1017 est
1123 996 1233 1017 morsus

384 1040 545 1073 serpentum
568 1036 733 1073 ignitorum,
759 1035 910 1069 vicerunt,-
931 1036 1137 1064 misericordia
1156 1035 1232 1064 enim

385 1087 453 1117 tua,
482 1083 509 1111 id
537 1086 579 1112 est
605 1084 720 1111 effectus
747 1083 952 1111 misericordiae
975 1086 1054 1116 tuae,
1077 1082 1233 1111 adveniens

384 1130 512 1159 sanabat
533 1130 614 1163 illos‚·
635 1130 662 1158 in
684 1130 791 1158 Psalmo
804 1131 829 1158 ¹:
857 1130 910 1158 «Si
933 1130 1073 1158 dicebam:
1089 1130 1178 1158 Motus
1192 1133 1233 1158 est

386 1185 433 1214 pes
453 1185 546 1210 meus:
564 1177 751 1206 misericordia
766 1180 826 1211 tua,
843 1177 972 1211 Domine,
988 1177 1136 1205 adiuvabat
1150 1185 1193 1205 me
1206 1187 1231 1211 »;

386 1224 513 1253 leremiae
530 1224 670 1261 trigesimo
685 1224 782 1252 tertio:
803 1236 815 1249 «
828 1224 969 1252 Obducam
985 1224 1141 1252 cicatricem
1156 1226 1230 1252 tuam

384 1275 411 1301 et
431 1272 502 1300 dabo
524 1272 570 1300 tibi
594 1271 738 1300 sanitatem
754 1282 780 1304 »;
801 1283 813 1295 «
830 1271 887 1307 ipse
902 1271 973 1299 enim
990 1271 1118 1299 vulnerat
1132 1273 1160 1299 et
1174 1278 1232 1299 me-

384 1319 465 1348 detur
481 1330 507 1352 »,
530 1318 575 1347 lob
597 1318 702 1355 quinto.

462 1366 551 1403 (Vers.
577 1367 642 1400 11.).
664 1366 700 1394 Ιη
720 1365 863 1394 memoria
885 1365 961 1394 enim
982 1373 1151 1393 sermonum
1170 1368 1232 1392 tuo-

386 1422 472 1447 rum,
494 1413 520 1442 id
549 1415 590 1442 θεῖ
612 1421 660 1450 per
682 1412 933 1441 remunerationem
956 1412 1148 1440 mandatorum
1171 1414 1232 1439 tuo-

386 1469 460 1495 rum,
481 1460 764 1493 exterminabat-ntur,
780 1459 864 1496 aliqui
886 1459 989 1487 scilicet
1004 1458 1131 1492 illorum,
1146 1461 1172 1486 et
1188 1466 1232 1486 ve-

387 1507 483 1536 lociter
503 1506 702 1540 sanabantur,
724 1506 766 1534 vel
788 1505 1021 1539 salvabantur2,
1049 1505 1152 1533 scilicet
1180 1504 1234 1533 alii

386 1554 568 1591 poenitentes,
583 1553 642 1582 visa
657 1556 746 1581 morte
762 1553 804 1581 vel
819 1560 906 1589 poena
920 1552 1055 1586 aliorum;
1070 1552 1150 1581 iuxta
1165 1551 1232 1580 illud

386 1601 498 1629 Psalmi:
525 1612 538 1625 α
553 1600 622 1629 Cum
643 1599 800 1628 occiderent
821 1607 867 1628 eos
883 1611 916 1633 n,
938 1599 965 1627 id
992 1601 1034 1628 est
1061 1599 1168 1636 aliquos
1195 1606 1231 1627 ex

386 1648 439 1682 eis,
466 1659 478 1672 «
494 1647 665 1684 quaerebant
685 1654 749 1675 eum
765 1658 778 1671 n
804 1646 831 1674 id
852 1649 894 1675 est
912 1644 956 1674 alii
972 1646 1151 1683 poenitentes.
1167 1645 1231 1674 Vel:

385 1695 466 1723 iidem
480 1693 769 1726 eaetermiuabantur,
792 1693 818 1721 id
833 1695 874 1721 est
888 1693 1010 1730 graviter
1029 1693 1231 1729 puniebantur,

384 1744 408 1769 et
423 1740 553 1769 velociter
573 1739 779 1773 sanabantur,
801 1748 835 1767 ne
849 1739 881 1767 in
895 1739 1004 1773 altam,
1021 1739 1046 1767 id
1062 1742 1103 1767 est
1119 1739 1232 1776 prosun-

384 1787 456 1821 dam,
471 1786 637 1820 incidentes,
653 1786 679 1814 id
694 1789 735 1814 est
750 1786 825 1814 intus
836 1786 973 1820 cadentes,
985 1785 1165 1819 oblivionem,
1180 1785 1232 1814 sci—

387 1834 448 1863 licet
462 1833 672 1870 desperationis,
686 1833 789 1862 scilicet
805 1836 918 1869 propter
933 1832 1062 1861 adiutorii
1078 1836 1104 1861 et
1119 1832 1232 1861 remedii

385 1880 559 1914 dilationem;
574 1889 632 1908 non
640 1884 756 1917 possent
772 1882 821 1907 tuo
836 1879 881 1907 uti
895 1879 1057 1913 adiutorio,
1073 1879 1100 1907 id
1115 1882 1155 1907 est
1170 1887 1232 1916 gra-

386 1928 436 1956 tiae
458 1931 522 1956 tuae
550 1927 707 1961 liberantis,
730 1927 796 1963 ipsi,
818 1926 894 1960 dico,
915 1926 978 1955 sacti
1001 1926 1103 1963 indigni
1125 1926 1232 1955 miseri-

384 1975 476 2004 cordia
499 1977 546 2003 tua
566 1978 680 2011 propter
694 1974 929 2010 desperationem;
953 1973 1165 2002 Proverbiorum
1186 1973 1232 2002 de-

384 2022 455 2050 cimo
475 2021 610 2050 octavofl:
637 2021 784 2057 «Impius,
806 2028 870 2049 cum
893 2021 920 2048 in
942 2020 1111 2057 profundum
1136 2028 1232 2057 peccaa

383 2072 476 2097 torum
498 2068 621 2102 venerit,
644 2067 794 2097 contemnit
808 2078 834 2101 »3
857 2067 885 2095 in
900 2067 1020 2096 Psalmo:
1041 2078 1054 2092 «
1069 2067 1152 2096 Obliti
1167 2070 1232 2096 sunt

385 2115 487 2148 Deum,
509 2114 557 2152 qui
579 2114 694 2143 salvavit
715 2122 762 2144 eos
776 2126 790 2139 2>
815 2116 866 2142 etc.

463 2162 552 2199 <Vers.
578 2162 643 2197 12).
667 2162 698 2189 Et
719 2162 788 2190 bene
809 2161 884 2189 dixi:
907 2161 939 2189 in
960 2161 1103 2190 memoria
1123 2169 1232 2189 sermo—

384 2217 456 2237 num
478 2212 615 2242 tuorum;
637 2208 748 2242 etenim,
764 2216 815 2244 pro
827 2208 907 2245 quia;
921 2216 1012 2246 neque
1027 2207 1133 2241 herba,
1149 2208 1176 2236 id
1191 2210 1232 2236 est

386 2256 459 2293 potio
480 2263 517 2284 ex
539 2255 633 2284 herbis
653 2255 791 2289 confecta,
813 2263 884 2292 quae
912 2255 1031 2283 bibendo
1050 2255 1122 2283 intra
1147 2255 1232 2284 sumi-

386 2306 448 2337 tur;
463 2311 552 2341 neque
566 2302 736 2340 malaqma,
752 2302 778 2330 id
793 2305 834 2330 est
848 2302 1047 2338 emplastrum,
1063 2301 1136 2339 quod
1151 2305 1233 2330 extra

386 2350 444 2378 loco
474 2349 578 2378 doloris
608 2349 822 2386 superponitur3
850 2348 970 2377 sanavit
996 2357 1057 2382 eOS,
1086 2348 1190 2377 scilicet
1216 2356 1232 2377 a

978 160 1149 190 COMMENT.
1172 162 1203 190 IN
1225 161 1417 190 SAPIENTIAM
1439 161 1466 190 C.
1488 162 1554 190 XVI.

1291 239 1431 267 morsibus
1452 242 1620 276 serpentum.
1651 240 1706 268 Sed
1732 248 1826 269 sermo
1848 244 1930 274 tuus,
1953 241 2088 274 Domine,
2110 241 2137 270 id

1291 288 1332 314 est
1353 285 1512 314 mandatum
1541 286 1574 314 de
1602 290 1729 323 serpente
1756 294 1841 316 aeneo
1862 287 1985 316 faciendo
2012 290 2039 316 et
2066 287 2138 324 aspi-

1291 332 1403 366 ciendo,
1425 332 1611 362 Numerorum
1639 333 1770 370 vigesimo
1795 334 1923 370 primo⁴;
1945 334 2012 372 qui,
2035 334 2138 363 scilicet

1291 387 1398 414 sermo,
1419 383 1510 408 sanat
1533 380 1649 414 omnia,
1671 380 1775 409 scilicet
1795 389 1867 418 quae
1888 384 2036 415 sanantur;
2065 381 2138 410 unde

1291 426 1335 455 hic
1357 429 1398 455 est
1419 426 1586 455 distributio
1607 427 1814 461 accommoda;
1842 427 1869 456 in
1891 427 2012 456 Psalmo:
2039 428 2138 457 «Misit

1291 473 1407 502 verbum
1431 481 1513 502 suum
1536 476 1563 502 et
1584 473 1690 502 sanavit
1711 481 1757 502 eos
1771 485 1797 502 ».
1819 474 1882 502 Vel:
1899 474 2015 508 Sermo,
2032 474 2137 503 increa—

1292 522 1349 554 tus,
1370 520 1397 548 id
1418 523 1459 549 est
1480 520 1578 554 Filius,
1599 520 1633 549 de
1654 528 1710 558 quo
1731 520 1838 549 loannis
1858 521 1963 557 primo:
1984 533 1996 546 «
2013 521 2040 549 ln
2061 521 2138 558 prin-

1290 567 1362 603 cipio
1382 570 1441 596 erat
1463 567 1584 596 Verbum
1601 578 1627 601 »;
1642 567 1694 596 iste
1708 568 1819 602 Sermo,
1835 568 1987 596 secundum
2001 568 2136 603 Glossam‚

1295 625 1308 638 «
1324 617 1404 642 curat
1425 622 1542 651 corpora
1563 618 1590 643 et
1610 623 1626 643 a
1647 615 1838 652 spiritualibus
1852 615 1946 644 bestiis
1967 615 2072 644 animas
2095 623 2138 644 sa-

1291 664 1338 689 nat
1352 671 1379 694 »;
1401 661 1529 692 Matthaei
1551 665 1667 698 quarto:
1694 673 1706 687 «
1722 662 1827 691 Sanans
1845 670 1954 691 omnem
1976 662 2137 699 languorem

1290 711 1317 736 et
1338 715 1447 736 omnem
1469 708 1658 737 infirmitatem
1674 721 1701 737 ».

1370 755 1458 790 (Vers.
1484 755 1549 790 13).
1579 756 1621 783 Tu
1646 756 1722 784 enim
1747 765 1791 791 es,
1817 757 1943 785 Domine.
1967 757 2037 785 Bene
2062 756 2137 791 dixi,

1290 801 1363 838 quod
1378 810 1473 829 sermo
1485 805 1554 829 tuus
1568 806 1656 830 sanat
1671 803 1788 836 omnia;
1803 806 1834 831 tu
1849 803 1925 831 enim
1939 811 1984 837 es,
2002 803 2137 836 Domine,

1290 847 1393 876 scilicet
1413 848 1526 876 Creator
1548 849 1688 883 omnium,
1710 849 1762 887 qui
1781 849 1857 877 vitae
1878 853 1902 877 et
1922 849 2027 878 mortis
2051 848 2138 878 ltabes

1287 898 1470 931 potestatem,
1493 894 1519 923 id
1541 899 1582 923 est
1603 895 1757 924 vivificandi
1780 898 1808 924 et
1825 895 2024 931 mortificandi,
2040 904 2138 925 secun-

1289 941 1355 970 dum
1378 941 1445 970 illud
1466 942 1548 978 primi
1571 942 1673 978 Regum
1696 942 1855 970 secundo⁶:
1882 953 1896 967 «
1912 942 2044 981 Dominus
2063 951 2138 971 inor-

1290 988 1376 1017 tificat
1396 993 1423 1017 et
1445 989 1593 1017 vivificat»
1612 991 1680 1023 etc.;
1696 988 1760 1017 item
1776 989 1955 1017 Ecclesiastici
1977 982 2136 1018 undecimo:

1295 1047 1308 1060 ι(
1322 1036 1394 1064 Mors
1416 1039 1442 1064 et
1464 1036 1520 1064 vita
1540 1044 1556 1064 a
1577 1036 1633 1064 Deo
1655 1038 1761 1064 sunt».

2154 760 2230 784 Quarta.
2275 779 2278 790 Ι

1368 1083 1420 1110 San
1435 1090 1560 1111 conruit:
1582 1083 1652 1119 Quia
1672 1082 1774 1111 dicitur
1790 1090 1875 1119 supra
1889 1082 1980 1119 primo
1991 1082 2018 1110 ⁰:
2039 1094 2052 1107 «
2063 1082 2137 1112 Deus
2153 1087 2248 1111 Quaestio.
2276 1079 2296 1115 [-·

1289 1132 1407 1157 mortem
1429 1137 1483 1157 non
1504 1129 1568 1158 fecit
1583 1141 1608 1157 n.

1369 1176 1543 1213 Respondeo:
1558 1176 1720 1210 dicendum,
1736 1175 1810 1213 quod
1825 1175 1952 1212 quamvis
1971 1176 2069 1205 mortis
2081 1184 2136 1206 non

1289 1223 1325 1251 sit
1339 1223 1413 1252 Deus
1427 1230 1511 1251 causa
1524 1223 1666 1251 meritoria
1680 1230 1730 1251 nec
1744 1222 1880 1257 essiciens;
1896 1225 2031 1259 quantum
2046 1225 2137 1252 tamen

1289 1270 1323 1299 ad
1341 1270 1427 1307 ipsam
1448 1270 1630 1307 privationem
1653 1270 1735 1298 habet
1750 1272 1913 1306 potestatem
1928 1270 2042 1305 mortis,
2058 1270 2136 1307 quia,

1289 1317 1353 1346 licet
1379 1325 1434 1345 non
1463 1317 1497 1345 sit
1525 1325 1619 1345 eausa
1646 1316 1812 1350 matorum,
1841 1316 1924 1345 habet
1944 1320 2036 1345 tamen
2054 1325 2138 1354 posse

1289 1373 1378 1401 super
1397 1364 1496 1398 mala,
1518 1364 1583 1400 quia
1604 1372 1640 1392 ex
1662 1364 1701 1392 eis
1723 1363 1774 1392 scit
1794 1366 1821 1392 et
1840 1366 1929 1400 potest
1944 1363 2043 1392 elicere
2057 1364 2137 1392 bona.

1368 1411 1406 1440 Ad
1428 1411 1495 1440 illud
1523 1411 1597 1447 quod
1618 1411 1764 1443 obiicitur,
1787 1411 1860 1447 quod
1881 1419 1957 1439 mors
1978 1419 2032 1439 non
2060 1413 2102 1440 est
2122 1419 2138 1439 a

1289 1459 1360 1493 Deo;
1382 1458 1545 1492 dicendum,
1567 1458 1640 1494 quod
1663 1458 1690 1486 in
1712 1461 1801 1487 morte
1829 1461 1870 1486 est
1894 1458 2025 1495 privatio
2051 1458 2137 1492 vitae,

1289 1513 1360 1542 quae
1381 1505 1449 1533 nihil
1471 1508 1527 1539 est,
1543 1507 1570 1533 et
1584 1505 1645 1533 ideo
1659 1512 1770 1533 causam
1786 1504 1951 1542 efficientem
1964 1513 2019 1533 non
2039 1504 2137 1533 habet.

1289 1552 1336 1581 sed
1358 1552 1445 1588 magis
1466 1552 1640 1587 deficientem
1648 1562 1658 1585 ;
1679 1551 1761 1586 item,
1783 1554 1824 1580 est
1845 1551 1881 1580 ibi
1902 1551 2033 1589 poenalis
2060 1550 2138 1588 affli-

1289 1599 1361 1633 ecio,
1383 1606 1455 1636 quae
1475 1598 1580 1635 aliquid
1601 1601 1642 1626 est
1663 1601 1690 1627 et
1711 1606 1727 1626 a
1747 1598 1803 1627 Deo
1825 1601 1881 1632 est,
1904 1598 1975 1627 iuste
1996 1598 2137 1635 infligente

1289 1654 1348 1675 eam
1371 1645 1563 1682 peccatoribus
1584 1645 1683 1675 merito
1705 1648 1881 1681 peccatorum
1903 1653 2028 1674 suorum.

1370 1693 1405 1721 Et
1425 1692 1544 1721 deducis
1565 1692 1605 1720 ad
1625 1695 1727 1729 portas
1748 1692 1868 1726 mortis,
1891 1691 1918 1720 id
1938 1694 1981 1720 est
1994 1691 2027 1720 ad
2042 1694 2138 1721 extre-

1289 1748 1366 1769 mum
1388 1740 1460 1768 vitae
1486 1739 1653 1773 articulum,
1675 1742 1699 1768 et
1721 1739 1853 1773 reducis,
1876 1739 1979 1768 scilicet
1999 1738 2136 1773 sanando,

1289 1790 1321 1815 ut
1341 1789 1416 1824 patet
1437 1786 1464 1814 in
1486 1786 1615 1820 Ezechia,
1638 1786 1721 1815 Isaiae
1742 1786 1883 1823 trigesimo
1903 1789 2000 1815 octavo
2011 1785 2030 1813 ⁷.

1368 1834 1456 1870 (Vers.
1483 1833 1547 1869 ilc).
1570 1833 1662 1862 Homo
1684 1837 1781 1861 autem
1803 1836 1871 1867 ete,
1893 1833 1972 1870 quasi
1993 1832 2082 1861 dicat:
2098 1833 2137 1862 sic

1289 1883 1367 1917 potes
1398 1880 1567 1909 mortificare
1597 1882 1625 1909 et
1649 1880 1814 1918 ⁴vivificare;
1846 1883 1960 1913 autem,
1989 1887 2040 1916 pro
2070 1879 2137 1913 sed;

1289 1927 1373 1956 homo
1394 1930 1483 1964 potest
1503 1927 1628 1956 occidere
1649 1935 1694 1961 se,
1717 1927 1764 1956 sed
1783 1935 1837 1955 non
1859 1926 2015 1961 vivificare,
2038 1929 2065 1955 et
2085 1926 2138 1955 hoc

1289 1978 1331 2004 est
1351 1974 1425 2012 quod
1446 1974 1527 2003 dicit:
1543 1973 1626 2002 homo
1642 1977 1756 2008 autem,
1772 1974 1875 2003 scilicet
1890 1975 2032 2010 peccator,
2047 1973 2138 2002 dictus

1290 2020 1373 2050 homo
1393 2021 1429 2050 ab
1450 2021 1551 2055 humo:
1580 2021 1685 2050 occidit
1705 2021 1836 2059 quidem,
1859 2020 1885 2049 id
1907 2023 1949 2049 est
1969 2023 2059 2055 certe,
2083 2029 2137 2057 per

1288 2068 1452 2102 malitiam,
1481 2068 1593 2105 culpae,
1623 2068 1756 2096 animam
1777 2067 1905 2102 suamss,
1929 2070 2042 2104 propter
2063 2067 2138 2104 quod

1288 2114 1391 2143 dicitur
1411 2114 1439 2142 in
1462 2114 1581 2143 Psalmo:
1609 2126 1622 2139 «
1637 2115 1688 2150 Qui
1710 2114 1799 2151 diligit
1819 2114 1993 2151 iniquitatem
2008 2113 2065 2142 odit
2079 2113 2137 2142 ani-

1288 2167 1362 2188 mam
1382 2168 1461 2190 suam
1477 2171 1503 2195 »;
1525 2164 1566 2189 est
1587 2161 1659 2189 enim
1682 2161 1819 2189 homicida
1847 2161 1888 2189 sui
1918 2160 2019 2197 ipsius:
2042 2168 2137 2197 pecca-

1289 2210 1348 2236 tum
1370 2208 1443 2236 enim
1465 2210 1506 2236 est
1526 2207 1634 2244 gladius
1655 2207 1697 2236 bis
1722 2211 1836 2242 acutus,
1862 2207 1961 2236 occidit
1981 2207 2054 2236 enim
2076 2215 2137 2236 cor-

1289 2262 1342 2291 pus
1363 2249 1390 2283 et
1408 2254 1542 2289 animam3
1560 2254 1739 2283 Ecclesiastici
1755 2254 1886 2291 vigesimo
1900 2254 2005 2290 primo:
2026 2265 2039 2279 «
2054 2253 2137 2290 Quasi

1290 2301 1441 2338 romphaea
1460 2301 1503 2330 bis
1523 2304 1606 2329 acuta
1625 2301 1714 2330 omnis
1735 2301 1866 2338 iniquitas
1881 2312 1907 2329 n.
1932 2301 2046 2329 Etcum
2061 2300 2136 2329 exie-

1289 2348 1329 2377 rit
1349 2348 1490 2385 spiritus,
1513 2348 1617 2377 scilicet
1637 2356 1653 2377 a
1674 2356 1790 2385 corpore
1805 2356 1854 2385 per
1870 2351 2004 2382 mortem,
2019 2356 2078 2377 non
2092 2356 2136 2376 re-

448 2542 455 2555 ¹
474 2544 557 2565 Psalm.
575 2544 623 2571 93,
648 2544 684 2565 18.
703 2556 732 2558 -
755 2544 888 2572 Sequuntur
913 2543 953 2565 ier.
977 2543 1018 2571 33,
1042 2543 1071 2565 6:
1094 2544 1164 2570 Eece,
1187 2549 1231 2571 ego

385 2582 501 2605 obducam
519 2583 552 2604 eis
570 2582 700 2604 cicatricem
717 2585 739 2604 et
756 2583 875 2605 sanitatem
890 2585 912 2605 et
928 2582 1015 2604 curabo
1033 2588 1085 2609 eos;
1099 2581 1137 2605 lob
1149 2582 1175 2609 5,
1189 2582 1230 2604 118:

386 2623 443 2651 Quia
461 2622 509 2650 ipse
526 2622 631 2644 vulnerat
648 2625 692 2644 etc.

448 2660 457 2674 ²
475 2662 575 2689 Vulgata
591 2661 793 2684 nominabantur
811 2664 833 2684 et
852 2661 1022 2690 salvabantur,·
1039 2662 1103 2684 card.
1120 2662 1187 2689 Hugo
1210 2664 1232 2684 et

385 2702 488 2729 Lyranus
506 2701 597 2728 legunt:
615 2700 640 2723 in
657 2700 773 2723 memoria
789 2700 851 2723 enim
876 2706 1014 2723 sermonum
1035 2701 1134 2723 tuorum
1155 2701 1233 2723 exter-

385 2739 541 2763 minabantur
560 2740 605 2767 [ita
620 2739 688 2761 etiam
706 2739 733 2767 A]
757 2741 779 2762 et
801 2739 909 2763 velociter·
932 2739 1089 2763 sanabantur.
1102 2752 1138 2761 ›—
1154 2740 1232 2762 Verba

386 2779 456 2802 iuxta
472 2778 533 2801 illud
550 2778 661 2801 Psalmi...
676 2778 820 2808 poenitentes
842 2779 1003 2807 supplevimus
1028 2786 1055 2801 ex
1080 2779 1132 2801 ΑΒ.
1158 2780 1232 2801 Locus

386 2818 518 2845 Scripturae
535 2820 568 2839 est
585 2818 620 2839 Ps.
637 2817 679 2845 77,
697 2817 734 2839 34.

448 2855 458 2868 ⁸
476 2857 540 2879 Vers.
559 2857 581 2878 3.
597 2868 628 2872 —
647 2857 754 2885 Sequitur
772 2857 805 2879 Ps⁴
828 2857 881 2885 105,
899 2857 936 2879 ²21.

449 2895 458 2907 ⁴
477 2896 541 2918 Vers.
560 2896 582 2917 8.
598 2898 620 2917 et
637 2896 659 2918 9.
676 2908 706 2911 —
725 2896 827 2918 Subinde
845 2897 971 2924 allegantur
990 2897 1023 2918 Ps
1037 2896 1094 2924 106,
1112 2896 1154 2922 20;
1172 2896 1233 2918 loan.

391 2936 409 2962 l,
422 2935 537 2963 l;G10ssa
554 2932 680 2957 ordinaria
698 2934 733 2963 (ex
751 2934 855 2963 Rabano)
873 2938 895 2957 et
912 2936 989 2957 Matth.
1007 2935 1032 2962 4,
1050 2936 1086 2957 23.
1105 2935 1138 2957 De
1154 2934 1233 2958 distri-

387 2973 480 2997 butione
497 2973 651 2997 accommoda
668 2975 707 2996 cfr.
725 2980 794 3002 supra
812 2980 866 3001 pag.
885 2975 926 3001 28,
945 2976 997 2997 nota
1014 2974 1035 2996 7.

1351 2541 1360 2554 ⁶
1377 2542 1442 2565 Vei-s.
1460 2542 1481 2564 6.
1499 2554 1530 2558 -—
1547 2543 1600 2571 Seq.
1620 2543 1684 2564 locus
1700 2544 1735 2564 est
1752 2541 1818 2564 Eccli.
1837 2542 1878 2568 11,
1896 2541 1939 2563 14;
1952 2541 2003 2563 Vita
2015 2543 2037 2563 et
2049 2546 2136 2563 mors...

1288 2588 1300 2604 a
1318 2582 1366 2604 Deo
1383 2585 1444 2605 sunt.

1350 2619 1360 2633 ⁶
1378 2621 1444 2644 Vers.
1461 2621 1503 2648 13,
1521 2621 1543 2643 in
1560 2621 1625 2643 cuius
1637 2620 1787 2648 explicatIOne
1799 2620 1879 2642 similis
1891 2619 1995 2649 quaestio
2007 2619 2081 2647 posita
2093 2622 2135 2642 est.

1350 2658 1359 2671 '¹
1378 2660 1443 2683 Vers.
1465 2661 1482 2682 1.
1501 2666 1566 2689 seqq.
1826 2674 1835 2681 .,

1351 2698 1360 2711 Β
1378 2701 1477 2728 Vulgata
1494 2699 1577 2722 omittit
1593 2699 1700 2722 animam
1717 2705 1800 2727 suam,
1818 2699 1882 2727 quod
1900 2698 1985 2721 habent
2001 2698 2069 2720 etiam
2092 2698 2134 2720 Ra-

1289 2738 1375 2767 banus,
1393 2739 1457 2761 card.
1474 2740 1541 2767 Ilugo
1558 2741 1580 2761 et
1596 2740 1708 2766 Lyranus.
1724 2750 1755 2755 -
1771 2738 1864 2766 lsidor.,
1882 2738 1920 2760 xl.
1937 2738 2066 2765 Etymolog.
2078 2743 2097 2759 c.
2111 2737 2133 2760 1.

1288 2784 1310 2800 n.
1330 2778 1351 2800 4.
1368 2780 1390 2800 et
1407 2778 1434 2799 5:
1451 2778 1526 2801 Homo
1544 2778 1631 2806 dictus,
1649 2778 1703 2806 quia
1720 2783 1750 2800 ea:
1767 2777 1840 2800 humo
1857 2778 1952 2799 sactus...
1970 2777 2025 2799 Nam
2041 2777 2135 2805 proprie

1289 2816 1359 2840 homo
1376 2816 1406 2839 ab
1423 2816 1504 2839 humo.
1521 2816 1566 2839 cfr.
1584 2817 1626 2845 Qq.
1644 2822 1671 2838 ex
1688 2819 1787 2845 utroque
1805 2815 1970 2845 [testamento]
1987 2816 2075 2838 mixtim
2092 2816 2136 2844 (in-

1289 2858 1323 2878 ter
1340 2862 1410 2884 opera
1429 2856 1548 2884 August.),
1565 2862 1588 2884 p.
1606 2856 1620 2878 l.
1637 2862 1660 2884 q.
1675 2856 1730 2878 108:
1743 2856 1769 2878 Et
1780 2855 1809 2878 ab
1821 2855 1893 2878 humo
1905 2855 1996 2877 initium
2008 2855 2135 2878 sumsimus

1289 2898 1311 2918 et
1327 2896 1377 2918 eius
1394 2896 1488 2918 nomine
1504 2901 1681 2923 nuncupamur3
1698 2895 1803 2918 hanzines
1820 2895 1882 2917 enim
1905 2900 2018 2917 vocamur
2039 2897 2135 2923 propter

1289 2934 1398 2958 humum.
1414 2946 1445 2950 —
1462 2935 1595 2963 Sequuntur
1612 2934 1647 2956 Ps.
1666 2934 1709 2960 10,
1726 2934 1747 2955 6.
1765 2936 1788 2956 et
1804 2933 1870 2955 Eccli.
1887 2933 1912 2955 24
1947 2932 1959 2956 4

2154 1180 2210 1205 neap.

2154 1417 2233 1436 Salutio.

2153 1837 2229 1862 Quinta.
