2296 3316
318 547 374 569 Resp.

277 594 330 613 Ratio
343 593 376 611 du·

295 618 343 641 plex.

264 1390 319 1413 Hesp.
332 1394 374 1408 cum

252 1413 378 1432 distinctione.

260 1437 372 1459 Sutidivisio.

317 2044 346 2062 Ad
360 2044 376 2062 1.

392 134 449 163 334

713 211 915 247 QUAESTloNES.

471 306 516 334 89.
539 306 648 342 Quaest.
672 304 689 332 l.
705 304 855 340 Quaeritur
877 303 911 333 de
933 304 1094 342 tz'ctyattom
1115 305 1238 333 Iudaeo-

394 361 461 382 rum
474 364 482 385 ‚·
503 352 537 381 de
557 360 613 389 qua
634 350 743 389 quaerit
756 350 971 386 Chrysostomus
983 352 992 368 ¹
1005 362 1011 379 :
1027 351 1101 380 unde
1115 354 1156 380 est
1171 352 1238 386 hoc,

392 400 466 438 quod
487 407 572 436 supra
593 399 619 427 in
641 398 749 427 occulto
770 397 1019 432 murmurabant,
1041 398 1089 427 sed
1110 399 1191 427 modo
1206 399 1239 427 li-

393 448 487 484 tiyant
507 446 534 473 in
555 447 676 482 aperto?

471 492 651 529 Respondeo⁵³
672 491 706 520 ad
727 492 795 526 hoc,
817 491 892 528 quod
913 495 954 520 est
969 499 1005 520 ex
1020 491 1123 529 duplici
1139 500 1238 522 causa:

393 545 452 569 tum
479 540 545 576 qnia
572 538 634 567 mali
663 538 788 567 homines
809 541 836 566 et
858 538 1019 567 seductores
1040 542 1068 568 et
1088 539 1184 568 discoli
1212 540 1240 568 in

392 588 471 625 peius
492 587 655 624 proliciunt,
677 589 781 623 quanto
807 586 895 623 magis
923 586 962 614 eis
990 586 1093 615 veritas
1119 587 1241 624 explica-

392 637 457 668 tur;
480 637 539 662 tum
561 634 658 667 etiam,
681 633 746 670 quia
767 632 835 661 illud
850 632 924 669 quod
939 640 1025 669 supra
1036 633 1046 649 ³
1061 633 1166 662 dictum
1181 636 1241 662 erat

391 681 424 710 de
440 675 607 714 >Divinitate‚
629 680 679 708 etsi
703 679 843 708 videretur
864 679 981 714 salsum,
1005 682 1096 708 tamen
1112 688 1166 708 non
1181 683 1241 709 erat

392 728 590 762 inhumanum;
619 727 666 756 sed
695 727 769 764 quod
790 726 871 755 modo
892 726 1003 755 dixerat
1023 726 1057 755 de
1078 735 1162 756 carne
1189 739 1241 756 st...

391 774 582 803 manducanda
603 782 657 803 non
678 776 785 802 tantum
806 773 919 807 falsum,
941 773 989 801 sed
1007 773 1192 802 inhumanum
1213 776 1241 802 et

392 822 579 855 immundum,
601 820 675 858 quod
696 820 786 849 Iudaei
809 820 951 856 refugiunt
959 830 965 853 ;
988 819 1049 848 ideo
1075 819 1239 857 litiqabant.

471 870 516 897 90.
538 869 647 904 Quaest.
670 867 699 895 Il.
721 866 871 903 Quaeritur
892 866 937 894 hic
958 866 992 894 de
1013 866 1241 895 manducatione

392 916 516 952 corporis
529 915 630 943 Christi
652 917 679 943 et
693 914 784 943 carnis
804 921 878 942 suae.
891 929 928 934 —
944 913 976 941 Et
997 914 1071 950 quod
1093 922 1147 942 non
1163 922 1240 942 man-

391 963 522 996 ducetur,
544 961 669 990 videtur:

473 1011 496 1037 l.
518 1009 588 1045 Quia
609 1008 683 1045 quod
704 1007 889 1036 manducatur
913 1007 1044 1036 atteritur
1065 1010 1092 1036 et
1114 1008 1241 1036 mastica-

392 1060 451 1091 tur;
473 1056 520 1085 sed
535 1064 599 1084 caro
619 1055 719 1084 Christi
735 1054 910 1092 impassibilis
931 1054 1061 1084 dentibus
1080 1063 1135 1083 non
1151 1058 1241 1092 potest

392 1103 487 1132 atteri:
509 1111 575 1140 ergo
595 1110 645 1131 nec
668 1102 837 1130 manducari.

471 1151 496 1179 9..
512 1150 592 1183 Item,
608 1149 681 1186 quod
696 1148 880 1177 manducatur
901 1149 929 1177 in
944 1148 1158 1178 manducantem
1176 1156 1241 1178 con-

392 1198 526 1230 vertitur;
549 1197 596 1225 sed
617 1204 719 1233 corpus
739 1196 840 1225 Christi
863 1204 917 1225 non
939 1196 1112 1225 convertitur
1133 1196 1161 1225 in
1176 1204 1240 1231 nos,

393 1244 440 1273 sed
454 1252 503 1272 nos
524 1244 552 1272 in
567 1243 673 1280 ipsum:
696 1250 761 1280 ergo
776 1242 868 1279 ipsum
889 1250 944 1271 non
959 1242 1172 1277 manducamus,
1194 1243 1242 1272 sed

394 1292 452 1329 ipse
472 1299 530 1320 nos.

472 1338 646 1366 Respounno:
668 1337 697 1365 In
712 1336 923 1366 manducatione
944 1336 997 1365 tria
1011 1339 1090 1370 sunt,
1112 1344 1184 1373 quae
1198 1344 1242 1365 re-

395 1385 531 1422 perimus,
547 1384 649 1412 scilicet
670 1383 849 1417 masticatio,
866 1382 1065 1420 incorporatio
1086 1385 1113 1410 et
1128 1390 1242 1410 conser-

395 1432 481 1460 vatio.
514 1430 677 1459 Mcwticatio
708 1432 749 1458 est
779 1429 885 1466 duplex
916 1428 1069 1457 secundum
1102 1428 1241 1465 duplicem

396 1478 648 1507 manducationem:
670 1477 736 1514 quia
763 1480 805 1505 est
824 1476 1014 1504 manducatio
1039 1478 1242 1504 sacramenta-

397 1525 448 1559 lis,
470 1527 497 1553 et
524 1525 552 1553 ln
573 1524 624 1553 hac
651 1527 692 1553 est
712 1523 878 1552 masticatio
905 1522 1148 1556 sacramentalis,
1177 1522 1243 1559 quia

396 1572 500 1609 species
516 1571 658 1600 masticata
672 1574 725 1605 est;
740 1573 782 1599 est
796 1570 878 1599 etiam
893 1569 1084 1598 manducatio
1098 1569 1243 1606 spiritua-

396 1618 447 1653 lis,
469 1621 496 1647 et
516 1618 544 1646 in
566 1618 617 1646 hac
638 1620 680 1646 est
699 1617 865 1645 masticatio
893 1616 1077 1653 spiritualis,
1102 1624 1173 1653 quae
1201 1618 1243 1645 est

396 1665 547 1702 spiritualis
574 1664 708 1693 discussio
729 1671 778 1700 per
807 1664 897 1692 fidem.
921 1664 966 1692 Est
984 1663 1045 1692 ibi*
1066 1671 1167 1691 rursus
1194 1663 1239 1691 in-

395 1712 575 1749 corporatio,
603 1719 659 1748 qua
685 1710 794 1747 corpori
816 1710 917 1739 Christi
947 1710 1173 1747 incorporamur;
1202 1712 1243 1738 est

394 1759 475 1788 etiam
497 1757 691 1791 conservatio,
714 1765 769 1794 qua
789 1765 839 1793 per
857 1757 959 1785 Christi
981 1757 1109 1794 spiritum
1133 1764 1243 1785 conser—

394 1813 502 1839 vamur,
524 1805 596 1833 sicut
615 1804 741 1833 membra
762 1804 888 1841 corporis
909 1812 958 1841 per
980 1804 1109 1832 animam.
1133 1803 1171 1832 De
1199 1803 1243 1832 his

394 1853 485 1881 tribus
504 1852 570 1880 dicit
590 1851 795 1888 Augustinusfv:
822 1862 835 1876 «
850 1850 872 1879 O
894 1854 1097 1879 sacramentum
1119 1850 1241 1887 pietatis!

394 1908 410 1928 o
424 1899 596 1936 signaculum
610 1898 738 1927 unitatis!
761 1906 777 1926 o
796 1897 938 1926 vinculum
957 1897 1092 1926 caritatis!
1109 1897 1160 1933 Qui
1183 1897 1243 1926 vult

394 1946 487 1975 vivere
507 1945 633 1979 accedat,
655 1944 763 1979 credat,
785 1945 995 1981 incorporetur,
1018 1944 1172 1973 vivificetur
1187 1956 1214 1972 ».

476 1994 499 2020 l.
522 1992 571 2020 Per
592 1992 645 2020 hoc
665 1994 740 2029 patet
755 1992 892 2028 primum:
914 1991 979 2028 quia
1000 1994 1041 2020 est
1056 1991 1093 2019 ibi
1115 1992 1242 2020 mastica-

394 2040 432 2068 tio
453 2047 506 2067 11011
528 2038 658 2072 carnalis,
679 2038 727 2067 sed
747 2038 912 2075 spiritualis,
934 2037 977 2066 vel
999 2038 1212 2066 sacramentalis.

1015 133 1186 162 COMMENT.
1209 133 1241 162 IN
1262 132 1408 162 lOANNEM
1429 132 1457 161 C.
1480 133 1521 162 Vl.

1374 212 1400 239 Ξ.
1423 210 1502 247 Quod
1516 210 1659 244 obiicitur,
1674 210 1749 247 quod
1770 218 1824 239 non
1839 210 1918 239 nobis
1935 211 2142 249 incorporatur;

1295 256 1441 285 dicendum
1451 279 1458 291 ‚
1479 256 1554 293 quod
1568 256 1685 285 ultimus
1705 256 1819 285 effectus
1833 256 1885 285 cibi
1900 259 1942 285 est
1956 265 2143 292 conservare,-

1295 307 1323 333 et
1343 304 1422 341 quia,
1444 303 1495 332 etsi
1515 311 1565 332 nos
1583 303 1794 340 incorporemur
1808 302 1918 331 Christo
1938 304 2142 340 manducando,

1295 351 1361 388 quia
1388 353 1480 379 tamen
1509 349 1699 379 manducando
1727 357 1926 378 conservamur
1954 357 2004 387 per
2035 350 2142 388 ipsum,

1296 399 1370 426 recte
1391 397 1449 434 ipse
1469 397 1571 426 dicitur
1592 399 1689 425 noster
1709 396 1791 425 cibus
1801 396 1821 424 ⁸.

1376 445 1420 473 91.
1454 444 1564 481 Quaest.
1589 443 1629 472 Ill.
1661 443 1728 472 Item
1754 443 1901 480 quaeritur
1928 443 1962 473 de
1990 443 2043 473 hoc
2070 444 2144 481 quod

1296 491 1379 520 dicit:
1402 490 1469 520 Nisi
1488 490 1740 519 manducaveritis
1761 498 1880 518 carnem
1902 492 1953 519 etc.
1973 507 2011 511 -—
2030 490 2071 519 Ex
2091 491 2144 520 hoc

1296 538 1421 573 videtur,
1443 538 1517 575 quod
1538 538 1746 566 Sacramentum
1767 537 1950 566 eucharistiae
1971 538 2006 567 sit
2026 537 2144 567 necessi-

1297 585 1375 620 tatis,
1396 588 1424 614 et
1444 584 1519 622 quod
1540 584 1635 613 nullus
1656 584 1714 612 sine
1735 591 1768 613 eo
1790 584 1875 620 possit
1896 583 2005 613 salvari.

1375 632 1504 661 Com-m:
1526 632 1578 660 Aut
1598 630 1725 667 intelligit
1745 630 1778 659 de
1806 631 1862 659 vita
1881 631 2014 668 qratiae,
2036 634 2085 661 aut
2111 631 2145 661 de

1297 679 1353 708 vita
1372 679 1501 717 gloriae:
1521 678 1638 716 qratiae
1652 686 1720 712 non,
1741 678 1807 715 quia
1821 678 1869 715 qui
1891 678 1951 707 vult
1965 678 2047 716 digne
2068 686 2145 708 acce-

1297 727 1362 755 dere
1377 726 1455 763 prius
1476 725 1557 754 debet
1571 725 1674 753 habere
1688 724 1772 753 vitam
1787 724 1906 761 gratiae:
1928 732 1994 762 ergo
2014 733 2074 754 eam
2090 733 2145 754 non

1298 772 1382 801 habet
1402 779 1452 809 per
1472 770 1727 805 manducationem
1749 779 1800 800 nec
1815 771 1898 800 vitam
1918 771 2045 809 gloriae,
2067 772 2144 809 quia,

1297 819 1319 848 si
1341 822 1431 856 potest
1462 819 1565 847 habere
1586 818 1671 846 vitam
1702 818 1807 855 gratiae
1832 819 1890 847 sine
1920 818 2144 853 manducatione,

1297 869 1387 903 potest
1408 868 1435 894 et
1455 866 1566 903 gloriae.

1377 911 1566 949 Respondetur
1597 911 1630 940 ad
1662 912 1714 940 hoc
1745 911 1897 940 secundum
1928 911 2112 949 Augustinum
2124 911 2145 947 ⁷,

1297 960 1372 998 quod
1393 960 1507 989 credere
1528 962 1569 989 est
1589 959 1769 993 manducare;
1791 958 1877 987 unde:
1897 970 1910 984 <t
1924 962 1957 987 ut
1977 959 2045 996 quid
2065 967 2146 997 paras

1297 1007 1407 1036 dentem
1429 1010 1456 1036 et
1470 1009 1615 1036 ventrem?
1635 1005 1721 1034 Crede
1742 1008 1867 1039 tantum,
1888 1008 1916 1034 et
1932 1005 2145 1034 manducasti».

1298 1054 1455 1083 Secundum
1477 1054 1529 1082 hoc
1549 1053 1635 1091 igitur
1649 1052 1858 1086 attendendum,
1880 1051 1954 1089 quod
1969 1054 2010 1080 est
2030 1052 2146 1081 mandu-

1298 1101 1368 1130 catio
1388 1101 1568 1138 spiritualis,
1590 1103 1617 1129 et
1638 1103 1679 1129 est
1704 1099 1879 1129 manducatio
1900 1098 2146 1133 sacramentalis,-

1297 1147 1466 1185 spiritualis
1487 1151 1528 1176 est
1549 1156 1599 1185 per
1620 1147 1701 1176 fidem
1724 1149 1751 1175 et
1768 1146 1923 1181 caritatem,
1945 1148 2146 1174 sacramenta-

1299 1194 1334 1222 lis
1354 1194 1407 1223 sub
1422 1195 1607 1223 Sacramento.
1630 1194 1693 1223 Sine
1708 1192 1899 1222 sacramentali
1921 1194 2010 1229 potest
2030 1199 2090 1220 esse
2104 1199 2147 1220 sa-

1298 1241 1358 1276 lus,
1380 1249 1430 1270 nec
1444 1245 1485 1270 est
1503 1242 1688 1276 necessitatis,
1710 1243 1845 1278 quantum
1860 1242 1902 1269 est
1921 1239 1955 1268 de
1975 1238 2148 1268 institutione

1299 1288 1480 1323 Sacramenti;
1502 1288 1670 1326 spiritualis
1691 1291 1733 1317 est
1753 1287 1787 1316 de
1808 1286 1970 1316 necessitate
1981 1286 2001 1314 ⁸.

1378 1336 1423 1364 92.
1446 1335 1498 1364 Sed
1519 1335 1664 1364 obiicitur:
1688 1336 1711 1363 l.
1734 1335 1767 1363 de
1781 1334 1905 1371 parvulis
1920 1333 2077 1370 baptizatis,
2098 1332 2146 1370 qui

1299 1381 1442 1410 salvantur
1462 1390 1514 1410 nec
1534 1389 1658 1419 unquam
1680 1381 1918 1410 manducaverunt
1943 1379 2147 1409 sacramentali-

1299 1431 1341 1457 ter
1362 1436 1413 1457 nec
1434 1428 1625 1465 spiritualiter.

1377 1476 1404 1504 Ξ.
1427 1475 1506 1509 Item,
1527 1475 1601 1504 addit
1622 1475 1825 1504 manducationi
1847 1474 1938 1503 carnis
1959 1476 2056 1511 potum
2084 1481 2147 1502 san-

1298 1522 1404 1559 guinis,
1426 1530 1492 1559 ergo
1513 1522 1572 1551 sine
1592 1524 1660 1559 potu
1675 1522 1816 1559 sanguinis
1836 1521 1905 1550 nulli
1927 1521 2082 1556 salvantur;
2098 1521 2145 1550 sed

1299 1568 1349 1597 soli
1376 1568 1532 1598 sacerdotes
1557 1572 1671 1597 sumunt
1699 1569 1860 1606 sanguinem
1876 1569 1902 1597 ⁹:
1931 1576 1997 1606 ergo
2023 1568 2075 1605 ipsi
2097 1568 2147 1597 soli

1299 1616 1450 1644 salvantur.

1378 1663 1552 1691 Responnao:
1568 1663 1734 1697 Dicendum,
1750 1662 1837 1700 quod,
1855 1663 1928 1692 sicut
1941 1662 2047 1692 dictum
2060 1665 2102 1692 est
2114 1662 2146 1697 ¹⁰,

1298 1709 1404 1746 duplex
1425 1712 1467 1737 est
1487 1709 1601 1738 effectus
1626 1709 1861 1744 manducationis,
1883 1709 1986 1738 scilicet
2013 1709 2146 1746 incorpo-

1299 1755 1376 1784 ratio
1398 1759 1425 1784 et
1446 1756 1635 1784 conservatio.
1658 1756 1755 1785 Nullus
1773 1756 1896 1785 salvatur
1917 1755 1969 1784 nisi
1990 1755 2148 1784 membrum

1299 1803 1414 1837 Christi,
1436 1806 1463 1832 et
1483 1803 1536 1832 nisi
1564 1806 1745 1832 conservetur
1769 1812 1785 1832 a
1812 1803 1937 1838 Christo;
1958 1802 2033 1832 unde
2053 1803 2148 1832 nullus

1299 1850 1357 1878 sine
1371 1849 1470 1888 effectu
1484 1850 1703 1884 manducationis
1718 1850 1856 1885 salvatur3
1875 1850 1936 1879 ideo
1950 1850 2052 1879 dicitur
2070 1857 2148 1878 111311-

1299 1896 1408 1925 ducatio
1419 1897 1594 1926 necessaria.
1610 1914 1649 1917 —
1659 1897 1729 1934 Quia
1740 1905 1807 1926 vero
1818 1897 1845 1926 in
1860 1897 1983 1934 parvulis
1993 1897 2149 1926 divinalar-

1298 1943 1382 1981 gitate
1403 1946 1493 1981 potest
1516 1952 1575 1973 esse
1603 1943 1718 1982 effectus
1738 1944 1957 1973 manducationis
1984 1944 2042 1973 sine
2070 1951 2148 1972 man-

1298 1992 1459 2026 ducatione;
1488 1991 1548 2020 ideo
1573 1991 1716 2020 salvantur
1744 1991 1826 2020 etiam
1853 1991 1912 2020 sine
1936 1991 2148 2020 manducatione

1298 2046 1475 2075 quacumque
1487 2039 1517 2066 1¹.
1540 2038 1568 2066 In
1589 2038 1691 2067 adultis
1710 2046 1776 2067 vero
1797 2046 1851 2067 non
1870 2040 1959 2075 potest
1978 2046 2038 2067 esse
2052 2038 2148 2066 incor-

459 2215 466 2228 1
485 2216 517 2238 De
535 2215 663 2245 litiqatione
684 2216 821 2238 ludaeorum
838 2218 860 2238 et
877 2215 906 2238 de
923 2216 966 2238 hac
983 2216 1117 2244 quaestione
1135 2216 1191 2242 nihil
1210 2217 1242 2238 111-

397 2256 502 2278 venimus
519 2256 582 2283 apud
598 2255 727 2283 Chrysost.,
745 2255 784 2284 qui
802 2255 831 2278 de
848 2255 1043 2278 murmuratione
1066 2256 1114 2283 agit
1136 2256 1159 2278 in
1182 2256 1242 2278 loan.

397 2296 473 2318 homil.
487 2295 524 2318 46.
544 2295 607 2323 (31135
625 2295 671 2324 45,)
689 2301 712 2317 11.
730 2295 750 2316 rl.
768 2301 817 2323 seq.
837 2307 869 2311 —-
886 2295 959 2322 Supra
972 2301 994 2316 v.
1008 2294 1032 2317 41
1048 2302 1052 2316 :
1070 2294 1243 2317 Murmurabant

397 2341 452 2362 ergo
474 2334 549 2356 ludaei
566 2334 595 2356 de
612 2334 662 2360 illo,
679 2334 734 2362 quia
752 2333 860 2356 dixisset:
878 2334 926 2361 Ego
943 2339 996 2356 sum
1014 2333 1079 2361 panis
1101 2333 1181 2361 vivus,
1203 2333 1243 2362 qui

397 2373 426 2395 de
442 2373 504 2395 caelo
522 2373 631 2395 descendi
649 2375 691 2394 etc.

459 2411 468 2424 ²
486 2412 525 2434 Ed.
544 2418 596 2434 cum
619 2411 725 2440 pluribus
748 2412 817 2434 codd.
838 2411 981 2441 Respondet,
1007 2412 1075 2433 EFH
1099 2411 1244 2440 Responden-

402 2451 471 2479 tium,
494 2451 511 2473 N
534 2453 555 2473 et
577 2451 693 2473 Gorranus
716 2450 855 2480 Responcleo.
880 2451 974 2473 {userius
999 2457 1041 2478 pro
1066 2450 1200 2473 seductores
1223 2451 1244 2473 et

401 2489 484 2513 discoli
501 2489 555 2517 (non
573 2490 641 2517 pauci
658 2490 727 2512 codd.
743 2491 765 2512 et
781 2489 898 2518 discipuli)
917 2490 954 2511 ed.
970 2489 1044 2514 stulti,

461 2527 470 2540 ³
487 2529 552 2550 Vers.
571 2529 608 2550 27.
625 2534 690 2557 seqq.

460 2566 469 2578 ⁴
488 2568 517 2589 lta
535 2567 589 2595 EN,
607 2567 643 2589 ed.
661 2570 683 2589 et
699 2567 735 2589 alii
753 2567 821 2589 codd.
838 2567 921 2596 iqitur.

460 2604 470 2617 ⁵
487 2607 509 2627 ln
527 2607 587 2627 loan.
605 2606 692 2633 Evang.
709 2609 737 2628 tr.
754 2607 791 2628 26Α
809 2613 831 2628 n.
848 2607 885 2634 ¹3,
898 2606 937 2628 ubi
950 2612 992 2634 pro
1004 2605 1157 2635 signaculum
1170 2608 1243 2628 textus

398 2644 513 2672 originalis
530 2644 638 2673 sianum,
658 2644 698 2673 qui
716 2645 783 2666 etiam
802 2648 854 2672 post
871 2644 948 2667 vicere
965 2645 997 2667 516
1020 2645 1182 2673 prosequitur:
1200 2644 1238 2667 ha-

399 2683 433 2706 bet
452 2682 491 2705 ubi
507 2682 581 2710 vivut,
602 2682 670 2706 habet
686 2683 748 2706 unde
771 2683 842 2706 vit-at.
866 2683 978 2711 Accedat,
997 2683 1090 2712 credat,
1108 2684 1243 2713 incorpore-

399 2724 451 2750 tur,
469 2724 496 2744 nt
513 2721 651 2751 vivificetur.

461 2759 470 2772 ὃ
487 2760 531 2783 Csr.
550 2766 620 2788 supra
637 2767 657 2783 6.
676 2761 697 2783 li.
715 2768 736 2783 n.
754 2762 790 2783 66.
810 2762 868 2784 Vide
885 2762 953 2784 6113111
972 2763 1006 2784 lV.
1025 2763 1086 2784 Seut.
1103 2762 1125 2784 d.
1143 2762 1166 2784 9.
1182 2768 1202 2784 a.
1225 2762 1243 2783 l.

398 2807 422 2829 q.
443 2800 494 2826 1-33
511 2799 625 2828 Breviloq.
644 2806 665 2827 p.
684 2800 719 2822 Vl.
739 2806 758 2822 6.
776 2801 797 2823 9.

461 2837 469 2850 ⁷
488 2839 511 2860 ln
528 2840 587 2861 loau.
606 2839 693 2867 Evang.
710 2842 736 2861 tr.
755 2840 791 2862 25.
809 2846 833 2862 11.
855 2841 887 2862 12.

461 2876 470 2889 ¹³
488 2877 532 2901 Csr.
550 2878 587 2900 lV.
606 2879 665 2900 Scut.
684 2879 707 2900 d.
729 2879 761 2900 12,
779 2885 802 2906 p.
820 2879 843 2901 ll.
860 2885 880 2900 a.
899 2880 919 2901 2.
938 2886 961 2908 q.
988 2880 1013 2906 l,
1031 2879 1070 2901 uhi
1094 2879 1123 2901 ad
1150 2879 1167 2900 l.
1190 2878 1243 2901 dici-

400 2921 451 2939 tur:
469 2917 525 2939 Nam
542 2917 641 2939 verbum
659 2918 760 2945 loannis,
778 2918 826 2940 sive
850 2918 940 2940 Domini
963 2918 986 2940 in
1009 2918 1090 2940 loanne
1112 2918 1243 2946 intelligitur

1301 2217 1330 2239 de
1347 2217 1523 2239 manducatione
1539 2215 1672 2246 spirituali,
1689 2222 1750 2245 quae
1765 2218 1800 2238 est
1816 2221 1857 2244 per
1877 2215 1946 2238 fldem
1970 2217 1992 2237 et
2015 2215 2146 2244 caritatem,

1301 2256 1350 2278 siue
1366 2262 1412 2285 qua
1429 2262 1498 2278 nemo
1515 2256 1607 2279 adultus
1624 2256 1740 2284 salvatur;
1757 2257 1779 2278 et
1796 2256 1852 2277 11366
1869 2255 1938 2277 etiam
1955 2256 1989 2277 est
2006 2254 2030 2276 111
2047 2254 2145 2282 parvulo

1301 2295 1377 2324 aliquo
1395 2296 1465 2318 modo
1482 2298 1594 2324 quantum
1612 2296 1641 2318 ad
1658 2295 1876 2323 incorporationem.
1890 2306 1920 2310 -
1934 2294 1957 2316 Si
1970 2293 2042 2316 verba
2059 2299 2102 2317 nec
2114 2294 2150 2317 est

1300 2334 1444 2358 necessitatis
1462 2335 1618 2363 intelliguntur
1630 2335 1660 2357 de
1671 2333 1806 2358 necessitate
1823 2333 1906 2362 medii,
1924 2333 2042 2356 communi
2059 2333 2147 2356 theolo-

1301 2380 1384 2402 gorum
1402 2380 1516 2397 consensu
1534 2374 1661 2402 probantur
1670 2383 1676 2401 3
1688 2374 1707 2396 si
1718 2380 1775 2396 vero
1792 2373 1822 2396 de
1837 2372 1974 2396 necessitate
1983 2371 2106 2402 praecepti
2115 2371 2147 2395 di-

1301 2413 1350 2436 vini
1366 2414 1444 2442 quoad
1461 2413 1569 2441 adultos,
1586 2413 1674 2442 antiqui
1691 2412 1836 2439 scholastici,
1858 2414 1880 2434 et
1897 2412 1947 2440 ipse
1964 2412 1987 2434 S.
2004 2412 2106 2434 Thomas
2123 2411 2146 2433 in

1301 2460 1343 2476 suo
1360 2453 1490 2476 Comment.
1506 2453 1529 2475 111
1547 2454 1647 2475 Sentent.
1664 2452 1788 2475 Lombardi
1807 2458 1853 2474 11011
1870 2450 2034 2478 admittebant,
2051 2451 2147 2473 existere

1300 2493 1395 2521 proprie
1418 2494 1572 2522 praeceptum
1596 2491 1703 2514 (livinum
1727 2490 1914 2514 communicandi
1930 2488 2146 2513 sacramentaliter.

1301 2532 1346 2554 Sed
1364 2533 1387 2554 111
1404 2538 1445 2554 sua
1463 2533 1559 2554 Summa
1584 2531 1625 2559 (111.
1642 2537 1665 2559 (Ῑ.
1683 2531 1720 2553 80.
1737 2537 1757 2553 a.
1780 2530 1823 2559 11.)
1842 2530 1864 2552 S.
1881 2530 1964 2552 Thom.
1982 2529 2054 2551 tenuit
2070 2534 2146 2556 oppo-

1300 2572 1366 2593 sitam
1384 2571 1531 2599 50111611113111,
1549 2576 1608 2599 quac
1626 2573 1678 2598 post
1694 2569 1779 2593 Concil.
1797 2569 1901 2591 Trident.
1919 2569 1976 2591 sacta
1994 2570 2028 2590 est
2044 2573 2147 2591 eommu-

1300 2610 1343 2632 nis.
1360 2610 1393 2631 De
1410 2610 1453 2631 hac
1470 2609 1626 2631 controversia
1644 2609 1685 2631 cfr.
1703 2608 1738 2631 lV.
1758 2608 1819 2630 Seni.
1836 2607 1860 2630 d.
1878 2607 1914 2629 42.
1929 2613 1952 2634 p.
1970 2607 1996 2629 ll.
2012 2612 2032 2628 a.
2050 2606 2072 2628 2.
2089 2611 2111 2634 q.
2125 2605 2147 2627 1l.

1299 2649 1410 2672 scholion.

1362 2687 1372 2700 ⁹
1390 2689 1429 2711 Ed.
1447 2688 1511 2711 addit
1527 2694 1574 2711 non
1592 2693 1647 2711 vero
1663 2686 1749 2718 fideles.

1363 2726 1382 2740 ¹⁰
1401 2728 1493 2756 Quaest.
1512 2728 1533 2749 ll.
1551 2734 1573 2749 n.
1592 2727 1628 2749 90.

1362 2767 1380 2779 ¹¹
1399 2767 1468 2790 Conc.
1485 2767 1549 2790 Trid.
1566 2773 1621 2789 sess.
1640 2767 1677 2788 21.
1696 2772 1716 2788 c.
1735 2765 1754 2787 4.
1773 2765 1853 2791 docet,
1870 2763 1980 2792 parvulos
1996 2769 2039 2785 usu
2051 2761 2146 2785 rationis

1300 2810 1403 2829 carentes
1420 2807 1478 2828 nulla
1492 2806 1590 2834 obligari
1602 2805 1736 2827 necessitate
1748 2804 1776 2826 ad
1789 2803 1977 2826 sacramentalem
1994 2801 2146 2824 eucharistiae

1300 2846 1500 2873 communionem;
1518 2844 1633 2873 siquidem
1651 2850 1692 2872 per
1710 2843 1818 2871 baptismi
1836 2843 1953 2864 lavacrum
1976 2839 2104 2868 regenerati
2122 2842 2145 2861 et

1301 2884 1389 2908 Christo
1412 2884 1551 2912 incorporati
1571 2884 1679 2911 adeptam
1703 2882 1747 2904 iam
1770 2882 1870 2904 filiorum
1893 2881 1990 2909 gratiam
2013 2880 2049 2902 illa
2072 2880 2145 2901 aetate

1301 2924 1407 2946 amittere
1424 2929 1469 2945 non
1487 2925 1589 2951 possunt.

2160 219 2188 238 Ad
2201 219 2219 238 2.

2163 916 2220 941 neap.

2163 1337 2264 1357 Dilucultat
2274 1335 2277 1348 '-

2192 1361 2248 1381 duae.
2274 1366 2276 1376 τ

2163 1665 2194 1684 Ad
2206 1665 2224 1684 t.

2164 1900 2195 1919 Ad
2207 1900 2225 1919 ί,
