2296 3316
221 787 279 812 Hesp.
288 790 307 807 et
320 793 349 807 ra-

257 812 283 830 tio
296 812 313 830 l.

262 973 317 993 Ratio
329 973 348 993 2.

293 1534 349 1561 Resp.

234 2041 309 2065 Quaen.
323 2040 351 2060 in-

257 2065 294 2084 cid.
308 2065 326 2083 1.

367 183 421 212 526

366 270 395 291 se
409 261 500 298 ipsum
516 267 629 297 pascere.
644 258 816 296 praecipitur
831 264 925 286 amore
939 255 1055 289 Christi,
1071 254 1118 283 sed
1133 262 1215 289 oves;

367 307 516 337 Ezechielis
530 306 672 343 trigesimo
686 308 788 343 quarto
801 306 825 331 ¹:
853 316 866 330 «
878 304 933 333 Vae
948 302 1107 341 pastoribus
1118 300 1214 330 lsrael!

366 355 413 392 qui
435 354 584 391 pascebant
605 353 786 389 semetipsos;
809 359 900 381 nonne
928 359 994 380 oves
1024 351 1179 387 pascuntur
1200 356 1216 377 a

366 401 542 438 pastoribus?
564 400 615 428 Lac
637 398 823 428 comedebatis
844 401 871 427 et
892 398 963 427 lanis
977 395 1175 434 operiebamini
1188 406 1215 423 n.

690 494 892 530 QUAEsriones.

445 589 490 619 36.
513 589 624 625 Quaest.
647 588 665 616 1.
688 588 740 617 Sed
761 587 907 625 quaeritur
928 586 986 615 hic:
1002 593 1066 614 cum
1087 584 1132 613 alii
1147 585 1216 621 Apo-

365 636 427 666 stoli
449 636 679 669 circumstarent,
695 634 743 672 qui
758 634 909 662 Dominum
923 632 1086 670 diligebant;
1101 632 1216 668 propter

366 683 432 722 quid
453 691 469 712 a
490 683 548 712 solo
569 682 649 711 Petro
663 682 820 720 quaesitum
836 683 878 710 est
898 680 932 710 de
952 679 1137 709 dilectioneve

445 729 595 767 Responsio
615 737 672 758 una
692 732 750 758 est:
772 729 838 766 quia
869 728 920 757 sibi
943 730 1003 757 erat
1034 734 1103 755 cura
1124 725 1217 763 gregis

366 778 521 816 specialiter
542 777 739 806 committenda
760 777 832 805 inter
861 776 942 810 alios,
964 775 1025 804 ideo
1045 775 1080 803 ab
1101 782 1134 803 eo
1155 781 1216 811 spe-

366 826 472 855 cialiter
492 825 526 853 de
540 824 686 853 dilectione
701 823 856 861 quaeritur.
872 822 948 851 Unde
963 822 1178 859 Cbrysostomus
1189 820 1215 849 ³:

370 885 384 898 α
400 872 527 901 Eximius
548 871 741 908 Apostolorum
762 873 822 899 erat
850 870 949 899 Petrus
969 872 996 899 et
1017 877 1048 898 os
1068 868 1217 906 discipulo—

366 928 430 948 rum
451 922 478 948 et
498 921 598 947 vertex
613 917 720 954 collegii
737 927 765 951 »3
786 920 948 954 propterea,
963 916 1031 945 alios
1046 915 1217 953 praeteriens

365 970 392 996 et
414 969 622 999 transcurrens,
644 964 711 993 huic
729 964 763 993 de
785 964 886 993 talibus
907 964 1041 1001 loquitur.
1068 980 1105 984 —
1126 963 1217 992 Potest

365 1014 448 1042 etiam
469 1012 523 1041 alia
543 1012 614 1040 ratio
635 1011 784 1048 assignari:
807 1011 873 1048 quia
897 1011 996 1040 Petrus
1024 1018 1088 1039 eum
1110 1010 1217 1039 notabi-

365 1060 428 1088 liter
450 1061 614 1096 negaverat‚
637 1061 664 1087 et
685 1057 746 1086 ideo
774 1057 922 1086 videbatur
943 1065 998 1085 non
1019 1065 1080 1092 esse
1100 1057 1216 1094 dignus,

365 1108 397 1135 ut
417 1105 517 1134 ceteris
549 1104 684 1141 Apostolis
715 1104 960 1141 praemitteretur;
990 1104 1051 1132 ideo
1081 1104 1217 1132 Dominus

365 1152 490 1190 quaerit,
512 1154 544 1180 ut
564 1151 691 1180 ostendat
711 1151 772 1179 eius
792 1151 935 1181 caritatem
958 1158 1025 1187 prae
1047 1151 1146 1179 ceteris
1167 1158 1217 1179 ex-

365 1199 523 1232 cellentem,
544 1201 571 1227 et
593 1198 730 1235 pastorale
750 1197 889 1231 officium,
905 1197 980 1234 quod
1000 1197 1130 1231 dederat,
1152 1205 1217 1226 con-

365 1247 490 1275 firmaret
500 1247 520 1273 ⁴.

445 1293 490 1322 37.
514 1293 625 1329 Quaest.
648 1292 677 1320 11.
700 1292 783 1326 item,
816 1300 880 1320 cum
912 1292 1011 1320 Petrus
1038 1299 1093 1319 non
1126 1294 1218 1328 posset

365 1340 399 1370 ad
420 1340 492 1369 hanc
520 1339 711 1377 quaestionem
740 1338 925 1375 respondere:
955 1337 1064 1375 Diligis
1086 1346 1129 1366 me
1149 1338 1217 1375 ptus

366 1386 433 1416 his?
464 1386 530 1424 quia
560 1386 594 1415 de
621 1386 682 1414 aliis
712 1384 889 1419 nesciebat⁵;
912 1384 1051 1421 quomodo
1082 1384 1217 1413 Dominus

366 1434 494 1472 quaerit?
513 1436 519 1439 “

446 1482 624 1510 ΒΕεΡοΝοΕΟε
640 1480 809 1513 Dicendum,
825 1479 899 1516 quod
915 1479 967 1508 hoc
982 1478 1117 1507 Dominus
1131 1485 1216 1515 quae-

367 1529 419 1563 rit,
441 1532 473 1558 ut
493 1528 619 1557 ostendat
640 1528 700 1557 eius
731 1527 927 1556 eacccttentiam
948 1526 976 1555 in
1008 1525 1169 1563 quaerendo
1190 1527 1217 1554 et

366 1576 572 1605 correctionem
601 1576 628 1604 in
650 1574 864 1612 respondendo;
892 1574 967 1602 unde
995 1572 1166 1610 Augustinus
1184 1572 1215 1600 ⁶:

371 1623 478 1660 «Quod
501 1623 597 1652 Petrus
625 1623 688 1660 plus
719 1622 779 1650 aliis
810 1621 960 1650 Dominum
990 1620 1137 1655 dilexerit,
1165 1620 1216 1649 hoc

366 1671 508 1700 evidenter
528 1673 657 1707 apparet,
679 1670 727 1698 ubi
749 1677 813 1698 eum
835 1668 1011 1705 interrogans
1032 1667 1085 1696 ait:
1110 1666 1216 1704 Diliyis

365 1726 411 1746 me
428 1717 498 1754 ptus
522 1716 589 1745 his?
613 1717 691 1754 Quod
712 1716 811 1753 utique
832 1715 948 1749 sciebat,
970 1717 997 1743 et
1019 1717 1108 1743 tamen
1131 1714 1217 1742 inter-

366 1764 489 1800 rogabat,
511 1766 543 1792 ut
563 1767 590 1792 et
611 1771 662 1792 nos
683 1771 814 1791 amorem
835 1762 896 1791 eius
910 1769 976 1798 erga
990 1761 1138 1789 Dominum
1155 1768 1217 1788 nos-

366 1818 500 1840 semus».
524 1811 555 1839 Et
578 1811 648 1839 Petri
671 1810 811 1839 correctio
832 1809 988 1838 ostenditur
1010 1809 1036 1836 in
1058 1808 1120 1841 hoc,
1142 1807 1218 1845 quod

365 1866 421 1887 non
442 1858 526 1886 audet
547 1866 576 1886 se
597 1858 658 1886 aliis
689 1857 884 1894 praemittere,
907 1859 938 1884 ut
964 1863 1050 1892 supra
1071 1858 1134 1883 ante
1156 1862 1218 1891 pas-

366 1905 487 1939 sionem,
509 1899 572 1933 cum
595 1904 706 1932 dixit⁷:
735 1915 748 1929 <r
763 1903 817 1932 Etsi
840 1910 936 1931 omnes
958 1901 1132 1931 scandalizati
1158 1901 1218 1930 sue-

366 1952 423 1981 rint
444 1953 471 1980 in
489 1955 527 1986 te,
549 1951 596 1980 sed
618 1959 671 1979 non
695 1959 783 1988 ego».

446 1999 492 2028 38.
515 1998 567 2027 Sed
588 2002 655 2027 tunc
677 2001 719 2027 est
739 1997 880 2035 quaestio:
909 2004 998 2034 quare
1018 1996 1154 2024 Dominus
1176 1999 1217 2024 to-

367 2047 418 2076 ties
439 2046 564 2084 quaerit:
587 2046 682 2079 Petre,
704 2045 804 2082 diligis
824 2044 889 2072 me?

974 176 1146 205 COMMENT.
1168 175 1201 205 IN
1221 174 1369 204 IOANNEM
1390 174 1417 203 C.
1441 174 1506 203 XXI.

1351 252 1506 290 Respondet
1527 253 1697 290 Augustinus
1708 253 1733 282 ⁸:
1754 253 1857 290 «Quod
1872 253 1934 282 ideo
1948 255 1991 282 ter
2005 254 2124 291 quaerit,
2142 259 2198 286 nean.
2211 261 2265 283 em.

1272 302 1304 328 ut
1326 298 1460 328 reddatur
1481 299 1571 328 trinae
1592 299 1730 337 negationi
1753 299 1826 328 trina
1846 299 1996 334 confessio,
2018 307 2053 329 ne
2073 300 2125 328 mi·
2176 284 2232 304 ‘¹⁰⁴'

1272 354 1327 375 nus
1357 346 1446 375 amori
1477 346 1572 383 lingua
1603 347 1706 376 serviat
1736 355 1821 385 quam
1843 347 1978 376 timori».
2003 363 2042 368 —
2068 347 2125 376 Alia
2141 352 2196 372 Ratio
2208 353 2225 373 Ξ.

1273 393 1344 423 ratio
1365 393 1508 428 redditur,
1529 394 1595 430 quia
1610 394 1671 423 ideo
1685 394 1853 432 quaerebat,
1868 397 1900 423 ut
1914 402 2027 432 gregem
2041 402 2123 424 suum

1273 440 1492 475 commendaret;
1514 443 1542 470 et
1563 441 1629 478 quia
1650 444 1692 471 ter
1706 449 1819 479 gregem
1836 441 2029 471 commendare
2051 441 2125 470 vole-

1272 489 1334 523 bat,
1356 488 1418 517 ideo
1439 491 1481 517 ter
1501 487 1536 517 de
1556 488 1702 518 dilectione
1724 489 1844 527 requirit
1855 489 1875 517 ⁹.
2276 475 2281 492 Κ

1353 535 1398 564 39.
1421 535 1472 564 Sed
1494 538 1561 564 tunc
1582 538 1624 564 est
1645 536 1786 573 quaestio:
1808 544 1896 574 quare
1928 536 1993 565 dicit
2021 536 2045 565 ei
2067 539 2123 566 ter:
2141 524 2271 583 ngigsthim'

1274 582 1389 611 Pasce?
2197 577 2202 582 ⁸
2226 578 2231 585 ”

1353 630 1384 658 Et
1416 629 1616 666 respondetur,
1642 629 1717 666 quod
1748 636 1814 659 oves
1844 630 1944 659 Christi
1977 630 2124 668 tripliciter
2140 633 2199 659 ⁸0⁵1»-

1273 677 1374 707 debent
1404 677 1494 714 pasci,
1516 676 1620 705 scilicet
1650 676 1753 710 verbo,
1774 677 1902 714 exempto
1923 679 1950 707 et
1971 678 2126 715 temporati

1272 724 1404 753 subsidio
1412 734 1423 758 ‚·
1443 723 1517 752 unde
1533 723 1604 752 Beda
1616 723 1654 751 ¹⁰:
1675 734 1688 748 α
1703 723 1863 753 Sollicitudo
1877 724 2023 762 pastoralis
2038 724 2120 753 officii
2278 743 2284 782 ἶ

2281 791 2284 804 Ι

1273 772 1376 809 exigit,
1397 774 1429 800 ut
1449 773 1541 800 rector
1568 770 1719 805 Ecclesiae,
1741 778 1775 799 ne
1797 771 1869 808 plebi
1892 772 2056 809 temporalia
2076 771 2123 801 de-

1273 820 1328 849 sint
1349 819 1488 852 subsidia,
1510 818 1657 855 diligenter
1678 817 1822 855 provideat
1843 821 1870 847 et
1891 819 1980 848 eidem
1995 819 2124 857 exempla

1273 867 1386 896 virtutis
1407 866 1533 895 ostendat
1554 865 1636 902 eique
1657 865 1775 894 verbum
1791 865 2004 902 praedicationis
2025 866 2125 896 sollici-

1274 918 1320 944 tus
1341 913 1522 951 impendat».

1352 963 1399 991 lio.
1422 961 1473 990 Sed
1495 963 1562 989 tunc
1583 959 1749 997 quaeritur:
1771 967 1859 997 quare
1874 959 1917 989 bis
1930 960 1997 990 dicit
2011 970 2125 999 pascen-
2141 963 2253 1007 thgsthin·
2272 963 2285 990 1

1273 1010 1323 1039 dos
1344 1018 1438 1047 agnos
1458 1012 1485 1037 et
1506 1008 1591 1037 semel
1612 1007 1701 1036 oves?
2198 1001 2203 1006 '
2226 1002 2232 1007 '
2270 1001 2285 1024 ·'

1355 1058 1532 1090 Responuizo,
1554 1055 1629 1093 quod
1651 1062 1700 1092 per
1729 1063 1822 1092 agnos
1850 1055 2004 1092 imperfecti
2029 1059 2057 1085 et
2085 1060 2124 1087 te·
2140 1058 2198 1082 3881)-

1275 1104 1339 1133 nelli
1362 1104 1389 1132 in
1411 1103 1464 1132 fide
1486 1102 1697 1139 intelliguntur,
1726 1104 1753 1130 et
1781 1101 1808 1130 bi
1837 1101 1965 1138 ampliori
1994 1105 2124 1139 pastura,

1274 1153 1327 1181 hoc
1355 1154 1397 1180 est
1424 1159 1493 1180 cura
1521 1150 1696 1184 sollicitiore,
1725 1149 1866 1186 indigent;
1895 1157 1945 1186 per
1973 1158 2038 1178 oves
2058 1158 2126 1179 vero

1274 1198 1481 1236 grandiusculi,
1504 1197 1551 1235 qui
1573 1205 1602 1226 se
1623 1197 1716 1226 valent
1736 1204 1849 1234 regere,
1871 1199 1898 1226 et
1919 1196 1948 1225 hi
1969 1205 2025 1226 non
2049 1199 2126 1226 tanta
2272 1205 2286 1237 ¹,t

1274 1254 1343 1274 cura
1365 1245 1488 1282 indigent
1502 1246 1532 1273 ¹¹.
2284 1242 2286 1279 ζ

1353 1293 1400 1321 [11.
1424 1294 1533 1326 Amen,
1556 1301 1642 1321 amen
1662 1292 1727 1320 dico
1749 1291 1808 1320 tibi.
1832 1291 1979 1328 Postquam
1997 1291 2070 1320 facta
2083 1294 2126 1320 est
2136 1282 2286 1318 Secundod’e-'li

2272 1099 2274 1112 1

1274 1339 1347 1368 Petri
1369 1340 1396 1368 in
1418 1339 1564 1367 dilectione
1585 1338 1774 1371 confirmatio,
1796 1337 1827 1366 fit
1848 1338 1894 1367 hic
1914 1337 1975 1366 eius
1996 1338 2036 1366 ad
2056 1337 2126 1367 dite-
2142 1316 2277 1383 ἓξὲξ-’.Ι

1274 1386 1379 1414 ettonis
1407 1386 1688 1414 consummationem
1710 1385 1845 1414 invitatio
1858 1385 1889 1412 ¹2.
1918 1384 2126 1413 consummatio
2142 1386 2279 1429 cti⁰gg³urif¹vi-,

1273 1435 1367 1461 autem
1389 1432 1544 1461 dilectionis
1564 1435 1622 1467 est,
1644 1435 1676 1461 ut
1697 1432 1780 1460 homo
1802 1433 1886 1468 ponat
1906 1431 2025 1460 animam
2047 1439 2126 1460 suam

1274 1488 1325 1516 pro
1346 1479 1475 1513 Christo;
1497 1480 1559 1508 ideo
1580 1479 1611 1508 fit
1632 1479 1677 1508 hic
1699 1480 1739 1507 act
1757 1479 1926 1516 passionem
1947 1478 2126 1507 imitandam
2276 1505 2278 1514 ,

1273 1526 1426 1561 invitatio,
1442 1530 1469 1555 et
1483 1526 1646 1563 proceditur
1662 1526 1707 1555 hic
1722 1534 1772 1563 per
1786 1526 1863 1555 hunc
1874 1525 2126 1561 01ᾶ1110111.,1)1·11110,
2143 1526 2263 1570 Digjgssbssgf
2276 1527 2280 1564 ζ7

1275 1573 1382 1601 Petrus
1404 1573 1551 1601 invitatur
1565 1578 1590 1601 et
1605 1572 1789 1607 certificatur
1803 1573 1837 1602 de
1851 1581 1953 1610 genere
1972 1581 2039 1602 suae
2053 1581 2128 1602 mor-
2273 1576 2275 1579 ’

1273 1620 1317 1648 tis.
1340 1620 1480 1653 Secundo,
1493 1620 1564 1656 petit
1579 1620 1741 1655 certificari
1755 1621 1788 1648 de
1801 1629 1905 1658 yenere
1919 1621 2025 1649 mortis
2040 1621 2128 1649 Ioan-

1273 1667 1329 1695 nis.
1351 1666 1457 1700 Tertio,
1479 1667 1673 1703 respondetur
1694 1667 1735 1701 ei,
1759 1668 1887 1696 Ioannem
1908 1675 1962 1696 non
1984 1675 2045 1697 esse
2065 1675 2128 1705 pas-

1274 1721 1383 1742 surum.
1413 1714 1535 1749 Quarto,
1564 1714 1728 1751 corriyicitr
1750 1714 1908 1743 intellectus
1929 1714 2126 1750 credentium,

1274 1761 1402 1789 Ioannem
1425 1768 1479 1789 non
1501 1768 1561 1789 esse
1582 1761 1762 1789 moriturum.
1810 1752 1814 1754 ⁴

1354 1807 1400 1835 [22.
1423 1807 1513 1843 (Vers.
1539 1807 1605 1842 18.).
1631 1807 1818 1844 Certificatur
1839 1816 1906 1845 ergo
1924 1809 2030 1837 Petrus
2043 1817 2059 1837 a
2074 1809 2127 1837 Do·
2145 1810 2172 1829 ⁰⁰
2184 1809 2250 1834 primo.

1274 1854 1350 1882 mino
1372 1854 1405 1882 de
1427 1862 1528 1891 genere
1551 1862 1617 1882 suae
1639 1854 1752 1888 mortis,
1774 1854 1878 1883 scilicet
1900 1863 1950 1892 pet·
1971 1855 2126 1892 passionem

1274 1904 1302 1930 et
1317 1909 1446 1935 crucem3
1468 1905 1495 1929 et
1518 1904 1548 1930 ut
1570 1905 1679 1930 certum
1695 1901 1807 1935 reddat,
1822 1901 1903 1930 dicit:
1920 1903 2027 1937 Amen,
2042 1911 2128 1931 amen

1274 1949 1339 1977 dico
1368 1948 1439 1981 tibi;
1467 1951 1495 1977 et
1523 1949 1590 1977 haec
1619 1951 1660 1977 est
1689 1948 1795 1985 passio,
1825 1948 1899 1985 quod
1928 1949 1956 1977 in
1978 1949 2055 1978 senio
2076 1957 2128 1978 suo
2278 1929 2296 2119 1

2278 2007 2280 2034 l

2277 2036 2281 2057 ι

1275 1996 1481 2032 crucifigendus
1509 1999 1581 2024 esset
1610 2004 1660 2032 pro
1688 1995 1817 2030 Citristo;
1846 1996 1920 2024 unde
1945 1996 2030 2025 dicit:
2054 1997 2128 2026 Cum

1274 2051 1348 2071 esses
1369 2043 1487 2076 amtor,
1510 2042 1645 2080 cinyebas
1675 2046 1700 2071 te
1720 2047 1745 2071 et
1767 2042 1957 2077 ambulabas,
1983 2043 2036 2072 ubi
2055 2044 2128 2073 vote-

430 2195 438 2208 ¹
456 2197 521 2219 Vers.
539 2197 561 2218 2.
579 2198 601 2218 et
618 2195 640 2217 3.
657 2207 688 2211 —
704 2196 814 2223 August,
832 2194 856 2216 in
873 2195 935 2217 loan.
946 2195 1035 2222 Evang.
1049 2196 1076 2216 tr.
1090 2194 1144 2216 123.
1155 2200 1177 2216 n.
1190 2194 1217 2216 5:

367 2236 400 2258 Sit
416 2235 502 2258 amoris
519 2235 635 2262 officium,
653 2240 749 2263 pascere
766 2234 909 2256 dominicum
928 2240 1039 2262 gregem,
1057 2233 1075 2256 si
1094 2233 1135 2255 suit
1152 2233 1219 2256 timo-

366 2276 398 2298 ris
415 2275 540 2302 indicium,
557 2280 643 2302 negare
660 2276 785 2302 pastorem.
808 2273 852 2302 Qui
875 2274 920 2296 hoc
941 2273 1019 2295 animo
1042 2275 1141 2301 pascunt
1162 2279 1219 2295 oves

366 2314 462 2342 Christi,
480 2317 505 2337 ut
521 2320 576 2336 suas
587 2313 658 2336 velint
669 2319 732 2339 esse,
746 2318 790 2335 non
802 2312 897 2341 Christi,
910 2318 934 2334 se
946 2312 1116 2335 convincuntur
1127 2318 1219 2339 amare,

366 2361 412 2377 non
429 2354 545 2377 Christum
562 2356 605 2376 etc.
622 2365 654 2370 —
671 2353 783 2381 Superius
800 2352 837 2374 ed.
854 2352 938 2374 omittit
954 2357 1003 2375 non
1015 2351 1123 2379 tondere,
1136 2350 1152 2374 C
1163 2351 1180 2373 N
1197 2353 1220 2374 et

367 2394 486 2417 Gorrauus
501 2399 550 2416 non
567 2391 694 2416 comedere.

429 2431 439 2444 ²
456 2432 586 2460 Cbrysost.,
604 2432 627 2454 in
651 2432 711 2454 loan.
733 2431 811 2453 homil.
835 2431 873 2453 88.
891 2430 956 2459 (alias
978 2430 1025 2459 87.)
1044 2436 1066 2452 n.
1087 2431 1110 2452 l:
1128 2430 1154 2452 Et
1170 2436 1219 2458 cur,

367 2472 417 2494 aliis
433 2471 614 2500 praetermissis,
632 2471 661 2493 de
678 2471 713 2493 his
730 2471 791 2493 hunc
808 2470 949 2499 alloquitur?

430 2509 440 2523 ³
457 2511 510 2533 Loc.
528 2511 551 2533 in
568 2510 720 2538 praecedente
737 2512 790 2532 nota
808 2510 846 2532 cit.

430 2549 441 2562 ‘³
457 2550 534 2578 Cyrill.
550 2550 684 2576 Alexandn,
703 2550 724 2571 in
742 2550 804 2572 loau.
821 2549 863 2576 21,
881 2548 964 2571 15-17ε
983 2549 1013 2571 Ex
1031 2554 1058 2571 eo
1075 2554 1144 2575 ver0,
1155 2548 1220 2577 quod

368 2589 481 2612 Dominus
497 2589 564 2611 dicit:
581 2589 655 2611 Pasce
672 2594 748 2617 aynos
770 2594 847 2616 meos,
871 2587 947 2610 traditi
969 2587 1015 2609 iam
1035 2587 1057 2609 ei
1079 2587 1220 2615 apostolatus

367 2629 487 2651 renovatio
509 2628 625 2657 quaedam
642 2634 693 2650 esse
713 2630 820 2650 censetur
844 2630 888 2650 etc.
909 2626 956 2650 Csr.
972 2627 1031 2649 infra
1048 2633 1071 2649 n.
1088 2626 1127 2649 37.
1143 2629 1165 2649 et
1182 2627 1220 2649 38.

368 2679 399 2684 —
416 2667 527 2695 Superius
548 2673 592 2695 pro
608 2666 806 2696 praemitteretur
822 2666 839 2689 C
853 2668 1038 2696 proponeretur,
1059 2666 1076 2688 N
1090 2671 1221 2695 praepone-

368 2708 444 2735 retur,
461 2706 499 2729 ed.
515 2706 694 2736 praeficeretur.

431 2744 441 2758 ⁵
458 2745 503 2769 Csr.
519 2752 590 2774 supra
607 2752 630 2768 n.
647 2746 685 2768 32.
702 2745 774 2768 verba
791 2745 923 2773 Augustini.

431 2784 441 2797 ⁶
460 2786 483 2807 ln
499 2785 560 2807 loan.
577 2785 666 2813 evang.
683 2787 710 2807 tr.
729 2784 782 2807 124.
798 2791 821 2807 n.
839 2784 860 2807 4.
877 2797 909 2801 —
926 2785 1038 2813 Superius
1055 2790 1098 2813 pro
1115 2783 1140 2807 in
1152 2790 1221 2814 quae-

368 2823 442 2848 rendo
459 2824 478 2846 D
495 2823 520 2846 in
542 2823 696 2853 inquirendo,
717 2826 739 2846 et
760 2823 860 2846 subinde
883 2830 926 2852 pro
949 2823 1120 2847 correctionem
1142 2824 1221 2851 plures

369 2863 438 2886 codd.
455 2862 639 2892 correptionmn‚
659 2863 697 2885 ed.
714 2862 947 2892 circumspectionem
964 2862 1037 2886 Petri.

432 2901 440 2914 ⁷
459 2903 527 2925 Marc.
545 2902 586 2930 tt,
604 2902 642 2924 29.
658 2914 689 2919 —-
705 2902 766 2925 Haec
783 2903 895 2931 expositio
912 2905 947 2925 est
961 2902 1090 2925 secundum
1103 2901 1221 2930 Cbrysost.

370 2947 440 2969 supra
457 2947 511 2969 pag.
529 2941 587 2968 525,
604 2943 658 2963 nota
678 2941 712 2963 11.
730 2942 863 2969 allegatum.
879 2953 910 2958 —
926 2941 1039 2969 Superius
1051 2947 1094 2969 pro
1106 2940 1220 2964 correctio

370 2986 430 3003 unus
446 2981 550 3009 alterque
566 2980 618 3003 cod.
636 2979 767 3009 correptio,
785 2981 821 3003 ed.
839 2980 1018 3010 circumspectio
1035 2981 1058 3004 ee
1073 2979 1205 3003 humilitas.

1338 2192 1347 2205 Β
1364 2194 1386 2216 111
1405 2193 1465 2215 ioan.
1478 2194 1565 2221 Evang.
1577 2195 1605 2215 tr.
1619 2193 1672 2215 123.
1683 2199 1704 2215 11.
1718 2193 1739 2215 5.
1752 2194 1815 2216 Hanc
1826 2193 1939 2215 rationem
1951 2193 2049 2215 afferunt
2059 2192 2127 2215 etiam
2284 2141 2288 2207 μ

1275 2233 1381 2261 Hieron.‚
1398 2233 1469 2260 Epist.
1486 2232 1525 2254 77.
1544 2232 1608 2260 (alias
1626 2232 1672 2261 30.)
1690 2239 1714 2255 n.
1732 2232 1758 2260 [ις
1775 2232 1853 2261 Cyrill.
1875 2232 1996 2255 Alexandr.
2018 2234 2041 2255 et
2057 2232 2129 2255 Theo·
2278 2259 2280 2263 ι

1276 2273 1389 2300 phylact,
1407 2272 1428 2293 in
1447 2273 1508 2294 loan.
1526 2272 1568 2299 21,
1587 2272 1623 2294 15,
1641 2278 1706 2301 seqq.

1339 2309 1349 2323 ⁹
1366 2310 1496 2339 Clirysost.,
1508 2311 1530 2333 in
1543 2312 1603 2334 loan.
1621 2312 1700 2334 homil.
1718 2312 1756 2334 88.
1774 2312 1838 2341 (alias
1856 2312 1903 2341 87.)
1921 2318 1944 2334 11.
1963 2312 1971 2333 l
1981 2313 1993 2334 z*
2005 2312 2051 2334 Ter
2063 2311 2129 2334 inter-

1276 2353 1343 2379 rogat
1360 2353 1382 2373 et
1401 2353 1434 2373 ter
1451 2350 1534 2373 eadem
1551 2351 1663 2378 imperat,
1681 2353 1706 2373 ut
1722 2351 1841 2380 ostendat,
1858 2351 1938 2380 quanti
1960 2350 2027 2373 faciat
2047 2351 2128 2374 ovium

1276 2396 1369 2417 curam,
1385 2392 1408 2412 et
1424 2391 1468 2412 hoc
1487 2390 1613 2412 maximum
1630 2396 1682 2412 esse
1697 2390 1784 2412 amoris
1800 2396 1855 2418 erga
1872 2396 1898 2413 se
1914 2392 2087 2418 argumentum.
2285 2396 2289 2441 1

1341 2427 1360 2440 ¹⁰
1377 2428 1440 2451 Libr.
1457 2430 1481 2451 11.
1498 2429 1581 2451 11011111.
1598 2429 1692 2456 genuin.
1714 2429 1793 2452 homil.
1812 2429 1848 2451 15.
1867 2429 1888 2451 111
1905 2429 1989 2457 Vigilia
2008 2428 2128 2452 beatorum
2286 2447 2289 2461 1

1277 2468 1356 2496 Apost.
1374 2468 1433 2490 Petri
1450 2470 1472 2490 et
1489 2468 1559 2490 Pauli.
1577 2467 1623 2490 Csr.
1640 2468 1719 2490 Glossa
1737 2467 1863 2491 ordinaria
1879 2468 1901 2491 in
1920 2469 1981 2491 loan.
1993 2468 2034 2496 21,
2048 2468 2085 2491 17.
2098 2480 2130 2485 -

1277 2507 1400 2534 Bernard„
1424 2507 1497 2529 Serm.
1519 2507 1541 2529 2.
1563 2507 1587 2529 in
1609 2509 1714 2534 tempore
1736 2507 1933 2534 Resurrectionis,
1955 2513 1976 2529 11.
1999 2507 2025 2529 3:
2048 2507 2129 2529 Emant

1277 2546 1376 2574 proinde
1388 2549 1491 2569 aromata
1503 2552 1545 2568 sua
1557 2548 1603 2568 tres
1615 2546 1736 2568 mulieres:
1749 2552 1828 2574 mens,
1841 2546 1932 2574 lingua,
1945 2552 2036 2568 manus.
2048 2546 2081 2568 De
2093 2545 2129 2568 his
2278 2546 2279 2562 1

1276 2585 1352 2614 enim,
1370 2589 1395 2608 ut
1410 2584 1517 2612 arbitror,
1534 2585 1614 2607 Petrus
1631 2585 1767 2608 mandatum
1785 2585 1874 2613 accepit
1890 2585 1956 2608 tertio
1972 2591 2068 2613 pascere
2080 2591 2130 2613 gre-

1277 2631 1331 2653 gem
1349 2624 1447 2647 Domini.
1466 2624 1551 2652 Pasce,
1570 2624 1656 2653 inquit,
1674 2628 1763 2651 mente;
1784 2630 1858 2654 pasce
1880 2630 1933 2653 ore,
1951 2630 2023 2654 pasce
2045 2630 2128 2652 opere,

1274 2669 1347 2693 pasce
1364 2663 1434 2685 animi
1451 2663 1568 2690 oratione,
1585 2663 1652 2685 verbi
1669 2664 1838 2690 exhortatione,
1860 2663 1957 2691 exempli
1981 2662 2128 2686 exhibitione.

1340 2701 1359 2715 ¹¹
1377 2702 1423 2725 Csr.
1439 2709 1509 2731 supra
1522 2709 1577 2730 pag.
1589 2702 1647 2730 525,
1659 2705 1713 2725 nota
1726 2703 1763 2725 13.
1774 2715 1805 2719 -
1817 2703 1860 2725 Ρ10
1872 2701 2052 2732 yrandiuscuti,
2065 2702 2129 2731 quod

1277 2743 1380 2765 nonnulli
1397 2742 1465 2765 codd.
1483 2742 1603 2770 omittunt,
1621 2743 1641 2765 M
1655 2742 1763 2772 perfecti.
2288 2767 2289 2770 Ἴ

1340 2780 1359 2794 ¹²
1378 2782 1437 2804 Vide
1453 2787 1524 2810 supra
1541 2788 1564 2804 11.
1581 2782 1619 2805 30.
1630 2794 1662 2798 -
1673 2782 1747 2809 Beda,
1763 2782 1786 2804 11.
1799 2781 1882 2804 Homil.
1894 2781 1988 2809 genuin.
2000 2780 2080 2803 homil.
2092 2780 2129 2803 15.
2272 2793 2279 2811 4

1278 2821 1301 2843 in
1317 2821 1402 2849 Vigilia
1420 2821 1541 2844 beatorum
1559 2821 1637 2849 Apost.
1655 2821 1714 2844 Petri
1735 2823 1758 2844 et
1781 2821 1860 2843 Pauli:
1881 2820 1935 2843 Veri
1958 2822 2035 2843 autem
2054 2822 2130 2848 pasto·
2275 2802 2290 2855 ’ᾗ

1277 2861 1333 2883 ris...
1350 2860 1446 2883 evidens
1462 2863 1484 2883 et
1501 2861 1602 2889 speciale
1619 2861 1729 2883 indicium
1747 2863 1793 2888 est,
1810 2866 1864 2882 cum
1881 2860 2010 2889 quisquis...
2034 2865 2129 2888 quoque
2287 2858 2290 2896 1

1277 2900 1349 2922 vitam
1367 2906 1409 2928 pro
1427 2906 1499 2928 grege
1516 2899 1600 2923 Christi
1616 2905 1703 2928 ponere
1721 2900 1742 2921 in
1760 2901 1870 2928 promptu
1888 2898 1964 2921 habet.
1981 2899 2046 2921 Unde
2068 2904 2129 2920 nunc

1277 2939 1339 2967 ipse,
1357 2941 1481 2967 postquam
1504 2939 1633 2967 pascendas
1654 2945 1711 2961 oves
1727 2945 1781 2961 suas
1798 2939 1888 2961 Petro...
1905 2937 2033 2964 commisit,
2050 2936 2129 2960 subse·
2288 2931 2291 2957 1

1278 2981 1375 3006 quenter
1391 2979 1493 3006 addidit,
1510 2978 1601 3001 dicens:
1618 2980 1706 3007 Amen,
1723 2984 1793 3001 amen
1810 2977 1861 3001 dico
1879 2976 1921 3001 tibi
1935 2980 1979 3000 etc.
2288 2995 2291 3023 1
