2296 3316
3 2950 6 2964 ..
6 2927 8 2938 s
0 2651 13 2900 ...‹„„,.,—‹„5..„q-.„3.-eg-G
0 2622 5 2644 ι·-

882 173 1128 203 PROLEGOMENA
1149 175 1177 203 C.
1200 175 1217 202 I.
1895 183 1926 211 lX

229 253 250 276 d.
268 254 290 276 111
308 256 364 276 tom.
381 254 405 276 11.
428 253 470 275 col.
494 252 628 276 ⁴039-to52
651 253 859 276 Commentariolus
881 253 904 276 in
922 259 973 281 cap.
992 252 1018 281 4,

166 302 187 324 8.
204 302 277 330 Apoc.
296 301 326 324 de
348 301 453 324 doctrina
475 301 623 329 evangelica:
642 301 753 330 Quattuor
769 293 898 329 animatia,
921 300 1019 330 sinqula

165 354 249 372 eorum
265 347 382 372 habebant
398 348 452 372 alas
469 354 539 372 senas
557 352 600 371 etc.

229 401 248 418 e.
266 395 324 417 ibid.
341 395 384 418 col.
400 395 533 417 1033-1113
550 394 758 418 Commentariolus
770 395 791 417 in
807 396 858 422 cap.
871 396 898 422 5,
914 395 932 417 1,
945 395 1017 422 Apoc.

164 443 194 465 de
211 443 384 471 scripturarum
401 448 420 465 s.
437 442 549 470 dignitate
564 444 587 465 et
597 442 746 465 excellentia:
769 441 822 465 Vidi
831 441 855 465 in
873 440 974 465 dextera
985 447 1018 465 se-

154 490 240 514 dentis
256 496 333 520 supi-ct
350 490 465 514 thronum
483 488 573 513 librum
589 493 634 513 etc.

227 537 405 561 Observandum
423 540 470 565 est,
486 538 661 566 inscriptionem
681 538 819 566 Tractutus,
839 538 874 560 vel
897 530 1017 561 Commen-

165 584 279 614 ταν-101118,
298 591 352 608 cum
373 584 605 608 determinationibus
626 584 654 608 cte
670 584 749 609 studio
771 583 909 608 divinarum
927 585 1016 608 littera-

163 639 220 656 rum
237 635 293 660 ete,
311 637 358 656 11011
374 632 471 655 inveniri
490 633 513 655 in
530 632 663 660 codicibus,
681 633 723 655 sed
735 636 853 656 auctorem
872 630 1017 656 habere'edi-

163 683 245 702 torem.
262 680 323 702 Bene
339 680 430 702 monuit
446 680 553 702 laudatus
565 680 589 702 P.
606 680 673 702 Ehrle
685 680 707 702 S.
721 680 734 702 i.
754 680 805 709 (loc.
824 680 861 702 cit.
874 671 928 708 pag.
948 679 1015 709 495),

163 726 284 755 proprium
302 723 387 749 nomen
410 727 489 749 talium
507 727 537 749 de
559 727 677 755 Scriptura
700 727 825 749 lectionum
848 729 922 749 aetate
939 727 1018 749 media

163 773 234 796 fuisse
247 770 396 803 principium
413 773 438 797 irc
450 773 616 803 scripturam,
633 780 681 803 quo
693 774 868 802 significabatur
882 774 918 796 illa
935 774 1015 803 lectio,

163 826 223 849 quae
245 820 383 849 expositioni
408 821 467 843 sacri
491 823 564 843 textus
580 820 696 848 praemitti
722 820 810 843 solebat
835 827 862 843 ac
883 821 1015 849 generalem

162 867 281 896 quandam
299 867 329 890 de
346 867 478 895 Scripturae
495 868 627 890 excellentia
644 868 681 890 vel
693 867 770 890 studio
787 868 917 890 doctrinam
936 870 1015 890 tracta-

163 915 210 938 bat.
228 915 257 938 lta
275 915 344 938 etiam
362 915 524 943 intelligendus
541 918 576 938 est
592 915 671 938 titulus
688 915 793 944 opusculi
811 915 897 944 spurii,
915 915 944 938 de
967 919 1015 944 quo

162 969 235 991 supra
250 962 264 991 S
280 963 302 985 2.
320 963 388 985 locuti
405 969 495 986 sumus.
514 963 579 986 Plura
598 965 675 986 autem
694 963 829 986 huiusmodi
840 962 959 993 principia
976 962 1013 986 Fr.

162 1010 254 1032 Petrum
272 1009 331 1032 olivi
343 1009 475 1038 scripsisse,
493 1010 554 1032 idem
573 1010 600 1032 cl.
612 1012 693 1032 auctor
710 1009 795 1038 probat
807 1009 876 1039 (ibid.
890 1016 944 1038 pag.
959 1010 1014 1040 460)

161 1062 203 1085 per
212 1056 343 1085 catalogum
356 1056 509 1080 bibliothecae
522 1057 653 1080 Pontificiae
664 1057 782 1080 Avenione
795 1063 832 1079 an.
844 1057 904 1080 1369
917 1057 961 1080 sub
973 1058 1015 1081 Ur-

162 1103 222 1126 bano
241 1104 267 1126 V.
285 1104 409 1133 scriptum,
429 1104 451 1126 in
468 1111 515 1133 quo
538 1104 633 1133 legitur:
655 1114 666 1125 «
680 1105 734 1128 381.
756 1106 824 1135 itemy
838 1105 961 1135 principia
978 1112 1014 1135 ye-

161 1151 255 1175 neralia
271 1158 344 1182 supet·
361 1157 433 1176 sacra
450 1152 573 1182 scriptura
594 1155 616 1175 et
633 1153 703 1176 dictio
721 1159 763 1182 per
784 1155 878 1176 fratrem
896 1153 1014 1184 P[etrum]

160 1200 250 1222 loannis
267 1206 294 1223 ac
311 1200 381 1222 multa
399 1200 441 1222 alia
454 1200 475 1222 111
494 1200 577 1223 eodeni
590 1201 707 1223 volumine
721 1204 831 1230 cooperto
851 1203 915 1225 corio
932 1203 1014 1230 viridi,

160 1248 189 1270 de
206 1247 280 1270 littera
296 1248 387 1276 curiali,
409 1254 456 1277 qne
477 1248 590 1276 incipiunt
611 1248 633 1270 in
651 1249 754 1272 secundo
777 1249 843 1272 folio:
864 1256 909 1279 pm·
932 1256 1013 1280 corpo-

160 1295 290 1323 rationem,
308 1297 330 1317 et
346 1295 428 1318 finiunt
444 1295 468 1317 in
486 1295 613 1324 penultimo
630 1296 697 1319 solio:
714 1296 855 1326 apposite».

222 1342 346 1374 Praedicta
358 1343 429 1371 igitur
451 1343 555 1372 quinque
579 1341 700 1373 Principia
723 1343 846 1373 qenerctlia
869 1345 952 1367 sumsit
970 1345 1013 1367 Bo-

160 1390 211 1413 nelli
234 1396 259 1413 ex
277 1391 329 1413 cod.
348 1391 398 1413 Vat.
415 1397 438 1413 n.
456 1391 510 1413 918.
526 1396 597 1419 supra
615 1391 628 1419 S
644 1391 667 1414 7.
685 1392 735 1414 fuse
752 1392 877 1420 descripto.
896 1393 942 1415 Sed
960 1399 1014 1422 qua-

159 1437 213 1460 dam
231 1437 332 1460 auctoris
353 1438 494 1466 negligentia
518 1438 541 1460 in
565 1439 699 1461 recensione
721 1445 748 1462 ex
766 1440 893 1463 Prodromo
916 1446 928 1462 a
946 1440 1013 1463 nobis

160 1485 296 1514 transcripta
313 1488 348 1508 est
364 1486 476 1509 omissum
495 1487 634 1514 opusculum
647 1486 692 1509 sub
709 1486 722 1509 b
738 1487 849 1509 relatum:
867 1487 927 1510 Cum
938 1494 1013 1511 essem

160 1531 184 1555 in
201 1531 277 1555 medio
290 1532 450 1562 captivorum,
468 1539 522 1556 cum
535 1533 584 1561 ipse
596 1534 680 1556 Bonelli
698 1534 720 1556 in
732 1534 894 1556 Admonitione
911 1535 1012 1562 praefixa

161 1580 291 1608 (Supplem.
307 1580 322 1602 l.
341 1580 383 1603 col.
401 1580 456 1610 282)
478 1583 577 1609 asserat,
595 1581 651 1603 illud
672 1586 723 1604 esse
740 1587 767 1603 ex
789 1581 851 1604 dicto
874 1581 954 1604 codice
972 1582 1012 1604 de-

159 1627 285 1656 scriptum,
302 1630 325 1650 et
341 1634 366 1650 re
383 1634 439 1650 vera
457 1628 478 1650 in
502 1634 529 1650 eo
547 1627 671 1657 habeatur,
694 1630 750 1651 teste
773 1628 796 1651 P.
815 1628 881 1651 Ehrle
904 1628 955 1658 (loc.
974 1629 1012 1651 cit.

160 1680 213 1702 pag.
232 1674 296 1705 495).
312 1687 344 1692 —
360 1676 457 1703 Insuper
479 1676 606 1698 notandum
624 1678 670 1704 est,
693 1677 750 1699 haec
772 1676 877 1705 quinque
899 1677 1012 1704 opuscula

160 1721 190 1744 ibi
207 1728 259 1745 esse
275 1728 413 1753 anonyma;
430 1723 494 1752 quod
506 1729 532 1745 ex
549 1722 629 1746 verbis
640 1723 717 1746 relatis
734 1726 811 1752 patet,
829 1726 916 1752 etpost
933 1727 1012 1747 aucto-

159 1776 208 1792 rem
226 1771 325 1798 catalogi
342 1770 447 1793 eiusdem
470 1770 622 1794 bibliothecae
647 1771 769 1803 confltetur
791 1772 841 1800 ipse
863 1772 958 1795 Bonelii.
977 1771 1012 1795 Ab

159 1818 259 1846 utroque
284 1817 320 1840 illa
341 1816 474 1841 tribuuntur
497 1819 673 1841 Bonaventurae
695 1820 738 1841 hac
756 1819 883 1847 praecipue
908 1819 1012 1849 ratione,

159 1865 219 1894 quia
231 1865 380 1888 inveniuntur
398 1866 420 1888 in
431 1866 510 1888 medio
527 1866 587 1888 inter
598 1865 646 1889 duo
664 1872 746 1895 opera,
763 1872 824 1896 quac
836 1866 868 1889 ibi
887 1872 1011 1895 perperam

158 1912 267 1936 dicuntur
284 1918 335 1936 esse
352 1913 562 1937 Bonaventuriana.

221 1961 313 1993 Praeter
330 1961 391 1984 hunc
408 1961 480 1984 altero
497 1961 599 1990 quodam
618 1961 699 1984 codice
715 1967 776 1984 saec.
793 1961 844 1984 XV.
867 1962 890 1984 in
907 1968 951 1985 sua
966 1963 1013 1985 edi-

158 2008 220 2030 tione
237 2014 293 2031 usus
310 2010 344 2031 est
360 2008 384 2030 P.
402 2008 488 2031 Bened.
505 2008 600 2032 Bonelll.
620 2008 661 2031 Hic
678 2011 732 2031 tunc
749 2008 852 2032 exstabat
870 2010 972 2033 Venetiis
989 2011 1012 2033 in

158 2054 297 2078 bibliotheca
314 2055 447 2078 Conventus
459 2056 483 2078 S.
496 2054 671 2079 Bonaventurae
685 2056 798 2079 Minorum
811 2057 997 2080 Reformatorum
1005 2067 1010 2085 ;

157 2103 187 2125 de
203 2108 251 2132 quo
268 2102 330 2126 idem
347 2104 417 2126 refert
436 2103 565 2132 (Prodrom.
583 2104 627 2126 col.
647 2103 690 2126 188
708 2104 780 2133 seq.):

221 2149 259 2172 26.
276 2149 301 2173 S.
313 2150 485 2173 Beneventum
497 2149 524 2173 de
536 2149 694 2180 Intelliqentz'a
705 2156 790 2174 sacrae
806 2150 957 2180 scripturae.
971 2151 1010 2173 Sic

157 2197 237 2220 litteris
252 2197 337 2220 rubris.
361 2197 442 2226 lncipit
460 2204 472 2220 a
496 2198 533 2221 fol.
550 2198 571 2220 ’1,
590 2198 642 2221 cod.
664 2199 737 2221 chart.
754 2203 813 2221 saec.
832 2199 883 2222 XV.
900 2199 923 2221 in
941 2199 1009 2222 folio:

160 2243 214 2268 Vidi
229 2244 254 2268 in
270 2244 371 2269 dextera
387 2245 494 2269 sedentis.
512 2247 565 2269 Post
588 2246 690 2274 primum
713 2247 782 2269 huius
799 2246 906 2275 opusculi
929 2247 1010 2270 folium

157 2292 333 2321 interrumpitur
350 2297 444 2320 sensus,
461 2294 490 2315 ita
509 2296 534 2315 ut
550 2293 579 2316 ad
598 2294 635 2316 sol.
655 2294 683 2316 15
701 2294 740 2316 flat
756 2288 834 2317 saltus.

220 2339 257 2362 27.
275 2340 298 2363 in
315 2339 370 2363 illud
383 2340 535 2369 Apocalypsis
547 2341 573 2364 τίς
592 2340 702 2370 Quatuor
713 2341 842 2370 animalia,
861 2341 959 2372 sz‘nyula
975 2349 1009 2366 eo-

157 2393 243 2411 rum...
261 2388 393 2411 posthunc
415 2392 544 2418 sequnntur
561 2389 644 2412 eadem
667 2390 710 2412 tria
726 2390 838 2418 opuscula
861 2393 885 2413 ut
910 2390 931 2413 in
955 2391 1008 2414 cod.

158 2435 270 2459 Vaticano
287 2442 308 2458 n.
326 2436 385 2465 918,
407 2439 429 2459 et
446 2436 554 2465 quidem,
576 2439 601 2459 ut
618 2437 703 2459 Bonelli
720 2433 838 2466 observat,
859 2446 870 2458 α
882 2438 948 2467 quasi
967 2444 1010 2466 per

157 2484 254 2507 modum
272 2484 374 2507 continui
391 2484 481 2513 absque
499 2485 543 2507 ullo
561 2485 638 2520 titulo,
655 2485 695 2508 sed
714 2485 828 2513 incipiens
843 2492 856 2508 a
875 2488 971 2508 textu».

220 2532 287 2555 Solus
304 2533 373 2561 igitur
390 2533 507 2555 secundus
524 2533 577 2555 cod.
597 2533 711 2562 sequioris
734 2533 814 2555 aetatis
831 2533 935 2561 explicite
953 2534 1010 2556 haec

157 2580 268 2608 opuscula
280 2578 384 2602 attribuit
401 2580 522 2608 seraphico
534 2578 635 2602 Doctori.
653 2580 697 2603 Sed
714 2579 809 2602 omnino
826 2580 922 2603 maioris
933 2583 1010 2603 aucto-

156 2627 229 2650 ritatis
245 2630 280 2650 est
296 2628 347 2650 cod.
365 2633 425 2650 saec.
443 2627 499 2650 xiii.
516 2625 669 2651 bibliothecae
681 2627 805 2651 Nationalis
822 2627 957 2651 Parisiensis
974 2635 1010 2651 su-

157 2664 199 2702 pra'
216 2674 239 2703 (S
250 2674 282 2704 7.)
301 2674 440 2703 descriptus.
451 2674 492 2698 Hic
510 2674 586 2703 primo
598 2674 648 2698 loco
665 2673 735 2698 habet
747 2676 804 2698 haec
820 2675 925 2704 quinque
942 2675 1009 2699 Prin-

157 2721 218 2751 cipia
235 2721 358 2751 generalla
370 2721 400 2744 ab
413 2721 508 2750 antiqua
525 2727 596 2744 manu
608 2722 644 2744 Fr.
658 2721 724 2744 Petro
737 2721 797 2744 Olivi
809 2721 907 2749 tributa,
924 2725 946 2744 et
964 2728 1009 2745 non

156 2769 257 2791 continet
273 2769 317 2792 nisi
334 2768 419 2797 scripta
441 2769 498 2797 ipsi,
516 2772 541 2792 ut
557 2769 651 2792 aliunde
675 2769 768 2798 probari
787 2771 873 2798 potest,
891 2773 953 2792 certo
971 2770 1010 2792 tri-

157 2816 259 2839 buenda.
271 2817 377 2844 Accedit,
389 2816 465 2846 quod,
478 2819 535 2839 teste
552 2817 590 2839 1110
603 2817 708 2845 catalogo
720 2816 764 2839 suh
776 2816 870 2840 Urbano
885 2818 910 2839 V.
923 2818 1009 2846 scripto

157 2866 179 2886 et
191 2870 261 2892 supra
273 2863 295 2893 (g
307 2864 329 2886 7.
338 2853 402 2887 ¹circa
415 2863 494 2892 tinem)
507 2863 575 2886 citato
583 2882 588 2892 ‚
600 2864 681 2887 Petrus
692 2863 752 2887 Olivi
765 2866 827 2886 certo
839 2860 931 2892 scripsit
943 2864 1009 2887 Prin-

157 2909 218 2940 sipia
234 2910 357 2940 yeueralia
372 2911 395 2933 in
412 2917 430 2933 s.
449 2911 601 2939 Scripturam.
612 2911 670 2934 Cum
683 2911 753 2934 etiam
766 2911 814 2939 ipsa
826 2904 916 2934 indoles
928 2917 1010 2933 eorun-

157 2955 211 2978 dem
229 2956 317 2984 optime
329 2959 444 2985 congruat
460 2956 570 2984 singulari
588 2956 681 2985 ingenio
698 2956 817 2984 eiusdem,
835 2957 1009 2979 assentiendum

157 3008 208 3025 esse
225 3007 348 3026 censemus
360 3002 453 3026 duobus
470 3001 615 3031 peritissimis
627 3002 740 3026 librorum
753 3003 812 3026 illius
824 3004 904 3026 aetatis
917 3003 1010 3026 investi-

252 3049 279 3073 S.
297 3050 387 3074 Bonav.
397 3063 429 3068 —
442 3051 511 3074 Tom.
528 3052 566 3075 Vl.

1077 252 1209 282 gatoribus⁷
1222 254 1271 276 5011.
1289 254 1312 276 Ρ.
1330 255 1397 277 Ehrle
1414 256 1436 277 S.
1455 256 1468 277 l.
1487 259 1509 279 et
1525 259 1578 280 ante
1595 257 1671 285 ipsum
1690 259 1713 281 1).
1730 260 1813 288 Fideli,
1825 267 1925 290 quorum

1076 304 1174 328 uterque
1192 300 1287 328 proprio
1305 307 1348 323 suo
1365 302 1441 325 studio
1467 305 1489 325 et
1514 304 1708 328 documentorum
1733 308 1927 336 pervestigatione

1076 347 1199 374 cognovit,
1217 348 1273 369 haec
1296 348 1417 378 Principia
1444 350 1567 378 yemeratz‘iz
1589 354 1706 375 auctorem
1734 354 1819 377 habere
1839 356 1927 379 dictum

1075 393 1168 415 Petrum
1187 394 1276 416 loannis
1293 394 1359 417 Olivi.

1138 441 1152 469 Ξ
1169 442 1190 463 9.
1208 440 1238 464 De
1255 440 1418 466 Commentario
1436 443 1460 466 in
1477 444 1642 476 Apoealypsim.

1138 488 1294 511 Praemittitur
1311 489 1423 518 Prologus
1440 490 1547 514 Gilberti:
1567 492 1667 521 Omnes,
1686 495 1728 524 qui
1742 496 1779 525 pie
1796 496 1880 521 volunt
1895 499 1925 521 >ri-

1072 541 1128 558 vere
1146 534 1170 557 in
1189 535 1290 559 Christo.
1316 537 1398 565 lncipit
1423 538 1539 566 Expositio
1557 540 1579 562 in
1606 541 1742 569 Prologum:
1761 543 1926 568 Praemttcitw·

1074 580 1130 604 huic
1147 580 1215 604 libro.

1137 629 1155 650 Α
1173 629 1197 651 P.
1214 630 1299 652 Bonelli
1318 631 1408 659 (Prodr.
1425 633 1468 655 col.
1495 634 1539 656 316
1558 633 1605 656 tab.
1623 635 1702 665 xvu.>
1720 637 1749 659 de
1767 639 1868 666 quadam
1889 646 1927 662 an-

1074 676 1137 705 tiqua
1156 676 1242 700 6103311
1260 677 1283 700 in
1302 678 1470 709 Apocalypsim
1489 682 1545 703 haec
1567 683 1665 705 refertur
1690 690 1717 706 ex
1743 685 1871 709 Annalibus
1894 691 1927 715 ty-

1073 725 1224 753 pographicis
1242 726 1360 749 Michaelis
1375 727 1496 750 Maittaire:
1518 738 1528 749 ι(
1542 727 1724 754 Βοηαυεηιίιιναρ
1737 732 1823 756 Glossa
1835 734 1857 756 in
1869 734 1928 763 Apo-

1073 771 1186 800 calypsim
1213 772 1235 795 4.
1260 773 1351 801 Lipsiae
1378 773 1474 797 11181».
1495 776 1638 800 Loescherus
1663 777 1784 806 observat,
1810 786 1926 803 summam

1073 819 1142 842 huius
1159 819 1210 842 libri
1229 825 1291 849 esse,
1309 822 1398 844 Turcas
1410 823 1547 850 propediem
1565 830 1617 847 esse
1635 825 1798 854 destruendos,
1815 828 1927 855 priinum-

1073 873 1119 896 que
1137 867 1199 890 hunc
1215 868 1300 891 librum
1326 875 1376 892 esse
1402 870 1492 898 Lipsiae
1518 872 1672 901 impressum,
1691 876 1746 896 testo
1764 875 1779 897 1.
1798 875 1812 897 Ι.
1835 876 1926 899 Msillero

1072 914 1096 936 in
1114 914 1261 937 incunabulis
1286 918 1426 945 typograph.
1453 918 1542 946 Lipsiae
1563 924 1619 947 pag.
1646 920 1659 942 9
1687 923 1741 943 tom.
1771 923 1791 944 1.
1816 926 1876 950 part.
1902 925 1923 946 ⁴2.

1072 966 1126 989 pag.
1145 961 1199 984 427.
1216 963 1239 984 ln
1257 965 1309 986 nota
1328 964 1364 986 ille
1381 964 1458 987 addit:
1478 966 1617 989 «Hactenus
1635 968 1718 990 frustra
1736 975 1747 990 a
1768 975 1804 991 me
1822 970 1926 998 quaesita

1072 1009 1141 1031 etiam
1159 1010 1251 1038 Lipsiae
1263 1019 1285 1033 n.
1302 1023 1333 1028 —
1352 1012 1396 1034 Nec
1414 1018 1457 1034 nos
1479 1013 1565 1036 fuimus
1591 1014 1711 1037 feliciores.
1739 1017 1762 1038 in
1789 1016 1926 1046 Ilepertm'l'o

1071 1057 1183 1079 Ludovici
1200 1058 1258 1080 ilain
1276 1065 1321 1081 non
1339 1059 1364 1081 fit
1381 1060 1467 1083 mentio
1485 1061 1553 1083 huius
1566 1060 1677 1090 Glossue,
1696 1069 1738 1086 nec
1751 1063 1805 1086 alibi
1822 1065 1926 1093 reperire

1071 1105 1204 1133 potuimus,
1222 1112 1283 1134 quae
1300 1109 1321 1129 et
1339 1107 1415 1135 qualis
1431 1108 1460 1130 sit
1477 1108 1517 1130 ista
1538 1108 1631 1132 Glossa.

1135 1153 1232 1175 loannes
1249 1154 1279 1175 de
1296 1154 1315 1175 la
1333 1154 1396 1182 Haye
1414 1154 1468 1177 Ord.
1483 1156 1541 1183 Min,
1560 1157 1638 1179 multis
1656 1158 1685 1180 de
1703 1158 1821 1186 Scriptura
1834 1160 1926 1187 scriptis

1071 1200 1126 1222 satis
1143 1203 1225 1228 notus,
1243 1202 1305 1223 hunc
1322 1201 1520 1225 Commentarium
1547 1205 1638 1232 primus
1663 1205 1736 1228 edidit
1754 1206 1846 1229 Parisiis
1865 1207 1924 1230 ,1647

1071 1246 1093 1268 in
1112 1247 1148 1270 sol.
1167 1253 1269 1276 eumque
1286 1248 1427 1272 Alexandro
1445 1249 1473 1272 de
1489 1250 1560 1274 Hales
1578 1254 1602 1274 ut
1619 1253 1706 1274 auctori
1729 1253 1851 1281 inscripsit.
1877 1255 1925 1277 Hoc

1071 1294 1123 1316 feeit
1141 1294 1187 1317 fide
1212 1296 1281 1317 unius
1305 1296 1393 1319 codicis
1418 1297 1568 1326 Antverpiani
1590 1302 1613 1321 et
1638 1300 1738 1322 duorum
1762 1301 1867 1324 virorum
1893 1309 1927 1325 re-

1071 1341 1212 1369 centiorum,
1230 1343 1278 1365 scil.
1295 1344 1386 1366 Henrici
1410 1344 1500 1373 timot,
1527 1346 1567 1374 qui
1590 1352 1614 1369 se
1641 1348 1701 1370 hunc
1724 1347 1923 1372 Commentarium

1071 1389 1094 1411 in
1111 1388 1251 1413 bibliotheca
1268 1391 1426 1419 Antvcrpiana
1444 1393 1548 1415 Fratrum
1567 1394 1680 1417 Minorum
1699 1395 1785 1417 vidisse
1797 1398 1925 1423 attestatur,

1071 1439 1093 1459 et
1111 1437 1200 1459 loannis
1217 1437 1290 1461 Pitsei
1305 1438 1327 1460 in
1347 1438 1405 1461 libro
1423 1439 1452 1461 de
1470 1440 1626 1468 scriptoribus
1643 1442 1745 1471 Anglicis
1762 1443 1792 1465 ad
1804 1450 1842 1465 an.
1858 1443 1926 1466 1213.

1071 1484 1149 1507 Editor
1168 1485 1189 1507 in
1207 1486 1349 1508 Praefatione
1367 1487 1461 1509 certum
1478 1493 1529 1510 esse
1552 1489 1683 1518 contendit,
1701 1490 1857 1513 Alexandrum
1876 1491 1925 1513 Hal.

1070 1533 1132 1555 hunc
1144 1532 1343 1556 Commentarium
1362 1535 1529 1564 composuisse,
1545 1545 1555 1556 u
1566 1537 1702 1564 praesertim
1715 1543 1768 1560 cum
1787 1531 1836 1566 ipsa
1850 1539 1922 1561 verba

1070 1579 1177 1607 spiritum
1204 1583 1225 1602 et
1251 1581 1404 1604 cruditionem
1431 1582 1552 1605 Alexandri
1570 1583 1599 1606 de
1622 1584 1689 1607 Hales
1707 1572 1847 1608 redoleant...
1866 1585 1924 1608 ratio

1068 1627 1177 1656 suadeat,
1195 1629 1260 1651 stilus
1277 1629 1371 1656 doceat,
1388 1630 1509 1653 contirmct
1526 1631 1611 1654 veritas
1623 1640 1644 1653 n.
1663 1632 1751 1655 Laudat
1763 1632 1831 1655 ctiam
1850 1634 1922 1656 admi-

1069 1674 1166 1697 rabilem
1183 1676 1261 1703 operis
1281 1685 1292 1696 α
1305 1677 1473 1705 eruditionem,
1495 1679 1662 1701 sententiarum
1687 1680 1880 1709 profunditatem,
1899 1681 1921 1703 in

1069 1721 1244 1744 difficultatibus
1261 1723 1391 1746 enodandis
1408 1725 1533 1747 maximam
1551 1726 1712 1749 claritatem».

1132 1769 1232 1791 Alteram
1250 1770 1384 1799 editionem,
1401 1772 1441 1794 sed
1460 1772 1485 1795 S.
1504 1772 1686 1796 Benacenturue
1704 1774 1846 1802 inscriptam,
1859 1781 1924 1797 cura-

1069 1818 1102 1839 vit
1118 1818 1140 1839 Ρ.
1159 1818 1297 1841 Benedictus
1314 1819 1399 1841 Bonelli
1417 1819 1439 1841 in
1457 1823 1513 1842 tom.
1531 1821 1554 1843 11.
1571 1821 1606 1843 5111
1624 1820 1789 1851 Supplemenlz'
1806 1822 1919 1851 (Trident.

1069 1864 1148 1894 ⁴773),
1160 1870 1231 1894 qnam
1245 1865 1345 1893 copiosis
1363 1866 1484 1895 doctisque
1497 1867 1557 1889 notis
1570 1867 1697 1890 illustravit.
1710 1868 1773 1891 idem
1787 1869 1807 1890 in
1820 1870 1921 1897 praelixa

1068 1912 1241 1935 praelocutione
1258 1916 1280 1935 ct
1292 1913 1314 1935 in
1327 1913 1448 1936 Prodrom.
1466 1914 1518 1943 (col.
1530 1914 1575 1936 648
1588 1916 1664 1944 seqq.)
1677 1915 1732 1938 satis
1748 1914 1869 1945 probavit,
1882 1917 1923 1939 im-

1069 1960 1151 1982 merito
1169 1966 1181 1981 a
1208 1960 1284 1988 primo
1307 1960 1396 1983 editore
1418 1967 1478 1989 opus
1503 1961 1638 1984 attributum
1662 1968 1712 1985 esse
1738 1963 1866 1986 Alexandro
1892 1964 1921 1987 de

1068 2007 1145 2030 Hales.
1162 2007 1251 2030 Evincit
1268 2008 1343 2037 enim,
1361 2009 1521 2031 auctoritatem
1539 2009 1604 2031 istius
1616 2010 1702 2033 codicis
1714 2010 1863 2039 Antverpiani
1876 2018 1922 2034 non

1068 2060 1119 2077 esse
1136 2055 1214 2083 magni
1233 2056 1357 2084 momenti,
1375 2062 1429 2078 cum
1447 2056 1501 2078 1111111
1520 2056 1608 2079 dictum
1626 2057 1655 2079 sit
1671 2057 1700 2080 dc
1718 2057 1767 2080 eius
1779 2058 1920 2087 antiquitate,

1068 2102 1180 2132 variaque
1196 2103 1273 2126 adsint
1290 2103 1387 2131 indicia,
1400 2104 1464 2133 quod
1476 2104 1505 2126 sit
1516 2104 1650 2127 recentioris
1668 2105 1748 2129 aetatis
1761 2105 1827 2134 (ibid.
1842 2113 1864 2128 n.
1877 2106 1922 2135 3.);

1068 2150 1129 2172 duos
1145 2149 1215 2172 etiam
1234 2152 1302 2172 testes
1320 2150 1402 2173 citatos
1414 2150 1509 2173 minime
1526 2157 1577 2173 esse
1598 2160 1609 2171 «
1623 2151 1685 2173 omni
1698 2151 1832 2180 exceptione
1851 2152 1923 2174 maio-

1068 2204 1106 2220 res
1118 2206 1128 2217 »
1151 2198 1181 2226 (n.
1200 2196 1244 2227 4.);
1263 2196 1364 2226 denique
1383 2197 1448 2226 plura
1462 2198 1484 2220 in
1497 2198 1548 2226 ipso
1560 2203 1632 2226 opere
1644 2198 1742 2221 inveniri
1757 2198 1848 2226 indicia,
1862 2206 1921 2228 quae

1068 2245 1195 2272 insinuant,
1207 2244 1291 2267 librum
1301 2250 1352 2268 esse
1363 2245 1476 2273 scriptum
1490 2249 1542 2273 post
1554 2246 1676 2268 Alexandri
1689 2249 1786 2268 mortem
1803 2247 1828 2275 (ἢ
1846 2246 1921 2276 1245).

1068 2293 1139 2320 Nam,
1151 2292 1237 2321 inquit,
1254 2301 1264 2312 «
1276 2298 1330 2314 cum
1343 2295 1424 2315 auctor
1436 2292 1534 2315 disserat
1545 2293 1575 2315 dc
1587 2293 1653 2315 beata
1672 2293 1736 2315 Clara
1754 2300 1800 2316 non
1819 2294 1881 2316 velut
1898 2294 1921 2316 in

1068 2340 1136 2362 terris
1152 2340 1229 2362 adhuc
1246 2342 1340 2367 agente,
1358 2339 1397 2362 sed
1411 2339 1434 2362 111
1446 2340 1515 2362 caelis
1531 2343 1623 2362 aeterna
1642 2339 1749 2362 beatitate
1761 2340 1845 2363 donata
1855 2358 1860 2367 ,
1873 2341 1923 2363 eius

1068 2387 1203 2410 meminisse
1220 2394 1266 2410 non
1283 2387 1357 2415 potuit
1373 2388 1430 2410 citra
1449 2387 1595 2416 prophetiam
1613 2387 1741 2410 Alexander
1754 2388 1866 2416 italensis,
1880 2388 1919 2417 qui

1068 2435 1125 2458 obiit
1142 2442 1179 2458 an.
1197 2435 1272 2463 4245,
1289 2435 1356 2458 Clara
1380 2441 1437 2457 vero
1462 2434 1518 2458 abiit
1535 2435 1564 2458 ad
1582 2436 1698 2463 Sponsum
1717 2441 1752 2457 an.
1785 2435 1841 2457 1253
1867 2436 1920 2458 San-

1068 2485 1207 2511 ctorumque
1225 2481 1288 2505 fastis
1305 2482 1420 2510 adscripta
1433 2484 1468 2505 est
1479 2488 1515 2504 an.
1532 2482 1598 2504 1255.
1611 2482 1739 2511 Nequidem
1752 2480 1830 2504 dicere
1847 2483 1921 2510 potuit

1068 2530 1173 2553 Halensis
1185 2529 1239 2552 illud
1251 2530 1316 2559 quod
1328 2532 1433 2552 cantatur
1446 2530 1475 2552 de
1487 2529 1554 2552 beato
1567 2529 1677 2552 Antonio:
1694 2538 1704 2549 α
1718 2529 1824 2552 Veritatis
1843 2530 1922 2552 iaculis

1068 2584 1143 2607 aeque
1160 2577 1257 2600 feriebat
1269 2586 1280 2597 n
1301 2577 1347 2606 (ed.
1365 2576 1429 2605 Haye
1442 2583 1497 2605 pag.
1511 2577 1555 2600 454
1568 2577 1598 2606 a),
1611 2583 1664 2599 cum
1677 2576 1780 2599 officium
1795 2576 1865 2599 verba
1878 2577 1921 2599 ista

1068 2626 1188 2648 continens
1206 2626 1285 2654 (Resp.
1303 2626 1334 2655 6.)
1362 2632 1407 2648 non
1433 2625 1510 2648 minus
1535 2631 1606 2654 quam
1632 2624 1693 2647 aliud
1718 2625 1740 2646 S.
1763 2624 1785 2646 Ρ.
1804 2624 1919 2647 Francisci

1068 2675 1120 2702 post
1137 2673 1241 2701 italensis
1257 2672 1381 2694 decessum
1409 2672 1475 2694 fuerit
1500 2670 1662 2694 concinnatum
1686 2676 1727 2698 per
1750 2671 1784 2692 Fr.
1809 2670 1920 2693 lulianum

1068 2718 1238 2741 Theutonicum
1251 2721 1294 2741 etc.

1131 2766 1199 2789 Aliud
1217 2772 1289 2794 grave
1314 2768 1480 2794 argumentum
1506 2765 1593 2788 addere
1610 2765 1722 2793 potuisset
1739 2765 1762 2787 P.
1787 2765 1885 2792 nonem,
1902 2765 1921 2787 si

1069 2814 1111 2842 ipsi
1128 2813 1175 2836 noti
1202 2813 1296 2836 fuissent
1319 2813 1415 2842 quidam
1441 2813 1534 2835 codices
1551 2811 1652 2841 antiqui,
1675 2812 1714 2841 qui
1742 2811 1870 2834 Alexandro
1892 2811 1921 2834 (le

1067 2861 1135 2884 Hales
1152 2860 1274 2884 diuersum
1296 2861 1392 2891 'omnino
1417 2859 1616 2883 Commentarium
1634 2860 1658 2882 in
1680 2859 1843 2887 Apocalypsin]
1861 2858 1920 2881 attri-

1068 2909 1150 2931 buunt.
1168 2921 1197 2924 —-
1215 2909 1245 2931 na
1264 2907 1422 2937 Cantabriyae
1446 2908 1467 2930 in
1490 2907 1583 2935 Anglia,
1601 2908 1653 2929 cod.
1676 2907 1728 2928 liiss.
1746 2906 1774 2928 V.
1793 2906 1830 2927 31.
1848 2905 1920 2927 2436.

1068 2962 1128 2978 saec.
1147 2955 1201 2978 Xlll.
1219 2955 1242 2978 in
1261 2956 1282 2978 4.
1300 2955 1407 2978 soliorum
1426 2955 1479 2983 207,
1497 2954 1536 2977 ubi
1554 2954 1649 2982 legitur:
1676 2952 1804 2975 Alexander
1821 2952 1850 2974 ‹le
1868 2952 1920 2974 Ales

1067 3003 1197 3026 Comment.
1216 3003 1239 3025 in
1256 3002 1349 3030 Apocal.
1367 3002 1460 3030 incipit:
1482 3000 1586 3025 Sanctus
1612 3001 1737 3023 Ioannes...
1755 2997 1918 3028 Apocalypsis,

1808 3046 1823 3067 11
