2296 3316
338 172 375 201 28
920 169 1090 198 COMMENT.
1114 170 1145 198 ΙΝ
1167 169 1404 198 ECCLESIASTEN
1426 169 1453 198 C.
1477 169 1517 198 lli.

338 249 499 279 verbiorum
531 247 677 285 vigesimo:
712 248 756 276 Em
786 247 894 276 stadiis
923 247 989 276 suis
1015 247 1186 285 intelligitur

335 305 424 334 puer,
445 296 473 324 si
492 295 605 324 vitanda
626 298 652 324 et
671 298 751 323 reeta
771 297 840 323 sunt
861 302 950 332 opera
965 294 1036 323 eius.
1052 295 1122 331 Quia
1136 294 1187 332 igi-

1243 250 1291 276 tur
1312 247 1488 277 Ecclesiastes
1509 247 1633 277 nondum
1661 248 1808 277 studuerat
1828 248 1885 282 his,
1907 248 1955 277 sed
1976 248 2010 277 ad
2031 256 2095 278 ava-

1244 294 1337 323 ritiam
1358 297 1385 323 et
1405 294 1514 331 gulam,
1537 294 1598 324 ideo
1619 302 1669 323 sua
1690 294 1782 324 studia
1801 295 1944 332 arguebat.

1107 404 1269 433 cavantem
1280 404 1329 433 -lll.

340 516 441 545 Partis
466 516 584 554 primae
611 515 775 544 membrum
804 515 842 543 II.
874 514 1043 543 Ostendam·
1072 514 1189 543 vanitas

417 572 518 592 reram
532 563 631 602 qaoad
644 562 815 591 varietatem
830 562 861 590 in
876 565 1015 599 tempore,
1031 564 1055 590 et
1070 560 1121 590 hoe
1137 561 1189 589 tri-

417 610 470 639 bas·
492 610 635 640 articulis.

418 705 525 734 Omnia
547 708 659 742 tempas
680 703 784 732 liabent
805 706 857 732 etc.
880 704 970 740 Supra
991 703 1046 740 egit
1064 702 1098 732 de
1113 702 1189 731 vani-

191 763 327 806 ⁰¹‘i⁵r³?fl¹.⁹ffl'
340 756 394 782 tate
416 760 511 781 rerum
533 751 695 786 ostendens,
717 751 745 779 in
773 751 806 780 iis
830 758 890 780 esse
910 742 1124 779 variabilitatem
1145 758 1189 778 ra-

338 801 411 830 tione
431 803 542 833 mottts;
564 798 609 828 hic
630 798 752 827 secundo
780 798 840 827 vult
867 797 1012 826 ostendere
1040 797 1189 826 vanitatem

337 849 474 884 quantum
496 846 531 874 ad
551 845 810 874 determinationem
831 847 859 874 et
886 844 1048 873 varietatem
1069 843 1101 872 in
1121 847 1189 872 tem-

334 902 406 931 pore
418 894 437 921 ¹.
460 893 492 921 Et
513 892 578 930 quia
599 892 718 922 ostendit
740 891 953 921 mutabilitatem
974 899 1071 920 rerum
1093 894 1121 920 et
1142 899 1188 920 va-

339 941 465 970 rietatem
497 948 551 969 non
579 940 613 969 ad
640 940 766 977 ipsarum
798 941 1003 976 contemptum,
1035 938 1189 968 seeundum

337 988 411 1025 quod
433 990 498 1017 sunt
519 995 604 1024 opera
624 987 688 1021 Dei,
711 986 758 1016 sed
787 986 940 1016 secundum
962 986 1037 1023 quod
1057 988 1189 1014 amantur

337 1043 352 1064 a
373 1035 467 1069 nobis;
489 1035 549 1063 ideo
571 1034 598 1063 in
620 1034 672 1063 hac
687 1036 766 1071 parte
786 1033 906 1063 ostendit
921 1033 1011 1071 primo
1026 1036 1189 1070 temporam

338 1083 525 1116 earietatem;
547 1081 668 1111 secundo
694 1080 873 1118 reprehendit
902 1084 1037 1109 nostram
1064 1080 1189 1109 euriosi-

338 1134 441 1164 tatem,
464 1130 516 1158 ibi:
538 1129 615 1165 Quid
630 1128 713 1158 habet
728 1128 857 1165 amplias
879 1127 980 1161 liomo;
1002 1127 1084 1157 tertio
1098 1130 1189 1156 osten-

337 1177 377 1206 dit
398 1177 568 1206 divinoram
593 1185 716 1214 operam.
736 1175 977 1213 perpetuitatem,
1006 1174 1122 1203 ibi:·Et
1145 1174 1189 1203 (Ii-

337 1225 410 1259 dici,
432 1225 509 1263 qaod
530 1232 619 1262 opera
641 1224 701 1252 Dei.

374 1321 438 1349 Aur.
464 1321 487 1348 1.
512 1320 552 1348 De
574 1319 715 1348 varietate
736 1322 761 1347 et
782 1317 976 1347 mutabilitate
997 1325 1100 1346 rerum
1122 1317 1153 1345 in

423 1371 548 1404 tempore
570 1370 632 1395 tum
652 1365 828 1404 generaliter
850 1369 911 1393 tam
932 1364 1105 1402 specialiter.

416 1462 507 1490 Prima
528 1469 593 1498 pars
614 1460 698 1489 habet
718 1460 800 1495 duas,
822 1460 888 1497 quia
908 1459 999 1497 primo
1018 1459 1074 1496 agit
1094 1458 1129 1488 de
1143 1466 1189 1487 va-

192 1517 263 1536 Divisio
276 1517 319 1536 aru·
337 1510 434 1539 rietate
450 1512 476 1538 et
490 1508 674 1537 mutabilitate
696 1515 793 1536 rerum
807 1507 835 1535 in
855 1509 979 1544 tempore
997 1506 1189 1544 generaliter,

275 1541 292 1560 ¹'
338 1557 458 1587 secundo
472 1556 647 1594 specialiter,
663 1555 818 1584 inducendo
833 1558 860 1583 et
874 1553 1026 1591 probando,
1038 1554 1090 1582 ibi:
1111 1554 1190 1582 Tem-

334 1613 393 1642 pus
414 1604 561 1633 nascendi.

383 1696 550 1736 Proponitur
572 1696 601 1726 et
622 1695 758 1735 probatur
779 1694 952 1734 generaliter
974 1694 1098 1724 varietas
1119 1693 1148 1724 et

516 1743 695 1774 mutabilitas
715 1750 810 1773 rerum
832 1742 862 1772 in
882 1742 1015 1781 tempore.

419 1840 507 1877 Wers.
538 1840 583 1876 1.).
614 1838 744 1876 Proponit
772 1838 856 1876 igitur
883 1838 1058 1876 yeneraliter
1082 1838 1191 1866 dicens:

228 1895 326 1938 iiitpe‘ffi‘sss'
344 1888 451 1917 Omnia
473 1891 585 1925 tempas
606 1885 727 1920 liabent,
749 1886 777 1914 id
798 1888 839 1915 est
861 1885 994 1923 temporis
1014 1885 1192 1918 varietatem,

342 1936 407 1973 quia
421 1935 456 1964 ad
470 1936 606 1964 Romanos
620 1937 716 1963 octavo
726 1934 749 1961 2;
771 1945 783 1958 α
792 1933 911 1962 Vanitati
926 1932 1050 1961 subiecta
1064 1934 1106 1961 est
1117 1939 1193 1961 crea-

340 1986 405 2012 tura
432 1990 487 2011 non
515 1981 610 2010 volens
624 1993 651 2008 ».
682 1981 716 2009 Et
737 1980 801 2008 sais
821 1979 926 2017 spatiis
948 1982 1102 2008 transeant
1127 1978 1193 2007 tmi-

339 2038 426 2058 versa
446 2028 500 2057 sab
521 2028 594 2062 sole,
617 2030 753 2065 quantum
784 2027 818 2056 ad
849 2026 968 2064 praefixi
994 2025 1126 2063 temporis
1147 2025 1193 2054 de-

340 2076 579 2110 terminationem3
602 2075 754 2112 Sapientiae
776 2074 937 2103 undecimo:
962 2073 1085 2102 «Omnia
1098 2073 1127 2102 in
1141 2081 1194 2102 nu-

341 2132 433 2158 mere,
462 2123 584 2160 pondere
605 2125 632 2151 et
653 2130 785 2151 mensura
805 2121 964 2159 disposuisti
979 2131 1006 2155 »;
1032 2121 1138 2158 primae
1159 2121 1194 2149 ad

341 2170 498 2199 Corinthios
519 2169 650 2207 septimo:
676 2181 689 2195 «
703 2168 837 2198 Praeterit
851 2168 943 2206 figura
956 2168 1042 2197 huius
1056 2168 1152 2197 mundi
1165 2178 1193 2202 »;

341 2221 368 2247 et
389 2217 511 2246 maxime
532 2217 585 2246 hoc
607 2216 740 2254 temporis
759 2216 847 2254 spatio
862 2216 913 2245 sibi
928 2216 1071 2253 praefixo;
1086 2215 1133 2244 Iob
1147 2215 1194 2244 de-

342 2266 413 2295 cimo
434 2267 547 2303 quarto:
575 2276 588 2290 «
603 2264 774 2293 Constituisti
796 2264 930 2293 terminos
951 2263 1027 2298 eius,
1049 2263 1098 2300 qui
1113 2271 1193 2300 prae-

342 2312 419 2342 teriri
441 2320 495 2341 non
517 2314 689 2349 poterunt».

1570 515 1771 551 QUAasriomss.

1327 609 1344 636 l.
1367 608 1413 637 Hic
1435 611 1476 637 est
1497 608 1623 645 quaestio
1649 608 1683 637 de
1711 609 1763 638 hoe
1784 609 1859 647 quod
1880 609 1958 638 dicit:
1990 609 2097 638 Omnia

1247 658 1360 693 tempas
1381 654 1493 684 liabent.

1329 703 1352 730 1.
1375 702 1506 731 lnstantia
1526 705 1579 732 est:
1596 702 1727 740 quoniam
1747 714 1760 728 «
1775 703 1945 732 substantiae
1966 702 2097 740 spiritua-

1246 750 1299 784 les,
1314 752 1346 778 ut
1366 749 1432 778 dicit
1452 749 1635 786 Hieronymus
1647 749 1667 784 ³,
1682 757 1733 778 nec
1748 749 1808 779 loco
1822 758 1872 779 nec
1887 753 2011 787 tempore
2032 758 2097 780 con-

1246 795 1372 824 tinentur
1387 807 1414 824 ».

1326 844 1352 872 2.
1376 843 1458 878 Item,
1480 852 1577 878 omne,
1599 844 1674 881 quod
1695 846 1737 873 est
1764 844 1793 873 in
1821 846 1946 882 tempore
1966 846 1994 874 et
2015 844 2099 874 habet

1247 893 1369 928 tempus,
1395 894 1437 920 est
1461 891 1647 928 corporale4;
1673 891 1721 920 sed
1744 891 1916 921 substantiae
1940 892 2099 929 spirituales

1246 941 1312 967 sunt
1325 938 1528 975 incorporales:
1551 946 1617 976 ergo
1639 946 1694 967 non
1708 941 1774 967 sunt
1788 938 1816 967 in
1831 941 1957 976 tempore
1978 946 2028 968 nec
2050 939 2099 968 ha-

1246 985 1312 1014 bent
1333 988 1451 1022 tempus
1920 983 1923 984 ⁷

1325 1033 1404 1070 Quod
1425 1036 1517 1062 autem
1540 1033 1595 1061 sint
1615 1033 1643 1061 in
1670 1036 1806 1070 tempore,
1832 1033 1957 1063 videtur:
1983 1034 2006 1062 1.
2029 1033 2100 1070 Quia

1246 1080 1311 1109 dicit
1339 1080 1510 1117 Augustinus
1537 1080 1571 1108 ad
1600 1080 1800 1109 Dardanumfi:
1828 1092 1842 1106 «
1857 1080 2016 1111 Substantia
2044 1080 2099 1118 spi-

1247 1127 1356 1156 ritualis
1377 1127 1499 1156 increata
1527 1136 1581 1156 non
1607 1130 1736 1157 movetur
1764 1136 1814 1165 per
1842 1131 1953 1165 tempus
1978 1136 2028 1158 nec
2049 1135 2100 1165 per

1247 1175 1354 1209 locum;
1371 1174 1526 1203 substantia
1546 1175 1700 1212 spiritualis
1714 1178 1807 1204 creata
1822 1178 1951 1205 movetur
1965 1183 2016 1213 per
2031 1177 2100 1205 tem-

1246 1230 1315 1259 pus,
1337 1221 1384 1251 sed
1406 1230 1460 1250 non
1482 1230 1531 1259 per
1553 1222 1658 1257 locum3
1680 1222 1832 1259 corporalis
1853 1225 1946 1251 creata
1966 1229 2016 1260 per
2031 1225 2100 1252 tem-

1246 1277 1300 1306 pus
1320 1272 1347 1298 et
1369 1269 1460 1298 locum
1476 1281 1503 1297 ».

1326 1317 1353 1345 Ξ.
1375 1316 1457 1351 Item,
1479 1316 1554 1354 quod
1575 1320 1616 1345 est
1637 1316 1665 1345 in
1687 1317 1746 1346 loco
1770 1319 1812 1346 est
1837 1317 1865 1346 in
1893 1320 2030 1355 tempore3
2052 1316 2101 1346 sed

1252 1375 1265 1387 «
1280 1363 1356 1392 solus
1376 1363 1451 1392 Deus
1471 1367 1513 1393 est
1535 1364 1832 1402 incircumscriptibilis
1847 1377 1874 1400 »‚
1896 1368 1928 1394 ut
1958 1364 2024 1394 dicit
2047 1365 2101 1393 Da-

1247 1410 1432 1445 mascenus6,
1454 1419 1521 1448 ergo
1542 1411 1618 1440 solus
1639 1413 1680 1440 est
1701 1410 1905 1448 intemporalis:
1927 1420 1994 1449 ergo
2008 1411 2101 1440 omnia

1246 1457 1299 1486 alia
1320 1461 1431 1495 tempus
1452 1458 1562 1487 habent.

1326 1504 1498 1542 Respondeo:
1520 1505 1667 1534 dicendum
1689 1505 1723 1534 ad
1745 1506 1907 1543 hoc,.qu0d
1927 1506 1979 1535 ista
2000 1505 2101 1535 distri-

1248 1552 1325 1582 batio
1346 1555 1388 1581 est
1409 1553 1614 1587 accommoda,
1645 1553 1729 1587 sicut,
1758 1553 1869 1590 quando
1896 1553 2014 1583 dicitur:
2040 1561 2100 1583 cae-

1247 1600 1306 1628 lum
1328 1600 1395 1637 tegit
1415 1599 1522 1634 omnia,
1544 1600 1707 1637 intelligitur
1735 1601 1769 1629 de
1790 1601 1834 1630 his
1858 1609 1930 1638 quae
1958 1604 2023 1630 sunt
2048 1601 2101 1630 sub

1247 1647 1360 1682 caelo⁷;
1383 1650 1410 1676 et
1431 1647 1492 1676 ideo
1513 1656 1568 1676 non
1590 1650 1631 1676 est
1651 1648 1765 1677 serenda
1785 1648 1915 1677 instantia
1930 1648 1958 1677 in
1973 1648 2101 1677 substan—

1248 1695 1286 1723 tia
1306 1694 1466 1732 spirituali.
1490 1712 1528 1715 ——
1554 1695 1580 1723 Si
1608 1698 1702 1724 autem
1730 1696 1849 1725 velimus
1877 1696 2102 1725 distributionem

1248 1742 1417 1777 extendere,
1438 1742 1580 1777 dicemus,
1601 1742 1676 1780 quod
1697 1746 1809 1780 tempus
1823 1743 1925 1773 dieitur
1940 1743 2100 1781 tripliciter:

1249 1789 1442 1818 communiter
1463 1792 1491 1818 et
1508 1789 1629 1827 proprie
1650 1792 1678 1819 et
1698 1790 1796 1828 magiis
1817 1790 1943 1828 proprie.
1968 1790 2102 1820 Comma-

1250 1836 1341 1871 niter,
1372 1836 1526 1866 secundum
1557 1837 1632 1874 quod
1660 1837 1726 1866 dicit
1757 1845 1918 1867 mensuram
1946 1837 2041 1867 exitus
2067 1837 2103 1866 de

1250 1892 1381 1912 non-esse
1402 1883 1436 1912 ad
1457 1892 1533 1918 ωεις-
1555 1887 1582 1913 et
1602 1885 1655 1922 hoc
1676 1884 1758 1914 modo
1779 1889 1821 1914 est
1835 1885 1863 1914 in
1878 1885 2022 1920 omnibus,
2037 1884 2103 1922 quia

1250 1931 1342 1960 omnia
1362 1931 1473 1960 initium
1494 1931 1662 1961 habuerunt.
1686 1932 1717 1960 Et
1738 1932 1790 1962 hoc
1818 1932 1928 1961 videtur
1949 1932 2041 1962 littera
2061 1932 2102 1961 in—

1250 1987 1353 2013 nuere,
1375 1979 1441 2016 quia
1462 1979 1521 2016 ipse
1541 1979 1620 2013 dicit,
1635 1979 1709 2017 quod
1731 1979 1831 2008 omnia
1853 1983 1966 2018 tempas
1984 1979 2102 2015 liabent,

1251 2026 1298 2055 sed
1320 2035 1391 2061 non,
1414 2026 1487 2064 quod
1516 2026 1609 2055 omnia
1637 2030 1791 2055 transeant
1817 2027 1868 2056 nisi
1897 2027 1952 2056 sab
1976 2027 2042 2056 sole.
2063 2044 2105 2049 —

1251 2073 1308 2102 Alio
1329 2073 1412 2102 modo
1429 2074 1565 2111 proprie,
1588 2076 1672 2110 prout
1692 2073 1824 2111 importat
1842 2074 2023 2103 variationem
2045 2074 2103 2103 sive

1251 2121 1279 2150 in
1301 2121 1468 2155 substantia,
1491 2121 1548 2150 sive
1569 2121 1597 2149 in
1618 2121 1777 2155 allectione3
1806 2124 1834 2150 et
1858 2121 1897 2150 sic
1924 2121 2016 2150 adhuc
2037 2121 2103 2150 sub-

1251 2168 1352 2197 stantia
1372 2168 1525 2205 spiritualis
1550 2168 1633 2196 habet
1661 2171 1771 2205 tempus
1799 2171 1936 2206 quantum
1957 2168 1992 2197 ad
2012 2170 2103 2197 muta—

1251 2215 1353 2244 tionem
1375 2215 1533 2244 affectuum.
1557 2231 1593 2236 -
1616 2215 1709 2244 Tertio
1734 2215 1816 2244 modo
1841 2216 1938 2254 mayis
1961 2215 2102 2253 proprie,

1250 2266 1335 2300 prout
1355 2265 1398 2292 est
1418 2270 1551 2292 mensura
1578 2263 1733 2298 excellens;
1756 2266 1784 2292 et
1805 2263 1844 2292 sic
1872 2266 1914 2293 est
1935 2263 2103 2301 corruptibi-

1251 2310 1337 2345 lium,
1359 2313 1386 2340 et
1407 2318 1461 2339 non
1482 2310 1615 2339 omnium.

404 2505 411 2519 ¹
431 2506 476 2530 Cir.
494 2513 563 2535 supra
581 2506 754 2535 explicationem
768 2513 788 2529 c.
800 2506 822 2533 lt,
835 2506 856 2528 3.
868 2518 899 2523 —
912 2506 1044 2528 Secundum
1058 2505 1191 2528 membrum

341 2546 420 2574 incipit
437 2547 464 2573 3,
482 2546 508 2568 9:
527 2545 589 2574 Quid
605 2545 674 2569 habet
690 2545 810 2575 umplias;
828 2546 933 2572 tertium,
951 2545 978 2572 3,
997 2545 1034 2567 Μ.

394 2583 412 2618 ᾖ
431 2585 496 2607 Vers.
513 2586 550 2607 20.
564 2598 594 2600 —
606 2584 708 2607 Subinde
719 2585 847 2613 allegantur
860 2585 913 2613 Sap.
926 2584 934 2606 11
942 2584 962 2613 l,
975 2585 999 2607 21
1010 2593 1016 2612 ;
1029 2584 1043 2606 1.
1055 2583 1108 2607 Cor.
1119 2584 1141 2611 7,
1155 2584 1192 2606 31.

341 2627 364 2647 et
380 2624 419 2647 lob
437 2625 478 2653 44,
496 2625 518 2647 5.

404 2662 414 2675 ¹³
431 2664 559 2687 Comment.
577 2664 600 2687 in
621 2665 692 2692 Epist.
709 2664 739 2687 ad
757 2664 801 2687 Tit.
820 2665 840 2692 4,
858 2665 892 2687 3.:
911 2665 1013 2693 Quantas
1035 2664 1100 2692 prius
1122 2666 1193 2686 aeter-

342 2703 446 2725 nitates..
465 2704 533 2725 fuisse
550 2703 711 2726 arbitrandum
728 2706 775 2730 est,
792 2703 815 2725 111
837 2703 924 2732 quibus
944 2703 1050 2731 Angeli...
1071 2702 1194 2725 servierint

342 2742 389 2765 Deo
406 2745 428 2765 et
444 2742 533 2771 absque
551 2745 682 2770 temporum
700 2742 791 2765 vleibus
807 2745 877 2772 atque
888 2742 1017 2770 mensuris,
1030 2742 1077 2765 Deo
1089 2741 1193 2770 iubente,

342 2781 496 2807 substiterint!
515 2781 564 2809 (cfr.
582 2782 606 2804 ll.
624 2782 686 2804 Sent.
704 2782 734 2804 lit.
752 2782 866 2810 Magistri,
883 2782 906 2805 d.
924 2782 948 2805 ll.
966 2788 986 2804 c.
1003 2782 1044 2810 3.).
1063 2781 1194 2805 Comment.

342 2820 365 2842 in
382 2821 455 2843 Eccle.
473 2821 499 2847 3,
518 2821 542 2843 l:
560 2820 654 2843 Ceterae
678 2820 819 2844 substantiae
843 2821 973 2849 spirituales
992 2827 1038 2854 pec
1063 2821 1126 2843 caelo
1150 2826 1194 2843 nec

343 2862 448 2888 tempore
464 2860 617 2882 continentur.

405 2897 416 2911 ⁴
433 2898 478 2922 Csr.
496 2899 601 2926 Aristot.,
620 2900 656 2922 lV.
674 2900 740 2928 Phys.
759 2897 882 2923 text-‘ilai
899 2906 965 2929 seqq.
985 2899 1014 2929 (c.
1033 2900 1087 2929 ⁴2).

405 2936 415 2950 ⁵
432 2934 462 2961 lla
480 2938 562 2966 codd.,
580 2939 603 2961 in
620 2940 663 2962 hae
680 2941 756 2962 tamen
773 2939 840 2968 epist.
858 2939 922 2968 (187.
939 2939 995 2962 alias
1012 2939 1059 2968 57.)
1072 2938 1148 2967 agitur
1159 2944 1194 2962 so-

343 2978 390 3000 lum
407 2977 437 3000 de
454 2978 646 3006 omnipraesentia
664 2978 716 3007 Dei;
733 2979 815 3001 melius
835 2979 973 3007 allegaretur
989 2979 1076 3007 Dialog.
1102 2979 1132 3001 65
1150 2979 1194 3007 Qq.

1249 2505 1322 2528 orosii
1341 2505 1408 2530 (inter
1425 2505 1500 2533 Opera
1518 2504 1624 2533 August.)
1642 2511 1666 2534 q.
1684 2505 1726 2527 40:
1743 2505 1819 2528 Movet
1836 2511 1860 2527 se
1883 2505 1960 2533 ipsum
1978 2505 2028 2528 sine
2045 2507 2100 2528 tem-

1249 2550 1306 2572 pore
1322 2546 1344 2566 et
1360 2545 1411 2566 loco
1418 2553 1424 2571 3
1443 2546 1521 2566 movet
1542 2546 1645 2566 creatum
1668 2544 1774 2572 spiritum
1795 2544 1845 2567 sine
1866 2545 1917 2567 loco
1939 2545 2102 2573 temporaliter,

1249 2585 1329 2605 movet
1344 2586 1473 2605 creaturam
1491 2589 1628 2611 corpoream
1646 2583 1803 2611 temporaliter
1819 2586 1842 2605 et
1858 2583 1965 2606 localiter.
1985 2582 2103 2606 Praecedit

1251 2622 1320 2651 igitur
1332 2622 1472 2650 substantia,
1490 2629 1550 2652 quae
1570 2623 1727 2651 temporaliter
1739 2625 1826 2646 tantum
1839 2625 1954 2651 movetur,
1965 2623 2026 2646 illam
2042 2629 2103 2652 quae

1249 2663 1406 2691 temporaliter
1423 2665 1446 2685 et
1466 2662 1567 2685 localiter
1587 2665 1701 2685 movetur.
1723 2662 1842 2685 Praecedit
1864 2662 1941 2691 itaque
1962 2662 2102 2689 substantia,

1249 2708 1310 2731 quae
1327 2708 1369 2724 nec
1386 2702 1548 2730 .temporaliter
1565 2707 1607 2724 nec
1630 2702 1731 2724 localiter
1753 2705 1872 2729 movetur,
1897 2702 1957 2724 illam
1980 2707 2040 2731 quae
2056 2703 2103 2724 tan-

1250 2744 1300 2764 tum
1320 2741 1475 2770 temporaliter
1492 2744 1609 2764 movetur.
1625 2741 1670 2764 Csr.
1688 2741 1743 2764 Vlll⁴
1754 2742 1784 2764 de
1796 2742 1852 2764 Gen.
1864 2741 1892 2764 ad
1905 2741 1937 2764 lit.
1948 2747 1969 2763 c.
1980 2741 2019 2764 20.
2029 2747 2052 2764 11.
2064 2741 2103 2764 39.

1313 2779 1323 2793 ⁶
1340 2780 1401 2804 Libr.
1418 2781 1434 2803 l.
1452 2781 1482 2803 de
1498 2781 1553 2803 Fide
1570 2781 1660 2803 orthod.
1679 2786 1698 2803 e.
1717 2781 1754 2803 ⁴3.

1313 2819 1322 2832 ⁷
1340 2821 1400 2843 Petr.
1417 2820 1524 2849 Hispan.,
1542 2820 1655 2843 Summul.
1674 2822 1701 2843 tr.
1719 2820 1748 2842 de
1765 2819 1935 2846 Distribution.,
1946 2819 1990 2842 ait:
2001 2820 2056 2842 ltern
2069 2825 2103 2842 so-

1250 2860 1280 2883 let
1297 2860 1353 2889 poni
1370 2859 1501 2883 distributio
1517 2859 1683 2887 accommoda,
1700 2861 1738 2882 ut:
1755 2859 1845 2882 caetum
1862 2858 1919 2887 tegit
1940 2858 2017 2881 omnia
2038 2864 2103 2886 prae-

1251 2902 1284 2922 ter
1302 2906 1326 2922 se
1342 2899 1434 2928 ipsum,
1451 2901 1473 2922 et
1490 2899 1551 2921 Deus
1568 2899 1655 2922 creavit
1671 2898 1748 2921 omnia
1766 2898 1808 2921 alia
1825 2905 1839 2921 a
1856 2904 1889 2921 se.
1900 2911 1931 2914 —
1942 2898 1994 2920 Vat.
2011 2897 2048 2921 hic
2064 2897 2103 2921 ad-

1251 2939 1296 2961 dit:
1313 2938 1347 2962 sic
1363 2937 1459 2968 qnando
1476 2937 1576 2962 dicitur:
1593 2938 1675 2961 Omnia
1694 2941 1785 2966 tempus
1802 2937 1900 2965 habent,
1917 2937 2057 2968 intelligitur
2073 2937 2103 2960 de

1250 2978 1290 3006 iis,
1308 2984 1368 3007 quae
1385 2980 1438 3001 sunt
1454 2977 1499 3000 sub
1515 2978 1563 3000 sole
1580 2980 1602 3000 et
1619 2980 1782 3000 mensurantur
1799 2979 1912 3005 tempore.

2114 704 2150 723 Pro
2162 706 2214 729 parte
2223 705 2240 724 1.
2267 696 2269 700 .
2289 718 2296 725 t

2116 1034 2152 1054 Pro
2164 1035 2216 1058 parte
2224 1034 2242 1054 Ξ.

2118 1695 2176 1719 Resp.
2188 1694 2206 1713 2.

2114 1742 2190 1767 Triplex
2202 1743 2246 1761 tem-
