2296 3316
26 522 86 546 ἢθη).
101 519 125 538 ad
138 519 155 538 ί.

0 561 1 564 ,
41 549 82 571 cnm
91 543 158 562 distin-

40 570 109 587 ctione.

8 837 9 842 ¹
35 848 67 868 Ari
80 848 98 866 ε.
111 847 163 867 simi-

73 872 123 891 liter.

45 1694 75 1713 Ad
87 1694 162 1718 opposi-

80 1719 126 1736 tum.

102 1882 160 1906 Resp.

33 2444 121 2472 *Obieptio
128 2445 164 2464 sol-

71 2471 127 2487 ntur.

759 147 930 177 COMMENT.
953 147 985 175 IN
1008 146 1246 175 ECCLESIASTEN
1267 146 1296 175 C.
1319 147 1336 175 1.
1893 151 1927 178 15

171 230 247 268 quod
267 229 446 267 intelligitur:
468 231 546 258 motu
570 228 697 265 proprio;
726 227 773 256 sed
801 226 841 255 sol
868 225 1040 262 secundum¹

173 279 279 306 motum
300 276 445 314 proprium
467 275 591 305 ascendit
618 278 645 304 et
672 273 812 303 descendit
842 273 870 301 in
896 272 1022 305 zodiaco,

172 326 200 353 et
220 323 332 361 quando
362 322 502 357 aseendit,
523 322 628 351 accedit
655 321 690 350 ad
710 321 884 358 aquilonem;
913 318 1024 356 quando

171 371 325 405 descendit,
353 370 559 407 appropinquat
582 369 616 397 ad
637 371 781 397 austrum:
803 375 869 404 ergo
890 374 945 395 non
966 373 1024 394 ma-

172 417 214 455 gis
234 417 355 446 ssectitur
376 416 410 445 ad
431 415 589 453 aquilonem
609 423 694 452 quam
714 414 748 443 ad
769 416 907 443 austrum.

252 463 426 500 Respondeo:
447 462 610 496 dicendum,
632 461 707 499 quod
732 464 774 490 est
794 460 870 497 loqui
891 460 925 488 de
946 462 1024 488 motu

173 511 238 541 solis
258 511 368 539 diurno
388 513 415 539 et
429 509 588 538 annumSi
610 509 758 546 loquamur
783 507 817 537 de
838 515 955 540 annuo,
978 514 1024 534 ve-

173 566 239 587 rum
259 561 315 592 est,
337 557 411 594 quod
432 557 473 585 sol
494 556 522 585 in
543 556 636 585 locum
663 563 746 584 suum
769 554 937 587 revertitur,
958 553 1025 590 quia

173 605 237 634 inde
251 605 341 642 coepit
356 603 470 633 moveri.
493 603 520 632 Si
541 605 635 632 autem
650 602 838 639 intelligamus
851 601 885 630 de
900 600 1024 633 diurno,

173 659 229 680 non
250 651 322 680 redit
342 651 370 679 in
391 651 483 679 locum
504 658 604 684 suum,
619 658 636 678 a
656 657 713 686 quo
734 648 824 685 coepit
846 641 967 681 moveri,
982 654 1024 675 se-

174 698 296 727 cundum
318 697 476 731 veritatem,
498 696 546 726 sed
573 696 727 734 secundum
752 698 876 724 nostram
897 694 1025 723 aestima-

174 745 291 779 tionem,
314 744 445 781 quoniam
466 752 522 772 non
543 743 607 772 facit
628 743 790 780 sphaeram,
812 741 859 771 sed
881 741 994 778 spiram.

253 793 280 820 2.
302 791 340 820 Ad
361 791 513 820 secundum
528 790 677 819 dicendum
691 789 833 823 similiter,
849 788 924 826 quod
943 788 964 817 si
987 788 1025 816 lo-

174 846 296 876 quamur
317 838 351 867 de
371 841 450 867 motu
471 846 586 872 annuo,
610 837 753 866 veritatem
774 836 857 865 habet
871 835 1024 865 secundum

174 888 296 923 quatuor
327 888 467 922 tempora,
491 886 522 913 ut
545 884 719 921 praedictum
746 885 788 912 est
800 883 819 917 ¹,
841 882 907 920 quia
928 881 1026 910 oritur

174 933 202 961 in
223 940 304 966 vere,
326 931 430 960 occidit
443 931 471 960 in
486 934 637 965 autumno,
658 933 749 969 yyrat
769 937 819 967 per
838 928 981 958 meridiem
997 928 1026 956 in

174 980 281 1014 hieme,
301 978 428 1015 flectitur
449 978 490 1007 ad
509 978 675 1016 aquilonem
696 977 723 1006 in
745 978 856 1006 aestate.
876 992 915 1014 ε-
929 976 955 1004 Si
976 983 1026 1004 au-

175 1029 231 1055 tem
252 1026 388 1063 intelligas
409 1025 442 1054 de
463 1028 542 1054 motu
564 1024 690 1058 diurno,
713 1024 766 1053 hoc
781 1032 836 1052 non
850 1023 935 1052 habet
954 1022 1026 1051 veri-

176 1075 260 1101 tatem
295 1072 347 1101 nisi
378 1072 531 1101 secundum
563 1074 687 1101 nostram
714 1070 941 1100 aestimationem.
974 1069 1027 1097 Nos

176 1120 248 1149 enim
271 1119 413 1154 videmus,
436 1119 642 1148 firmamentum
665 1118 784 1152 moveri,
800 1121 827 1146 et
842 1117 1026 1155 imaginamur

177 1167 254 1204 polos
274 1167 334 1196 eius
355 1175 371 1195 a
391 1166 499 1196 dextris
519 1170 546 1195 et
567 1174 583 1195 a
603 1166 737 1200 sinistris;
763 1165 811 1194 sed
832 1173 886 1193 non
908 1167 950 1194 est
971 1164 1026 1198 sic,

177 1214 261 1243 immo
282 1222 356 1243 unus
378 1214 458 1251 polus
479 1216 522 1243 est
542 1213 620 1250 quasi
643 1221 728 1250 super
749 1212 839 1249 capita
864 1214 974 1246 nostra,
995 1214 1028 1240 ut

176 1261 359 1299 aquilonaris;
381 1261 450 1289 alter
472 1260 551 1298 quasi
579 1260 632 1289 sub
662 1259 787 1297 pedibus.
820 1258 935 1295 Quando
960 1266 1027 1295 ergo

177 1309 218 1337 sol
239 1308 360 1338 volvitur
381 1307 535 1337 secundum
562 1307 640 1344 polos
666 1307 852 1341 firmamenti,
874 1315 930 1335 non
952 1309 1027 1335 recte

178 1355 252 1384 vadit
273 1363 357 1392 super
379 1354 469 1391 capita
489 1357 517 1383 et
538 1354 590 1383 sub
611 1354 744 1391 pedibus,
767 1353 815 1382 sed
835 1353 915 1390 quasi
937 1356 1027 1382 trans-

178 1401 337 1435 versaliter;
359 1403 386 1429 et
406 1400 472 1438 quia
492 1408 543 1429 nos
563 1400 690 1429 videmus
702 1400 712 1416 ²
734 1400 887 1429 secundum
905 1399 1027 1437 aequali-

178 1451 278 1482 tatem,
302 1447 410 1477 videtur
431 1447 526 1482 nohis,
548 1447 623 1485 quod
643 1447 677 1476 de
697 1447 741 1476 die
773 1450 869 1484 vergat
889 1447 924 1476 ad
944 1447 1027 1475 meri—

177 1495 250 1524 diem
273 1495 354 1525 etde
375 1498 455 1524 nocte
476 1495 510 1524 ad
531 1495 700 1532 aquilonem.

258 1543 288 1571 V.
311 1542 379 1571 Item
399 1542 546 1579 quaeritur
566 1541 601 1571 de
621 1542 674 1570 hoc
689 1541 763 1578 quod
784 1542 864 1571 dicit:
888 1542 1028 1570 Flumina

177 1593 281 1620 exeunt
301 1599 320 1618 a
340 1590 429 1618 mari.

257 1637 386 1667 CONTRA:
407 1638 481 1666 Mare
502 1639 543 1666 est
564 1644 708 1670 amarum,
730 1640 757 1665 et
780 1636 896 1665 flumina
920 1636 1029 1670 dulcia;

179 1684 226 1714 sed
247 1684 386 1713 contraria
407 1692 462 1712 non
484 1683 587 1712 habent
618 1686 711 1711 ortum
733 1683 769 1712 ab
800 1692 856 1711 uno
878 1683 1028 1720 principio,

178 1739 228 1761 nec
250 1739 338 1760 unum
363 1731 398 1759 ab
425 1730 516 1758 aliofl:
539 1738 605 1767 ergo
633 1737 684 1758 nec
715 1738 791 1758 mare
812 1738 828 1758 a
850 1730 1028 1764 fluminibus,

178 1786 229 1808 nec
250 1778 366 1807 flumina
385 1786 401 1806 a
421 1777 500 1806 mari.

257 1824 430 1862 Respondeo:
452 1824 615 1857 dicendum,
631 1824 705 1861 quod
726 1824 816 1852 omnis
829 1832 902 1861 aqua
917 1832 966 1860 per
981 1832 1029 1852 na-

178 1876 270 1902 turam
291 1875 333 1901 est
353 1871 442 1900 dulcis
457 1871 500 1900 vel
515 1871 648 1907 insipida,
670 1874 702 1899 ut
722 1870 788 1899 dicit
809 1871 1028 1907 Philosophus&

178 1920 226 1949 sed
246 1920 342 1948 amara
356 1919 387 1948 tit
400 1926 437 1947 ex
451 1918 601 1951 accidenti,
624 1918 666 1946 vel
681 1926 731 1954 per
746 1917 951 1947 exhalationem
966 1926 1029 1954 par-

178 1967 247 1996 tium
270 1966 430 1999 subtilium,
452 1965 661 1994 remanentibus
692 1964 889 1998 terrestribus,
915 1964 959 1993 vel
980 1972 1029 2001 per

178 2013 403 2043 commixtionem
418 2012 540 2049 partium
555 2011 740 2041 terrestrium.
760 2011 778 2039 E
800 2011 940 2040 contrario
957 2019 1031 2048 aqua

179 2061 241 2096 illa,
260 2060 332 2089 sicut
346 2059 550 2089 accidentaliter
571 2059 642 2088 sacta
662 2062 704 2088 est
724 2066 835 2092 amara,
857 2061 947 2095 potest
968 2058 1030 2087 red-

179 2107 220 2136 ire
248 2107 275 2135 in
302 2105 474 2135 dulcedinem
504 2113 554 2142 per
572 2104 803 2138 subtiliationem;
825 2104 897 2133 sicut
917 2106 959 2133 est
980 2112 1030 2133 ex-

181 2154 366 2192 perimentum
387 2153 420 2182 de
441 2157 506 2182 vase
527 2156 619 2182 terreo
640 2152 730 2188 posito
749 2152 777 2180 in
792 2152 871 2180 mari.
894 2151 1029 2188 Quoniam

180 2201 264 2239 igitur
285 2200 413 2233 flumina,
435 2200 485 2229 etsi
507 2199 621 2229 redeant
640 2199 675 2228 ad
696 2207 772 2228 mare
787 2199 814 2228 in
830 2208 929 2236 magna
942 2199 1031 2228 abun-

179 2248 287 2282 dantia,
310 2251 401 2276 tamen
422 2250 528 2275 exeunt
559 2247 676 2275 latenter
707 2249 734 2275 et
762 2246 815 2275 sub
836 2249 912 2275 terra
933 2249 961 2275 et
981 2254 1030 2283 per

180 2294 313 2332 quasdam
344 2293 546 2328 excolationes;
577 2293 637 2322 ideo
668 2301 741 2330 aqua
772 2293 932 2322 subtiliatur
954 2292 1030 2321 etin

179 2340 352 2370 dulcedinem
375 2340 502 2368 vertitur.

258 2387 337 2424 Quod
358 2395 424 2424 ergo
444 2387 590 2421 obiicitur,
612 2387 686 2424 quod
708 2395 795 2416 unum
824 2387 1030 2416 contrariorum

181 2443 234 2463 non
263 2434 347 2463 habet
374 2437 468 2463 ortum
499 2434 534 2462 ab
563 2434 631 2468 ali0;
660 2433 823 2468 dicendum,
856 2433 930 2470 quod
958 2441 1031 2470 aqua

180 2489 268 2518 aquae
290 2489 343 2509 non
365 2483 407 2509 est
427 2480 578 2514 contraria;
593 2483 620 2509 et
634 2481 656 2509 si
679 2480 778 2509 habeat
792 2480 960 2509 contrariam
976 2480 1031 2508 dis-

1081 224 1259 261 positionem,
1281 233 1336 253 non
1358 225 1441 254 habet
1468 234 1518 262 per
1539 229 1683 261 naturam,
1705 227 1751 256 sed
1780 235 1829 264 per
1859 228 1930 256 acci-

1080 271 1163 305 dens,
1185 271 1256 300 sicut
1277 274 1353 308 patet
1373 272 1401 300 in
1421 281 1494 309 aqua
1515 273 1602 302 calida
1628 276 1656 302 et
1682 274 1788 311 frigida.
1815 275 1867 303 Nec
1888 277 1931 303 est

1081 320 1161 346 ortus
1182 317 1330 346 fluminum
1358 327 1374 347 a
1401 319 1471 347 mari
1500 320 1605 349 ratione
1635 321 1839 358 proprietatis,
1864 321 1930 358 quia

1059 365 1063 366 ⁷
1082 364 1159 402 prior
1180 372 1230 401 per
1252 368 1380 393 naturam
1409 369 1450 395 est
1477 366 1594 395 dulcedo
1615 367 1642 395 in
1663 376 1752 404 aqua,
1774 368 1821 397 sed
1842 376 1929 405 quan-

1082 414 1142 440 tum
1162 411 1196 440 ad
1218 411 1385 447 clcfluoettm,
1408 413 1479 441 sicut
1500 417 1582 449 potus
1601 413 1657 442 vini
1672 422 1688 442 a
1701 414 1789 448 doli0;
1805 414 1871 451 quia
1884 415 1929 443 ille

1082 459 1160 487 locus
1180 458 1324 487 continens
1344 462 1386 488 est
1407 468 1544 496 aquarum
1567 460 1779 495 abundantiam,
1795 461 1867 490 unde
1889 462 1930 489 in-

1082 506 1222 532 cessanter
1244 504 1275 532 fit
1295 505 1440 533 emanatio.

1083 597 1204 628 Secundo
1234 597 1426 628 consideratur
1457 598 1569 629 vanitas
1598 599 1803 630 mutabilitatis
1836 608 1931 630 rerum

1162 644 1312 675 secundum
1333 654 1403 683 esse,
1426 645 1496 685 quod
1517 645 1623 676 habent
1650 646 1681 676 in
1705 646 1850 677 intellectu
1878 647 1931 677 hu-

1162 700 1258 729 mam,
1281 692 1310 722 et
1330 692 1398 723 haec
1419 692 1554 732 probatur
1575 692 1682 732 triplici
1702 693 1820 724 ratione.

1164 786 1291 815 Cunctae
1312 796 1359 815 res
1380 787 1511 825 difficiles
1525 791 1576 817 etc.
1593 789 1683 825 Supra
1696 788 1878 817 determinata
1892 792 1933 817 est

1086 834 1191 862 vanitas
1218 834 1246 862 in
1279 834 1363 863 rebus
1391 834 1545 863 secundum
1572 843 1647 869 esse,
1670 835 1745 872 quod
1775 836 1878 864 habent
1905 835 1932 863 in

1084 881 1238 914 uniuersa·
1260 881 1305 910 hic
1326 881 1528 910 determinatur
1557 882 1663 911 vanitas
1684 882 1836 911 secundum
1858 891 1932 916 csse,

1084 928 1158 965 quod
1181 928 1284 957 habent
1304 928 1331 957 in
1353 929 1494 958 intellectu
1516 928 1664 963 humanm
1685 933 1712 958 et
1733 929 1887 958 ostenditur
1905 929 1933 957 in

1084 975 1123 1004 eis
1144 975 1251 1004 vanitas
1273 975 1430 1012 tripliciter:
1463 976 1569 1013 primo,
1591 976 1657 1013 quia
1676 984 1731 1004 non
1749 979 1866 1013 patent;
1892 984 1934 1004 se—

1084 1022 1191 1056 cundo,
1213 1023 1278 1059 quia
1300 1031 1354 1052 non
1376 1023 1511 1060 implent,
1534 1023 1587 1052 ibi:
1617 1023 1682 1052 Non
1708 1023 1839 1052 satiatur
1867 1032 1934 1052 ocu-

1085 1069 1131 1097 lus
1151 1069 1236 1103 υἱέι-Μ
1258 1069 1355 1104 tertio,
1378 1070 1444 1107 quia
1457 1078 1511 1098 non
1525 1073 1714 1107 permanent,
1736 1070 1788 1098 ibi:
1811 1069 1876 1098 Non
1893 1073 1935 1098 est

1081 1116 1219 1154 priorum
1248 1117 1400 1145 memoria.
1429 1117 1487 1145 Non
1515 1120 1610 1154 patent
1634 1117 1668 1146 ad
1695 1117 1933 1154 interpretandum

1084 1163 1127 1192 vel
1142 1163 1311 1198 docendum3
1328 1172 1382 1193 non
1397 1164 1512 1201 implent
1532 1164 1565 1193 ad
1586 1164 1736 1193 discentem
1755 1164 1933 1193 reficiendum

1084 1213 1112 1239 et
1132 1210 1326 1247 quietandum;
1348 1218 1402 1239 non
1425 1214 1588 1247 permanent
1608 1210 1643 1239 ad
1663 1210 1881 1239 memorandum.
1905 1210 1935 1238 Et

1085 1257 1238 1294 respiciunt
1259 1257 1303 1286 isti
1325 1260 1382 1286 tres
1403 1261 1481 1286 actus
1503 1257 1638 1294 triplicem
1661 1258 1715 1286 vim
1738 1257 1765 1286 in
1780 1257 1871 1286 nobis:
1894 1257 1934 1285 in-

1085 1305 1309 1341 terpretativam‚
1332 1305 1496 1342 cognitivam
1518 1308 1545 1334 et
1565 1305 1782 1334 memorativam.

1164 1351 1253 1387 (Vers.
1276 1352 1324 1387 8.).
1348 1352 1438 1380 Primo
1459 1351 1545 1389 igitur
1562 1355 1690 1386 notatur,
1712 1352 1787 1388 quod
1808 1360 1861 1380 non
1880 1360 1935 1388 pa-

1086 1401 1143 1426 tent
1162 1397 1195 1426 ad
1217 1398 1430 1434 explicandum;
1452 1398 1513 1427 ideo
1533 1398 1613 1428 dicit:
1642 1398 1768 1427 Cunctae,²
1792 1407 1839 1427 res
1861 1397 1935 1436 diffi-

1086 1444 1169 1478 cites,
1191 1444 1296 1473 scilicet
1315 1444 1350 1473 ad
1371 1444 1563 1474 inveniendam
1584 1453 1681 1474 earum
1697 1445 1846 1479 rationem;
1862 1444 1935 1473 unde

1086 1492 1239 1528 Sapientiae
1254 1492 1360 1521 nono⁵:
1382 1504 1395 1517 «
1406 1492 1522 1521 Difficile
1540 1492 1719 1521 aestimamus
1733 1500 1804 1529 quae
1818 1492 1846 1520 in
1861 1496 1937 1521 terra

1086 1542 1166 1573 sunt;
1189 1542 1216 1568 et
1236 1547 1308 1576 quae
1329 1539 1357 1573 in
1378 1542 1528 1576 prospectu
1549 1542 1615 1568 sunt
1635 1538 1792 1568 invenimus
1813 1546 1877 1568 cum
1898 1539 1936 1567 la-

1086 1586 1153 1615 bore
1168 1597 1195 1620 »3
1218 1586 1289 1615 infra
1310 1590 1421 1615 octavo:
1448 1586 1611 1620 «Intellexi,
1640 1585 1715 1623 quod
1743 1593 1859 1623 operum
1888 1585 1934 1614 Dei

1086 1633 1193 1676 nullam
1208 1634 1294 1670 possit
1308 1634 1391 1662 homo
1412 1633 1537 1662 invenire
1558 1633 1692 1662 rationem
1704 1645 1717 1658 »
1737 1636 1802 1667 etc.;
1818 1636 1845 1661 et
1866 1632 1934 1666 ideo,

1086 1680 1153 1717 quia
1173 1680 1299 1709 difficiles
1319 1683 1398 1714 sunt,
1419 1689 1478 1709 non.
1495 1684 1588 1718 potest
1615 1679 1698 1709 homo
1719 1689 1769 1709 eas
1789 1680 1936 1717 explicare

1086 1736 1234 1760 seronem,-
1256 1727 1301 1756 Iob
1323 1723 1464 1765 trigesimo
1484 1731 1595 1757 octavo:
1616 1728 1707 1764 «Quis
1722 1728 1862 1756 enarrabit
1876 1735 1936 1756 cae—

1087 1774 1177 1802 lorum
1200 1774 1334 1803 rationem
1350 1778 1380 1802 »?
1402 1775 1581 1804 Ecclesiastici
1604 1774 1814 1811 quadragesimo
1835 1766 1934 1803 tertio:

1092 1833 1105 1846 a
1120 1821 1205 1849 Multa
1225 1821 1364 1855 dicemus,
1386 1825 1413 1850 et
1433 1821 1594 1850 deficiemus
1622 1821 1648 1849 in
1678 1821 1784 1855 verbis;
1807 1828 1935 1849 consum-

1090 1869 1174 1898 matio
1195 1876 1355 1897 sermonum
1377 1869 1435 1905 ipse
1456 1872 1537 1897 est».

1167 1916 1256 1952 (Vers.
1272 1916 1298 1943 8.
1316 1916 1341 1943 9.
1360 1916 1425 1951 10).
1442 1915 1507 1943 Non
1520 1919 1680 1943 saturatur
1694 1919 1744 1944 etc.
1759 1916 1803 1944 Hic
1816 1915 1935 1944 secundo

1088 1963 1227 1999 tangitur,
1243 1962 1318 1999 quod
1332 1970 1385 1990 non
1401 1962 1518 1999 'implent
1532 1961 1566 1990 ad
1580 1962 1728 1991 discentem
1742 1962 1934 1995 reficiendum

1087 2014 1114 2039 et
1128 2010 1194 2047 quia
1207 2009 1317 2038 duobus
1338 2009 1465 2038 sensibus
1479 2009 1601 2038 maxime
1615 2009 1793 2044 addiscimus,
1808 2010 1869 2038 visu
1879 2009 1935 2038 sci-

1088 2057 1151 2085 licet
1165 2060 1192 2085 et
1205 2056 1317 2089 auditu3
1340 2056 1474 2089 ostendit,
1495 2056 1569 2092 quod
1591 2055 1618 2084 in
1640 2058 1739 2084 neutro
1754 2060 1795 2085 est
1809 2056 1934 2089 satietas;

1088 2107 1115 2133 et
1129 2106 1276 2140 propterea
1296 2103 1377 2132 dicit:
1394 2102 1458 2131 Non
1472 2106 1631 2131 saturatur
1652 2103 1753 2134 oculus
1767 2103 1850 2136 visu;
1872 2103 1936 2131 Pro-

1088 2150 1248 2179 verbiorum
1264 2149 1396 2186 vigesimo
1411 2149 1527 2186 septimo
1538 2149 1565 2177 ⁶:
1586 2149 1689 2178 «Oculi
1704 2149 1778 2178 enim
1793 2150 1935 2178 hominum

1088 2197 1256 2226 insatiabiles
1269 2208 1296 2224 ».
1320 2196 1377 2225 Nec
1398 2197 1485 2225 auris
1506 2196 1642 2234 impletur
1663 2196 1786 2230 auditu,
1805 2196 1935 2234 quoniam

1088 2247 1130 2274 est
1151 2244 1186 2273 ibi
1209 2244 1336 2281 pruritus
1356 2243 1484 2272 audiendi
1513 2252 1585 2272 nova
1605 2246 1632 2273 et
1653 2244 1778 2278 curiosa;
1800 2243 1936 2273 secundae

1088 2291 1122 2320 ad
1143 2291 1317 2319 Timotheum
1339 2292 1451 2327 quarto:
1479 2302 1492 2315 «
1507 2290 1544 2319 Ad
1566 2298 1616 2319 sua
1636 2290 1771 2319 desideria
1792 2298 1936 2319 coacerva-

1088 2338 1158 2367 bunt
1169 2338 1219 2367 sibi
1236 2338 1381 2375 magistros
1396 2337 1553 2374 prurientes
1565 2338 1715 2366 auribus».
1728 2337 1760 2365 Et
1771 2337 1841 2365 ratio
1853 2337 1936 2366 huius

1088 2389 1144 2419 est,
1167 2385 1232 2422 quia
1253 2385 1337 2418 illud,
1359 2385 1386 2413 in
1408 2393 1464 2421 quo
1492 2388 1533 2413 est
1561 2393 1627 2413 vera
1652 2384 1777 2417 satietas,
1799 2392 1849 2412 nec
1870 2392 1935 2412 ocu-

1088 2432 1132 2461 lus
1153 2432 1236 2465 vidit,
1258 2439 1308 2460 nec
1333 2431 1409 2460 auris
1439 2431 1577 2468 percepit;
1600 2431 1705 2467 primae
1726 2430 1758 2459 ad
1781 2430 1935 2458 Corinthios

1087 2479 1225 2509 secundo:
1252 2490 1265 2503 «
1280 2476 1333 2507 Nec
1354 2479 1452 2507 oculus
1467 2478 1547 2512 vidit,
1563 2486 1612 2506 nec
1632 2478 1708 2506 auris
1728 2477 1859 2505 audivit»
1883 2480 1933 2505 etc.

245 2634 251 2646 ¹
271 2636 348 2662 Supra
364 2635 385 2657 in
403 2634 545 2662 expositione
561 2641 584 2657 v.
602 2635 624 2656 6.

244 2672 254 2685 ²
272 2673 324 2696 Vat.
340 2673 404 2696 addit
418 2673 495 2703 polos.

245 2711 254 2724 ³
270 2713 375 2740 ¹Aristot„
392 2713 416 2735 ll.
433 2712 463 2735 de
479 2713 584 2735 Generat.
597 2715 619 2735 et
630 2715 733 2740 corrupt.
745 2715 797 2735 text.
809 2713 848 2735 56.
860 2713 890 2739 (c.
903 2713 962 2740 lim:
974 2712 1032 2735 Con-

181 2751 305 2774 trariorum
323 2751 384 2773 enim
402 2751 530 2774 contrariae
547 2758 640 2774 causae.

245 2789 255 2803 ⁴
273 2790 306 2812 De
318 2791 391 2812 Seneu
409 2793 431 2812 et
448 2796 509 2813 sens.
524 2796 545 2813 c.
563 2790 586 2813 4.
598 2803 625 2806 —
639 2792 669 2813 Ex
687 2792 703 2813 E
720 2791 847 2814 adiecimus
865 2790 900 2813 vel
917 2790 1031 2819 insipida,

183 2830 210 2852 ut
225 2827 280 2852 dicit
297 2827 463 2858 Philosophus.
479 2828 525 2851 Csr.
542 2829 572 2852 de
589 2830 625 2852 his
642 2831 665 2852 ll.
683 2830 713 2852 de
730 2830 825 2857 plantis,
842 2836 862 2852 c.
881 2830 902 2851 ν1.
920 2829 949 2856 (c.
967 2829 998 2856 3.)
1010 2831 1033 2850 et

183 2868 208 2890 ll.
224 2868 317 2890 Meteor.
334 2874 353 2890 c.
371 2868 399 2896 3,
416 2867 457 2890 ubi
473 2868 542 2891 etiam
559 2869 690 2897 exemplum
703 2869 797 2892 inferius
814 2869 914 2897 positum
931 2869 960 2891 de
977 2874 1033 2890 vase

183 2907 296 2929 occurrit:
314 2907 335 2929 Si
353 2907 406 2936 quis
417 2913 459 2938 vae
471 2913 564 2930 cereum
583 2906 692 2937 (κήρινον)
706 2909 808 2930 formans
819 2907 923 2936 posuerit
934 2908 955 2929 in
969 2913 1033 2929 mare

183 2945 347 2973 circumligans
364 2952 390 2968 os
408 2945 503 2974 talibus,
521 2949 546 2968 ut
561 2946 617 2969 nihil
633 2947 761 2976 illiquescat
778 2946 861 2973 maris;
884 2946 949 2975 quod
969 2945 1032 2968 enim

1089 2634 1218 2661 ingreditur
1235 2640 1276 2661 per
1293 2634 1391 2661 parietes
1408 2638 1487 2655 cereos
1504 2632 1528 2653 sit
1545 2631 1651 2659 potabilis
1668 2637 1741 2659 aqua;
1753 2633 1862 2659 tanquam
1875 2631 1934 2652 enim

1089 2672 1232 2700 percolatum
1249 2672 1314 2700 quod
1331 2674 1437 2694 terrestre
1455 2673 1489 2692 est
1506 2673 1528 2692 et
1543 2670 1607 2698 quod
1624 2670 1676 2692 tacit
1692 2669 1828 2692 salsedinem
1841 2673 1935 2697 propter

1088 2711 1275 2733 commixtionem
1292 2711 1427 2733 secernitur.
1444 2722 1474 2726 —
1491 2709 1564 2732 Codd.
1582 2708 1667 2731 habent
1683 2709 1768 2731 terreo.

1152 2748 1161 2761 ⁶
1179 2750 1245 2772 Vers.
1264 2750 1271 2771 ri
1279 2750 1300 2771 6.
1318 2762 1347 2765 —-
1366 2750 1498 2777 Sequuntur
1515 2748 1585 2770 Eccle.
1604 2748 1630 2776 Β,
1650 2747 1689 2775 17,
1707 2747 1747 2770 ubi
1770 2748 1866 2775 Vulgata
1885 2748 1934 2769 voci

1089 2794 1189 2818 operum
1211 2788 1337 2815 praemittit
1359 2786 1481 2815 omnimm
1502 2786 1586 2809 deinde
1608 2786 1647 2809 lob
1664 2787 1706 2814 38,
1724 2786 1764 2813 37;
1782 2786 1881 2815 denique
1899 2787 1935 2808 Ec-

1089 2828 1124 2849 cii.
1143 2827 1185 2854 43,
1203 2827 1241 2849 29.

1151 2864 1161 2877 ⁰
1179 2866 1245 2888 Vere.
1262 2866 1301 2887 20.
1316 2877 1347 2882 —-
1365 2866 1496 2894 Sequuntur
1514 2865 1537 2886 ΙΙ.
1555 2865 1615 2886 Tim.
1634 2864 1659 2891 t,
1677 2865 1703 2889 3:
1721 2865 1736 2886 l.
1753 2864 1804 2887 Cor.
1822 2865 1848 2890 2,
1866 2864 1888 2885 9.
1904 2875 1935 2879 -

1089 2906 1122 2927 De
1139 2904 1232 2927 duobus
1257 2904 1365 2927 sensibus
1389 2903 1570 2932 disciplinalibus
1595 2904 1636 2925 cfr.
1653 2904 1755 2931 Aristot„
1773 2903 1801 2925 de
1824 2904 1895 2925 Sensu
1913 2904 1934 2923 et

1089 2951 1149 2967 sens.
1166 2951 1187 2967 c.
1205 2945 1226 2966 st.
1242 2947 1265 2966 et
1282 2945 1297 2966 l.
1314 2945 1413 2972 Metaph.
1429 2950 1449 2967 c.
1468 2944 1489 2965 1.

1951 794 2027 812 Divisio.

1951 934 2023 958 Triplex
2038 939 2067 952 ra-

1954 1356 2048 1379 Expositio

1953 1379 2047 1398 litteralis.

1953 1403 2006 1421 Ratio
2020 1403 2036 1420 ί.

1953 1919 2007 1937 Ratio
2020 1918 2038 1936 2.
