2296 3316
293 259 346 276 Ratio
359 258 376 276 3.

288 630 344 654 Resp.
358 630 375 648 1.

249 677 290 696 Non
301 677 375 696 sufficit.

284 817 341 841 Resp.
354 816 373 835 a.

249 911 290 930 Non
299 910 374 929 sufficit.

287 1098 343 1122 Resp.
358 1098 374 1115 3.

250 1706 306 1728 Resp.
315 1705 336 1731 1.Δ
341 1710 381 1723 cum

256 1730 381 1747 distinctione.

250 1974 305 2001 Hesp.
313 1974 332 2001 ⁵⁴²2
339 1979 379 1992 cum

248 1998 379 2017 distinctlone.

395 128 449 156 342

393 204 445 233 alia
472 204 584 232 littera¹
613 203 714 231 habet:
743 201 808 230 Non
835 201 911 229 enim
935 202 1050 237 poterat
1070 199 1102 228 in
1123 199 1235 228 Iudaea

394 250 554 278 ambulare.
577 265 615 270 —
636 248 727 277 Tertia
747 248 818 277 ratio
838 251 879 276 est
900 250 995 275 nostra
1014 246 1175 281 instructio,
1203 248 1235 274 ut

393 305 447 326 non
468 297 617 329 miremur,
639 296 660 324 si
682 295 734 324 viri
756 295 842 324 sancti
864 294 961 323 timent
981 296 1008 322 et
1028 292 1166 322 declinant
1187 300 1234 329 pe-

393 342 496 376 ricula,
517 350 567 370 nec
588 342 670 371 etiam
690 342 724 370 de
744 341 823 369 nobis
845 340 911 377 ipsis
931 340 1110 376 desperemus
1122 339 1141 367 ².

474 390 516 416 17.
538 388 647 424 Quaest.
669 387 709 415 111.
732 387 797 415 item
819 386 964 423 quaeritur
985 385 1018 413 de
1040 385 1092 413 hoc
1106 384 1180 421 quod
1194 384 1235 412 di-

393 436 447 464 cit:
470 436 529 472 Eyo
549 443 607 462 ‘non
629 434 806 466 ascendam;
827 436 854 461 et
868 436 929 469 post
943 432 1061 465 dicitur,
1082 431 1156 468 quod
1171 438 1234 459 cum

391 482 429 510 illi
451 481 651 514 ascendissent,
673 484 742 508 tanc
762 483 787 508 et
807 480 868 516 ipse
889 478 1025 507 ascendit.
1048 494 1085 499 —-
1107 477 1235 512 Videtur,

392 528 464 565 quod
486 528 565 556 faciat
586 527 755 555 contrarium
777 527 836 555 eius
858 526 931 563 quod
953 525 1138 562 praedixerat.

470 574 659 612 Respondetur
686 573 720 602 ad
747 574 800 602 hoc
828 573 1035 610 multipliciter:
1065 572 1154 609 primo
1176 572 1234 600 sic:

394 622 453 659 Eyo
474 630 531 649 non
553 621 726 654 ascendam,
755 620 858 649 scilicet
885 620 1044 653 vobiscum,
1067 627 1116 647 vos
1143 620 1234 647 autem

393 668 536 697 ascendite
546 668 566 696 ⁸.
590 684 626 688 -
648 667 699 696 Sed
727 667 795 696 haec
824 666 960 703 expositio
988 666 1071 695 habet
1098 665 1236 702 quaestio-

392 723 469 749 nem,
491 722 577 751 quare
598 714 701 743 scilicet
721 714 842 743 noluerit
862 713 1010 742 ascendere
1032 721 1095 742 cum
1117 714 1164 741 eis.

470 762 584 798 Propter
604 761 656 790 hoc
678 760 844 797 respondent
871 760 915 788 alii
944 763 970 788 et
999 759 1102 788 faciunt
1123 759 1178 787 vim
1207 758 1235 787 in

392 808 443 837 hoc
465 807 538 844 quod
560 807 676 836 dicitur:
699 807 738 835 ad
766 807 841 835 diem
868 805 975 844 festam
1003 805 1098 839 Μυῖα,-
1126 805 1235 834 interli-

391 854 533 883 nearis&-
560 865 573 879 α
591 854 619 882 Id
640 857 681 882 est
701 853 735 882 ad
755 854 876 890 primum
897 853 968 881 diem
985 864 1012 887 »,
1034 852 1081 889 qui
1104 855 1164 881 erat
1192 860 1235 880 so-

391 901 522 935 lemnior,
543 901 590 930 sed
611 900 645 929 ad
665 900 723 929 dies
743 900 927 928 intermedios.
945 916 981 920 —
997 899 1048 927 Sed
1070 900 1121 927 hoc
1140 898 1235 926 simili—

392 951 434 976 ter
455 948 537 976 habet
557 947 760 984 quaestionem,
789 954 875 983 quare
904 946 1009 974 scilicet
1028 953 1083 973 non
1104 945 1233 974 ascendat

391 994 424 1023 ad
445 995 566 1031 primum
587 994 668 1022 diem.

469 1040 530 1069 ldeo
558 1040 639 1069 tertio
666 1039 746 1068 modo
774 1039 941 1076 exponitur,
964 1038 1038 1076 quod
1064 1049 1077 1063 «
1093 1045 1235 1067 sermones

392 1087 540 1123 accipiendi
562 1089 626 1115 sunt
647 1086 799 1115 secundum
821 1085 988 1114 materiam⁵
1003 1096 1030 1119 »;
1053 1088 1080 1114 et
1100 1084 1235 1113 Dominus

392 1133 575 1170 respondebat
595 1133 715 1162 suasioni
737 1133 871 1167 fratrum,
894 1132 967 1169 quod
989 1140 1018 1161 se
1038 1131 1234 1160 manifestaret.

392 1181 538 1217 Propterea
558 1180 641 1209 dicit:
664 1179 728 1208 Non
750 1180 907 1209 ascendam
934 1179 968 1208 ad
995 1187 1040 1207 me
1065 1179 1155 1216 ipsum
1177 1186 1236 1206 ma-

391 1227 594 1260 nifestandum;
624 1226 684 1255 ideo
711 1226 813 1255 dicitur
834 1226 862 1254 in
884 1226 993 1255 littera:
1020 1225 1085 1254 Non
1106 1224 1235 1253 ascendit

392 1274 422 1302 in
444 1272 606 1311 manifesto.
636 1274 667 1301 Et
693 1273 754 1302 ideo
781 1281 836 1302 non
861 1272 982 1302 ascendit
1010 1280 1074 1301 cum
1102 1271 1236 1300 fratribus

392 1328 441 1349 nec
456 1321 483 1348 in
498 1320 589 1357 primo
609 1320 667 1354 die,
682 1328 716 1349 ne
730 1327 861 1349 ascensus
875 1319 935 1348 eius
953 1322 1025 1347 esset
1042 1318 1204 1348 manifestus
1214 1318 1234 1345 ⁶.

473 1368 516 1396 18.
538 1368 648 1404 Quaest.
679 1368 720 1396 IV.
750 1367 815 1396 Item
837 1366 982 1404 quaeritur
1002 1366 1035 1394 de
1057 1365 1235 1402 responsione

393 1414 516 1448 Domini,
538 1422 593 1451 qua
613 1414 696 1443 dicit:
732 1415 855 1451 Tempus
881 1421 977 1441 meum
998 1412 1129 1440 nondam
1150 1411 1235 1439 adoe-

393 1461 443 1489 nit.
467 1477 502 1481 ——
524 1461 656 1497 Quamvis
684 1461 736 1489 hoc
756 1469 810 1488 non
832 1460 929 1489 debeat
950 1459 1063 1495 intelligi
1085 1458 1119 1487 de
1140 1458 1234 1492 sato⁷‚

394 1507 503 1536 videtur
525 1511 630 1541 tamen,
652 1507 725 1544 quod
746 1507 869 1544 operatio
890 1506 997 1535 Domini
1013 1514 1029 1534 a
1045 1509 1168 1542 tempore
1188 1505 1235 1533 de-

393 1553 527 1590 pendeat;
550 1553 623 1590 quod
644 1553 753 1581 videtur
774 1553 984 1586 inconveniens,
1007 1560 1069 1580 cum
1093 1551 1127 1580 sit
1148 1551 1236 1579 omni-

394 1603 498 1637 potens.

473 1646 661 1682 Respondetur
688 1654 744 1674 uno
770 1646 867 1679 modo,
893 1645 966 1682 quod
987 1645 1093 1682 duplex
1114 1648 1155 1673 est
1183 1645 1237 1673 Do-

393 1693 459 1721 mini
480 1693 621 1729 operatio:
642 1701 699 1721 una
720 1692 871 1721 secundum
894 1692 1098 1725 Divinitatem,
1120 1695 1148 1720 et
1169 1692 1236 1720 haec

392 1748 408 1768 a
429 1743 551 1776 tempore
578 1748 633 1768 non
661 1739 813 1776 dependet;
842 1739 895 1767 alia
917 1747 981 1768 vero
1003 1739 1155 1767 secundum
1183 1737 1237 1767 liu-

393 1787 581 1820 manitatem,
603 1790 630 1815 et
650 1787 718 1815 haec
732 1789 839 1815 certum
856 1790 965 1823 tempus
980 1786 1106 1823 requirit.
1123 1786 1154 1814 Et
1169 1786 1237 1814 haec

394 1836 453 1862 erat
473 1833 596 1870 operatio
617 1833 828 1870 redemptionis,
850 1836 878 1862 ct
898 1836 1033 1870 quantum
1055 1833 1089 1861 ad
1110 1833 1181 1861 hanc
1196 1832 1237 1861 di-

394 1880 490 1909 cebat:
519 1880 641 1917 Tempus
662 1889 758 1908 meum
778 1880 909 1908 nondam
930 1880 1047 1908 aduenit
1058 1880 1077 1908 Β.

472 1927 555 1956 Aliter
577 1927 775 1964 respondetur,
797 1927 871 1964 quod
895 1927 1083 1955 determinato
1112 1931 1238 1963 tempore

393 1974 528 2010 operari,
550 1974 601 2002 hoc
623 1977 663 2002 est
684 1973 849 2010 dupliciter:
871 1973 914 2002 vel
935 1981 971 2002 ex
993 1973 1170 2010 indiyentia,
1193 1972 1237 2001 vel

1005 122 1176 151 COMMENT.
1197 121 1229 150 IN
1250 121 1395 150 IOANNEM
1417 120 1445 149 C.
1467 120 1520 149 Vll.

1292 206 1328 228 ex
1349 197 1549 236 congruentia.
1572 198 1662 226 Primo
1683 197 1764 227 modo
1778 197 1892 226 arbores
1907 197 1934 225 in
1949 199 2051 226 aestate
2066 200 2135 226 tem-
2263 195 2269 224 ‘1

1292 253 1359 282 pore
1385 245 1566 274 determinato
1593 244 1779 278 fructificant;
1802 243 1922 273 secundo
1952 243 2033 272 modo
2061 244 2135 273 Deus

1292 291 1441 320 miseretur
1463 293 1490 319 et
1511 290 1614 319 iudicat
1635 293 1661 319 et
1683 290 1769 319 salvat
1781 290 1799 318 ⁹.
1829 289 1904 318 Unde
1932 290 1998 327 quia
2025 292 2136 326 tempus

1292 338 1419 374 paschale
1440 337 1620 373 redemptioni
1642 340 1752 365 nostrae
1773 337 1876 373 optime
1897 336 2082 374 congruebat,
2103 338 2136 365 ut

1292 384 1347 412 Lex
1369 384 1397 412 in
1419 384 1564 420 Evangelio
1591 383 1743 412 secundum
1765 383 1896 420 optimam
1917 382 2135 412 convenientiam

1291 430 1438 459 finiretur:
1460 430 1521 458 ideo
1542 433 1651 467 tempus
1671 430 1799 467 paschale
1820 429 2006 466 exspectabat.

1373 478 1416 505 19.
1439 477 1504 505 lam
1517 477 1539 493 ¹⁰
1555 477 1599 505 die
1612 476 1684 514 festo
1700 476 1850 505 mediante.
1874 477 2020 513 Postquam
2042 478 2135 505 actum
2153 484 2240 508 seeundo.
2249 486 2268 510 ιι,

1292 525 1333 552 est
1353 523 1387 552 de
1407 523 1605 557 occultatione,
1633 523 1725 560 agitur
1746 522 1779 551 de
1803 522 1934 551 Doctoris
1954 522 2049 551 nostri
2067 530 2135 560 pro-
2147 493 2267 554 Dssfflii‘ill'

1288 570 1453 607 palazione,
1481 570 1529 607 qui
1551 578 1636 606 supra
1657 570 1820 598 latitaverat.
1844 569 1875 597 Et
1896 569 2056 606 proceditur
2084 569 2136 598 hoc
2189 555 2230 575 '¹¹³'

1291 617 1403 646 ordine:
1431 617 1521 654 primo
1549 617 1661 653 ponitur
1689 616 1814 645 Doctoris
1839 615 2008 653 propalatio
2029 616 2060 645 in
2087 616 2136 645 do—

1291 664 1400 698 cendo;
1415 664 1551 698 secundo
1567 664 1731 692 ludaeorum
1745 663 1907 692 admiiatio
1922 663 1954 692 in
1968 663 2134 697 audienda,
2130 673 2136 680 ·

1292 710 1388 744 tertio,
1410 710 1551 739 doctrinae
1572 710 1782 738 commendatio
1804 710 1835 738 in
1856 709 2062 746 respondendo.

1370 756 1549 793 (Vers.1lt..>
1572 757 1685 785 Ponitur
1706 758 1772 793 ergo
1799 757 1889 793 primo
1920 756 2050 785 Doctoris
2067 765 2138 794 pro·
2150 738 2282 809 Expositiniitlj

1288 804 1418 841 palatim
1439 806 1554 840 propter
1579 803 1651 840 quod
1674 803 1754 832 dicit:
1782 804 1844 832 Iam
1872 806 1970 832 autem
1996 803 2041 832 die
2065 802 2137 841 festo
2154 788 2283 835 1³53}ssst

1290 849 1450 883 mediante,
1472 853 1499 878 et
1530 850 1597 878 haec
1625 849 1677 877 suit
1702 853 1830 886 «quarta
1855 849 1913 878 dies
1940 849 2138 884 fest1»sicut
2270 837 2272 895 f

1290 896 1357 925 dicit
1376 896 1470 925 Glossa
1483 897 1514 930 ¹¹,
1530 904 1600 933 quae
1615 900 1656 924 est
1671 896 1759 924 media
1780 899 1884 933 septem
1899 895 2023 931 dierum;
2039 904 2138 925 ascen·
2270 903 2271 906 ¹

1292 944 1334 971 dit
1354 944 1435 971 Iesus
1455 943 1488 972 in
1508 942 1645 980 templum
1675 946 1701 971 et
1720 942 1854 975 docebat,
1880 942 1907 971 in
1929 943 1989 971 loco
2010 935 2137 980 publico,
2272 966 2273 971 ,

1290 998 1345 1018 non
1366 990 1490 1024 occulto,
1512 997 1546 1018 ne
1575 992 1703 1026 suspecta
1733 991 1805 1018 esset
1835 989 1975 1023 doctrina;
1998 988 2070 1017 infra
2090 989 2137 1018 de-
2270 1010 2272 1030 ἕ

1291 1037 1362 1065 cimo
1383 1040 1494 1065 octavo:
1521 1047 1534 1061 «
1550 1036 1604 1073 Ego
1625 1043 1734 1073 semper
1755 1035 1835 1064 docui
1858 1036 1885 1064 in
1907 1036 2048 1073 synagoga
2069 1036 2138 1065 etin
2271 1059 2273 1081 k

1292 1084 1410 1120 templo,
1432 1091 1488 1120 quo
1508 1091 1604 1111 omnes
1624 1082 1714 1111 Iudaei
1737 1083 1921 1117 conveniunt,
1936 1086 1963 1111 et
1984 1083 2012 1111 in
2027 1083 2136 1112 occulto
2271 1088 2274 1127 j

1291 1131 1401 1159 locutus
1422 1138 1483 1159 sum
1505 1130 1574 1158 nihil
1588 1142 1615 1158 ».
2272 1132 2273 1140 ¹

1370 1178 1416 1206 20.
1439 1177 1527 1214 (Vers.
1553 1177 1618 1213 15).
1643 1177 1677 1205 Ec
1695 1176 1886 1205 mirabantur
1902 1175 2006 1205 Iudaei
2025 1178 2075 1205 etc.
2091 1176 2139 1205 Hic

1291 1224 1413 1261 tangitur
1435 1223 1602 1258 secundum,
1625 1223 1728 1252 scilieet
1755 1223 1938 1252 Iudaeorum
1966 1223 2136 1252 admiratio.

1292 1271 1368 1300 Ratio
1378 1270 1567 1299 admirationis
1581 1272 1656 1304 erat,
1671 1270 1743 1299 sicut
1756 1270 1822 1298 dicit
1836 1270 2005 1307 Augustinus
2017 1270 2050 1305 ¹²,
2064 1270 2139 1307 quod

1297 1329 1310 1343 «
1324 1325 1466 1354 nunquam
1489 1317 1614 1346 viderant
1645 1325 1709 1346 eum
1732 1317 1837 1345 litteras
1857 1316 2023 1351 discentem,
2044 1316 2139 1346 audie-

1291 1364 1358 1393 bant
1385 1366 1478 1392 autem
1506 1363 1540 1392 de
1572 1363 1641 1400 Lege
1671 1363 1857 1400 disputantem
1873 1375 1899 1392 ».
1930 1363 2043 1401 Propter
2064 1363 2139 1401 quod

1291 1410 1372 1439 dicit:
1396 1411 1430 1438 Et
1449 1409 1641 1438 mirabantur
1656 1409 1760 1438 Iudaei
1774 1409 1912 1438 dicentes:
1929 1410 2077 1446 Quomodo
2092 1409 2139 1439 hic

1292 1457 1403 1486 litteras
1422 1457 1493 1491 scit,
1515 1465 1582 1485 cum
1602 1465 1661 1485 non
1682 1456 1836 1485 didicerit?
1857 1457 1932 1485 Unde
1954 1459 2062 1494 poterat
2085 1457 2139 1485 Do-

1291 1505 1384 1533 minus
1404 1503 1496 1532 dicere
1516 1504 1584 1532 illud
1606 1503 1819 1532 Proverbiorum
1841 1504 2031 1541 trigesimo¹³:
2060 1515 2074 1529 «
2092 1504 2139 1533 Sa-

1291 1551 1422 1588 pientiam
1443 1559 1497 1579 non
1519 1550 1617 1585 didici,
1639 1553 1666 1579 et
1686 1550 1749 1579 novi
1772 1550 1914 1579 scientiam
1936 1544 2101 1580 Sanctorum
2111 1562 2138 1586 »3

1292 1598 1380 1627 Lucae
1401 1597 1536 1627 secundo:
1564 1609 1578 1623 «
1592 1597 1763 1626 Mirabantur
1784 1605 1869 1634 super
1889 1598 2037 1635 prudentia
2050 1601 2077 1627 et
2095 1606 2140 1627 re-

1292 1644 1400 1681 sponsis
1421 1644 1518 1673 eius».

1371 1692 1417 1720 21.
1440 1691 1528 1727 (Vers.
1554 1691 1619 1727 16.).
1642 1691 1799 1728 Respondit
1818 1691 1859 1720 eis
1879 1692 1969 1720 Iesus.
1992 1691 2039 1720 Hic
2061 1691 2139 1729 poni-

1293 1741 1340 1767 tur
1360 1738 1490 1773 tertium‚
1511 1738 1615 1767 scilicet
1638 1737 1747 1767 Christi
1767 1739 1930 1776 responsio,
1952 1747 2008 1776 qua
2021 1738 2140 1768 admira-

1292 1785 1358 1814 tioni
1374 1792 1471 1814 eorum
1486 1785 1631 1819 satisfacit,
1646 1785 1804 1820 ostendens,
1820 1793 1849 1814 se
1863 1793 1918 1814 non
1933 1785 2036 1814 habere
2051 1785 2139 1815 scien-

1293 1832 1359 1861 tiam
1380 1840 1430 1869 per
1449 1832 1674 1871 acquisitionem,
1696 1832 1769 1861 siout
1797 1831 1899 1861 habent
1929 1832 1975 1861 alii
1997 1833 2139 1868 homines,

1294 1878 1341 1907 sed
1362 1887 1378 1907 a
1398 1886 1450 1907 sua
1469 1878 1583 1915 origine.
1600 1879 1714 1915 Propter
1729 1878 1803 1916 quod
1817 1879 1898 1907 dicit:
1913 1879 1977 1908 Mea
1991 1879 2140 1914 doctrina,

1294 1925 1397 1954 scilicet
1418 1932 1501 1962 quam
1522 1924 1621 1959 doceo,
1643 1933 1702 1953 non
1722 1929 1762 1953 est
1782 1934 1861 1959 mea,
1883 1925 1910 1954 id
1931 1928 1972 1955 est
1993 1934 2009 1954 a
2029 1931 2082 1961 me,
2097 1926 2141 1955 vel

1293 1971 1327 2000 ad
1349 1979 1438 2000 meam
1459 1971 1591 2008 gloriam,
1614 1972 1657 2000 vel
1677 1980 1694 2000 a
1714 1979 1758 2000 me
1778 1972 1927 2009 acquisita,
1948 1972 1999 2001 sed
2012 1973 2076 2001 eius
2090 1972 2143 2011 qui

2155 1185 2266 1205 secundant·

2156 1699 2243 1719 Tertium.
2274 1711 2275 1714 .

456 2125 463 2138 1
481 2126 610 2154 chrysost,
627 2126 650 2148 in
667 2127 728 2149 loan.
745 2126 824 2149 homil.
842 2126 879 2149 48.
897 2125 962 2155 (alias
974 2126 1056 2156 47.)n.
1069 2127 1094 2148 1:
1107 2126 1162 2149 Non
1173 2126 1236 2149 enim

391 2166 484 2194 poterat
501 2159 569 2197 [εἶχεν
586 2163 690 2191 ἐξουσίαν
706 2166 720 2188 i.
735 2171 755 2188 e.
772 2165 872 2188 habebat
888 2165 1037 2195 potestatem]
1050 2165 1075 2188 in
1086 2165 1174 2188 Iudaea
1187 2171 1236 2188 am-

394 2204 500 2227 bulare...
521 2205 581 2233 Quid
603 2204 673 2231 dicis,
690 2204 757 2227 beate
778 2205 894 2227 loannes?
912 2205 960 2227 Non
983 2207 1074 2233 poterat
1094 2205 1136 2234 qui
1157 2206 1237 2233 ,potest

394 2243 482 2270 omnia,
494 2249 553 2272 quae
565 2244 629 2266 vult?
646 2244 688 2272 qui
704 2244 759 2266 dixit
776 2243 853 2273 [loan.
865 2244 907 2272 18,
919 2243 954 2272 4.]
965 2251 970 2266 :
985 2243 1059 2271 Quem
1076 2243 1202 2273 quaeritis,
1214 2247 1237 2266 et

394 2288 434 2304 eos
449 2285 510 2305 retro
526 2283 605 2310 pulsos
622 2283 785 2310 prostrat-itt...
802 2282 859 2306 Cum
877 2283 939 2305 enim
951 2282 1022 2305 dixit:
1033 2284 1171 2312 potestatem
1189 2288 1236 2305 non

395 2319 503 2349 habebat,
515 2321 580 2349 quasi
592 2321 622 2343 de
634 2321 728 2344 homine
739 2321 847 2350 loquitur,
860 2322 929 2343 multa
943 2322 1045 2344 humano
1063 2328 1127 2344 more
1139 2324 1235 2349 agente;

394 2364 447 2381 cum
464 2365 519 2381 vero
536 2359 603 2386 dicit,
620 2360 697 2387 ipsum
715 2360 737 2382 in
755 2360 832 2383 medio
849 2366 929 2383 eorum
947 2360 1036 2383 stetisse
1053 2366 1096 2383 nec
1107 2361 1237 2388 apprehen-

394 2403 445 2419 sum
463 2398 542 2424 fuisse,
554 2398 682 2421 D1vinitatis
699 2399 779 2428 utique
796 2402 931 2427 potestatem
950 2399 1042 2422 indicat.
1060 2400 1115 2422 Nam
1134 2399 1237 2427 fugiebat

396 2438 420 2458 ut
436 2437 519 2463 homo,
535 2436 663 2465 apparebat
678 2440 703 2460 ut
719 2438 792 2465 Deus,
804 2441 929 2467 utrumque
940 2444 995 2461 vere
1007 2441 1182 2467 repraesentans
1194 2441 1237 2461 etc.

395 2488 426 2492 —
443 2476 527 2498 Textus
544 2476 606 2499 arab.
624 2476 693 2499 habet
712 2476 831 2505 Quoniam
847 2483 895 2500 non
912 2477 1005 2501 valebat
1020 2480 1080 2505 etc.;
1094 2478 1166 2506 Brug.
1183 2478 1237 2501 Non

392 2516 488 2544 poterat
502 2518 545 2538 etc.

456 2552 466 2566 ²
483 2555 592 2582 August„
609 2555 631 2577 in
647 2556 708 2578 Ioan.
725 2556 812 2583 Evang.
829 2558 856 2578 tr.
874 2557 911 2578 28.
928 2562 951 2578 n.
970 2558 997 2579 2:
1009 2556 1134 2579 Infirmitati
1146 2559 1237 2579 nostrae

396 2592 522 2620 praebebat
538 2594 676 2621 exemplum.
693 2594 741 2616 Non
757 2594 807 2622 ipse
824 2595 957 2622 perdiderat
972 2597 1121 2623 potestatem,
1138 2595 1179 2617 sed
1195 2601 1238 2618 no-

396 2634 466 2653 stram
483 2631 642 2654 consolabatur
654 2633 805 2660 fragilitatem.
816 2633 927 2655 Futurum
940 2634 1001 2656 enim
1017 2636 1078 2661 erat,
1095 2637 1120 2657 ut
1137 2634 1195 2661 dixi,
1214 2637 1238 2657 ut

395 2670 477 2698 aliquis
490 2670 561 2692 fidelis
572 2670 622 2693 eius
632 2670 784 2694 absconderet
799 2678 823 2694 se
834 2674 877 2694 etc.
889 2672 934 2695 Csr.
945 2679 1015 2701 supra
1026 2679 1080 2701 pag.
1089 2673 1142 2702 291,
1152 2676 1205 2695 nota
1215 2673 1238 2696 9.

458 2706 467 2720 ³
484 2707 717 2738 chrysost.,in10an.
734 2710 813 2732 homil.
830 2710 868 2732 48.
886 2711 951 2738 (alias
968 2711 1015 2740 47.)
1033 2718 1057 2734 n.
1073 2712 1099 2734 2:
1117 2712 1165 2734 Non
1183 2712 1239 2734 dixit

395 2746 529 2775 simpliciter
545 2746 599 2770 Non
614 2747 753 2776 ascendam,
770 2749 812 2771 sed
829 2749 893 2771 addit
909 2755 986 2778 nunc,
1005 2751 1027 2773 id
1045 2753 1079 2773 est
1096 2750 1227 2773 vobiscum.

457 2784 467 2797 ‘¹
484 2786 548 2814 Quae
564 2786 631 2809 dicit:
650 2795 661 2807 α
673 2787 731 2815 Quia
747 2794 794 2810 non
812 2788 945 2810 ascenderat
962 2794 1015 2811 eum
1039 2788 1159 2816 fratribus,
1177 2789 1238 2812 unde

396 2824 465 2847 dixit:
483 2824 537 2848 Non
558 2824 590 2847 ad
611 2824 686 2853 hunc,
704 2832 774 2855 quem
791 2826 871 2855 vultis,
888 2827 913 2849 id
930 2830 963 2849 est
980 2828 1083 2855 primum
1102 2828 1140 2850 vel
1158 2834 1238 2851 secun·

396 2862 465 2891 dum;
481 2863 583 2886 aseendit
598 2866 677 2886 autem
692 2867 745 2892 post
762 2865 783 2886 in
800 2865 878 2888 medio
894 2865 932 2887 die
950 2866 1076 2889 festivitatis
1086 2875 1106 2889 n.
1123 2866 1168 2889 Cfr.
1182 2867 1237 2889 intra

395 2908 420 2924 v.
437 2901 472 2924 14.
490 2908 514 2925 n.
531 2902 572 2929 ⁴9,
589 2905 611 2925 et
627 2902 757 2931 Chrysost„
774 2904 796 2926 in
813 2904 873 2927 loan.
891 2904 970 2927 homil.
988 2905 1025 2928 51.
1038 2905 1102 2934 (alias
1115 2905 1162 2935 50.)
1177 2912 1201 2928 n.
1216 2907 1236 2929 l.

1355 2124 1365 2137 ⁵
1382 2126 1413 2148 Ex
1429 2125 1534 2153 Aristot.;
1551 2126 1591 2148 cfr.
1608 2131 1679 2153 supra
1695 2131 1750 2153 pag.
1767 2124 1811 2152 72,
1829 2127 1880 2147 nota
1898 2125 1920 2148 7.
1937 2137 1968 2142 —
1985 2125 2026 2148 Ed.
2042 2125 2098 2154 legit
2108 2131 2142 2149 εει

1293 2164 1399 2188 cundum
1415 2164 1545 2188 subiectam
1561 2164 1688 2187 materiam
1704 2165 1725 2187 el
1741 2163 1873 2188 secandum
1895 2163 2047 2188 intentionem
2060 2164 2138 2194 profe-

1293 2204 1375 2227 rantis.

1355 2241 1366 2255 ⁰
1382 2242 1428 2266 Csr.
1445 2249 1515 2271 supra
1532 2249 1556 2265 v.
1574 2243 1596 2265 8.
1612 2245 1635 2265 et
1652 2243 1690 2265 ¹10.

1356 2281 1365 2294 ⁷
1383 2283 1443 2305 Vide
1459 2288 1530 2310 supra
1547 2288 1602 2310 pag.
1615 2282 1673 2309 272,
1686 2284 1763 2305 notam
1777 2282 1814 2305 112.
1826 2290 1856 2299 -—
1868 2282 1981 2310 Superius
1992 2288 2035 2310 pro
2045 2288 2142 2312 respon-

1293 2321 1358 2346 sione
1374 2322 1452 2350 plures
1469 2321 1537 2344 codd.
1554 2321 1658 2350 ratione,
1675 2324 1698 2344 et
1714 2322 1809 2344 inferius
1828 2327 1870 2350 pro
1892 2320 2020 2351 dependeat
2035 2322 2051 2344 E
2067 2321 2085 2345 N
2102 2321 2139 2345 de-

1290 2360 1410 2391 penderet.

1356 2398 1365 2412 ⁸
1382 2400 1428 2423 Cir.
1445 2406 1514 2428 supra
1533 2401 1560 2429 2,
1578 2399 1600 2422 4.
1617 2407 1639 2422 n.
1657 2399 1678 2422 4.

1356 2438 1366 2452 ⁹
1383 2439 1443 2462 Vide
1459 2445 1530 2467 supra
1547 2445 1568 2461 c.
1585 2440 1606 2461 2.
1623 2445 1646 2462 n.
1665 2438 1701 2462 17.
1718 2441 1806 2468 quaest.
1824 2439 1861 2461 1v.
1879 2439 1901 2461 ln
1919 2439 2084 2467 Responsione.

1356 2477 1376 2491 ¹⁰
1393 2479 1491 2506 Vulgata
1509 2479 1560 2501 Iam
1577 2479 1665 2501 autem.

1357 2517 1375 2530 ¹²
1393 2518 1484 2540 Scilicet
1500 2517 1674 2540 interlinearis:
1692 2517 1795 2540 MedIatis
1807 2518 1850 2540 illis
1862 2517 1957 2546 diebus,
1975 2517 1999 2540 id
2014 2521 2048 2540 est
2059 2519 2141 2547 quarta

1294 2557 1332 2580 die
1349 2557 1407 2580 sesti.
1423 2556 1469 2580 Csr.
1486 2557 1595 2585 August.,
1613 2557 1636 2579 in
1653 2558 1715 2580 loan.
1733 2557 1819 2585 Evang.
1831 2559 1860 2579 tr.
1871 2558 1909 2580 28.
1921 2563 1945 2580 n.
1957 2557 1984 2579 8:
1995 2556 2141 2586 Consequen-

1294 2597 1324 2619 tia
1343 2595 1379 2626 [v.
1398 2596 1448 2626 l4.]
1467 2596 1596 2624 docebunt,
1613 2596 1646 2619 sic
1662 2602 1716 2619 eum
1733 2596 1866 2619 ascendisse
1887 2596 1988 2619 mediato
2010 2596 2047 2619 die
2070 2597 2141 2623 sesto,

1294 2635 1320 2658 id
1335 2638 1369 2658 est
1385 2635 1491 2657 mediatis
1508 2635 1550 2657 illis
1567 2635 1662 2663 diebus,
1680 2638 1704 2657 ut
1721 2635 1789 2658 etiam
1808 2636 1883 2663 palam
1900 2635 2000 2658 doceret.
2012 2635 2057 2658 Csr.
2070 2641 2140 2663 supra

1294 2676 1347 2696 nota
1366 2673 1386 2696 4.
1404 2686 1435 2690 —
1460 2674 1503 2696 Pro
1526 2673 1617 2697 occulto
1640 2674 1839 2696 EFGHlKMN
1864 2673 1960 2697 occulte.
1982 2686 2013 2691 —
2038 2673 2142 2696 Subinde

1295 2713 1405 2740 allegatur
1422 2713 1484 2735 loan.
1502 2713 1543 2740 18,
1562 2713 1600 2736 20.

1358 2749 1376 2763 ¹²
1394 2752 1417 2773 ln
1434 2751 1495 2773 loan.
1511 2752 1599 2780 Evang.
1616 2754 1643 2774 tr.
1661 2751 1698 2774 29.
1716 2757 1739 2774 n.
1757 2752 1780 2774 2.

1357 2788 1376 2802 ¹³
1394 2791 1459 2813 Vers.
1477 2791 1504 2818 3,
1521 2790 1560 2813 ubi
1573 2797 1616 2819 pro
1632 2792 1654 2813 et
1670 2790 1726 2813 novi
1742 2790 1840 2818 Vulgata
1857 2791 1880 2813 et
1894 2796 1943 2813 non
1959 2789 2022 2813 novi.
2039 2802 2070 2807 —
2088 2790 2141 2820 Seq.

1294 2830 1367 2851 textus
1384 2833 1418 2851 est
1431 2829 1485 2851 Luc.
1498 2830 1525 2856 2,
1538 2829 1579 2852 47:
1592 2829 1743 2858 Stupebant...
1755 2836 1825 2858 super
1837 2832 1879 2852 etc.
1892 2829 1909 2852 C
1918 2829 1936 2852 N
1949 2829 2047 2857 allegant
2059 2829 2085 2857 4,
2098 2830 2141 2852 22:

1294 2867 1433 2891 Mirabantur
1450 2874 1532 2891 ornnes
1548 2869 1577 2891 de
1594 2869 1629 2892 his
1645 2875 1705 2898 quae
1722 2868 1879 2897 procedebant
1895 2875 1922 2891 ex
1939 2875 1979 2891 ore
1996 2869 2077 2897 ipsius.
